PokerStars Hand #165642384117:  Hold'em Limit ($3/$6 USD) - 2017/02/03 20:07:18 ET
Table 'Silvretta' 10-max Seat #9 is the button
Seat 6: spartak041 ($143.94 in chips)
Seat 9: GoliafUa ($109 in chips)
GoliafUa: posts small blind $1
spartak041: posts big blind $3
*** HOLE CARDS ***
GoliafUa: raises $3 to $6
spartak041: raises $3 to $9
GoliafUa: raises $3 to $12
Betting is capped
spartak041: calls $3
*** FLOP *** [2c 8s Jd]
spartak041: bets $3
GoliafUa: calls $3
*** TURN *** [2c 8s Jd] [Kd]
spartak041: bets $6
GoliafUa: raises $6 to $12
spartak041: calls $6
*** RIVER *** [2c 8s Jd Kd] [Qd]
spartak041: checks
GoliafUa: bets $6
spartak041: calls $6
*** SHOW DOWN ***
GoliafUa: shows [Jc Js] (three of a kind, Jacks)
spartak041: mucks hand
GoliafUa collected $65.50 from pot
*** SUMMARY ***
Total pot $66 | Rake $0.50
Board [2c 8s Jd Kd Qd]
Seat 6: spartak041 (big blind) mucked
Seat 9: GoliafUa (button) (small blind) showed [Jc Js] and won ($65.50) with three of a kind, Jacks


PokerStars Hand #165642380603:  Hold'em Limit ($3/$6 USD) - 2017/02/03 20:07:13 ET
Table 'Silvretta' 10-max Seat #6 is the button
Seat 6: spartak041 ($144.94 in chips)
Seat 9: GoliafUa ($108 in chips)
spartak041: posts small blind $1
GoliafUa: posts big blind $3
*** HOLE CARDS ***
spartak041: folds
Uncalled bet ($2) returned to GoliafUa
GoliafUa collected $2 from pot
GoliafUa: doesn't show hand
*** SUMMARY ***
Total pot $2 | Rake $0
Seat 6: spartak041 (button) (small blind) folded before Flop
Seat 9: GoliafUa (big blind) collected ($2)


PokerStars Hand #165642372062:  Hold'em Limit ($3/$6 USD) - 2017/02/03 20:06:59 ET
Table 'Silvretta' 10-max Seat #9 is the button
Seat 6: spartak041 ($136.30 in chips)
Seat 9: GoliafUa ($117 in chips)
GoliafUa: posts small blind $1
spartak041: posts big blind $3
*** HOLE CARDS ***
GoliafUa: raises $3 to $6
spartak041: calls $3
*** FLOP *** [8s Kh Td]
spartak041: checks
GoliafUa: bets $3
spartak041: raises $3 to $6
GoliafUa: folds
Uncalled bet ($3) returned to spartak041
spartak041 collected $17.64 from pot
spartak041: doesn't show hand
*** SUMMARY ***
Total pot $18 | Rake $0.36
Board [8s Kh Td]
Seat 6: spartak041 (big blind) collected ($17.64)
Seat 9: GoliafUa (button) (small blind) folded on the Flop


PokerStars Hand #165642365007:  Hold'em Limit ($3/$6 USD) - 2017/02/03 20:06:47 ET
Table 'Silvretta' 10-max Seat #6 is the button
Seat 6: spartak041 ($133.30 in chips)
Seat 9: GoliafUa ($120 in chips)
spartak041: posts small blind $1
GoliafUa: posts big blind $3
*** HOLE CARDS ***
spartak041: raises $3 to $6
GoliafUa: folds
Uncalled bet ($3) returned to spartak041
spartak041 collected $6 from pot
spartak041: doesn't show hand
*** SUMMARY ***
Total pot $6 | Rake $0
Seat 6: spartak041 (button) (small blind) collected ($6)
Seat 9: GoliafUa (big blind) folded before Flop


PokerStars Hand #165642428326:  Hold'em Limit ($3/$6 USD) - 2017/02/03 20:08:29 ET
Table 'Silvretta' 10-max Seat #9 is the button
Seat 6: spartak041 ($115.44 in chips)
Seat 9: GoliafUa ($136 in chips)
GoliafUa: posts small blind $1
spartak041: posts big blind $3
*** HOLE CARDS ***
GoliafUa: folds
Uncalled bet ($2) returned to spartak041
spartak041 collected $2 from pot
spartak041: doesn't show hand
*** SUMMARY ***
Total pot $2 | Rake $0
Seat 6: spartak041 (big blind) collected ($2)
Seat 9: GoliafUa (button) (small blind) folded before Flop


PokerStars Hand #165642424707:  Hold'em Limit ($3/$6 USD) - 2017/02/03 20:08:23 ET
Table 'Silvretta' 10-max Seat #6 is the button
Seat 6: spartak041 ($116.44 in chips)
Seat 9: GoliafUa ($135 in chips)
spartak041: posts small blind $1
GoliafUa: posts big blind $3
*** HOLE CARDS ***
spartak041: folds
Uncalled bet ($2) returned to GoliafUa
GoliafUa collected $2 from pot
GoliafUa: doesn't show hand
*** SUMMARY ***
Total pot $2 | Rake $0
Seat 6: spartak041 (button) (small blind) folded before Flop
Seat 9: GoliafUa (big blind) collected ($2)


PokerStars Hand #165642408336:  Hold'em Limit ($3/$6 USD) - 2017/02/03 20:07:57 ET
Table 'Silvretta' 10-max Seat #9 is the button
Seat 6: spartak041 ($92.94 in chips)
Seat 9: GoliafUa ($159 in chips)
GoliafUa: posts small blind $1
spartak041: posts big blind $3
*** HOLE CARDS ***
GoliafUa: raises $3 to $6
spartak041: raises $3 to $9
GoliafUa: calls $3
*** FLOP *** [Jd Kd 9h]
spartak041: bets $3
GoliafUa: calls $3
*** TURN *** [Jd Kd 9h] [Ks]
spartak041: bets $6
GoliafUa: calls $6
*** RIVER *** [Jd Kd 9h Ks] [5h]
spartak041: bets $6
GoliafUa: calls $6
*** SHOW DOWN ***
spartak041: shows [Tc Kc] (three of a kind, Kings)
GoliafUa: mucks hand
spartak041 collected $47.50 from pot
*** SUMMARY ***
Total pot $48 | Rake $0.50
Board [Jd Kd 9h Ks 5h]
Seat 6: spartak041 (big blind) showed [Tc Kc] and won ($47.50) with three of a kind, Kings
Seat 9: GoliafUa (button) (small blind) mucked


PokerStars Hand #165642398299:  Hold'em Limit ($3/$6 USD) - 2017/02/03 20:07:41 ET
Table 'Silvretta' 10-max Seat #6 is the button
Seat 6: spartak041 ($110.94 in chips)
Seat 9: GoliafUa ($141.50 in chips)
spartak041: posts small blind $1
GoliafUa: posts big blind $3
*** HOLE CARDS ***
spartak041: raises $3 to $6
GoliafUa: raises $3 to $9
spartak041: calls $3
*** FLOP *** [Jh 6s Kc]
GoliafUa: bets $3
spartak041: calls $3
*** TURN *** [Jh 6s Kc] [5c]
GoliafUa: bets $6
spartak041: calls $6
*** RIVER *** [Jh 6s Kc 5c] [Td]
GoliafUa: bets $6
spartak041: folds
Uncalled bet ($6) returned to GoliafUa
GoliafUa collected $35.50 from pot
GoliafUa: doesn't show hand
*** SUMMARY ***
Total pot $36 | Rake $0.50
Board [Jh 6s Kc 5c Td]
Seat 6: spartak041 (button) (small blind) folded on the River
Seat 9: GoliafUa (big blind) collected ($35.50)


PokerStars Hand #165649438086:  Hold'em Limit ($3/$6 USD) - 2017/02/04 0:34:40 ET
Table 'Silvretta' 10-max Seat #10 is the button
Seat 6: moneyman11 ($116.85 in chips)
Seat 10: GoliafUa ($114 in chips)
GoliafUa: posts small blind $1
moneyman11: posts big blind $3
*** HOLE CARDS ***
GoliafUa: raises $3 to $6
moneyman11: calls $3
*** FLOP *** [9d Jc 9h]
moneyman11: checks
GoliafUa: bets $3
moneyman11: calls $3
*** TURN *** [9d Jc 9h] [2s]
moneyman11: checks
GoliafUa: bets $6
moneyman11: folds
Uncalled bet ($6) returned to GoliafUa
GoliafUa collected $17.64 from pot
GoliafUa: doesn't show hand
*** SUMMARY ***
Total pot $18 | Rake $0.36
Board [9d Jc 9h 2s]
Seat 6: moneyman11 (big blind) folded on the Turn
Seat 10: GoliafUa (button) (small blind) collected ($17.64)


PokerStars Hand #165649431421:  Hold'em Limit ($3/$6 USD) - 2017/02/04 0:34:19 ET
Table 'Silvretta' 10-max Seat #6 is the button
Seat 6: moneyman11 ($111.09 in chips)
Seat 10: GoliafUa ($120 in chips)
moneyman11: posts small blind $1
GoliafUa: posts big blind $3
*** HOLE CARDS ***
moneyman11: raises $3 to $6
karambakilla joins the table at seat #7
GoliafUa: calls $3
*** FLOP *** [Qd Th Ac]
GoliafUa: checks
moneyman11: bets $3
GoliafUa: folds
Uncalled bet ($3) returned to moneyman11
moneyman11 collected $11.76 from pot
moneyman11: doesn't show hand
*** SUMMARY ***
Total pot $12 | Rake $0.24
Board [Qd Th Ac]
Seat 6: moneyman11 (button) (small blind) collected ($11.76)
Seat 10: GoliafUa (big blind) folded on the Flop


PokerStars Hand #165649634791:  Hold'em Limit ($3/$6 USD) - 2017/02/04 0:45:01 ET
Table 'Silvretta' 10-max Seat #6 is the button
Seat 6: moneyman11 ($296.93 in chips)
Seat 7: karambakilla ($72.11 in chips)
moneyman11: posts small blind $1
karambakilla: posts big blind $3
*** HOLE CARDS ***
moneyman11: folds
Uncalled bet ($2) returned to karambakilla
karambakilla collected $2 from pot
karambakilla: doesn't show hand
*** SUMMARY ***
Total pot $2 | Rake $0
Seat 6: moneyman11 (button) (small blind) folded before Flop
Seat 7: karambakilla (big blind) collected ($2)


PokerStars Hand #165649629858:  Hold'em Limit ($3/$6 USD) - 2017/02/04 0:44:46 ET
Table 'Silvretta' 10-max Seat #7 is the button
Seat 6: moneyman11 ($305.93 in chips)
Seat 7: karambakilla ($63.47 in chips)
karambakilla: posts small blind $1
GoliafUa: is sitting out
moneyman11: posts big blind $3
*** HOLE CARDS ***
karambakilla: raises $3 to $6
moneyman11: calls $3
*** FLOP *** [Jc 3h 4d]
moneyman11: checks
karambakilla: bets $3
moneyman11: calls $3
*** TURN *** [Jc 3h 4d] [2d]
moneyman11: checks
karambakilla: checks
*** RIVER *** [Jc 3h 4d 2d] [6c]
moneyman11: checks
karambakilla: bets $6
moneyman11: folds
Uncalled bet ($6) returned to karambakilla
karambakilla collected $17.64 from pot
karambakilla: doesn't show hand
*** SUMMARY ***
Total pot $18 | Rake $0.36
Board [Jc 3h 4d 2d 6c]
Seat 6: moneyman11 (big blind) folded on the River
Seat 7: karambakilla (button) (small blind) collected ($17.64)


PokerStars Hand #165649636261:  Hold'em Limit ($3/$6 USD) - 2017/02/04 0:45:06 ET
Table 'Silvretta' 10-max Seat #7 is the button
Seat 6: moneyman11 ($295.93 in chips)
Seat 7: karambakilla ($73.11 in chips)
karambakilla: posts small blind $1
moneyman11: posts big blind $3
*** HOLE CARDS ***
karambakilla: raises $3 to $6
moneyman11: raises $3 to $9
karambakilla: calls $3
*** FLOP *** [Kh 6s Tc]
moneyman11: bets $3
karambakilla: calls $3
*** TURN *** [Kh 6s Tc] [7h]
moneyman11: bets $6
karambakilla: calls $6
*** RIVER *** [Kh 6s Tc 7h] [3h]
moneyman11: checks
karambakilla: checks
*** SHOW DOWN ***
moneyman11: shows [Ad Qd] (high card Ace)
karambakilla: shows [7c 2c] (a pair of Sevens)
karambakilla collected $35.50 from pot
*** SUMMARY ***
Total pot $36 | Rake $0.50
Board [Kh 6s Tc 7h 3h]
Seat 6: moneyman11 (big blind) showed [Ad Qd] and lost with high card Ace
Seat 7: karambakilla (button) (small blind) showed [7c 2c] and won ($35.50) with a pair of Sevens


PokerStars Hand #165649641827:  Hold'em Limit ($3/$6 USD) - 2017/02/04 0:45:24 ET
Table 'Silvretta' 10-max Seat #6 is the button
Seat 6: moneyman11 ($277.93 in chips)
Seat 7: karambakilla ($90.61 in chips)
moneyman11: posts small blind $1
karambakilla: posts big blind $3
*** HOLE CARDS ***
moneyman11: folds
Uncalled bet ($2) returned to karambakilla
karambakilla collected $2 from pot
karambakilla: doesn't show hand
*** SUMMARY ***
Total pot $2 | Rake $0
Seat 6: moneyman11 (button) (small blind) folded before Flop
Seat 7: karambakilla (big blind) collected ($2)


PokerStars Hand #165649643347:  Hold'em Limit ($3/$6 USD) - 2017/02/04 0:45:28 ET
Table 'Silvretta' 10-max Seat #7 is the button
Seat 6: moneyman11 ($276.93 in chips)
Seat 7: karambakilla ($91.61 in chips)
karambakilla: posts small blind $1
moneyman11: posts big blind $3
*** HOLE CARDS ***
karambakilla: raises $3 to $6
moneyman11: calls $3
*** FLOP *** [Js 9s Ad]
moneyman11: checks
karambakilla: checks
*** TURN *** [Js 9s Ad] [9d]
moneyman11: checks
karambakilla: bets $6
moneyman11: folds
Uncalled bet ($6) returned to karambakilla
karambakilla collected $11.76 from pot
karambakilla: doesn't show hand
*** SUMMARY ***
Total pot $12 | Rake $0.24
Board [Js 9s Ad 9d]
Seat 6: moneyman11 (big blind) folded on the Turn
Seat 7: karambakilla (button) (small blind) collected ($11.76)


PokerStars Hand #165649656805:  Hold'em Limit ($3/$6 USD) - 2017/02/04 0:46:11 ET
Table 'Silvretta' 10-max Seat #7 is the button
Seat 6: moneyman11 ($249.93 in chips)
Seat 7: karambakilla ($117.65 in chips)
karambakilla: posts small blind $1
moneyman11: posts big blind $3
*** HOLE CARDS ***
karambakilla: folds
Uncalled bet ($2) returned to moneyman11
moneyman11 collected $2 from pot
moneyman11: doesn't show hand
*** SUMMARY ***
Total pot $2 | Rake $0
Seat 6: moneyman11 (big blind) collected ($2)
Seat 7: karambakilla (button) (small blind) folded before Flop


PokerStars Hand #165649653087:  Hold'em Limit ($3/$6 USD) - 2017/02/04 0:46:00 ET
Table 'Silvretta' 10-max Seat #6 is the button
Seat 6: moneyman11 ($255.93 in chips)
Seat 7: karambakilla ($111.89 in chips)
moneyman11: posts small blind $1
karambakilla: posts big blind $3
*** HOLE CARDS ***
moneyman11: raises $3 to $6
karambakilla: calls $3
*** FLOP *** [7c 8s 6h]
karambakilla: checks
moneyman11: checks
*** TURN *** [7c 8s 6h] [5d]
karambakilla: bets $6
moneyman11: folds
Uncalled bet ($6) returned to karambakilla
karambakilla collected $11.76 from pot
karambakilla: doesn't show hand
*** SUMMARY ***
Total pot $12 | Rake $0.24
Board [7c 8s 6h 5d]
Seat 6: moneyman11 (button) (small blind) folded on the Turn
Seat 7: karambakilla (big blind) collected ($11.76)


PokerStars Hand #165649647445:  Hold'em Limit ($3/$6 USD) - 2017/02/04 0:45:41 ET
Table 'Silvretta' 10-max Seat #6 is the button
Seat 6: moneyman11 ($270.93 in chips)
Seat 7: karambakilla ($97.37 in chips)
moneyman11: posts small blind $1
karambakilla: posts big blind $3
*** HOLE CARDS ***
moneyman11: raises $3 to $6
karambakilla: raises $3 to $9
moneyman11: calls $3
*** FLOP *** [2s As Tc]
karambakilla: bets $3
moneyman11: calls $3
*** TURN *** [2s As Tc] [3s]
karambakilla: bets $6
moneyman11: folds
Uncalled bet ($6) returned to karambakilla
karambakilla collected $23.52 from pot
karambakilla: doesn't show hand
*** SUMMARY ***
Total pot $24 | Rake $0.48
Board [2s As Tc 3s]
Seat 6: moneyman11 (button) (small blind) folded on the Turn
Seat 7: karambakilla (big blind) collected ($23.52)


PokerStars Hand #165649651433:  Hold'em Limit ($3/$6 USD) - 2017/02/04 0:45:54 ET
Table 'Silvretta' 10-max Seat #7 is the button
Seat 6: moneyman11 ($258.93 in chips)
Seat 7: karambakilla ($108.89 in chips)
karambakilla: posts small blind $1
moneyman11: posts big blind $3
*** HOLE CARDS ***
karambakilla: raises $3 to $6
moneyman11: folds
Uncalled bet ($3) returned to karambakilla
karambakilla collected $6 from pot
karambakilla: doesn't show hand
*** SUMMARY ***
Total pot $6 | Rake $0
Seat 6: moneyman11 (big blind) folded before Flop
Seat 7: karambakilla (button) (small blind) collected ($6)


PokerStars Hand #165649672152:  Hold'em Limit ($3/$6 USD) - 2017/02/04 0:47:01 ET
Table 'Silvretta' 10-max Seat #7 is the button
Seat 6: moneyman11 ($243.45 in chips)
Seat 7: karambakilla ($123.15 in chips)
karambakilla: posts small blind $1
moneyman11: posts big blind $3
*** HOLE CARDS ***
karambakilla: raises $3 to $6
moneyman11: folds
Uncalled bet ($3) returned to karambakilla
karambakilla collected $6 from pot
karambakilla: doesn't show hand
*** SUMMARY ***
Total pot $6 | Rake $0
Seat 6: moneyman11 (big blind) folded before Flop
Seat 7: karambakilla (button) (small blind) collected ($6)


PokerStars Hand #165649670628:  Hold'em Limit ($3/$6 USD) - 2017/02/04 0:46:56 ET
Table 'Silvretta' 10-max Seat #6 is the button
Seat 6: moneyman11 ($244.45 in chips)
Seat 7: karambakilla ($122.15 in chips)
moneyman11: posts small blind $1
karambakilla: posts big blind $3
*** HOLE CARDS ***
moneyman11: folds
Uncalled bet ($2) returned to karambakilla
karambakilla collected $2 from pot
karambakilla: doesn't show hand
*** SUMMARY ***
Total pot $2 | Rake $0
Seat 6: moneyman11 (button) (small blind) folded before Flop
Seat 7: karambakilla (big blind) collected ($2)


PokerStars Hand #165649664904:  Hold'em Limit ($3/$6 USD) - 2017/02/04 0:46:38 ET
Table 'Silvretta' 10-max Seat #7 is the button
Seat 6: moneyman11 ($262.45 in chips)
Seat 7: karambakilla ($104.65 in chips)
karambakilla: posts small blind $1
moneyman11: posts big blind $3
*** HOLE CARDS ***
karambakilla: raises $3 to $6
moneyman11: calls $3
*** FLOP *** [2s Ts 8h]
moneyman11: checks
karambakilla: checks
*** TURN *** [2s Ts 8h] [8d]
moneyman11: bets $6
karambakilla: calls $6
*** RIVER *** [2s Ts 8h 8d] [Js]
moneyman11: checks
karambakilla: bets $6
moneyman11: calls $6
*** SHOW DOWN ***
karambakilla: shows [6c 6h] (two pair, Eights and Sixes)
moneyman11: mucks hand
karambakilla collected $35.50 from pot
*** SUMMARY ***
Total pot $36 | Rake $0.50
Board [2s Ts 8h 8d Js]
Seat 6: moneyman11 (big blind) mucked
Seat 7: karambakilla (button) (small blind) showed [6c 6h] and won ($35.50) with two pair, Eights and Sixes


PokerStars Hand #165649658413:  Hold'em Limit ($3/$6 USD) - 2017/02/04 0:46:17 ET
Table 'Silvretta' 10-max Seat #6 is the button
Seat 6: moneyman11 ($250.93 in chips)
Seat 7: karambakilla ($116.65 in chips)
moneyman11: posts small blind $1
karambakilla: posts big blind $3
*** HOLE CARDS ***
moneyman11: raises $3 to $6
karambakilla: calls $3
*** FLOP *** [8c Tc 4h]
karambakilla: bets $3
moneyman11: raises $3 to $6
karambakilla: calls $3
*** TURN *** [8c Tc 4h] [Ad]
karambakilla: checks
moneyman11: bets $6
karambakilla: folds
Uncalled bet ($6) returned to moneyman11
moneyman11 collected $23.52 from pot
moneyman11: doesn't show hand
*** SUMMARY ***
Total pot $24 | Rake $0.48
Board [8c Tc 4h Ad]
Seat 6: moneyman11 (button) (small blind) collected ($23.52)
Seat 7: karambakilla (big blind) folded on the Turn


PokerStars Hand #165649693416:  Hold'em Limit ($3/$6 USD) - 2017/02/04 0:48:10 ET
Table 'Silvretta' 10-max Seat #6 is the button
Seat 6: moneyman11 ($183.45 in chips)
Seat 7: karambakilla ($181.55 in chips)
moneyman11: posts small blind $1
karambakilla: posts big blind $3
*** HOLE CARDS ***
moneyman11: folds
Uncalled bet ($2) returned to karambakilla
karambakilla collected $2 from pot
karambakilla: doesn't show hand
*** SUMMARY ***
Total pot $2 | Rake $0
Seat 6: moneyman11 (button) (small blind) folded before Flop
Seat 7: karambakilla (big blind) collected ($2)


PokerStars Hand #165649689444:  Hold'em Limit ($3/$6 USD) - 2017/02/04 0:47:57 ET
Table 'Silvretta' 10-max Seat #7 is the button
Seat 6: moneyman11 ($186.45 in chips)
Seat 7: karambakilla ($178.67 in chips)
karambakilla: posts small blind $1
moneyman11: posts big blind $3
*** HOLE CARDS ***
karambakilla: calls $2
moneyman11: checks
*** FLOP *** [9d 7c Ks]
moneyman11: checks
karambakilla: checks
*** TURN *** [9d 7c Ks] [Ah]
moneyman11: checks
karambakilla: bets $6
moneyman11: folds
Uncalled bet ($6) returned to karambakilla
karambakilla collected $5.88 from pot
karambakilla: doesn't show hand
*** SUMMARY ***
Total pot $6 | Rake $0.12
Board [9d 7c Ks Ah]
Seat 6: moneyman11 (big blind) folded on the Turn
Seat 7: karambakilla (button) (small blind) collected ($5.88)


PokerStars Hand #165649684255:  Hold'em Limit ($3/$6 USD) - 2017/02/04 0:47:40 ET
Table 'Silvretta' 10-max Seat #6 is the button
Seat 6: moneyman11 ($201.45 in chips)
Seat 7: karambakilla ($164.17 in chips)
moneyman11: posts small blind $1
karambakilla: posts big blind $3
*** HOLE CARDS ***
moneyman11: raises $3 to $6
karambakilla: calls $3
*** FLOP *** [5s Qc Ah]
karambakilla: checks
moneyman11: bets $3
karambakilla: calls $3
*** TURN *** [5s Qc Ah] [3h]
karambakilla: checks
moneyman11: bets $6
karambakilla: calls $6
*** RIVER *** [5s Qc Ah 3h] [4c]
karambakilla: checks
moneyman11: checks
*** SHOW DOWN ***
karambakilla: shows [Qh Th] (a pair of Queens)
moneyman11: mucks hand
karambakilla collected $29.50 from pot
*** SUMMARY ***
Total pot $30 | Rake $0.50
Board [5s Qc Ah 3h 4c]
Seat 6: moneyman11 (button) (small blind) mucked
Seat 7: karambakilla (big blind) showed [Qh Th] and won ($29.50) with a pair of Queens


PokerStars Hand #165649679630:  Hold'em Limit ($3/$6 USD) - 2017/02/04 0:47:25 ET
Table 'Silvretta' 10-max Seat #7 is the button
Seat 6: moneyman11 ($213.45 in chips)
Seat 7: karambakilla ($152.65 in chips)
karambakilla: posts small blind $1
moneyman11: posts big blind $3
*** HOLE CARDS ***
karambakilla: raises $3 to $6
moneyman11: calls $3
*** FLOP *** [Jd Js 3c]
moneyman11: checks
karambakilla: checks
*** TURN *** [Jd Js 3c] [6s]
moneyman11: checks
karambakilla: bets $6
moneyman11: calls $6
*** RIVER *** [Jd Js 3c 6s] [5d]
moneyman11: checks
karambakilla: checks
*** SHOW DOWN ***
moneyman11: shows [Ks 4h] (a pair of Jacks)
karambakilla: shows [4d As] (a pair of Jacks - Ace kicker)
karambakilla collected $23.52 from pot
*** SUMMARY ***
Total pot $24 | Rake $0.48
Board [Jd Js 3c 6s 5d]
Seat 6: moneyman11 (big blind) showed [Ks 4h] and lost with a pair of Jacks
Seat 7: karambakilla (button) (small blind) showed [4d As] and won ($23.52) with a pair of Jacks


PokerStars Hand #165649673988:  Hold'em Limit ($3/$6 USD) - 2017/02/04 0:47:07 ET
Table 'Silvretta' 10-max Seat #6 is the button
Seat 6: moneyman11 ($240.45 in chips)
Seat 7: karambakilla ($126.15 in chips)
moneyman11: posts small blind $1
karambakilla: posts big blind $3
*** HOLE CARDS ***
moneyman11: raises $3 to $6
karambakilla: calls $3
*** FLOP *** [5s Tc 7c]
karambakilla: checks
moneyman11: bets $3
karambakilla: calls $3
*** TURN *** [5s Tc 7c] [6c]
karambakilla: checks
moneyman11: bets $6
karambakilla: raises $6 to $12
moneyman11: calls $6
*** RIVER *** [5s Tc 7c 6c] [4c]
karambakilla: bets $6
moneyman11: calls $6
*** SHOW DOWN ***
karambakilla: shows [Kc 4d] (a flush, King high)
moneyman11: mucks hand
karambakilla collected $53.50 from pot
*** SUMMARY ***
Total pot $54 | Rake $0.50
Board [5s Tc 7c 6c 4c]
Seat 6: moneyman11 (button) (small blind) mucked
Seat 7: karambakilla (big blind) showed [Kc 4d] and won ($53.50) with a flush, King high


PokerStars Hand #165649702337:  Hold'em Limit ($3/$6 USD) - 2017/02/04 0:48:39 ET
Table 'Silvretta' 10-max Seat #7 is the button
Seat 6: moneyman11 ($164.45 in chips)
Seat 7: karambakilla ($200.05 in chips)
karambakilla: posts small blind $1
moneyman11: posts big blind $3
*** HOLE CARDS ***
karambakilla: raises $3 to $6
moneyman11: calls $3
*** FLOP *** [Ad 7c 4c]
moneyman11: checks
karambakilla: bets $3
moneyman11: folds
Uncalled bet ($3) returned to karambakilla
karambakilla collected $11.76 from pot
karambakilla: doesn't show hand
*** SUMMARY ***
Total pot $12 | Rake $0.24
Board [Ad 7c 4c]
Seat 6: moneyman11 (big blind) folded on the Flop
Seat 7: karambakilla (button) (small blind) collected ($11.76)


PokerStars Hand #165649694890:  Hold'em Limit ($3/$6 USD) - 2017/02/04 0:48:15 ET
Table 'Silvretta' 10-max Seat #7 is the button
Seat 6: moneyman11 ($182.45 in chips)
Seat 7: karambakilla ($182.55 in chips)
karambakilla: posts small blind $1
moneyman11: posts big blind $3
*** HOLE CARDS ***
karambakilla: raises $3 to $6
moneyman11: folds
Uncalled bet ($3) returned to karambakilla
karambakilla collected $6 from pot
karambakilla: doesn't show hand
*** SUMMARY ***
Total pot $6 | Rake $0
Seat 6: moneyman11 (big blind) folded before Flop
Seat 7: karambakilla (button) (small blind) collected ($6)


PokerStars Hand #165649705155:  Hold'em Limit ($3/$6 USD) - 2017/02/04 0:48:48 ET
Table 'Silvretta' 10-max Seat #6 is the button
Seat 6: moneyman11 ($158.45 in chips)
Seat 7: karambakilla ($205.81 in chips)
moneyman11: posts small blind $1
karambakilla: posts big blind $3
*** HOLE CARDS ***
moneyman11: raises $3 to $6
karambakilla: calls $3
*** FLOP *** [8d Qs 9h]
karambakilla: checks
moneyman11: checks
*** TURN *** [8d Qs 9h] [6c]
karambakilla: bets $6
moneyman11: calls $6
*** RIVER *** [8d Qs 9h 6c] [4d]
karambakilla: bets $6
moneyman11: folds
Uncalled bet ($6) returned to karambakilla
karambakilla collected $23.52 from pot
karambakilla: doesn't show hand
*** SUMMARY ***
Total pot $24 | Rake $0.48
Board [8d Qs 9h 6c 4d]
Seat 6: moneyman11 (button) (small blind) folded on the River
Seat 7: karambakilla (big blind) collected ($23.52)


PokerStars Hand #165649696559:  Hold'em Limit ($3/$6 USD) - 2017/02/04 0:48:20 ET
Table 'Silvretta' 10-max Seat #6 is the button
Seat 6: moneyman11 ($179.45 in chips)
Seat 7: karambakilla ($185.55 in chips)
moneyman11: posts small blind $1
karambakilla: posts big blind $3
*** HOLE CARDS ***
moneyman11: raises $3 to $6
karambakilla: calls $3
*** FLOP *** [8h 6s 9s]
karambakilla: checks
moneyman11: bets $3
karambakilla: calls $3
*** TURN *** [8h 6s 9s] [2d]
karambakilla: checks
moneyman11: checks
*** RIVER *** [8h 6s 9s 2d] [Kh]
karambakilla: checks
moneyman11: bets $6
karambakilla: calls $6
*** SHOW DOWN ***
moneyman11: shows [Jd 7d] (high card King)
karambakilla: shows [Ac Js] (high card Ace)
karambakilla collected $29.50 from pot
*** SUMMARY ***
Total pot $30 | Rake $0.50
Board [8h 6s 9s 2d Kh]
Seat 6: moneyman11 (button) (small blind) showed [Jd 7d] and lost with high card King
Seat 7: karambakilla (big blind) showed [Ac Js] and won ($29.50) with high card Ace


PokerStars Hand #165649709893:  Hold'em Limit ($3/$6 USD) - 2017/02/04 0:49:03 ET
Table 'Silvretta' 10-max Seat #7 is the button
Seat 6: moneyman11 ($146.45 in chips)
Seat 7: karambakilla ($217.33 in chips)
karambakilla: posts small blind $1
moneyman11: posts big blind $3
*** HOLE CARDS ***
karambakilla: raises $3 to $6
moneyman11: folds
Uncalled bet ($3) returned to karambakilla
karambakilla collected $6 from pot
karambakilla: doesn't show hand
*** SUMMARY ***
Total pot $6 | Rake $0
Seat 6: moneyman11 (big blind) folded before Flop
Seat 7: karambakilla (button) (small blind) collected ($6)


PokerStars Hand #165649729327:  Hold'em Limit ($3/$6 USD) - 2017/02/04 0:50:05 ET
Table 'Silvretta' 10-max Seat #6 is the button
Seat 6: moneyman11 ($130.95 in chips)
Seat 7: karambakilla ($231.35 in chips)
moneyman11: posts small blind $1
karambakilla: posts big blind $3
*** HOLE CARDS ***
moneyman11: folds
Uncalled bet ($2) returned to karambakilla
karambakilla collected $2 from pot
karambakilla: doesn't show hand
*** SUMMARY ***
Total pot $2 | Rake $0
Seat 6: moneyman11 (button) (small blind) folded before Flop
Seat 7: karambakilla (big blind) collected ($2)


PokerStars Hand #165649711577:  Hold'em Limit ($3/$6 USD) - 2017/02/04 0:49:08 ET
Table 'Silvretta' 10-max Seat #6 is the button
Seat 6: moneyman11 ($143.45 in chips)
Seat 7: karambakilla ($220.33 in chips)
moneyman11: posts small blind $1
karambakilla: posts big blind $3
*** HOLE CARDS ***
moneyman11: calls $2
karambakilla: checks
*** FLOP *** [Js 4c 6s]
karambakilla: checks
moneyman11: bets $3
karambakilla: calls $3
*** TURN *** [Js 4c 6s] [6d]
karambakilla: checks
moneyman11: checks
*** RIVER *** [Js 4c 6s 6d] [3d]
karambakilla: checks
moneyman11: checks
*** SHOW DOWN ***
karambakilla: shows [4s 9d] (two pair, Sixes and Fours)
moneyman11: mucks hand
karambakilla collected $11.76 from pot
*** SUMMARY ***
Total pot $12 | Rake $0.24
Board [Js 4c 6s 6d 3d]
Seat 6: moneyman11 (button) (small blind) mucked
Seat 7: karambakilla (big blind) showed [4s 9d] and won ($11.76) with two pair, Sixes and Fours


PokerStars Hand #165649721810:  Hold'em Limit ($3/$6 USD) - 2017/02/04 0:49:41 ET
Table 'Silvretta' 10-max Seat #6 is the button
Seat 6: moneyman11 ($154.95 in chips)
Seat 7: karambakilla ($208.09 in chips)
moneyman11: posts small blind $1
karambakilla: posts big blind $3
*** HOLE CARDS ***
moneyman11: raises $3 to $6
karambakilla: calls $3
*** FLOP *** [2d 8h 5c]
karambakilla: checks
moneyman11: checks
*** TURN *** [2d 8h 5c] [8d]
karambakilla: bets $6
moneyman11: calls $6
*** RIVER *** [2d 8h 5c 8d] [2h]
karambakilla: bets $6
moneyman11: calls $6
*** SHOW DOWN ***
karambakilla: shows [Ah 5h] (two pair, Eights and Fives)
moneyman11: mucks hand
karambakilla collected $35.50 from pot
*** SUMMARY ***
Total pot $36 | Rake $0.50
Board [2d 8h 5c 8d 2h]
Seat 6: moneyman11 (button) (small blind) mucked
Seat 7: karambakilla (big blind) showed [Ah 5h] and won ($35.50) with two pair, Eights and Fives


PokerStars Hand #165649717043:  Hold'em Limit ($3/$6 USD) - 2017/02/04 0:49:25 ET
Table 'Silvretta' 10-max Seat #7 is the button
Seat 6: moneyman11 ($137.45 in chips)
Seat 7: karambakilla ($226.09 in chips)
karambakilla: posts small blind $1
moneyman11: posts big blind $3
*** HOLE CARDS ***
karambakilla: raises $3 to $6
moneyman11: calls $3
*** FLOP *** [3d Tc 5s]
moneyman11: checks
karambakilla: checks
*** TURN *** [3d Tc 5s] [2c]
moneyman11: bets $6
karambakilla: calls $6
*** RIVER *** [3d Tc 5s 2c] [9s]
moneyman11: checks
karambakilla: bets $6
moneyman11: calls $6
*** SHOW DOWN ***
karambakilla: shows [6h 7h] (high card Ten)
moneyman11: shows [2s Jc] (a pair of Deuces)
moneyman11 collected $35.50 from pot
*** SUMMARY ***
Total pot $36 | Rake $0.50
Board [3d Tc 5s 2c 9s]
Seat 6: moneyman11 (big blind) showed [2s Jc] and won ($35.50) with a pair of Deuces
Seat 7: karambakilla (button) (small blind) showed [6h 7h] and lost with high card Ten


PokerStars Hand #165649726232:  Hold'em Limit ($3/$6 USD) - 2017/02/04 0:49:55 ET
Table 'Silvretta' 10-max Seat #7 is the button
Seat 6: moneyman11 ($136.95 in chips)
Seat 7: karambakilla ($225.59 in chips)
karambakilla: posts small blind $1
moneyman11: posts big blind $3
*** HOLE CARDS ***
karambakilla: raises $3 to $6
moneyman11: calls $3
*** FLOP *** [7c As 3d]
moneyman11: checks
karambakilla: bets $3
moneyman11: folds
Uncalled bet ($3) returned to karambakilla
karambakilla collected $11.76 from pot
karambakilla: doesn't show hand
*** SUMMARY ***
Total pot $12 | Rake $0.24
Board [7c As 3d]
Seat 6: moneyman11 (big blind) folded on the Flop
Seat 7: karambakilla (button) (small blind) collected ($11.76)


PokerStars Hand #165649737514:  Hold'em Limit ($3/$6 USD) - 2017/02/04 0:50:31 ET
Table 'Silvretta' 10-max Seat #6 is the button
Seat 6: moneyman11 ($138.59 in chips)
Seat 7: karambakilla ($223.35 in chips)
moneyman11: posts small blind $1
karambakilla: posts big blind $3
*** HOLE CARDS ***
moneyman11: calls $2
karambakilla: checks
*** FLOP *** [As 9d Js]
karambakilla: checks
moneyman11: bets $3
karambakilla: folds
Uncalled bet ($3) returned to moneyman11
moneyman11 collected $5.88 from pot
moneyman11: doesn't show hand
*** SUMMARY ***
Total pot $6 | Rake $0.12
Board [As 9d Js]
Seat 6: moneyman11 (button) (small blind) collected ($5.88)
Seat 7: karambakilla (big blind) folded on the Flop


PokerStars Hand #165649745175:  Hold'em Limit ($3/$6 USD) - 2017/02/04 0:50:56 ET
Table 'Silvretta' 10-max Seat #6 is the button
Seat 6: moneyman11 ($164.97 in chips)
Seat 7: karambakilla ($196.35 in chips)
moneyman11: posts small blind $1
karambakilla: posts big blind $3
*** HOLE CARDS ***
moneyman11: raises $3 to $6
karambakilla: calls $3
*** FLOP *** [2h 9h 2c]
karambakilla: checks
moneyman11: bets $3
karambakilla: calls $3
*** TURN *** [2h 9h 2c] [3s]
karambakilla: checks
moneyman11: bets $6
karambakilla: calls $6
*** RIVER *** [2h 9h 2c 3s] [7d]
karambakilla: checks
moneyman11: bets $6
karambakilla: calls $6
*** SHOW DOWN ***
moneyman11: shows [6h 4s] (a pair of Deuces)
karambakilla: shows [Kd Td] (a pair of Deuces - King kicker)
karambakilla collected $41.50 from pot
*** SUMMARY ***
Total pot $42 | Rake $0.50
Board [2h 9h 2c 3s 7d]
Seat 6: moneyman11 (button) (small blind) showed [6h 4s] and lost with a pair of Deuces
Seat 7: karambakilla (big blind) showed [Kd Td] and won ($41.50) with a pair of Deuces


PokerStars Hand #165649736011:  Hold'em Limit ($3/$6 USD) - 2017/02/04 0:50:26 ET
Table 'Silvretta' 10-max Seat #7 is the button
Seat 6: moneyman11 ($137.59 in chips)
Seat 7: karambakilla ($224.35 in chips)
karambakilla: posts small blind $1
moneyman11: posts big blind $3
*** HOLE CARDS ***
karambakilla: folds
Uncalled bet ($2) returned to moneyman11
moneyman11 collected $2 from pot
moneyman11: doesn't show hand
*** SUMMARY ***
Total pot $2 | Rake $0
Seat 6: moneyman11 (big blind) collected ($2)
Seat 7: karambakilla (button) (small blind) folded before Flop


PokerStars Hand #165649740601:  Hold'em Limit ($3/$6 USD) - 2017/02/04 0:50:41 ET
Table 'Silvretta' 10-max Seat #7 is the button
Seat 6: moneyman11 ($141.47 in chips)
Seat 7: karambakilla ($220.35 in chips)
karambakilla: posts small blind $1
moneyman11: posts big blind $3
*** HOLE CARDS ***
karambakilla: raises $3 to $6
moneyman11: raises $3 to $9
karambakilla: calls $3
*** FLOP *** [3s Ks 7s]
moneyman11: bets $3
karambakilla: calls $3
*** TURN *** [3s Ks 7s] [7d]
moneyman11: bets $6
karambakilla: calls $6
*** RIVER *** [3s Ks 7s 7d] [4d]
moneyman11: bets $6
karambakilla: calls $6
*** SHOW DOWN ***
moneyman11: shows [9d As] (a pair of Sevens)
karambakilla: mucks hand
moneyman11 collected $47.50 from pot
*** SUMMARY ***
Total pot $48 | Rake $0.50
Board [3s Ks 7s 7d 4d]
Seat 6: moneyman11 (big blind) showed [9d As] and won ($47.50) with a pair of Sevens
Seat 7: karambakilla (button) (small blind) mucked


PokerStars Hand #165649734544:  Hold'em Limit ($3/$6 USD) - 2017/02/04 0:50:22 ET
Table 'Silvretta' 10-max Seat #6 is the button
Seat 6: moneyman11 ($138.59 in chips)
Seat 7: karambakilla ($223.35 in chips)
moneyman11: posts small blind $1
karambakilla: posts big blind $3
*** HOLE CARDS ***
moneyman11: folds
Uncalled bet ($2) returned to karambakilla
karambakilla collected $2 from pot
karambakilla: doesn't show hand
*** SUMMARY ***
Total pot $2 | Rake $0
Seat 6: moneyman11 (button) (small blind) folded before Flop
Seat 7: karambakilla (big blind) collected ($2)


PokerStars Hand #165649730852:  Hold'em Limit ($3/$6 USD) - 2017/02/04 0:50:10 ET
Table 'Silvretta' 10-max Seat #7 is the button
Seat 6: moneyman11 ($129.95 in chips)
Seat 7: karambakilla ($232.35 in chips)
karambakilla: posts small blind $1
moneyman11: posts big blind $3
*** HOLE CARDS ***
karambakilla: raises $3 to $6
moneyman11: raises $3 to $9
karambakilla: calls $3
*** FLOP *** [Td 5c Ac]
moneyman11: bets $3
karambakilla: folds
Uncalled bet ($3) returned to moneyman11
moneyman11 collected $17.64 from pot
moneyman11: doesn't show hand
*** SUMMARY ***
Total pot $18 | Rake $0.36
Board [Td 5c Ac]
Seat 6: moneyman11 (big blind) collected ($17.64)
Seat 7: karambakilla (button) (small blind) folded on the Flop


PokerStars Hand #165649750436:  Hold'em Limit ($3/$6 USD) - 2017/02/04 0:51:13 ET
Table 'Silvretta' 10-max Seat #7 is the button
Seat 6: moneyman11 ($143.97 in chips)
Seat 7: karambakilla ($216.85 in chips)
karambakilla: posts small blind $1
moneyman11: posts big blind $3
*** HOLE CARDS ***
karambakilla: raises $3 to $6
moneyman11: calls $3
*** FLOP *** [Qs Qh 4s]
moneyman11: checks
karambakilla: checks
*** TURN *** [Qs Qh 4s] [6c]
moneyman11: bets $6
karambakilla: calls $6
*** RIVER *** [Qs Qh 4s 6c] [4d]
moneyman11: bets $6
karambakilla: raises $6 to $12
moneyman11: calls $6
*** SHOW DOWN ***
karambakilla: shows [5c Jc] (two pair, Queens and Fours)
moneyman11: shows [4h 6d] (a full house, Fours full of Queens)
moneyman11 collected $47.50 from pot
*** SUMMARY ***
Total pot $48 | Rake $0.50
Board [Qs Qh 4s 6c 4d]
Seat 6: moneyman11 (big blind) showed [4h 6d] and won ($47.50) with a full house, Fours full of Queens
Seat 7: karambakilla (button) (small blind) showed [5c Jc] and lost with two pair, Queens and Fours


PokerStars Hand #165649762794:  Hold'em Limit ($3/$6 USD) - 2017/02/04 0:51:53 ET
Table 'Silvretta' 10-max Seat #6 is the button
Seat 6: moneyman11 ($136.47 in chips)
Seat 7: karambakilla ($223.35 in chips)
moneyman11: posts small blind $1
karambakilla: posts big blind $3
*** HOLE CARDS ***
moneyman11: calls $2
karambakilla: checks
*** FLOP *** [7c 2c 5s]
karambakilla: bets $3
moneyman11: raises $3 to $6
karambakilla: calls $3
*** TURN *** [7c 2c 5s] [Ac]
karambakilla: checks
moneyman11: checks
*** RIVER *** [7c 2c 5s Ac] [Jh]
karambakilla: bets $6
moneyman11: folds
Uncalled bet ($6) returned to karambakilla
karambakilla collected $17.64 from pot
karambakilla: doesn't show hand
*** SUMMARY ***
Total pot $18 | Rake $0.36
Board [7c 2c 5s Ac Jh]
Seat 6: moneyman11 (button) (small blind) folded on the River
Seat 7: karambakilla (big blind) collected ($17.64)


PokerStars Hand #165649756838:  Hold'em Limit ($3/$6 USD) - 2017/02/04 0:51:33 ET
Table 'Silvretta' 10-max Seat #7 is the button
Seat 6: moneyman11 ($166.47 in chips)
Seat 7: karambakilla ($193.85 in chips)
karambakilla: posts small blind $1
moneyman11: posts big blind $3
*** HOLE CARDS ***
karambakilla: raises $3 to $6
moneyman11: raises $3 to $9
karambakilla: calls $3
*** FLOP *** [3c 5c 9d]
moneyman11: bets $3
karambakilla: calls $3
*** TURN *** [3c 5c 9d] [2h]
moneyman11: checks
karambakilla: bets $6
moneyman11: calls $6
*** RIVER *** [3c 5c 9d 2h] [Ad]
moneyman11: bets $6
karambakilla: raises $6 to $12
moneyman11: calls $6
*** SHOW DOWN ***
karambakilla: shows [Js As] (a pair of Aces)
moneyman11: mucks hand
karambakilla collected $59.50 from pot
*** SUMMARY ***
Total pot $60 | Rake $0.50
Board [3c 5c 9d 2h Ad]
Seat 6: moneyman11 (big blind) mucked
Seat 7: karambakilla (button) (small blind) showed [Js As] and won ($59.50) with a pair of Aces


PokerStars Hand #165649755290:  Hold'em Limit ($3/$6 USD) - 2017/02/04 0:51:28 ET
Table 'Silvretta' 10-max Seat #6 is the button
Seat 6: moneyman11 ($167.47 in chips)
Seat 7: karambakilla ($192.85 in chips)
moneyman11: posts small blind $1
karambakilla: posts big blind $3
*** HOLE CARDS ***
moneyman11: folds
Uncalled bet ($2) returned to karambakilla
karambakilla collected $2 from pot
karambakilla: doesn't show hand
*** SUMMARY ***
Total pot $2 | Rake $0
Seat 6: moneyman11 (button) (small blind) folded before Flop
Seat 7: karambakilla (big blind) collected ($2)


PokerStars Hand #165649768593:  Hold'em Limit ($3/$6 USD) - 2017/02/04 0:52:11 ET
Table 'Silvretta' 10-max Seat #7 is the button
Seat 6: moneyman11 ($127.47 in chips)
Seat 7: karambakilla ($231.99 in chips)
karambakilla: posts small blind $1
moneyman11: posts big blind $3
*** HOLE CARDS ***
karambakilla: raises $3 to $6
moneyman11: calls $3
*** FLOP *** [3d 6d 2s]
moneyman11: checks
karambakilla: bets $3
moneyman11: calls $3
*** TURN *** [3d 6d 2s] [4h]
moneyman11: checks
karambakilla: checks
*** RIVER *** [3d 6d 2s 4h] [3h]
moneyman11: checks
karambakilla: bets $6
moneyman11: calls $6
*** SHOW DOWN ***
karambakilla: shows [Ks Kc] (two pair, Kings and Threes)
moneyman11: mucks hand
karambakilla collected $29.50 from pot
*** SUMMARY ***
Total pot $30 | Rake $0.50
Board [3d 6d 2s 4h 3h]
Seat 6: moneyman11 (big blind) mucked
Seat 7: karambakilla (button) (small blind) showed [Ks Kc] and won ($29.50) with two pair, Kings and Threes


PokerStars Hand #165649784132:  Hold'em Limit ($3/$6 USD) - 2017/02/04 0:53:01 ET
Table 'Silvretta' 10-max Seat #7 is the button
Seat 6: moneyman11 ($113.11 in chips)
Seat 7: karambakilla ($245.13 in chips)
karambakilla: posts small blind $1
moneyman11: posts big blind $3
*** HOLE CARDS ***
karambakilla: raises $3 to $6
moneyman11: calls $3
*** FLOP *** [8s Kh Qs]
moneyman11: checks
karambakilla: bets $3
moneyman11: calls $3
*** TURN *** [8s Kh Qs] [8d]
moneyman11: checks
karambakilla: checks
*** RIVER *** [8s Kh Qs 8d] [5c]
moneyman11: bets $6
karambakilla: calls $6
*** SHOW DOWN ***
moneyman11: shows [Qd 4c] (two pair, Queens and Eights)
karambakilla: mucks hand
moneyman11 collected $29.50 from pot
*** SUMMARY ***
Total pot $30 | Rake $0.50
Board [8s Kh Qs 8d 5c]
Seat 6: moneyman11 (big blind) showed [Qd 4c] and won ($29.50) with two pair, Queens and Eights
Seat 7: karambakilla (button) (small blind) mucked


PokerStars Hand #165649779502:  Hold'em Limit ($3/$6 USD) - 2017/02/04 0:52:46 ET
Table 'Silvretta' 10-max Seat #6 is the button
Seat 6: moneyman11 ($104.47 in chips)
Seat 7: karambakilla ($254.13 in chips)
moneyman11: posts small blind $1
karambakilla: posts big blind $3
*** HOLE CARDS ***
moneyman11: calls $2
karambakilla: raises $3 to $6
moneyman11: calls $3
*** FLOP *** [Jd 5h 8h]
karambakilla: bets $3
moneyman11: calls $3
*** TURN *** [Jd 5h 8h] [7h]
karambakilla: checks
moneyman11: bets $6
karambakilla: folds
Uncalled bet ($6) returned to moneyman11
moneyman11 collected $17.64 from pot
moneyman11: doesn't show hand
*** SUMMARY ***
Total pot $18 | Rake $0.36
Board [Jd 5h 8h 7h]
Seat 6: moneyman11 (button) (small blind) collected ($17.64)
Seat 7: karambakilla (big blind) folded on the Turn


PokerStars Hand #165649778031:  Hold'em Limit ($3/$6 USD) - 2017/02/04 0:52:42 ET
Table 'Silvretta' 10-max Seat #7 is the button
Seat 6: moneyman11 ($103.47 in chips)
Seat 7: karambakilla ($255.13 in chips)
karambakilla: posts small blind $1
moneyman11: posts big blind $3
*** HOLE CARDS ***
karambakilla: folds
Uncalled bet ($2) returned to moneyman11
moneyman11 collected $2 from pot
moneyman11: doesn't show hand
*** SUMMARY ***
Total pot $2 | Rake $0
Seat 6: moneyman11 (big blind) collected ($2)
Seat 7: karambakilla (button) (small blind) folded before Flop


PokerStars Hand #165649773534:  Hold'em Limit ($3/$6 USD) - 2017/02/04 0:52:27 ET
Table 'Silvretta' 10-max Seat #6 is the button
Seat 6: moneyman11 ($112.47 in chips)
Seat 7: karambakilla ($246.49 in chips)
moneyman11: posts small blind $1
karambakilla: posts big blind $3
*** HOLE CARDS ***
moneyman11: raises $3 to $6
karambakilla: calls $3
*** FLOP *** [Jc Kd 6s]
karambakilla: checks
moneyman11: bets $3
karambakilla: calls $3
*** TURN *** [Jc Kd 6s] [2h]
karambakilla: checks
moneyman11: checks
*** RIVER *** [Jc Kd 6s 2h] [As]
karambakilla: bets $6
moneyman11: folds
Uncalled bet ($6) returned to karambakilla
karambakilla collected $17.64 from pot
karambakilla: doesn't show hand
*** SUMMARY ***
Total pot $18 | Rake $0.36
Board [Jc Kd 6s 2h As]
Seat 6: moneyman11 (button) (small blind) folded on the River
Seat 7: karambakilla (big blind) collected ($17.64)


PokerStars Hand #165649802357:  Hold'em Limit ($3/$6 USD) - 2017/02/04 0:53:45 ET
Table 'Silvretta' 10-max Seat #6 is the button
Seat 6: moneyman11 ($139.11 in chips)
Seat 7: karambakilla ($218.01 in chips)
moneyman11: posts small blind $1
karambakilla: posts big blind $3
*** HOLE CARDS ***
moneyman11: calls $2
karambakilla: checks
*** FLOP *** [7s Jc 9s]
karambakilla: checks
moneyman11: bets $3
karambakilla: calls $3
*** TURN *** [7s Jc 9s] [Ad]
karambakilla: checks
moneyman11: checks
*** RIVER *** [7s Jc 9s Ad] [Jh]
karambakilla: checks
moneyman11: bets $6
karambakilla: calls $6
*** SHOW DOWN ***
moneyman11: shows [Kc 8h] (a pair of Jacks)
karambakilla: shows [7h 3h] (two pair, Jacks and Sevens)
karambakilla collected $23.52 from pot
*** SUMMARY ***
Total pot $24 | Rake $0.48
Board [7s Jc 9s Ad Jh]
Seat 6: moneyman11 (button) (small blind) showed [Kc 8h] and lost with a pair of Jacks
Seat 7: karambakilla (big blind) showed [7h 3h] and won ($23.52) with two pair, Jacks and Sevens


PokerStars Hand #165649807531:  Hold'em Limit ($3/$6 USD) - 2017/02/04 0:54:01 ET
Table 'Silvretta' 10-max Seat #7 is the button
Seat 6: moneyman11 ($127.11 in chips)
Seat 7: karambakilla ($229.53 in chips)
karambakilla: posts small blind $1
moneyman11: posts big blind $3
*** HOLE CARDS ***
karambakilla: folds
Uncalled bet ($2) returned to moneyman11
moneyman11 collected $2 from pot
*** SUMMARY ***
Total pot $2 | Rake $0
Seat 6: moneyman11 (big blind) collected ($2)
Seat 7: karambakilla (button) (small blind) folded before Flop


PokerStars Hand #165649792538:  Hold'em Limit ($3/$6 USD) - 2017/02/04 0:53:29 ET
Table 'Silvretta' 10-max Seat #7 is the button
Seat 6: moneyman11 ($124.61 in chips)
Seat 7: karambakilla ($233.01 in chips)
karambakilla: posts small blind $1
moneyman11: posts big blind $3
*** HOLE CARDS ***
karambakilla: raises $3 to $6
moneyman11: calls $3
*** FLOP *** [Qh Tc Qc]
moneyman11: checks
karambakilla: bets $3
moneyman11: calls $3
*** TURN *** [Qh Tc Qc] [Kd]
moneyman11: checks
karambakilla: checks
*** RIVER *** [Qh Tc Qc Kd] [4h]
moneyman11: checks
karambakilla: bets $6
moneyman11: calls $6
*** SHOW DOWN ***
karambakilla: shows [6c Jc] (a pair of Queens)
moneyman11: shows [2c As] (a pair of Queens - Ace kicker)
moneyman11 collected $29.50 from pot
*** SUMMARY ***
Total pot $30 | Rake $0.50
Board [Qh Tc Qc Kd 4h]
Seat 6: moneyman11 (big blind) showed [2c As] and won ($29.50) with a pair of Queens
Seat 7: karambakilla (button) (small blind) showed [6c Jc] and lost with a pair of Queens


PokerStars Hand #165649789075:  Hold'em Limit ($3/$6 USD) - 2017/02/04 0:53:17 ET
Table 'Silvretta' 10-max Seat #6 is the button
Seat 6: moneyman11 ($127.61 in chips)
Seat 7: karambakilla ($230.13 in chips)
moneyman11: posts small blind $1
karambakilla: posts big blind $3
*** HOLE CARDS ***
moneyman11: calls $2
karambakilla: checks
*** FLOP *** [2c 7d Qc]
karambakilla: checks
moneyman11: checks
*** TURN *** [2c 7d Qc] [8s]
karambakilla: bets $6
moneyman11: folds
Uncalled bet ($6) returned to karambakilla
karambakilla collected $5.88 from pot
karambakilla: doesn't show hand
*** SUMMARY ***
Total pot $6 | Rake $0.12
Board [2c 7d Qc 8s]
Seat 6: moneyman11 (button) (small blind) folded on the Turn
Seat 7: karambakilla (big blind) collected ($5.88)


PokerStars Hand #165649809107:  Hold'em Limit ($3/$6 USD) - 2017/02/04 0:54:06 ET
Table 'Silvretta' 10-max Seat #6 is the button
Seat 6: moneyman11 ($128.11 in chips)
Seat 7: karambakilla ($228.53 in chips)
moneyman11: posts small blind $1
karambakilla: posts big blind $3
*** HOLE CARDS ***
moneyman11: raises $3 to $6
karambakilla: calls $3
*** FLOP *** [6d 3h 9d]
karambakilla: checks
moneyman11: bets $3
karambakilla: folds
Uncalled bet ($3) returned to moneyman11
moneyman11 collected $11.76 from pot
moneyman11: doesn't show hand
*** SUMMARY ***
Total pot $12 | Rake $0.24
Board [6d 3h 9d]
Seat 6: moneyman11 (button) (small blind) collected ($11.76)
Seat 7: karambakilla (big blind) folded on the Flop


PokerStars Hand #165649822041:  Hold'em Limit ($3/$6 USD) - 2017/02/04 0:54:48 ET
Table 'Silvretta' 10-max Seat #7 is the button
Seat 6: moneyman11 ($133.37 in chips)
Seat 7: karambakilla ($222.03 in chips)
karambakilla: posts small blind $1
moneyman11: posts big blind $3
*** HOLE CARDS ***
karambakilla: raises $3 to $6
moneyman11: calls $3
*** FLOP *** [4h 4d 2c]
moneyman11: checks
karambakilla: checks
*** TURN *** [4h 4d 2c] [Th]
moneyman11: checks
karambakilla: checks
*** RIVER *** [4h 4d 2c Th] [2d]
moneyman11: checks
karambakilla: bets $6
moneyman11: folds
Uncalled bet ($6) returned to karambakilla
karambakilla collected $11.76 from pot
karambakilla: doesn't show hand
*** SUMMARY ***
Total pot $12 | Rake $0.24
Board [4h 4d 2c Th 2d]
Seat 6: moneyman11 (big blind) folded on the River
Seat 7: karambakilla (button) (small blind) collected ($11.76)


PokerStars Hand #165649816840:  Hold'em Limit ($3/$6 USD) - 2017/02/04 0:54:31 ET
Table 'Silvretta' 10-max Seat #6 is the button
Seat 6: moneyman11 ($148.37 in chips)
Seat 7: karambakilla ($207.53 in chips)
moneyman11: posts small blind $1
karambakilla: posts big blind $3
*** HOLE CARDS ***
moneyman11: raises $3 to $6
karambakilla: calls $3
*** FLOP *** [3c Jc 9c]
karambakilla: checks
moneyman11: bets $3
karambakilla: calls $3
*** TURN *** [3c Jc 9c] [8s]
karambakilla: checks
moneyman11: checks
*** RIVER *** [3c Jc 9c 8s] [Qd]
karambakilla: bets $6
moneyman11: calls $6
*** SHOW DOWN ***
karambakilla: shows [Td 8c] (a straight, Eight to Queen)
moneyman11: mucks hand
karambakilla collected $29.50 from pot
*** SUMMARY ***
Total pot $30 | Rake $0.50
Board [3c Jc 9c 8s Qd]
Seat 6: moneyman11 (button) (small blind) mucked
Seat 7: karambakilla (big blind) showed [Td 8c] and won ($29.50) with a straight, Eight to Queen


PokerStars Hand #165649812186:  Hold'em Limit ($3/$6 USD) - 2017/02/04 0:54:16 ET
Table 'Silvretta' 10-max Seat #7 is the button
Seat 6: moneyman11 ($133.87 in chips)
Seat 7: karambakilla ($222.53 in chips)
karambakilla: posts small blind $1
moneyman11: posts big blind $3
*** HOLE CARDS ***
karambakilla: raises $3 to $6
moneyman11: calls $3
*** FLOP *** [7h 9d Ad]
moneyman11: checks
karambakilla: bets $3
moneyman11: calls $3
*** TURN *** [7h 9d Ad] [8s]
moneyman11: checks
karambakilla: bets $6
moneyman11: calls $6
*** RIVER *** [7h 9d Ad 8s] [7c]
moneyman11: checks
karambakilla: checks
*** SHOW DOWN ***
moneyman11: shows [9c 4d] (two pair, Nines and Sevens)
karambakilla: mucks hand
moneyman11 collected $29.50 from pot
*** SUMMARY ***
Total pot $30 | Rake $0.50
Board [7h 9d Ad 8s 7c]
Seat 6: moneyman11 (big blind) showed [9c 4d] and won ($29.50) with two pair, Nines and Sevens
Seat 7: karambakilla (button) (small blind) mucked


PokerStars Hand #165649826429:  Hold'em Limit ($3/$6 USD) - 2017/02/04 0:55:02 ET
Table 'Silvretta' 10-max Seat #6 is the button
Seat 6: moneyman11 ($127.37 in chips)
Seat 7: karambakilla ($227.79 in chips)
moneyman11: posts small blind $1
karambakilla: posts big blind $3
*** HOLE CARDS ***
moneyman11: calls $2
karambakilla: checks
*** FLOP *** [9h 8d 2s]
karambakilla: checks
moneyman11: bets $3
karambakilla: calls $3
*** TURN *** [9h 8d 2s] [5c]
karambakilla: checks
moneyman11: bets $6
karambakilla: calls $6
*** RIVER *** [9h 8d 2s 5c] [6h]
karambakilla: checks
moneyman11: bets $6
karambakilla: folds
Uncalled bet ($6) returned to moneyman11
moneyman11 collected $23.52 from pot
moneyman11: doesn't show hand
*** SUMMARY ***
Total pot $24 | Rake $0.48
Board [9h 8d 2s 5c 6h]
Seat 6: moneyman11 (button) (small blind) collected ($23.52)
Seat 7: karambakilla (big blind) folded on the River


PokerStars Hand #165649845103:  Hold'em Limit ($3/$6 USD) - 2017/02/04 0:56:07 ET
Table 'Silvretta' 10-max Seat #7 is the button
Seat 6: moneyman11 ($137.29 in chips)
Seat 7: karambakilla ($216.29 in chips)
karambakilla: posts small blind $1
moneyman11: posts big blind $3
*** HOLE CARDS ***
karambakilla: folds
Uncalled bet ($2) returned to moneyman11
moneyman11 collected $2 from pot
moneyman11: doesn't show hand
*** SUMMARY ***
Total pot $2 | Rake $0
Seat 6: moneyman11 (big blind) collected ($2)
Seat 7: karambakilla (button) (small blind) folded before Flop


PokerStars Hand #165649842374:  Hold'em Limit ($3/$6 USD) - 2017/02/04 0:55:57 ET
Table 'Silvretta' 10-max Seat #6 is the button
Seat 6: moneyman11 ($131.53 in chips)
Seat 7: karambakilla ($222.29 in chips)
moneyman11: posts small blind $1
karambakilla: posts big blind $3
*** HOLE CARDS ***
moneyman11: raises $3 to $6
karambakilla: calls $3
*** FLOP *** [As Ts Kd]
karambakilla: checks
moneyman11: bets $3
karambakilla: folds
Uncalled bet ($3) returned to moneyman11
moneyman11 collected $11.76 from pot
moneyman11: doesn't show hand
*** SUMMARY ***
Total pot $12 | Rake $0.24
Board [As Ts Kd]
Seat 6: moneyman11 (button) (small blind) collected ($11.76)
Seat 7: karambakilla (big blind) folded on the Flop


PokerStars Hand #165649839154:  Hold'em Limit ($3/$6 USD) - 2017/02/04 0:55:46 ET
Table 'Silvretta' 10-max Seat #7 is the button
Seat 6: moneyman11 ($122.89 in chips)
Seat 7: karambakilla ($231.29 in chips)
karambakilla: posts small blind $1
moneyman11: posts big blind $3
*** HOLE CARDS ***
karambakilla: raises $3 to $6
moneyman11: raises $3 to $9
karambakilla: calls $3
*** FLOP *** [5d Ac 6s]
moneyman11: bets $3
karambakilla: folds
Uncalled bet ($3) returned to moneyman11
moneyman11 collected $17.64 from pot
moneyman11: doesn't show hand
*** SUMMARY ***
Total pot $18 | Rake $0.36
Board [5d Ac 6s]
Seat 6: moneyman11 (big blind) collected ($17.64)
Seat 7: karambakilla (button) (small blind) folded on the Flop


PokerStars Hand #165649837574:  Hold'em Limit ($3/$6 USD) - 2017/02/04 0:55:40 ET
Table 'Silvretta' 10-max Seat #6 is the button
Seat 6: moneyman11 ($123.89 in chips)
Seat 7: karambakilla ($230.29 in chips)
moneyman11: posts small blind $1
karambakilla: posts big blind $3
*** HOLE CARDS ***
moneyman11: folds
Uncalled bet ($2) returned to karambakilla
karambakilla collected $2 from pot
karambakilla: doesn't show hand
*** SUMMARY ***
Total pot $2 | Rake $0
Seat 6: moneyman11 (button) (small blind) folded before Flop
Seat 7: karambakilla (big blind) collected ($2)


PokerStars Hand #165649832461:  Hold'em Limit ($3/$6 USD) - 2017/02/04 0:55:22 ET
Table 'Silvretta' 10-max Seat #7 is the button
Seat 6: moneyman11 ($138.89 in chips)
Seat 7: karambakilla ($215.79 in chips)
karambakilla: posts small blind $1
moneyman11: posts big blind $3
*** HOLE CARDS ***
karambakilla: raises $3 to $6
moneyman11: calls $3
*** FLOP *** [4s 9c 4h]
moneyman11: checks
karambakilla: bets $3
moneyman11: calls $3
*** TURN *** [4s 9c 4h] [8d]
moneyman11: checks
karambakilla: bets $6
moneyman11: calls $6
*** RIVER *** [4s 9c 4h 8d] [2d]
moneyman11: checks
karambakilla: bets $6
moneyman11: folds
Uncalled bet ($6) returned to karambakilla
karambakilla collected $29.50 from pot
karambakilla: doesn't show hand
*** SUMMARY ***
Total pot $30 | Rake $0.50
Board [4s 9c 4h 8d 2d]
Seat 6: moneyman11 (big blind) folded on the River
Seat 7: karambakilla (button) (small blind) collected ($29.50)


