PokerStars Hand #172391421460:  Hold'em Limit ($3/$6 USD) - 2017/06/29 13:33:31 ET
Table 'Silvretta II' 6-max Seat #6 is the button
Seat 1: B_loJkl ($141 in chips)
Seat 6: 19woody58 ($128.64 in chips)
19woody58: posts small blind $1
B_loJkl: posts big blind $3
*** HOLE CARDS ***
19woody58: raises $3 to $6
B_loJkl: calls $3
*** FLOP *** [8s 2h 8d]
B_loJkl: checks
19woody58: bets $3
B_loJkl: calls $3
*** TURN *** [8s 2h 8d] [5c]
B_loJkl: checks
19woody58: bets $6
B_loJkl: folds
Uncalled bet ($6) returned to 19woody58
19woody58 collected $17.64 from pot
*** SUMMARY ***
Total pot $18 | Rake $0.36
Board [8s 2h 8d 5c]
Seat 1: B_loJkl (big blind) folded on the Turn
Seat 6: 19woody58 (button) (small blind) collected ($17.64)


PokerStars Hand #172391392971:  Hold'em Limit ($3/$6 USD) - 2017/06/29 13:32:50 ET
Table 'Silvretta II' 6-max Seat #1 is the button
Seat 1: B_loJkl ($150 in chips)
Seat 6: 19woody58 ($120 in chips)
TbIP-TbIP 88: is sitting out
TbIP-TbIP 88 leaves the table
B_loJkl: posts small blind $1
19woody58: posts big blind $3
*** HOLE CARDS ***
B_loJkl: raises $3 to $6
19woody58: calls $3
*** FLOP *** [2h Ad Jh]
19woody58: checks
B_loJkl: bets $3
19woody58: calls $3
*** TURN *** [2h Ad Jh] [9d]
19woody58: checks
B_loJkl: checks
*** RIVER *** [2h Ad Jh 9d] [3d]
19woody58: checks
B_loJkl: checks
*** SHOW DOWN ***
19woody58: shows [8d Qh] (high card Ace)
B_loJkl: mucks hand
19woody58 collected $17.64 from pot
*** SUMMARY ***
Total pot $18 | Rake $0.36
Board [2h Ad Jh 9d 3d]
Seat 1: B_loJkl (button) (small blind) mucked
Seat 6: 19woody58 (big blind) showed [8d Qh] and won ($17.64) with high card Ace


PokerStars Hand #172391442949:  Hold'em Limit ($3/$6 USD) - 2017/06/29 13:34:02 ET
Table 'Silvretta II' 6-max Seat #6 is the button
Seat 1: B_loJkl ($135 in chips)
Seat 6: 19woody58 ($134.28 in chips)
19woody58: posts small blind $1
B_loJkl: posts big blind $3
Robisss3 joins the table at seat #5
*** HOLE CARDS ***
19woody58: folds
Uncalled bet ($2) returned to B_loJkl
B_loJkl collected $2 from pot
B_loJkl: doesn't show hand
*** SUMMARY ***
Total pot $2 | Rake $0
Seat 1: B_loJkl (big blind) collected ($2)
Seat 6: 19woody58 (button) (small blind) folded before Flop


PokerStars Hand #172391436161:  Hold'em Limit ($3/$6 USD) - 2017/06/29 13:33:53 ET
Table 'Silvretta II' 6-max Seat #1 is the button
Seat 1: B_loJkl ($132 in chips)
Seat 6: 19woody58 ($137.28 in chips)
B_loJkl: posts small blind $1
19woody58: posts big blind $3
*** HOLE CARDS ***
B_loJkl: raises $3 to $6
19woody58: folds
Uncalled bet ($3) returned to B_loJkl
B_loJkl collected $6 from pot
B_loJkl: doesn't show hand
*** SUMMARY ***
Total pot $6 | Rake $0
Seat 1: B_loJkl (button) (small blind) collected ($6)
Seat 6: 19woody58 (big blind) folded before Flop


PokerStars Hand #172392491039:  Hold'em Limit ($3/$6 USD) - 2017/06/29 14:00:32 ET
Table 'Silvretta II' 6-max Seat #2 is the button
Seat 1: B_loJkl ($247.14 in chips)
Seat 2: zxkz ($87 in chips)
zxkz: posts small blind $1
ABATAPP: is sitting out
B_loJkl: posts big blind $3
*** HOLE CARDS ***
zxkz: raises $3 to $6
ABATAPP leaves the table
B_loJkl: calls $3
*** FLOP *** [5c Kc 5d]
B_loJkl: checks
zxkz: bets $3
B_loJkl: folds
Uncalled bet ($3) returned to zxkz
zxkz collected $11.76 from pot
zxkz: doesn't show hand
*** SUMMARY ***
Total pot $12 | Rake $0.24
Board [5c Kc 5d]
Seat 1: B_loJkl (big blind) folded on the Flop
Seat 2: zxkz (button) (small blind) collected ($11.76)


