PokerStars Hand #150016617002:  Hold'em Limit ($3/$6 USD) - 2016/03/07 22:53:36 ET
Table 'Simeisa' 6-max Seat #1 is the button
Seat 1: LifeisagameX ($60 in chips)
Seat 3: parconxxx ($35.53 in chips)
LifeisagameX: posts small blind $1
parconxxx: posts big blind $3
*** HOLE CARDS ***
LifeisagameX: raises $3 to $6
parconxxx: calls $3
*** FLOP *** [9h 3h As]
parconxxx: checks
LifeisagameX: bets $3
parconxxx: calls $3
*** TURN *** [9h 3h As] [6d]
parconxxx: checks
LifeisagameX: checks
*** RIVER *** [9h 3h As 6d] [8h]
parconxxx: bets $6
LifeisagameX: calls $6
*** SHOW DOWN ***
parconxxx: shows [Qd 8d] (a pair of Eights)
LifeisagameX: mucks hand
parconxxx collected $29.50 from pot
*** SUMMARY ***
Total pot $30 | Rake $0.50
Board [9h 3h As 6d 8h]
Seat 1: LifeisagameX (button) (small blind) mucked
Seat 3: parconxxx (big blind) showed [Qd 8d] and won ($29.50) with a pair of Eights


PokerStars Hand #150016627435:  Hold'em Limit ($3/$6 USD) - 2016/03/07 22:54:08 ET
Table 'Simeisa' 6-max Seat #3 is the button
Seat 1: LifeisagameX ($45 in chips)
Seat 3: parconxxx ($50.03 in chips)
parconxxx: posts small blind $1
LifeisagameX: posts big blind $3
*** HOLE CARDS ***
parconxxx: calls $2
LifeisagameX: raises $3 to $6
parconxxx: calls $3
*** FLOP *** [9h 9d Ac]
LifeisagameX: bets $3
parconxxx: calls $3
*** TURN *** [9h 9d Ac] [5c]
LifeisagameX: checks
parconxxx: checks
*** RIVER *** [9h 9d Ac 5c] [Js]
LifeisagameX: bets $6
parconxxx: calls $6
*** SHOW DOWN ***
LifeisagameX: shows [Ks Kd] (two pair, Kings and Nines)
parconxxx: mucks hand
LifeisagameX collected $29.50 from pot
*** SUMMARY ***
Total pot $30 | Rake $0.50
Board [9h 9d Ac 5c Js]
Seat 1: LifeisagameX (big blind) showed [Ks Kd] and won ($29.50) with two pair, Kings and Nines
Seat 3: parconxxx (button) (small blind) mucked


PokerStars Hand #150016641250:  Hold'em Limit ($3/$6 USD) - 2016/03/07 22:54:51 ET
Table 'Simeisa' 6-max Seat #1 is the button
Seat 1: LifeisagameX ($59.50 in chips)
Seat 3: parconxxx ($35.03 in chips)
LifeisagameX: posts small blind $1
parconxxx: posts big blind $3
*** HOLE CARDS ***
LifeisagameX: raises $3 to $6
parconxxx: calls $3
*** FLOP *** [Qs 4d Th]
parconxxx: checks
LifeisagameX: bets $3
parconxxx: calls $3
*** TURN *** [Qs 4d Th] [4h]
parconxxx: checks
LifeisagameX: checks
*** RIVER *** [Qs 4d Th 4h] [Qc]
parconxxx: checks
LifeisagameX: bets $6
parconxxx: raises $6 to $12
LifeisagameX: folds
Uncalled bet ($6) returned to parconxxx
parconxxx collected $29.50 from pot
*** SUMMARY ***
Total pot $30 | Rake $0.50
Board [Qs 4d Th 4h Qc]
Seat 1: LifeisagameX (button) (small blind) folded on the River
Seat 3: parconxxx (big blind) collected ($29.50)


PokerStars Hand #150016672752:  Hold'em Limit ($3/$6 USD) - 2016/03/07 22:56:40 ET
Table 'Simeisa' 6-max Seat #1 is the button
Seat 1: LifeisagameX ($32.50 in chips)
Seat 3: parconxxx ($61.05 in chips)
LifeisagameX: posts small blind $1
parconxxx: posts big blind $3
*** HOLE CARDS ***
LifeisagameX: raises $3 to $6
parconxxx: folds
Uncalled bet ($3) returned to LifeisagameX
LifeisagameX collected $6 from pot
LifeisagameX: doesn't show hand
*** SUMMARY ***
Total pot $6 | Rake $0
Seat 1: LifeisagameX (button) (small blind) collected ($6)
Seat 3: parconxxx (big blind) folded before Flop


PokerStars Hand #150016660782:  Hold'em Limit ($3/$6 USD) - 2016/03/07 22:55:58 ET
Table 'Simeisa' 6-max Seat #3 is the button
Seat 1: LifeisagameX ($44.50 in chips)
Seat 3: parconxxx ($49.53 in chips)
parconxxx: posts small blind $1
LifeisagameX: posts big blind $3
*** HOLE CARDS ***
parconxxx: raises $3 to $6
LifeisagameX: raises $3 to $9
parconxxx: raises $3 to $12
Betting is capped
LifeisagameX: calls $3
*** FLOP *** [Jd 6s 6h]
LifeisagameX: checks
parconxxx: bets $3
LifeisagameX: folds
Uncalled bet ($3) returned to parconxxx
parconxxx collected $23.52 from pot
*** SUMMARY ***
Total pot $24 | Rake $0.48
Board [Jd 6s 6h]
Seat 1: LifeisagameX (big blind) folded on the Flop
Seat 3: parconxxx (button) (small blind) collected ($23.52)


PokerStars Hand #150016691476:  Hold'em Limit ($3/$6 USD) - 2016/03/07 22:57:46 ET
Table 'Simeisa' 6-max Seat #1 is the button
Seat 1: LifeisagameX ($26.50 in chips)
Seat 3: parconxxx ($66.69 in chips)
LifeisagameX: posts small blind $1
parconxxx: posts big blind $3
*** HOLE CARDS ***
LifeisagameX: raises $3 to $6
parconxxx: calls $3
*** FLOP *** [7d Qs As]
parconxxx: checks
LifeisagameX: bets $3
eldredj joins the table at seat #6
parconxxx: folds
Uncalled bet ($3) returned to LifeisagameX
LifeisagameX collected $11.76 from pot
LifeisagameX: doesn't show hand
*** SUMMARY ***
Total pot $12 | Rake $0.24
Board [7d Qs As]
Seat 1: LifeisagameX (button) (small blind) collected ($11.76)
Seat 3: parconxxx (big blind) folded on the Flop


PokerStars Hand #150016677631:  Hold'em Limit ($3/$6 USD) - 2016/03/07 22:56:57 ET
Table 'Simeisa' 6-max Seat #3 is the button
Seat 1: LifeisagameX ($35.50 in chips)
Seat 3: parconxxx ($58.05 in chips)
parconxxx: posts small blind $1
LifeisagameX: posts big blind $3
*** HOLE CARDS ***
parconxxx: calls $2
LifeisagameX: raises $3 to $6
parconxxx: calls $3
*** FLOP *** [4s Ad Kh]
LifeisagameX: bets $3
parconxxx: calls $3
*** TURN *** [4s Ad Kh] [6h]
LifeisagameX: checks
parconxxx: bets $6
LifeisagameX: folds
Uncalled bet ($6) returned to parconxxx
parconxxx collected $17.64 from pot
*** SUMMARY ***
Total pot $18 | Rake $0.36
Board [4s Ad Kh 6h]
Seat 1: LifeisagameX (big blind) folded on the Turn
Seat 3: parconxxx (button) (small blind) collected ($17.64)


