PokerStars Hand #162183666459:  Hold'em Limit ($3/$6 USD) - 2016/11/30 8:43:04 ET
Table 'Simeisa' 6-max Seat #1 is the button
Seat 1: assitoni ($72 in chips)
Seat 3: pöci9 ($150 in chips)
assitoni: posts small blind $1
pöci9: posts big blind $3
*** HOLE CARDS ***
assitoni: raises $3 to $6
pöci9: raises $3 to $9
assitoni: raises $3 to $12
Betting is capped
pöci9: calls $3
*** FLOP *** [3d Kh Jh]
pöci9: checks
assitoni: bets $3
pöci9: calls $3
*** TURN *** [3d Kh Jh] [9c]
pöci9: checks
assitoni: bets $6
pöci9: calls $6
*** RIVER *** [3d Kh Jh 9c] [2d]
pöci9: bets $6
assitoni: calls $6
*** SHOW DOWN ***
pöci9: shows [Ks Qs] (a pair of Kings)
assitoni: shows [Ah Kc] (a pair of Kings - Ace kicker)
assitoni collected $53.50 from pot
*** SUMMARY ***
Total pot $54 | Rake $0.50
Board [3d Kh Jh 9c 2d]
Seat 1: assitoni (button) (small blind) showed [Ah Kc] and won ($53.50) with a pair of Kings
Seat 3: pöci9 (big blind) showed [Ks Qs] and lost with a pair of Kings


PokerStars Hand #162183692766:  Hold'em Limit ($3/$6 USD) - 2016/11/30 8:43:47 ET
Table 'Simeisa' 6-max Seat #3 is the button
Seat 1: assitoni ($98.50 in chips)
Seat 3: pöci9 ($123 in chips)
pöci9: posts small blind $1
assitoni: posts big blind $3
*** HOLE CARDS ***
pöci9: calls $2
assitoni: checks
*** FLOP *** [Kd 7c 5c]
assitoni: checks
pöci9: bets $3
assitoni: folds
Uncalled bet ($3) returned to pöci9
pöci9 collected $5.88 from pot
pöci9: doesn't show hand
*** SUMMARY ***
Total pot $6 | Rake $0.12
Board [Kd 7c 5c]
Seat 1: assitoni (big blind) folded on the Flop
Seat 3: pöci9 (button) (small blind) collected ($5.88)


PokerStars Hand #162183704031:  Hold'em Limit ($3/$6 USD) - 2016/11/30 8:44:05 ET
Table 'Simeisa' 6-max Seat #1 is the button
Seat 1: assitoni ($95.50 in chips)
Seat 3: pöci9 ($125.88 in chips)
assitoni: posts small blind $1
pöci9: posts big blind $3
*** HOLE CARDS ***
assitoni: folds
Uncalled bet ($2) returned to pöci9
pöci9 collected $2 from pot
pöci9: doesn't show hand
*** SUMMARY ***
Total pot $2 | Rake $0
Seat 1: assitoni (button) (small blind) folded before Flop
Seat 3: pöci9 (big blind) collected ($2)


PokerStars Hand #162183713040:  Hold'em Limit ($3/$6 USD) - 2016/11/30 8:44:20 ET
Table 'Simeisa' 6-max Seat #1 is the button
Seat 1: assitoni ($91.50 in chips)
Seat 3: pöci9 ($129.88 in chips)
assitoni: posts small blind $1
pöci9: posts big blind $3
*** HOLE CARDS ***
assitoni: raises $3 to $6
pöci9: folds
Uncalled bet ($3) returned to assitoni
assitoni collected $6 from pot
assitoni: doesn't show hand
*** SUMMARY ***
Total pot $6 | Rake $0
Seat 1: assitoni (button) (small blind) collected ($6)
Seat 3: pöci9 (big blind) folded before Flop


PokerStars Hand #162183708955:  Hold'em Limit ($3/$6 USD) - 2016/11/30 8:44:13 ET
Table 'Simeisa' 6-max Seat #3 is the button
Seat 1: assitoni ($94.50 in chips)
Seat 3: pöci9 ($126.88 in chips)
pöci9: posts small blind $1
assitoni: posts big blind $3
*** HOLE CARDS ***
pöci9: raises $3 to $6
assitoni: folds
Uncalled bet ($3) returned to pöci9
pöci9 collected $6 from pot
pöci9: doesn't show hand
*** SUMMARY ***
Total pot $6 | Rake $0
Seat 1: assitoni (big blind) folded before Flop
Seat 3: pöci9 (button) (small blind) collected ($6)


PokerStars Hand #162183717021:  Hold'em Limit ($3/$6 USD) - 2016/11/30 8:44:26 ET
Table 'Simeisa' 6-max Seat #3 is the button
Seat 1: assitoni ($94.50 in chips)
Seat 3: pöci9 ($126.88 in chips)
pöci9: posts small blind $1
assitoni: posts big blind $3
*** HOLE CARDS ***
pöci9: raises $3 to $6
assitoni: raises $3 to $9
pöci9: calls $3
*** FLOP *** [5s Jh 7c]
assitoni: bets $3
pöci9: calls $3
*** TURN *** [5s Jh 7c] [3c]
assitoni: checks
pöci9: bets $6
assitoni: calls $6
*** RIVER *** [5s Jh 7c 3c] [9s]
assitoni: checks
Great_Kang joins the table at seat #4
pöci9: checks
*** SHOW DOWN ***
assitoni: shows [As 3s] (a pair of Threes)
pöci9: shows [8d 5d] (a pair of Fives)
pöci9 collected $35.50 from pot
*** SUMMARY ***
Total pot $36 | Rake $0.50
Board [5s Jh 7c 3c 9s]
Seat 1: assitoni (big blind) showed [As 3s] and lost with a pair of Threes
Seat 3: pöci9 (button) (small blind) showed [8d 5d] and won ($35.50) with a pair of Fives


PokerStars Hand #162183772167:  Hold'em Limit ($3/$6 USD) - 2016/11/30 8:45:57 ET
Table 'Simeisa' 6-max Seat #4 is the button
Seat 3: pöci9 ($167.52 in chips)
Seat 4: Great_Kang ($120 in chips)
Great_Kang: posts small blind $1
pöci9: posts big blind $3
*** HOLE CARDS ***
Great_Kang: raises $3 to $6
pöci9: folds
Uncalled bet ($3) returned to Great_Kang
Great_Kang collected $6 from pot
Great_Kang: doesn't show hand
*** SUMMARY ***
Total pot $6 | Rake $0
Seat 3: pöci9 (big blind) folded before Flop
Seat 4: Great_Kang (button) (small blind) collected ($6)


PokerStars Hand #162183757008:  Hold'em Limit ($3/$6 USD) - 2016/11/30 8:45:32 ET
Table 'Simeisa' 6-max Seat #3 is the button
Seat 3: pöci9 ($158.88 in chips)
Seat 4: Great_Kang ($120 in chips)
pöci9: posts small blind $1
Great_Kang: posts big blind $3
*** HOLE CARDS ***
pöci9: calls $2
Great_Kang: raises $3 to $6
pöci9: calls $3
*** FLOP *** [7c Th 8d]
Great_Kang: bets $3
pöci9: calls $3
*** TURN *** [7c Th 8d] [2h]
assitoni leaves the table
Great_Kang: checks
pöci9: bets $6
Great_Kang: folds
Uncalled bet ($6) returned to pöci9
pöci9 collected $17.64 from pot
pöci9: doesn't show hand
*** SUMMARY ***
Total pot $18 | Rake $0.36
Board [7c Th 8d 2h]
Seat 3: pöci9 (button) (small blind) collected ($17.64)
Seat 4: Great_Kang (big blind) folded on the Turn


PokerStars Hand #162183752786:  Hold'em Limit ($3/$6 USD) - 2016/11/30 8:45:25 ET
Table 'Simeisa' 6-max Seat #4 is the button
Seat 3: pöci9 ($157.88 in chips)
Seat 4: Great_Kang ($121 in chips)
Great_Kang: posts small blind $1
assitoni: is sitting out
pöci9: posts big blind $3
*** HOLE CARDS ***
Great_Kang: folds
Uncalled bet ($2) returned to pöci9
pöci9 collected $2 from pot
pöci9: doesn't show hand
*** SUMMARY ***
Total pot $2 | Rake $0
Seat 3: pöci9 (big blind) collected ($2)
Seat 4: Great_Kang (button) (small blind) folded before Flop


PokerStars Hand #162183735898:  Hold'em Limit ($3/$6 USD) - 2016/11/30 8:44:57 ET
Table 'Simeisa' 6-max Seat #1 is the button
Seat 1: assitoni ($76.50 in chips)
Seat 3: pöci9 ($144.38 in chips)
assitoni: posts small blind $1
pöci9: posts big blind $3
*** HOLE CARDS ***
assitoni: raises $3 to $6
pöci9: calls $3
*** FLOP *** [3h 9c 4d]
pöci9: checks
assitoni: bets $3
pöci9: calls $3
*** TURN *** [3h 9c 4d] [Ac]
pöci9: checks
assitoni: bets $6
pöci9: calls $6
*** RIVER *** [3h 9c 4d Ac] [As]
pöci9: checks
assitoni: checks
*** SHOW DOWN ***
pöci9: shows [4h 5s] (two pair, Aces and Fours)
assitoni: mucks hand
pöci9 collected $29.50 from pot
*** SUMMARY ***
Total pot $30 | Rake $0.50
Board [3h 9c 4d Ac As]
Seat 1: assitoni (button) (small blind) mucked
Seat 3: pöci9 (big blind) showed [4h 5s] and won ($29.50) with two pair, Aces and Fours


PokerStars Hand #162183801993:  Hold'em Limit ($3/$6 USD) - 2016/11/30 8:46:46 ET
Table 'Simeisa' 6-max Seat #3 is the button
Seat 3: pöci9 ($188.02 in chips)
Seat 4: Great_Kang ($123 in chips)
pöci9: posts small blind $1
Great_Kang: posts big blind $3
*** HOLE CARDS ***
pöci9: folds
Uncalled bet ($2) returned to Great_Kang
Great_Kang collected $2 from pot
Great_Kang: doesn't show hand
*** SUMMARY ***
Total pot $2 | Rake $0
Seat 3: pöci9 (button) (small blind) folded before Flop
Seat 4: Great_Kang (big blind) collected ($2)


PokerStars Hand #162183796313:  Hold'em Limit ($3/$6 USD) - 2016/11/30 8:46:37 ET
Table 'Simeisa' 6-max Seat #4 is the button
Seat 3: pöci9 ($191.02 in chips)
Seat 4: Great_Kang ($120 in chips)
Great_Kang: posts small blind $1
pöci9: posts big blind $3
*** HOLE CARDS ***
Great_Kang: raises $3 to $6
pöci9: folds
Uncalled bet ($3) returned to Great_Kang
Great_Kang collected $6 from pot
Great_Kang: doesn't show hand
*** SUMMARY ***
Total pot $6 | Rake $0
Seat 3: pöci9 (big blind) folded before Flop
Seat 4: Great_Kang (button) (small blind) collected ($6)


PokerStars Hand #162183775943:  Hold'em Limit ($3/$6 USD) - 2016/11/30 8:46:04 ET
Table 'Simeisa' 6-max Seat #3 is the button
Seat 3: pöci9 ($164.52 in chips)
Seat 4: Great_Kang ($123 in chips)
pöci9: posts small blind $1
Great_Kang: posts big blind $3
*** HOLE CARDS ***
pöci9: calls $2
Great_Kang: raises $3 to $6
pöci9: calls $3
*** FLOP *** [Jh 8d 3h]
Great_Kang: bets $3
pöci9: calls $3
*** TURN *** [Jh 8d 3h] [4s]
Great_Kang: bets $6
pöci9: raises $6 to $12
Great_Kang: calls $6
*** RIVER *** [Jh 8d 3h 4s] [5s]
Great_Kang: checks
pöci9: bets $6
Great_Kang: calls $6
*** SHOW DOWN ***
pöci9: shows [4c 3c] (two pair, Fours and Threes)
Great_Kang: mucks hand
pöci9 collected $53.50 from pot
*** SUMMARY ***
Total pot $54 | Rake $0.50
Board [Jh 8d 3h 4s 5s]
Seat 3: pöci9 (button) (small blind) showed [4c 3c] and won ($53.50) with two pair, Fours and Threes
Seat 4: Great_Kang (big blind) mucked


PokerStars Hand #162183805213:  Hold'em Limit ($3/$6 USD) - 2016/11/30 8:46:51 ET
Table 'Simeisa' 6-max Seat #4 is the button
Seat 3: pöci9 ($187.02 in chips)
Seat 4: Great_Kang ($124 in chips)
Great_Kang: posts small blind $1
pöci9: posts big blind $3
*** HOLE CARDS ***
Great_Kang: raises $3 to $6
pöci9: calls $3
*** FLOP *** [Ac 5c Tc]
pöci9: checks
Great_Kang: bets $3
pöci9: folds
Uncalled bet ($3) returned to Great_Kang
Great_Kang collected $11.76 from pot
Great_Kang: doesn't show hand
*** SUMMARY ***
Total pot $12 | Rake $0.24
Board [Ac 5c Tc]
Seat 3: pöci9 (big blind) folded on the Flop
Seat 4: Great_Kang (button) (small blind) collected ($11.76)


PokerStars Hand #162183814294:  Hold'em Limit ($3/$6 USD) - 2016/11/30 8:47:06 ET
Table 'Simeisa' 6-max Seat #3 is the button
Seat 3: pöci9 ($181.02 in chips)
Seat 4: Great_Kang ($129.76 in chips)
pöci9: posts small blind $1
Great_Kang: posts big blind $3
*** HOLE CARDS ***
pöci9: raises $3 to $6
Great_Kang: folds
Uncalled bet ($3) returned to pöci9
pöci9 collected $6 from pot
pöci9: doesn't show hand
*** SUMMARY ***
Total pot $6 | Rake $0
Seat 3: pöci9 (button) (small blind) collected ($6)
Seat 4: Great_Kang (big blind) folded before Flop


PokerStars Hand #162183845500:  Hold'em Limit ($3/$6 USD) - 2016/11/30 8:47:57 ET
Table 'Simeisa' 6-max Seat #4 is the button
Seat 3: pöci9 ($194.54 in chips)
Seat 4: Great_Kang ($121 in chips)
Great_Kang: posts small blind $1
pöci9: posts big blind $3
*** HOLE CARDS ***
Great_Kang: raises $3 to $6
pöci9: calls $3
*** FLOP *** [7s Js 7c]
pöci9: checks
Great_Kang: bets $3
pöci9: folds
Uncalled bet ($3) returned to Great_Kang
Great_Kang collected $11.76 from pot
Great_Kang: doesn't show hand
*** SUMMARY ***
Total pot $12 | Rake $0.24
Board [7s Js 7c]
Seat 3: pöci9 (big blind) folded on the Flop
Seat 4: Great_Kang (button) (small blind) collected ($11.76)


PokerStars Hand #162183836198:  Hold'em Limit ($3/$6 USD) - 2016/11/30 8:47:42 ET
Table 'Simeisa' 6-max Seat #3 is the button
Seat 3: pöci9 ($195.54 in chips)
Seat 4: Great_Kang ($120 in chips)
pöci9: posts small blind $1
Great_Kang: posts big blind $3
*** HOLE CARDS ***
pöci9: folds
Uncalled bet ($2) returned to Great_Kang
Great_Kang collected $2 from pot
Great_Kang: doesn't show hand
*** SUMMARY ***
Total pot $2 | Rake $0
Seat 3: pöci9 (button) (small blind) folded before Flop
Seat 4: Great_Kang (big blind) collected ($2)


PokerStars Hand #162183820369:  Hold'em Limit ($3/$6 USD) - 2016/11/30 8:47:16 ET
Table 'Simeisa' 6-max Seat #4 is the button
Seat 3: pöci9 ($184.02 in chips)
Seat 4: Great_Kang ($126.76 in chips)
Great_Kang: posts small blind $1
pöci9: posts big blind $3
*** HOLE CARDS ***
Great_Kang: raises $3 to $6
pöci9: calls $3
*** FLOP *** [Qd Tc As]
pöci9: checks
Great_Kang: checks
*** TURN *** [Qd Tc As] [5c]
pöci9: checks
Great_Kang: checks
*** RIVER *** [Qd Tc As 5c] [Jc]
pöci9: bets $6
Great_Kang: calls $6
*** SHOW DOWN ***
pöci9: shows [Kd 9s] (a straight, Ten to Ace)
Great_Kang: mucks hand
pöci9 collected $23.52 from pot
*** SUMMARY ***
Total pot $24 | Rake $0.48
Board [Qd Tc As 5c Jc]
Seat 3: pöci9 (big blind) showed [Kd 9s] and won ($23.52) with a straight, Ten to Ace
Seat 4: Great_Kang (button) (small blind) mucked


PokerStars Hand #162183842174:  Hold'em Limit ($3/$6 USD) - 2016/11/30 8:47:51 ET
Table 'Simeisa' 6-max Seat #3 is the button
Seat 3: pöci9 ($195.54 in chips)
Seat 4: Great_Kang ($120 in chips)
pöci9: posts small blind $1
Great_Kang: posts big blind $3
*** HOLE CARDS ***
pöci9: folds
Uncalled bet ($2) returned to Great_Kang
Great_Kang collected $2 from pot
Great_Kang: doesn't show hand
*** SUMMARY ***
Total pot $2 | Rake $0
Seat 3: pöci9 (button) (small blind) folded before Flop
Seat 4: Great_Kang (big blind) collected ($2)


PokerStars Hand #162183839221:  Hold'em Limit ($3/$6 USD) - 2016/11/30 8:47:46 ET
Table 'Simeisa' 6-max Seat #4 is the button
Seat 3: pöci9 ($194.54 in chips)
Seat 4: Great_Kang ($121 in chips)
Great_Kang: posts small blind $1
pöci9: posts big blind $3
*** HOLE CARDS ***
Great_Kang: folds
Uncalled bet ($2) returned to pöci9
pöci9 collected $2 from pot
pöci9: doesn't show hand
*** SUMMARY ***
Total pot $2 | Rake $0
Seat 3: pöci9 (big blind) collected ($2)
Seat 4: Great_Kang (button) (small blind) folded before Flop


PokerStars Hand #162183853436:  Hold'em Limit ($3/$6 USD) - 2016/11/30 8:48:09 ET
Table 'Simeisa' 6-max Seat #3 is the button
Seat 3: pöci9 ($188.54 in chips)
Seat 4: Great_Kang ($126.76 in chips)
pöci9: posts small blind $1
Great_Kang: posts big blind $3
*** HOLE CARDS ***
pöci9: raises $3 to $6
Great_Kang: calls $3
*** FLOP *** [Kc Ac 9d]
Great_Kang: checks
pöci9: checks
*** TURN *** [Kc Ac 9d] [3c]
Great_Kang: checks
pöci9: bets $6
Great_Kang: folds
Uncalled bet ($6) returned to pöci9
pöci9 collected $11.76 from pot
pöci9: doesn't show hand
*** SUMMARY ***
Total pot $12 | Rake $0.24
Board [Kc Ac 9d 3c]
Seat 3: pöci9 (button) (small blind) collected ($11.76)
Seat 4: Great_Kang (big blind) folded on the Turn


PokerStars Hand #162183862832:  Hold'em Limit ($3/$6 USD) - 2016/11/30 8:48:24 ET
Table 'Simeisa' 6-max Seat #4 is the button
Seat 3: pöci9 ($194.30 in chips)
Seat 4: Great_Kang ($120.76 in chips)
Great_Kang: posts small blind $1
pöci9: posts big blind $3
*** HOLE CARDS ***
Great_Kang: calls $2
pöci9: checks
*** FLOP *** [Jc 2c 3c]
pöci9: checks
Great_Kang: bets $3
pöci9: calls $3
*** TURN *** [Jc 2c 3c] [Qc]
pöci9: checks
Great_Kang: bets $6
pöci9: folds
Uncalled bet ($6) returned to Great_Kang
Great_Kang collected $11.76 from pot
Great_Kang: doesn't show hand
*** SUMMARY ***
Total pot $12 | Rake $0.24
Board [Jc 2c 3c Qc]
Seat 3: pöci9 (big blind) folded on the Turn
Seat 4: Great_Kang (button) (small blind) collected ($11.76)


PokerStars Hand #162183872451:  Hold'em Limit ($3/$6 USD) - 2016/11/30 8:48:40 ET
Table 'Simeisa' 6-max Seat #3 is the button
Seat 3: pöci9 ($188.30 in chips)
Seat 4: Great_Kang ($126.52 in chips)
pöci9: posts small blind $1
Great_Kang: posts big blind $3
*** HOLE CARDS ***
pöci9: calls $2
Great_Kang: raises $3 to $6
pöci9: calls $3
*** FLOP *** [4s Kd 7s]
Great_Kang: bets $3
pöci9: calls $3
*** TURN *** [4s Kd 7s] [Kh]
Great_Kang: checks
pöci9: checks
*** RIVER *** [4s Kd 7s Kh] [3s]
Great_Kang: checks
pöci9: bets $6
Great_Kang: folds
Uncalled bet ($6) returned to pöci9
pöci9 collected $17.64 from pot
pöci9: doesn't show hand
*** SUMMARY ***
Total pot $18 | Rake $0.36
Board [4s Kd 7s Kh 3s]
Seat 3: pöci9 (button) (small blind) collected ($17.64)
Seat 4: Great_Kang (big blind) folded on the River


PokerStars Hand #162183899281:  Hold'em Limit ($3/$6 USD) - 2016/11/30 8:49:23 ET
Table 'Simeisa' 6-max Seat #3 is the button
Seat 3: pöci9 ($205.58 in chips)
Seat 4: Great_Kang ($120 in chips)
pöci9: posts small blind $1
Great_Kang: posts big blind $3
*** HOLE CARDS ***
pöci9: calls $2
Great_Kang: raises $3 to $6
pöci9: calls $3
*** FLOP *** [Jh 3s 2d]
Great_Kang: bets $3
pöci9: raises $3 to $6
Great_Kang: raises $3 to $9
pöci9: calls $3
*** TURN *** [Jh 3s 2d] [Kh]
Great_Kang: bets $6
pöci9: calls $6
*** RIVER *** [Jh 3s 2d Kh] [Tc]
Great_Kang: bets $6
pöci9: calls $6
*** SHOW DOWN ***
Great_Kang: shows [Ts Jd] (two pair, Jacks and Tens)
pöci9: mucks hand
Great_Kang collected $53.50 from pot
*** SUMMARY ***
Total pot $54 | Rake $0.50
Board [Jh 3s 2d Kh Tc]
Seat 3: pöci9 (button) (small blind) mucked
Seat 4: Great_Kang (big blind) showed [Ts Jd] and won ($53.50) with two pair, Jacks and Tens


PokerStars Hand #162183887495:  Hold'em Limit ($3/$6 USD) - 2016/11/30 8:49:04 ET
Table 'Simeisa' 6-max Seat #4 is the button
Seat 3: pöci9 ($196.94 in chips)
Seat 4: Great_Kang ($120 in chips)
Great_Kang: posts small blind $1
pöci9: posts big blind $3
*** HOLE CARDS ***
Great_Kang: raises $3 to $6
pöci9: calls $3
*** FLOP *** [2h Ah 7d]
pöci9: checks
Great_Kang: bets $3
pöci9: calls $3
*** TURN *** [2h Ah 7d] [Js]
pöci9: checks
Great_Kang: checks
*** RIVER *** [2h Ah 7d Js] [Qd]
pöci9: bets $6
Great_Kang: folds
Uncalled bet ($6) returned to pöci9
pöci9 collected $17.64 from pot
pöci9: doesn't show hand
*** SUMMARY ***
Total pot $18 | Rake $0.36
Board [2h Ah 7d Js Qd]
Seat 3: pöci9 (big blind) collected ($17.64)
Seat 4: Great_Kang (button) (small blind) folded on the River


PokerStars Hand #162183916455:  Hold'em Limit ($3/$6 USD) - 2016/11/30 8:49:51 ET
Table 'Simeisa' 6-max Seat #4 is the button
Seat 3: pöci9 ($178.58 in chips)
Seat 4: Great_Kang ($146.50 in chips)
Great_Kang: posts small blind $1
pöci9: posts big blind $3
*** HOLE CARDS ***
Great_Kang: raises $3 to $6
pöci9: calls $3
*** FLOP *** [Qs 4d 8d]
pöci9: checks
Great_Kang: bets $3
pöci9: calls $3
*** TURN *** [Qs 4d 8d] [Jd]
pöci9: checks
Great_Kang: bets $6
pöci9: calls $6
*** RIVER *** [Qs 4d 8d Jd] [3d]
pöci9: checks
Great_Kang: checks
*** SHOW DOWN ***
pöci9: shows [Qc 9s] (a pair of Queens)
Great_Kang: shows [Tc 9h] (a straight, Eight to Queen)
Great_Kang collected $29.50 from pot
*** SUMMARY ***
Total pot $30 | Rake $0.50
Board [Qs 4d 8d Jd 3d]
Seat 3: pöci9 (big blind) showed [Qc 9s] and lost with a pair of Queens
Seat 4: Great_Kang (button) (small blind) showed [Tc 9h] and won ($29.50) with a straight, Eight to Queen


PokerStars Hand #162183931512:  Hold'em Limit ($3/$6 USD) - 2016/11/30 8:50:15 ET
Table 'Simeisa' 6-max Seat #3 is the button
Seat 3: pöci9 ($163.58 in chips)
Seat 4: Great_Kang ($161 in chips)
pöci9: posts small blind $1
Great_Kang: posts big blind $3
*** HOLE CARDS ***
pöci9: raises $3 to $6
Great_Kang: calls $3
*** FLOP *** [5d 2h Ks]
Great_Kang: checks
pöci9: bets $3
Great_Kang: calls $3
*** TURN *** [5d 2h Ks] [8s]
Great_Kang: checks
pöci9: bets $6
Great_Kang: calls $6
*** RIVER *** [5d 2h Ks 8s] [Kd]
Great_Kang: checks
pöci9: bets $6
Great_Kang: calls $6
*** SHOW DOWN ***
pöci9: shows [Ad 3d] (a pair of Kings)
Great_Kang: shows [8h Ac] (two pair, Kings and Eights)
Great_Kang collected $41.50 from pot
*** SUMMARY ***
Total pot $42 | Rake $0.50
Board [5d 2h Ks 8s Kd]
Seat 3: pöci9 (button) (small blind) showed [Ad 3d] and lost with a pair of Kings
Seat 4: Great_Kang (big blind) showed [8h Ac] and won ($41.50) with two pair, Kings and Eights


PokerStars Hand #162183944781:  Hold'em Limit ($3/$6 USD) - 2016/11/30 8:50:37 ET
Table 'Simeisa' 6-max Seat #4 is the button
Seat 3: pöci9 ($142.58 in chips)
Seat 4: Great_Kang ($181.50 in chips)
Great_Kang: posts small blind $1
pöci9: posts big blind $3
*** HOLE CARDS ***
Great_Kang: folds
Uncalled bet ($2) returned to pöci9
pöci9 collected $2 from pot
pöci9: doesn't show hand
*** SUMMARY ***
Total pot $2 | Rake $0
Seat 3: pöci9 (big blind) collected ($2)
Seat 4: Great_Kang (button) (small blind) folded before Flop


PokerStars Hand #162183949303:  Hold'em Limit ($3/$6 USD) - 2016/11/30 8:50:44 ET
Table 'Simeisa' 6-max Seat #3 is the button
Seat 3: pöci9 ($143.58 in chips)
Seat 4: Great_Kang ($180.50 in chips)
pöci9: posts small blind $1
Great_Kang: posts big blind $3
*** HOLE CARDS ***
pöci9: calls $2
Great_Kang: raises $3 to $6
pöci9: calls $3
*** FLOP *** [8c Kh 8d]
Great_Kang: bets $3
pöci9: folds
Uncalled bet ($3) returned to Great_Kang
Great_Kang collected $11.76 from pot
Great_Kang: doesn't show hand
*** SUMMARY ***
Total pot $12 | Rake $0.24
Board [8c Kh 8d]
Seat 3: pöci9 (button) (small blind) folded on the Flop
Seat 4: Great_Kang (big blind) collected ($11.76)


PokerStars Hand #162183966203:  Hold'em Limit ($3/$6 USD) - 2016/11/30 8:51:11 ET
Table 'Simeisa' 6-max Seat #4 is the button
Seat 3: pöci9 ($137.58 in chips)
Seat 4: Great_Kang ($186.26 in chips)
Great_Kang: posts small blind $1
pöci9: posts big blind $3
*** HOLE CARDS ***
Great_Kang: raises $3 to $6
pöci9: raises $3 to $9
Great_Kang: calls $3
*** FLOP *** [Ks 4d 8s]
pöci9: bets $3
Great_Kang: folds
Uncalled bet ($3) returned to pöci9
pöci9 collected $17.64 from pot
pöci9: doesn't show hand
*** SUMMARY ***
Total pot $18 | Rake $0.36
Board [Ks 4d 8s]
Seat 3: pöci9 (big blind) collected ($17.64)
Seat 4: Great_Kang (button) (small blind) folded on the Flop


PokerStars Hand #162183985136:  Hold'em Limit ($3/$6 USD) - 2016/11/30 8:51:42 ET
Table 'Simeisa' 6-max Seat #3 is the button
Seat 3: pöci9 ($146.22 in chips)
Seat 4: Great_Kang ($177.26 in chips)
pöci9: posts small blind $1
Great_Kang: posts big blind $3
*** HOLE CARDS ***
pöci9: calls $2
Great_Kang: raises $3 to $6
pöci9: calls $3
*** FLOP *** [7d 5c Qs]
Great_Kang: bets $3
sinsadir joins the table at seat #5
pöci9: folds
Uncalled bet ($3) returned to Great_Kang
Great_Kang collected $11.76 from pot
Great_Kang: doesn't show hand
*** SUMMARY ***
Total pot $12 | Rake $0.24
Board [7d 5c Qs]
Seat 3: pöci9 (button) (small blind) folded on the Flop
Seat 4: Great_Kang (big blind) collected ($11.76)


PokerStars Hand #162184274058:  Hold'em Limit ($3/$6 USD) - 2016/11/30 8:59:43 ET
Table 'Simeisa' 6-max Seat #4 is the button
Seat 3: pöci9 ($172.67 in chips)
Seat 4: Great_Kang ($186.67 in chips)
Great_Kang: posts small blind $1
pöci9: posts big blind $3
*** HOLE CARDS ***
Great_Kang: raises $3 to $6
pöci9: folds
Uncalled bet ($3) returned to Great_Kang
Great_Kang collected $6 from pot
Great_Kang: doesn't show hand
*** SUMMARY ***
Total pot $6 | Rake $0
Seat 3: pöci9 (big blind) folded before Flop
Seat 4: Great_Kang (button) (small blind) collected ($6)


PokerStars Hand #162184285933:  Hold'em Limit ($3/$6 USD) - 2016/11/30 9:00:02 ET
Table 'Simeisa' 6-max Seat #3 is the button
Seat 3: pöci9 ($169.67 in chips)
Seat 4: Great_Kang ($189.67 in chips)
pöci9: posts small blind $1
Great_Kang: posts big blind $3
*** HOLE CARDS ***
pöci9: raises $3 to $6
Great_Kang: calls $3
*** FLOP *** [4d Kc Jd]
Great_Kang: checks
pöci9: checks
*** TURN *** [4d Kc Jd] [3h]
Great_Kang: bets $6
pöci9: calls $6
*** RIVER *** [4d Kc Jd 3h] [7s]
Great_Kang: bets $6
pöci9: raises $6 to $12
Great_Kang: calls $6
*** SHOW DOWN ***
pöci9: shows [7d 7c] (three of a kind, Sevens)
Great_Kang: mucks hand
pöci9 collected $47.50 from pot
*** SUMMARY ***
Total pot $48 | Rake $0.50
Board [4d Kc Jd 3h 7s]
Seat 3: pöci9 (button) (small blind) showed [7d 7c] and won ($47.50) with three of a kind, Sevens
Seat 4: Great_Kang (big blind) mucked


PokerStars Hand #162184301569:  Hold'em Limit ($3/$6 USD) - 2016/11/30 9:00:29 ET
Table 'Simeisa' 6-max Seat #4 is the button
Seat 3: pöci9 ($193.17 in chips)
Seat 4: Great_Kang ($165.67 in chips)
Great_Kang: posts small blind $1
pöci9: posts big blind $3
*** HOLE CARDS ***
Great_Kang: raises $3 to $6
pöci9: raises $3 to $9
Great_Kang: calls $3
*** FLOP *** [9h 7h 3c]
pöci9: checks
Great_Kang: bets $3
pöci9: calls $3
*** TURN *** [9h 7h 3c] [3h]
pöci9: checks
Great_Kang: bets $6
pöci9: calls $6
*** RIVER *** [9h 7h 3c 3h] [5c]
pöci9: checks
Great_Kang: bets $6
pöci9: folds
Uncalled bet ($6) returned to Great_Kang
Great_Kang collected $35.50 from pot
Great_Kang: doesn't show hand
*** SUMMARY ***
Total pot $36 | Rake $0.50
Board [9h 7h 3c 3h 5c]
Seat 3: pöci9 (big blind) folded on the River
Seat 4: Great_Kang (button) (small blind) collected ($35.50)


