PokerStars Hand #163393806965:  Hold'em Limit ($3/$6 USD) - 2016/12/23 10:14:58 ET
Table 'Simona' 6-max Seat #2 is the button
Seat 2: sim5sim5 ($78.26 in chips)
Seat 4: AzureCaper ($82.40 in chips)
sim5sim5: posts small blind $1
AzureCaper: posts big blind $3
*** HOLE CARDS ***
sim5sim5: raises $3 to $6
AzureCaper: folds
Uncalled bet ($3) returned to sim5sim5
sim5sim5 collected $6 from pot
sim5sim5: doesn't show hand
*** SUMMARY ***
Total pot $6 | Rake $0
Seat 2: sim5sim5 (button) (small blind) collected ($6)
Seat 4: AzureCaper (big blind) folded before Flop


PokerStars Hand #163393811713:  Hold'em Limit ($3/$6 USD) - 2016/12/23 10:15:05 ET
Table 'Simona' 6-max Seat #4 is the button
Seat 2: sim5sim5 ($81.26 in chips)
Seat 4: AzureCaper ($79.40 in chips)
AzureCaper: posts small blind $1
sim5sim5: posts big blind $3
*** HOLE CARDS ***
AzureCaper: raises $3 to $6
sim5sim5: calls $3
*** FLOP *** [Ah Ks 7s]
sim5sim5: checks
AzureCaper: bets $3
sim5sim5: folds
Uncalled bet ($3) returned to AzureCaper
AzureCaper collected $11.76 from pot
AzureCaper: doesn't show hand
*** SUMMARY ***
Total pot $12 | Rake $0.24
Board [Ah Ks 7s]
Seat 2: sim5sim5 (big blind) folded on the Flop
Seat 4: AzureCaper (button) (small blind) collected ($11.76)


PokerStars Hand #163393820181:  Hold'em Limit ($3/$6 USD) - 2016/12/23 10:15:17 ET
Table 'Simona' 6-max Seat #2 is the button
Seat 2: sim5sim5 ($75.26 in chips)
Seat 4: AzureCaper ($85.16 in chips)
sim5sim5: posts small blind $1
AzureCaper: posts big blind $3
*** HOLE CARDS ***
sim5sim5: raises $3 to $6
AzureCaper: raises $3 to $9
sim5sim5: calls $3
*** FLOP *** [8s 4c 3d]
AzureCaper: bets $3
sim5sim5: calls $3
*** TURN *** [8s 4c 3d] [2s]
AzureCaper: bets $6
sim5sim5: calls $6
*** RIVER *** [8s 4c 3d 2s] [5d]
AzureCaper: checks
sim5sim5: bets $6
AzureCaper: raises $6 to $12
sim5sim5: raises $6 to $18
AzureCaper: folds
Uncalled bet ($6) returned to sim5sim5
sim5sim5 collected $59.50 from pot
sim5sim5: doesn't show hand
*** SUMMARY ***
Total pot $60 | Rake $0.50
Board [8s 4c 3d 2s 5d]
Seat 2: sim5sim5 (button) (small blind) collected ($59.50)
Seat 4: AzureCaper (big blind) folded on the River


PokerStars Hand #163393842923:  Hold'em Limit ($3/$6 USD) - 2016/12/23 10:15:49 ET
Table 'Simona' 6-max Seat #4 is the button
Seat 2: sim5sim5 ($104.76 in chips)
Seat 4: AzureCaper ($72 in chips)
AzureCaper: posts small blind $1
sim5sim5: posts big blind $3
*** HOLE CARDS ***
AzureCaper: raises $3 to $6
sim5sim5: calls $3
*** FLOP *** [2h 6s Jc]
sim5sim5: checks
AzureCaper: bets $3
sim5sim5: calls $3
*** TURN *** [2h 6s Jc] [Jh]
sim5sim5: checks
AzureCaper: checks
*** RIVER *** [2h 6s Jc Jh] [Kc]
sim5sim5: checks
AzureCaper: checks
*** SHOW DOWN ***
sim5sim5: shows [2s Ac] (two pair, Jacks and Deuces)
AzureCaper: mucks hand
sim5sim5 collected $17.64 from pot
*** SUMMARY ***
Total pot $18 | Rake $0.36
Board [2h 6s Jc Jh Kc]
Seat 2: sim5sim5 (big blind) showed [2s Ac] and won ($17.64) with two pair, Jacks and Deuces
Seat 4: AzureCaper (button) (small blind) mucked


PokerStars Hand #163393882649:  Hold'em Limit ($3/$6 USD) - 2016/12/23 10:16:45 ET
Table 'Simona' 6-max Seat #4 is the button
Seat 2: sim5sim5 ($77.40 in chips)
Seat 4: AzureCaper ($107.50 in chips)
AzureCaper: posts small blind $1
sim5sim5: posts big blind $3
*** HOLE CARDS ***
AzureCaper: folds
Uncalled bet ($2) returned to sim5sim5
sim5sim5 collected $2 from pot
sim5sim5: doesn't show hand
*** SUMMARY ***
Total pot $2 | Rake $0
Seat 2: sim5sim5 (big blind) collected ($2)
Seat 4: AzureCaper (button) (small blind) folded before Flop


PokerStars Hand #163393913255:  Hold'em Limit ($3/$6 USD) - 2016/12/23 10:17:28 ET
Table 'Simona' 6-max Seat #4 is the button
Seat 2: sim5sim5 ($72 in chips)
Seat 4: AzureCaper ($142 in chips)
AzureCaper: posts small blind $1
sim5sim5: posts big blind $3
*** HOLE CARDS ***
AzureCaper: folds
Uncalled bet ($2) returned to sim5sim5
sim5sim5 collected $2 from pot
sim5sim5: doesn't show hand
*** SUMMARY ***
Total pot $2 | Rake $0
Seat 2: sim5sim5 (big blind) collected ($2)
Seat 4: AzureCaper (button) (small blind) folded before Flop


PokerStars Hand #163393858184:  Hold'em Limit ($3/$6 USD) - 2016/12/23 10:16:11 ET
Table 'Simona' 6-max Seat #2 is the button
Seat 2: sim5sim5 ($113.40 in chips)
Seat 4: AzureCaper ($72 in chips)
sim5sim5: posts small blind $1
AzureCaper: posts big blind $3
*** HOLE CARDS ***
sim5sim5: raises $3 to $6
AzureCaper: calls $3
*** FLOP *** [7s 2s 6s]
AzureCaper: checks
sim5sim5: bets $3
AzureCaper: raises $3 to $6
sim5sim5: calls $3
*** TURN *** [7s 2s 6s] [9c]
AzureCaper: bets $6
sim5sim5: calls $6
*** RIVER *** [7s 2s 6s 9c] [Qd]
AzureCaper: bets $6
sim5sim5: raises $6 to $12
AzureCaper: raises $6 to $18
sim5sim5: calls $6
*** SHOW DOWN ***
AzureCaper: shows [9s 7h] (two pair, Nines and Sevens)
sim5sim5: mucks hand
AzureCaper collected $71.50 from pot
*** SUMMARY ***
Total pot $72 | Rake $0.50
Board [7s 2s 6s 9c Qd]
Seat 2: sim5sim5 (button) (small blind) mucked
Seat 4: AzureCaper (big blind) showed [9s 7h] and won ($71.50) with two pair, Nines and Sevens


PokerStars Hand #163393933126:  Hold'em Limit ($3/$6 USD) - 2016/12/23 10:17:56 ET
Table 'Simona' 6-max Seat #4 is the button
Seat 2: sim5sim5 ($72 in chips)
Seat 4: AzureCaper ($164.50 in chips)
AzureCaper: posts small blind $1
sim5sim5: posts big blind $3
*** HOLE CARDS ***
AzureCaper: raises $3 to $6
sim5sim5: raises $3 to $9
AzureCaper: calls $3
*** FLOP *** [As 4s Kd]
sim5sim5: bets $3
AzureCaper: calls $3
*** TURN *** [As 4s Kd] [2c]
sim5sim5: checks
AzureCaper: checks
*** RIVER *** [As 4s Kd 2c] [Ac]
sim5sim5: checks
AzureCaper: checks
*** SHOW DOWN ***
sim5sim5: shows [Tc Qc] (a pair of Aces)
AzureCaper: shows [Th 4h] (two pair, Aces and Fours)
AzureCaper collected $23.52 from pot
*** SUMMARY ***
Total pot $24 | Rake $0.48
Board [As 4s Kd 2c Ac]
Seat 2: sim5sim5 (big blind) showed [Tc Qc] and lost with a pair of Aces
Seat 4: AzureCaper (button) (small blind) showed [Th 4h] and won ($23.52) with two pair, Aces and Fours


PokerStars Hand #163393956628:  Hold'em Limit ($3/$6 USD) - 2016/12/23 10:18:29 ET
Table 'Simona' 6-max Seat #4 is the button
Seat 2: sim5sim5 ($72 in chips)
Seat 4: AzureCaper ($184.66 in chips)
AzureCaper: posts small blind $1
sim5sim5: posts big blind $3
*** HOLE CARDS ***
AzureCaper: folds
Uncalled bet ($2) returned to sim5sim5
sim5sim5 collected $2 from pot
sim5sim5: doesn't show hand
*** SUMMARY ***
Total pot $2 | Rake $0
Seat 2: sim5sim5 (big blind) collected ($2)
Seat 4: AzureCaper (button) (small blind) folded before Flop


PokerStars Hand #163393948094:  Hold'em Limit ($3/$6 USD) - 2016/12/23 10:18:17 ET
Table 'Simona' 6-max Seat #2 is the button
Seat 2: sim5sim5 ($72 in chips)
Seat 4: AzureCaper ($176.02 in chips)
sim5sim5: posts small blind $1
AzureCaper: posts big blind $3
*** HOLE CARDS ***
sim5sim5: raises $3 to $6
AzureCaper: raises $3 to $9
sim5sim5: calls $3
*** FLOP *** [Kh 8c 4h]
AzureCaper: bets $3
sim5sim5: folds
Uncalled bet ($3) returned to AzureCaper
AzureCaper collected $17.64 from pot
AzureCaper: doesn't show hand
*** SUMMARY ***
Total pot $18 | Rake $0.36
Board [Kh 8c 4h]
Seat 2: sim5sim5 (button) (small blind) folded on the Flop
Seat 4: AzureCaper (big blind) collected ($17.64)


PokerStars Hand #163393960812:  Hold'em Limit ($3/$6 USD) - 2016/12/23 10:18:34 ET
Table 'Simona' 6-max Seat #2 is the button
Seat 2: sim5sim5 ($73 in chips)
Seat 4: AzureCaper ($183.66 in chips)
sim5sim5: posts small blind $1
AzureCaper: posts big blind $3
*** HOLE CARDS ***
sim5sim5: folds
Uncalled bet ($2) returned to AzureCaper
AzureCaper collected $2 from pot
AzureCaper: doesn't show hand
*** SUMMARY ***
Total pot $2 | Rake $0
Seat 2: sim5sim5 (button) (small blind) folded before Flop
Seat 4: AzureCaper (big blind) collected ($2)


PokerStars Hand #163393991295:  Hold'em Limit ($3/$6 USD) - 2016/12/23 10:19:17 ET
Table 'Simona' 6-max Seat #4 is the button
Seat 2: sim5sim5 ($83.52 in chips)
Seat 4: AzureCaper ($196.16 in chips)
AzureCaper: posts small blind $1
sim5sim5: posts big blind $3
*** HOLE CARDS ***
AzureCaper: folds
Uncalled bet ($2) returned to sim5sim5
sim5sim5 collected $2 from pot
sim5sim5: doesn't show hand
*** SUMMARY ***
Total pot $2 | Rake $0
Seat 2: sim5sim5 (big blind) collected ($2)
Seat 4: AzureCaper (button) (small blind) folded before Flop


PokerStars Hand #163393981358:  Hold'em Limit ($3/$6 USD) - 2016/12/23 10:19:03 ET
Table 'Simona' 6-max Seat #2 is the button
Seat 2: sim5sim5 ($72 in chips)
Seat 4: AzureCaper ($208.16 in chips)
sim5sim5: posts small blind $1
AzureCaper: posts big blind $3
*** HOLE CARDS ***
sim5sim5: raises $3 to $6
AzureCaper: raises $3 to $9
sim5sim5: raises $3 to $12
Betting is capped
AzureCaper: calls $3
*** FLOP *** [9s Ac Js]
AzureCaper: checks
sim5sim5: bets $3
AzureCaper: folds
Uncalled bet ($3) returned to sim5sim5
sim5sim5 collected $23.52 from pot
sim5sim5: doesn't show hand
*** SUMMARY ***
Total pot $24 | Rake $0.48
Board [9s Ac Js]
Seat 2: sim5sim5 (button) (small blind) collected ($23.52)
Seat 4: AzureCaper (big blind) folded on the Flop


PokerStars Hand #163393965321:  Hold'em Limit ($3/$6 USD) - 2016/12/23 10:18:41 ET
Table 'Simona' 6-max Seat #4 is the button
Seat 2: sim5sim5 ($72 in chips)
Seat 4: AzureCaper ($184.66 in chips)
AzureCaper: posts small blind $1
sim5sim5: posts big blind $3
*** HOLE CARDS ***
AzureCaper: raises $3 to $6
sim5sim5: calls $3
*** FLOP *** [5d Ks 8c]
sim5sim5: checks
AzureCaper: bets $3
sim5sim5: raises $3 to $6
AzureCaper: calls $3
*** TURN *** [5d Ks 8c] [Kh]
sim5sim5: bets $6
AzureCaper: calls $6
*** RIVER *** [5d Ks 8c Kh] [2h]
sim5sim5: bets $6
AzureCaper: calls $6
*** SHOW DOWN ***
sim5sim5: shows [7h 6c] (a pair of Kings)
AzureCaper: shows [Qc Qd] (two pair, Kings and Queens)
AzureCaper collected $47.50 from pot
*** SUMMARY ***
Total pot $48 | Rake $0.50
Board [5d Ks 8c Kh 2h]
Seat 2: sim5sim5 (big blind) showed [7h 6c] and lost with a pair of Kings
Seat 4: AzureCaper (button) (small blind) showed [Qc Qd] and won ($47.50) with two pair, Kings and Queens


PokerStars Hand #163393995184:  Hold'em Limit ($3/$6 USD) - 2016/12/23 10:19:24 ET
Table 'Simona' 6-max Seat #2 is the button
Seat 2: sim5sim5 ($84.52 in chips)
Seat 4: AzureCaper ($195.16 in chips)
sim5sim5: posts small blind $1
AzureCaper: posts big blind $3
*** HOLE CARDS ***
sim5sim5: raises $3 to $6
AzureCaper: folds
Uncalled bet ($3) returned to sim5sim5
sim5sim5 collected $6 from pot
sim5sim5: doesn't show hand
*** SUMMARY ***
Total pot $6 | Rake $0
Seat 2: sim5sim5 (button) (small blind) collected ($6)
Seat 4: AzureCaper (big blind) folded before Flop


PokerStars Hand #163394000697:  Hold'em Limit ($3/$6 USD) - 2016/12/23 10:19:30 ET
Table 'Simona' 6-max Seat #4 is the button
Seat 2: sim5sim5 ($87.52 in chips)
Seat 4: AzureCaper ($192.16 in chips)
AzureCaper: posts small blind $1
sim5sim5: posts big blind $3
*** HOLE CARDS ***
AzureCaper: raises $3 to $6
sim5sim5: calls $3
*** FLOP *** [3s As Ks]
sim5sim5: checks
AzureCaper: bets $3
sim5sim5: calls $3
*** TURN *** [3s As Ks] [8d]
sim5sim5: checks
AzureCaper: checks
*** RIVER *** [3s As Ks 8d] [7h]
sim5sim5: checks
AzureCaper: bets $6
sim5sim5: folds
Uncalled bet ($6) returned to AzureCaper
AzureCaper collected $17.64 from pot
AzureCaper: doesn't show hand
*** SUMMARY ***
Total pot $18 | Rake $0.36
Board [3s As Ks 8d 7h]
Seat 2: sim5sim5 (big blind) folded on the River
Seat 4: AzureCaper (button) (small blind) collected ($17.64)


PokerStars Hand #163394020041:  Hold'em Limit ($3/$6 USD) - 2016/12/23 10:19:57 ET
Table 'Simona' 6-max Seat #2 is the button
Seat 2: sim5sim5 ($78.52 in chips)
Seat 4: AzureCaper ($200.80 in chips)
sim5sim5: posts small blind $1
AzureCaper: posts big blind $3
*** HOLE CARDS ***
sim5sim5: raises $3 to $6
AzureCaper: calls $3
*** FLOP *** [Ks Ts 4c]
AzureCaper: checks
sim5sim5: bets $3
AzureCaper: folds
Uncalled bet ($3) returned to sim5sim5
sim5sim5 collected $11.76 from pot
sim5sim5: doesn't show hand
*** SUMMARY ***
Total pot $12 | Rake $0.24
Board [Ks Ts 4c]
Seat 2: sim5sim5 (button) (small blind) collected ($11.76)
Seat 4: AzureCaper (big blind) folded on the Flop


PokerStars Hand #163394055841:  Hold'em Limit ($3/$6 USD) - 2016/12/23 10:20:48 ET
Table 'Simona' 6-max Seat #4 is the button
Seat 2: sim5sim5 ($95.92 in chips)
Seat 4: AzureCaper ($182.80 in chips)
AzureCaper: posts small blind $1
sim5sim5: posts big blind $3
*** HOLE CARDS ***
AzureCaper: raises $3 to $6
sim5sim5: calls $3
*** FLOP *** [Jc 2h Kd]
sim5sim5: checks
AzureCaper: bets $3
sim5sim5: calls $3
*** TURN *** [Jc 2h Kd] [6d]
sim5sim5: checks
AzureCaper: checks
*** RIVER *** [Jc 2h Kd 6d] [Jd]
sim5sim5: checks
AzureCaper: bets $6
sim5sim5: calls $6
*** SHOW DOWN ***
AzureCaper: shows [6c 5c] (two pair, Jacks and Sixes)
sim5sim5: mucks hand
AzureCaper collected $29.50 from pot
*** SUMMARY ***
Total pot $30 | Rake $0.50
Board [Jc 2h Kd 6d Jd]
Seat 2: sim5sim5 (big blind) mucked
Seat 4: AzureCaper (button) (small blind) showed [6c 5c] and won ($29.50) with two pair, Jacks and Sixes


PokerStars Hand #163394079681:  Hold'em Limit ($3/$6 USD) - 2016/12/23 10:21:21 ET
Table 'Simona' 6-max Seat #4 is the button
Seat 2: sim5sim5 ($86.68 in chips)
Seat 4: AzureCaper ($191.30 in chips)
AzureCaper: posts small blind $1
sim5sim5: posts big blind $3
*** HOLE CARDS ***
AzureCaper: folds
Uncalled bet ($2) returned to sim5sim5
sim5sim5 collected $2 from pot
sim5sim5: doesn't show hand
*** SUMMARY ***
Total pot $2 | Rake $0
Seat 2: sim5sim5 (big blind) collected ($2)
Seat 4: AzureCaper (button) (small blind) folded before Flop


PokerStars Hand #163394072051:  Hold'em Limit ($3/$6 USD) - 2016/12/23 10:21:10 ET
Table 'Simona' 6-max Seat #2 is the button
Seat 2: sim5sim5 ($80.92 in chips)
Seat 4: AzureCaper ($197.30 in chips)
sim5sim5: posts small blind $1
AzureCaper: posts big blind $3
*** HOLE CARDS ***
sim5sim5: raises $3 to $6
AzureCaper: calls $3
*** FLOP *** [Qd 6s 6d]
AzureCaper: checks
sim5sim5: bets $3
AzureCaper: folds
Uncalled bet ($3) returned to sim5sim5
sim5sim5 collected $11.76 from pot
sim5sim5: doesn't show hand
*** SUMMARY ***
Total pot $12 | Rake $0.24
Board [Qd 6s 6d]
Seat 2: sim5sim5 (button) (small blind) collected ($11.76)
Seat 4: AzureCaper (big blind) folded on the Flop


PokerStars Hand #163394051325:  Hold'em Limit ($3/$6 USD) - 2016/12/23 10:20:41 ET
Table 'Simona' 6-max Seat #2 is the button
Seat 2: sim5sim5 ($92.92 in chips)
Seat 4: AzureCaper ($185.80 in chips)
sim5sim5: posts small blind $1
AzureCaper: posts big blind $3
*** HOLE CARDS ***
sim5sim5: raises $3 to $6
AzureCaper: folds
Uncalled bet ($3) returned to sim5sim5
sim5sim5 collected $6 from pot
sim5sim5: doesn't show hand
*** SUMMARY ***
Total pot $6 | Rake $0
Seat 2: sim5sim5 (button) (small blind) collected ($6)
Seat 4: AzureCaper (big blind) folded before Flop


PokerStars Hand #163394029034:  Hold'em Limit ($3/$6 USD) - 2016/12/23 10:20:10 ET
Table 'Simona' 6-max Seat #4 is the button
Seat 2: sim5sim5 ($84.28 in chips)
Seat 4: AzureCaper ($194.80 in chips)
AzureCaper: posts small blind $1
sim5sim5: posts big blind $3
*** HOLE CARDS ***
AzureCaper: raises $3 to $6
sim5sim5: calls $3
*** FLOP *** [7s 3s Ks]
sim5sim5: checks
AzureCaper: bets $3
sim5sim5: calls $3
*** TURN *** [7s 3s Ks] [2h]
sim5sim5: checks
AzureCaper: checks
*** RIVER *** [7s 3s Ks 2h] [9h]
sim5sim5: checks
AzureCaper: checks
*** SHOW DOWN ***
sim5sim5: shows [Qh 5s] (high card King)
AzureCaper: mucks hand
sim5sim5 collected $17.64 from pot
*** SUMMARY ***
Total pot $18 | Rake $0.36
Board [7s 3s Ks 2h 9h]
Seat 2: sim5sim5 (big blind) showed [Qh 5s] and won ($17.64) with high card King
Seat 4: AzureCaper (button) (small blind) mucked


PokerStars Hand #163394100833:  Hold'em Limit ($3/$6 USD) - 2016/12/23 10:21:50 ET
Table 'Simona' 6-max Seat #4 is the button
Seat 2: sim5sim5 ($72.68 in chips)
Seat 4: AzureCaper ($204.80 in chips)
AzureCaper: posts small blind $1
sim5sim5: posts big blind $3
*** HOLE CARDS ***
AzureCaper: folds
Uncalled bet ($2) returned to sim5sim5
sim5sim5 collected $2 from pot
sim5sim5: doesn't show hand
*** SUMMARY ***
Total pot $2 | Rake $0
Seat 2: sim5sim5 (big blind) collected ($2)
Seat 4: AzureCaper (button) (small blind) folded before Flop


PokerStars Hand #163394083670:  Hold'em Limit ($3/$6 USD) - 2016/12/23 10:21:27 ET
Table 'Simona' 6-max Seat #2 is the button
Seat 2: sim5sim5 ($87.68 in chips)
Seat 4: AzureCaper ($190.30 in chips)
sim5sim5: posts small blind $1
AzureCaper: posts big blind $3
*** HOLE CARDS ***
sim5sim5: raises $3 to $6
AzureCaper: calls $3
*** FLOP *** [Qc 6d 9s]
AzureCaper: checks
sim5sim5: bets $3
AzureCaper: calls $3
*** TURN *** [Qc 6d 9s] [7h]
AzureCaper: checks
sim5sim5: checks
*** RIVER *** [Qc 6d 9s 7h] [Qh]
AzureCaper: bets $6
sim5sim5: calls $6
*** SHOW DOWN ***
AzureCaper: shows [Jd 6h] (two pair, Queens and Sixes)
sim5sim5: mucks hand
AzureCaper collected $29.50 from pot
*** SUMMARY ***
Total pot $30 | Rake $0.50
Board [Qc 6d 9s 7h Qh]
Seat 2: sim5sim5 (button) (small blind) mucked
Seat 4: AzureCaper (big blind) showed [Jd 6h] and won ($29.50) with two pair, Queens and Sixes


PokerStars Hand #163394104510:  Hold'em Limit ($3/$6 USD) - 2016/12/23 10:21:56 ET
Table 'Simona' 6-max Seat #2 is the button
Seat 2: sim5sim5 ($73.68 in chips)
Seat 4: AzureCaper ($203.80 in chips)
sim5sim5: posts small blind $1
AzureCaper: posts big blind $3
*** HOLE CARDS ***
sim5sim5: raises $3 to $6
AzureCaper: calls $3
*** FLOP *** [Kc Th 4h]
AzureCaper: checks
sim5sim5: bets $3
AzureCaper: folds
Uncalled bet ($3) returned to sim5sim5
sim5sim5 collected $11.76 from pot
sim5sim5: doesn't show hand
*** SUMMARY ***
Total pot $12 | Rake $0.24
Board [Kc Th 4h]
Seat 2: sim5sim5 (button) (small blind) collected ($11.76)
Seat 4: AzureCaper (big blind) folded on the Flop


PokerStars Hand #163394112185:  Hold'em Limit ($3/$6 USD) - 2016/12/23 10:22:06 ET
Table 'Simona' 6-max Seat #4 is the button
Seat 2: sim5sim5 ($79.44 in chips)
Seat 4: AzureCaper ($197.80 in chips)
AzureCaper: posts small blind $1
sim5sim5: posts big blind $3
*** HOLE CARDS ***
AzureCaper: folds
Uncalled bet ($2) returned to sim5sim5
sim5sim5 collected $2 from pot
sim5sim5: doesn't show hand
*** SUMMARY ***
Total pot $2 | Rake $0
Seat 2: sim5sim5 (big blind) collected ($2)
Seat 4: AzureCaper (button) (small blind) folded before Flop


