PokerStars Hand #174835494610:  Hold'em Limit ($3/$6 USD) - 2017/08/26 18:41:29 ET
Table 'Simonida' 6-max Seat #2 is the button
Seat 1: 1kulimasy ($165.85 in chips)
Seat 2: krytalex ($218.54 in chips)
krytalex: posts small blind $1
LEG252: is sitting out
love_mmm: is sitting out
1kulimasy: posts big blind $3
*** HOLE CARDS ***
LEG252 leaves the table
love_mmm leaves the table
krytalex: folds
Uncalled bet ($2) returned to 1kulimasy
1kulimasy collected $2 from pot
1kulimasy: doesn't show hand
*** SUMMARY ***
Total pot $2 | Rake $0
Seat 1: 1kulimasy (big blind) collected ($2)
Seat 2: krytalex (button) (small blind) folded before Flop


PokerStars Hand #174835501104:  Hold'em Limit ($3/$6 USD) - 2017/08/26 18:41:40 ET
Table 'Simonida' 6-max Seat #1 is the button
Seat 1: 1kulimasy ($166.85 in chips)
Seat 2: krytalex ($217.54 in chips)
1kulimasy: posts small blind $1
krytalex: posts big blind $3
*** HOLE CARDS ***
1kulimasy: raises $3 to $6
krytalex: calls $3
*** FLOP *** [5d Jc Tc]
krytalex: checks
1kulimasy: bets $3
krytalex: calls $3
*** TURN *** [5d Jc Tc] [Kc]
krytalex: checks
1kulimasy: checks
*** RIVER *** [5d Jc Tc Kc] [Ah]
krytalex: checks
1kulimasy: bets $6
krytalex: folds
Uncalled bet ($6) returned to 1kulimasy
1kulimasy collected $17.64 from pot
1kulimasy: doesn't show hand
*** SUMMARY ***
Total pot $18 | Rake $0.36
Board [5d Jc Tc Kc Ah]
Seat 1: 1kulimasy (button) (small blind) collected ($17.64)
Seat 2: krytalex (big blind) folded on the River


