PokerStars Hand #157095195660:  Hold'em Limit ($3/$6 USD) - 2016/08/10 7:17:07 ET
Table 'Simona' 6-max Seat #3 is the button
Seat 3: Don_Alling ($393.46 in chips)
Seat 5: simper11 ($342.58 in chips)
Don_Alling: posts small blind $1
simper11: posts big blind $3
*** HOLE CARDS ***
Don_Alling: raises $3 to $6
simper11: calls $3
*** FLOP *** [8d Ac 9d]
Harut447 leaves the table
simper11: checks
Don_Alling: bets $3
simper11: calls $3
*** TURN *** [8d Ac 9d] [Ad]
simper11: checks
Don_Alling: bets $6
simper11: calls $6
*** RIVER *** [8d Ac 9d Ad] [6h]
simper11: checks
Don_Alling: bets $6
simper11: calls $6
*** SHOW DOWN ***
Don_Alling: shows [Tc Ah] (three of a kind, Aces)
simper11: mucks hand
Don_Alling collected $41.50 from pot
*** SUMMARY ***
Total pot $42 | Rake $0.50
Board [8d Ac 9d Ad 6h]
Seat 3: Don_Alling (button) (small blind) showed [Tc Ah] and won ($41.50) with three of a kind, Aces
Seat 5: simper11 (big blind) mucked


PokerStars Hand #157095193645:  Hold'em Limit ($3/$6 USD) - 2016/08/10 7:17:02 ET
Table 'Simona' 6-max Seat #5 is the button
Seat 3: Don_Alling ($392.46 in chips)
Seat 5: simper11 ($343.58 in chips)
simper11: posts small blind $1
Don_Alling: posts big blind $3
*** HOLE CARDS ***
simper11: folds
Uncalled bet ($2) returned to Don_Alling
Don_Alling collected $2 from pot
Don_Alling: doesn't show hand
*** SUMMARY ***
Total pot $2 | Rake $0
Seat 3: Don_Alling (big blind) collected ($2)
Seat 5: simper11 (button) (small blind) folded before Flop


PokerStars Hand #157095223943:  Hold'em Limit ($3/$6 USD) - 2016/08/10 7:18:15 ET
Table 'Simona' 6-max Seat #5 is the button
Seat 3: Don_Alling ($347.96 in chips)
Seat 5: simper11 ($385.98 in chips)
simper11: posts small blind $1
Don_Alling: posts big blind $3
*** HOLE CARDS ***
simper11: raises $3 to $6
Don_Alling: calls $3
*** FLOP *** [Kc 7h Tc]
Don_Alling: checks
simper11: bets $3
Don_Alling: folds
Uncalled bet ($3) returned to simper11
simper11 collected $11.76 from pot
simper11: doesn't show hand
*** SUMMARY ***
Total pot $12 | Rake $0.24
Board [Kc 7h Tc]
Seat 3: Don_Alling (big blind) folded on the Flop
Seat 5: simper11 (button) (small blind) collected ($11.76)


PokerStars Hand #157095219410:  Hold'em Limit ($3/$6 USD) - 2016/08/10 7:18:04 ET
Table 'Simona' 6-max Seat #3 is the button
Seat 3: Don_Alling ($353.96 in chips)
Seat 5: simper11 ($380.22 in chips)
Don_Alling: posts small blind $1
simper11: posts big blind $3
*** HOLE CARDS ***
Don_Alling: raises $3 to $6
simper11: calls $3
*** FLOP *** [4c Qs Ac]
simper11: checks
Don_Alling: checks
*** TURN *** [4c Qs Ac] [6h]
simper11: checks
Don_Alling: checks
*** RIVER *** [4c Qs Ac 6h] [7c]
simper11: checks
Don_Alling: checks
*** SHOW DOWN ***
simper11: shows [8d 6s] (a pair of Sixes)
Don_Alling: mucks hand
simper11 collected $11.76 from pot
*** SUMMARY ***
Total pot $12 | Rake $0.24
Board [4c Qs Ac 6h 7c]
Seat 3: Don_Alling (button) (small blind) mucked
Seat 5: simper11 (big blind) showed [8d 6s] and won ($11.76) with a pair of Sixes


PokerStars Hand #157095213574:  Hold'em Limit ($3/$6 USD) - 2016/08/10 7:17:50 ET
Table 'Simona' 6-max Seat #5 is the button
Seat 3: Don_Alling ($368.96 in chips)
Seat 5: simper11 ($365.72 in chips)
simper11: posts small blind $1
Don_Alling: posts big blind $3
*** HOLE CARDS ***
simper11: raises $3 to $6
Don_Alling: calls $3
*** FLOP *** [6h 9c Ah]
Don_Alling: bets $3
simper11: calls $3
*** TURN *** [6h 9c Ah] [8c]
Don_Alling: bets $6
simper11: calls $6
*** RIVER *** [6h 9c Ah 8c] [8d]
Don_Alling: checks
simper11: checks
*** SHOW DOWN ***
Don_Alling: shows [7d 2d] (a pair of Eights)
simper11: shows [Ks 7c] (a pair of Eights - Ace+King kicker)
simper11 collected $29.50 from pot
*** SUMMARY ***
Total pot $30 | Rake $0.50
Board [6h 9c Ah 8c 8d]
Seat 3: Don_Alling (big blind) showed [7d 2d] and lost with a pair of Eights
Seat 5: simper11 (button) (small blind) showed [Ks 7c] and won ($29.50) with a pair of Eights


PokerStars Hand #157095209037:  Hold'em Limit ($3/$6 USD) - 2016/08/10 7:17:39 ET
Table 'Simona' 6-max Seat #3 is the button
Seat 3: Don_Alling ($377.96 in chips)
Seat 5: simper11 ($357.08 in chips)
Don_Alling: posts small blind $1
simper11: posts big blind $3
*** HOLE CARDS ***
Don_Alling: raises $3 to $6
simper11: calls $3
*** FLOP *** [5d Kd 7h]
simper11: checks
Don_Alling: bets $3
simper11: calls $3
*** TURN *** [5d Kd 7h] [Js]
simper11: checks
Don_Alling: checks
*** RIVER *** [5d Kd 7h Js] [Jh]
simper11: bets $6
Don_Alling: folds
Uncalled bet ($6) returned to simper11
simper11 collected $17.64 from pot
simper11: doesn't show hand
*** SUMMARY ***
Total pot $18 | Rake $0.36
Board [5d Kd 7h Js Jh]
Seat 3: Don_Alling (button) (small blind) folded on the River
Seat 5: simper11 (big blind) collected ($17.64)


PokerStars Hand #157095202132:  Hold'em Limit ($3/$6 USD) - 2016/08/10 7:17:23 ET
Table 'Simona' 6-max Seat #5 is the button
Seat 3: Don_Alling ($413.96 in chips)
Seat 5: simper11 ($321.58 in chips)
simper11: posts small blind $1
Don_Alling: posts big blind $3
*** HOLE CARDS ***
simper11: raises $3 to $6
Don_Alling: raises $3 to $9
simper11: calls $3
*** FLOP *** [Qh 4h 2h]
Don_Alling: bets $3
simper11: calls $3
*** TURN *** [Qh 4h 2h] [3c]
Don_Alling: bets $6
simper11: raises $6 to $12
Don_Alling: raises $6 to $18
simper11: calls $6
*** RIVER *** [Qh 4h 2h 3c] [Kc]
Don_Alling: bets $6
simper11: calls $6
*** SHOW DOWN ***
Don_Alling: shows [Qs As] (a pair of Queens)
simper11: shows [Ad 5d] (a straight, Ace to Five)
simper11 collected $71.50 from pot
*** SUMMARY ***
Total pot $72 | Rake $0.50
Board [Qh 4h 2h 3c Kc]
Seat 3: Don_Alling (big blind) showed [Qs As] and lost with a pair of Queens
Seat 5: simper11 (button) (small blind) showed [Ad 5d] and won ($71.50) with a straight, Ace to Five


PokerStars Hand #157095244162:  Hold'em Limit ($3/$6 USD) - 2016/08/10 7:19:03 ET
Table 'Simona' 6-max Seat #3 is the button
Seat 3: Don_Alling ($308.72 in chips)
Seat 5: simper11 ($423.76 in chips)
Don_Alling: posts small blind $1
simper11: posts big blind $3
*** HOLE CARDS ***
Don_Alling: raises $3 to $6
simper11: folds
Uncalled bet ($3) returned to Don_Alling
Don_Alling collected $6 from pot
Don_Alling: doesn't show hand
*** SUMMARY ***
Total pot $6 | Rake $0
Seat 3: Don_Alling (button) (small blind) collected ($6)
Seat 5: simper11 (big blind) folded before Flop


PokerStars Hand #157095240686:  Hold'em Limit ($3/$6 USD) - 2016/08/10 7:18:55 ET
Table 'Simona' 6-max Seat #5 is the button
Seat 3: Don_Alling ($302.96 in chips)
Seat 5: simper11 ($429.76 in chips)
simper11: posts small blind $1
Don_Alling: posts big blind $3
*** HOLE CARDS ***
simper11: raises $3 to $6
Don_Alling: calls $3
*** FLOP *** [2h 8d 2c]
Don_Alling: bets $3
simper11: folds
Uncalled bet ($3) returned to Don_Alling
Don_Alling collected $11.76 from pot
Don_Alling: doesn't show hand
*** SUMMARY ***
Total pot $12 | Rake $0.24
Board [2h 8d 2c]
Seat 3: Don_Alling (big blind) collected ($11.76)
Seat 5: simper11 (button) (small blind) folded on the Flop


PokerStars Hand #157095238250:  Hold'em Limit ($3/$6 USD) - 2016/08/10 7:18:49 ET
Table 'Simona' 6-max Seat #3 is the button
Seat 3: Don_Alling ($299.96 in chips)
Seat 5: simper11 ($432.76 in chips)
Don_Alling: posts small blind $1
simper11: posts big blind $3
*** HOLE CARDS ***
Don_Alling said, "wp"
Don_Alling: raises $3 to $6
simper11: folds
Uncalled bet ($3) returned to Don_Alling
Don_Alling collected $6 from pot
Don_Alling: doesn't show hand
*** SUMMARY ***
Total pot $6 | Rake $0
Seat 3: Don_Alling (button) (small blind) collected ($6)
Seat 5: simper11 (big blind) folded before Flop


PokerStars Hand #157095232205:  Hold'em Limit ($3/$6 USD) - 2016/08/10 7:18:34 ET
Table 'Simona' 6-max Seat #5 is the button
Seat 3: Don_Alling ($329.96 in chips)
Seat 5: simper11 ($403.26 in chips)
simper11: posts small blind $1
Don_Alling: posts big blind $3
*** HOLE CARDS ***
simper11: raises $3 to $6
Don_Alling: raises $3 to $9
simper11: calls $3
*** FLOP *** [6h Js 5d]
Don_Alling: bets $3
simper11: calls $3
*** TURN *** [6h Js 5d] [Ah]
Don_Alling: bets $6
simper11: calls $6
*** RIVER *** [6h Js 5d Ah] [4c]
Don_Alling: bets $6
simper11: raises $6 to $12
Don_Alling: calls $6
*** SHOW DOWN ***
simper11: shows [6c 4h] (two pair, Sixes and Fours)
Don_Alling: mucks hand
simper11 collected $59.50 from pot
*** SUMMARY ***
Total pot $60 | Rake $0.50
Board [6h Js 5d Ah 4c]
Seat 3: Don_Alling (big blind) mucked
Seat 5: simper11 (button) (small blind) showed [6c 4h] and won ($59.50) with two pair, Sixes and Fours


PokerStars Hand #157095227340:  Hold'em Limit ($3/$6 USD) - 2016/08/10 7:18:23 ET
Table 'Simona' 6-max Seat #3 is the button
Seat 3: Don_Alling ($341.96 in chips)
Seat 5: simper11 ($391.74 in chips)
Don_Alling: posts small blind $1
simper11: posts big blind $3
*** HOLE CARDS ***
Don_Alling: raises $3 to $6
simper11: calls $3
*** FLOP *** [Jh 3c 5d]
simper11: checks
Don_Alling: bets $3
simper11: raises $3 to $6
Don_Alling: calls $3
*** TURN *** [Jh 3c 5d] [6s]
simper11: bets $6
Don_Alling: folds
Uncalled bet ($6) returned to simper11
simper11 collected $23.52 from pot
simper11: doesn't show hand
*** SUMMARY ***
Total pot $24 | Rake $0.48
Board [Jh 3c 5d 6s]
Seat 3: Don_Alling (button) (small blind) folded on the Turn
Seat 5: simper11 (big blind) collected ($23.52)


PokerStars Hand #157095267183:  Hold'em Limit ($3/$6 USD) - 2016/08/10 7:19:58 ET
Table 'Simona' 6-max Seat #5 is the button
Seat 3: Don_Alling ($305.12 in chips)
Seat 5: simper11 ($426.26 in chips)
simper11: posts small blind $1
Don_Alling: posts big blind $3
*** HOLE CARDS ***
simper11: raises $3 to $6
Don_Alling: raises $3 to $9
simper11: calls $3
*** FLOP *** [2s Js 8d]
Don_Alling: bets $3
simper11: calls $3
*** TURN *** [2s Js 8d] [5s]
Don_Alling: bets $6
simper11: folds
Uncalled bet ($6) returned to Don_Alling
Don_Alling collected $23.52 from pot
Don_Alling: doesn't show hand
*** SUMMARY ***
Total pot $24 | Rake $0.48
Board [2s Js 8d 5s]
Seat 3: Don_Alling (big blind) collected ($23.52)
Seat 5: simper11 (button) (small blind) folded on the Turn


PokerStars Hand #157095265146:  Hold'em Limit ($3/$6 USD) - 2016/08/10 7:19:53 ET
Table 'Simona' 6-max Seat #3 is the button
Seat 3: Don_Alling ($302.12 in chips)
Seat 5: simper11 ($429.26 in chips)
Don_Alling: posts small blind $1
simper11: posts big blind $3
*** HOLE CARDS ***
Don_Alling: raises $3 to $6
simper11: folds
Uncalled bet ($3) returned to Don_Alling
Don_Alling collected $6 from pot
Don_Alling: doesn't show hand
*** SUMMARY ***
Total pot $6 | Rake $0
Seat 3: Don_Alling (button) (small blind) collected ($6)
Seat 5: simper11 (big blind) folded before Flop


PokerStars Hand #157095263129:  Hold'em Limit ($3/$6 USD) - 2016/08/10 7:19:48 ET
Table 'Simona' 6-max Seat #5 is the button
Seat 3: Don_Alling ($301.12 in chips)
Seat 5: simper11 ($430.26 in chips)
simper11: posts small blind $1
Don_Alling: posts big blind $3
*** HOLE CARDS ***
simper11: folds
Uncalled bet ($2) returned to Don_Alling
Don_Alling collected $2 from pot
Don_Alling: doesn't show hand
*** SUMMARY ***
Total pot $2 | Rake $0
Seat 3: Don_Alling (big blind) collected ($2)
Seat 5: simper11 (button) (small blind) folded before Flop


PokerStars Hand #157095259058:  Hold'em Limit ($3/$6 USD) - 2016/08/10 7:19:39 ET
Table 'Simona' 6-max Seat #3 is the button
Seat 3: Don_Alling ($295.36 in chips)
Seat 5: simper11 ($436.26 in chips)
Don_Alling: posts small blind $1
simper11: posts big blind $3
*** HOLE CARDS ***
Don_Alling: raises $3 to $6
simper11: calls $3
*** FLOP *** [6s Js Kh]
simper11: checks
Don_Alling: bets $3
simper11: folds
Uncalled bet ($3) returned to Don_Alling
Don_Alling collected $11.76 from pot
Don_Alling: doesn't show hand
*** SUMMARY ***
Total pot $12 | Rake $0.24
Board [6s Js Kh]
Seat 3: Don_Alling (button) (small blind) collected ($11.76)
Seat 5: simper11 (big blind) folded on the Flop


PokerStars Hand #157095252993:  Hold'em Limit ($3/$6 USD) - 2016/08/10 7:19:24 ET
Table 'Simona' 6-max Seat #5 is the button
Seat 3: Don_Alling ($319.36 in chips)
Seat 5: simper11 ($412.76 in chips)
simper11: posts small blind $1
Don_Alling: posts big blind $3
*** HOLE CARDS ***
simper11: raises $3 to $6
Don_Alling: raises $3 to $9
simper11: calls $3
*** FLOP *** [5d 9c 6s]
Don_Alling: bets $3
simper11: calls $3
*** TURN *** [5d 9c 6s] [Ah]
Don_Alling: bets $6
simper11: calls $6
*** RIVER *** [5d 9c 6s Ah] [Qc]
Don_Alling: bets $6
simper11: calls $6
*** SHOW DOWN ***
Don_Alling: shows [Th 8c] (high card Ace)
simper11: shows [Qd 8s] (a pair of Queens)
simper11 collected $47.50 from pot
*** SUMMARY ***
Total pot $48 | Rake $0.50
Board [5d 9c 6s Ah Qc]
Seat 3: Don_Alling (big blind) showed [Th 8c] and lost with high card Ace
Seat 5: simper11 (button) (small blind) showed [Qd 8s] and won ($47.50) with a pair of Queens


PokerStars Hand #157095251143:  Hold'em Limit ($3/$6 USD) - 2016/08/10 7:19:20 ET
Table 'Simona' 6-max Seat #3 is the button
Seat 3: Don_Alling ($320.36 in chips)
Seat 5: simper11 ($411.76 in chips)
Don_Alling: posts small blind $1
simper11: posts big blind $3
*** HOLE CARDS ***
Don_Alling: folds
Uncalled bet ($2) returned to simper11
simper11 collected $2 from pot
simper11: doesn't show hand
*** SUMMARY ***
Total pot $2 | Rake $0
Seat 3: Don_Alling (button) (small blind) folded before Flop
Seat 5: simper11 (big blind) collected ($2)


PokerStars Hand #157095246266:  Hold'em Limit ($3/$6 USD) - 2016/08/10 7:19:08 ET
Table 'Simona' 6-max Seat #5 is the button
Seat 3: Don_Alling ($311.72 in chips)
Seat 5: simper11 ($420.76 in chips)
simper11: posts small blind $1
Don_Alling: posts big blind $3
*** HOLE CARDS ***
simper11: raises $3 to $6
Don_Alling: raises $3 to $9
simper11: calls $3
*** FLOP *** [Jd Jc 4c]
Don_Alling: bets $3
simper11: folds
Uncalled bet ($3) returned to Don_Alling
Don_Alling collected $17.64 from pot
Don_Alling: doesn't show hand
*** SUMMARY ***
Total pot $18 | Rake $0.36
Board [Jd Jc 4c]
Seat 3: Don_Alling (big blind) collected ($17.64)
Seat 5: simper11 (button) (small blind) folded on the Flop


PokerStars Hand #157095272614:  Hold'em Limit ($3/$6 USD) - 2016/08/10 7:20:11 ET
Table 'Simona' 6-max Seat #3 is the button
Seat 3: Don_Alling ($316.64 in chips)
Seat 5: simper11 ($414.26 in chips)
Don_Alling: posts small blind $1
simper11: posts big blind $3
*** HOLE CARDS ***
Don_Alling: raises $3 to $6
simper11: calls $3
*** FLOP *** [Td 8d Ad]
simper11: checks
Don_Alling: bets $3
simper11: folds
Uncalled bet ($3) returned to Don_Alling
Don_Alling collected $11.76 from pot
Don_Alling: doesn't show hand
*** SUMMARY ***
Total pot $12 | Rake $0.24
Board [Td 8d Ad]
Seat 3: Don_Alling (button) (small blind) collected ($11.76)
Seat 5: simper11 (big blind) folded on the Flop


PokerStars Hand #157095295838:  Hold'em Limit ($3/$6 USD) - 2016/08/10 7:21:06 ET
Table 'Simona' 6-max Seat #3 is the button
Seat 3: Don_Alling ($363.18 in chips)
Seat 5: simper11 ($366.26 in chips)
Don_Alling: posts small blind $1
simper11: posts big blind $3
*** HOLE CARDS ***
Don_Alling: raises $3 to $6
simper11: raises $3 to $9
Don_Alling: calls $3
*** FLOP *** [Jd 4c 5c]
simper11: bets $3
Don_Alling: calls $3
*** TURN *** [Jd 4c 5c] [Ts]
simper11: bets $6
Don_Alling: calls $6
*** RIVER *** [Jd 4c 5c Ts] [6c]
simper11: bets $6
Don_Alling: folds
Uncalled bet ($6) returned to simper11
simper11 collected $35.50 from pot
simper11: doesn't show hand
*** SUMMARY ***
Total pot $36 | Rake $0.50
Board [Jd 4c 5c Ts 6c]
Seat 3: Don_Alling (button) (small blind) folded on the River
Seat 5: simper11 (big blind) collected ($35.50)


PokerStars Hand #157095289539:  Hold'em Limit ($3/$6 USD) - 2016/08/10 7:20:51 ET
Table 'Simona' 6-max Seat #5 is the button
Seat 3: Don_Alling ($339.68 in chips)
Seat 5: simper11 ($390.26 in chips)
simper11: posts small blind $1
Don_Alling: posts big blind $3
*** HOLE CARDS ***
simper11: raises $3 to $6
Don_Alling: raises $3 to $9
simper11: calls $3
*** FLOP *** [4d 9c 6c]
Don_Alling: bets $3
simper11: calls $3
*** TURN *** [4d 9c 6c] [2d]
Don_Alling: bets $6
simper11: calls $6
*** RIVER *** [4d 9c 6c 2d] [Kd]
Don_Alling: bets $6
simper11: calls $6
*** SHOW DOWN ***
Don_Alling: shows [9h 8s] (a pair of Nines)
simper11: mucks hand
Don_Alling collected $47.50 from pot
*** SUMMARY ***
Total pot $48 | Rake $0.50
Board [4d 9c 6c 2d Kd]
Seat 3: Don_Alling (big blind) showed [9h 8s] and won ($47.50) with a pair of Nines
Seat 5: simper11 (button) (small blind) mucked


PokerStars Hand #157095284495:  Hold'em Limit ($3/$6 USD) - 2016/08/10 7:20:39 ET
Table 'Simona' 6-max Seat #3 is the button
Seat 3: Don_Alling ($333.92 in chips)
Seat 5: simper11 ($396.26 in chips)
Don_Alling: posts small blind $1
simper11: posts big blind $3
*** HOLE CARDS ***
Don_Alling: raises $3 to $6
simper11: calls $3
*** FLOP *** [Ac As 6h]
simper11: checks
Don_Alling: bets $3
simper11: folds
Uncalled bet ($3) returned to Don_Alling
Don_Alling collected $11.76 from pot
Don_Alling: doesn't show hand
*** SUMMARY ***
Total pot $12 | Rake $0.24
Board [Ac As 6h]
Seat 3: Don_Alling (button) (small blind) collected ($11.76)
Seat 5: simper11 (big blind) folded on the Flop


PokerStars Hand #157095277325:  Hold'em Limit ($3/$6 USD) - 2016/08/10 7:20:22 ET
Table 'Simona' 6-max Seat #5 is the button
Seat 3: Don_Alling ($322.40 in chips)
Seat 5: simper11 ($408.26 in chips)
simper11: posts small blind $1
Don_Alling: posts big blind $3
*** HOLE CARDS ***
simper11: raises $3 to $6
Don_Alling: raises $3 to $9
simper11: calls $3
*** FLOP *** [5h 6c 3c]
Don_Alling: bets $3
simper11: calls $3
*** TURN *** [5h 6c 3c] [7h]
Don_Alling: checks
simper11: checks
*** RIVER *** [5h 6c 3c 7h] [6s]
Don_Alling: checks
simper11: checks
*** SHOW DOWN ***
Don_Alling: shows [Jd Kc] (a pair of Sixes)
simper11: mucks hand
Don_Alling collected $23.52 from pot
*** SUMMARY ***
Total pot $24 | Rake $0.48
Board [5h 6c 3c 7h 6s]
Seat 3: Don_Alling (big blind) showed [Jd Kc] and won ($23.52) with a pair of Sixes
Seat 5: simper11 (button) (small blind) mucked


PokerStars Hand #157095320001:  Hold'em Limit ($3/$6 USD) - 2016/08/10 7:22:03 ET
Table 'Simona' 6-max Seat #3 is the button
Seat 3: Don_Alling ($350.44 in chips)
Seat 5: simper11 ($377.26 in chips)
Don_Alling: posts small blind $1
simper11: posts big blind $3
*** HOLE CARDS ***
Don_Alling: raises $3 to $6
simper11: raises $3 to $9
Don_Alling: raises $3 to $12
Betting is capped
simper11: calls $3
*** FLOP *** [3h Jh 5h]
simper11: checks
Don_Alling: checks
*** TURN *** [3h Jh 5h] [9s]
simper11: bets $6
Don_Alling: raises $6 to $12
simper11: calls $6
*** RIVER *** [3h Jh 5h 9s] [Kc]
simper11: checks
Don_Alling: checks
*** SHOW DOWN ***
simper11: shows [Th Ad] (high card Ace)
Don_Alling: shows [9d 8c] (a pair of Nines)
Don_Alling collected $47.50 from pot
*** SUMMARY ***
Total pot $48 | Rake $0.50
Board [3h Jh 5h 9s Kc]
Seat 3: Don_Alling (button) (small blind) showed [9d 8c] and won ($47.50) with a pair of Nines
Seat 5: simper11 (big blind) showed [Th Ad] and lost with high card Ace


PokerStars Hand #157095312329:  Hold'em Limit ($3/$6 USD) - 2016/08/10 7:21:45 ET
Table 'Simona' 6-max Seat #5 is the button
Seat 3: Don_Alling ($332.94 in chips)
Seat 5: simper11 ($395.26 in chips)
simper11: posts small blind $1
Don_Alling: posts big blind $3
*** HOLE CARDS ***
simper11: raises $3 to $6
Don_Alling: raises $3 to $9
simper11: calls $3
*** FLOP *** [7h 3d Jc]
Don_Alling: bets $3
simper11: calls $3
*** TURN *** [7h 3d Jc] [2c]
Don_Alling: bets $6
simper11: calls $6
*** RIVER *** [7h 3d Jc 2c] [5c]
Don_Alling: bets $6
simper11: folds
Uncalled bet ($6) returned to Don_Alling
Don_Alling collected $35.50 from pot
Don_Alling: doesn't show hand
*** SUMMARY ***
Total pot $36 | Rake $0.50
Board [7h 3d Jc 2c 5c]
Seat 3: Don_Alling (big blind) collected ($35.50)
Seat 5: simper11 (button) (small blind) folded on the River


PokerStars Hand #157095308769:  Hold'em Limit ($3/$6 USD) - 2016/08/10 7:21:37 ET
Table 'Simona' 6-max Seat #3 is the button
Seat 3: Don_Alling ($327.18 in chips)
Seat 5: simper11 ($401.26 in chips)
Don_Alling: posts small blind $1
simper11: posts big blind $3
*** HOLE CARDS ***
Don_Alling: raises $3 to $6
simper11: calls $3
*** FLOP *** [7c Th Ah]
simper11: checks
Don_Alling: bets $3
simper11: folds
Uncalled bet ($3) returned to Don_Alling
Don_Alling collected $11.76 from pot
Don_Alling: doesn't show hand
*** SUMMARY ***
Total pot $12 | Rake $0.24
Board [7c Th Ah]
Seat 3: Don_Alling (button) (small blind) collected ($11.76)
Seat 5: simper11 (big blind) folded on the Flop


PokerStars Hand #157095303165:  Hold'em Limit ($3/$6 USD) - 2016/08/10 7:21:24 ET
Table 'Simona' 6-max Seat #5 is the button
Seat 3: Don_Alling ($345.18 in chips)
Seat 5: simper11 ($383.76 in chips)
simper11: posts small blind $1
Don_Alling: posts big blind $3
*** HOLE CARDS ***
simper11: raises $3 to $6
Don_Alling: raises $3 to $9
simper11: calls $3
*** FLOP *** [Ts Tc 8s]
Don_Alling: bets $3
simper11: calls $3
*** TURN *** [Ts Tc 8s] [9h]
Don_Alling: bets $6
simper11: raises $6 to $12
Don_Alling: folds
Uncalled bet ($6) returned to simper11
simper11 collected $35.50 from pot
simper11: doesn't show hand
*** SUMMARY ***
Total pot $36 | Rake $0.50
Board [Ts Tc 8s 9h]
Seat 3: Don_Alling (big blind) folded on the Turn
Seat 5: simper11 (button) (small blind) collected ($35.50)


PokerStars Hand #157095338766:  Hold'em Limit ($3/$6 USD) - 2016/08/10 7:22:48 ET
Table 'Simona' 6-max Seat #3 is the button
Seat 3: Don_Alling ($394.44 in chips)
Seat 5: simper11 ($332.26 in chips)
Don_Alling: posts small blind $1
simper11: posts big blind $3
*** HOLE CARDS ***
Don_Alling: raises $3 to $6
simper11: calls $3
*** FLOP *** [4h Ad 5c]
simper11: checks
Don_Alling: bets $3
simper11: calls $3
*** TURN *** [4h Ad 5c] [3s]
simper11: checks
Don_Alling: bets $6
simper11: calls $6
*** RIVER *** [4h Ad 5c 3s] [8c]
simper11: checks
Don_Alling: bets $6
simper11: calls $6
*** SHOW DOWN ***
Don_Alling: shows [Qh Qs] (a pair of Queens)
simper11: mucks hand
Don_Alling collected $41.50 from pot
*** SUMMARY ***
Total pot $42 | Rake $0.50
Board [4h Ad 5c 3s 8c]
Seat 3: Don_Alling (button) (small blind) showed [Qh Qs] and won ($41.50) with a pair of Queens
Seat 5: simper11 (big blind) mucked


PokerStars Hand #157095326735:  Hold'em Limit ($3/$6 USD) - 2016/08/10 7:22:19 ET
Table 'Simona' 6-max Seat #5 is the button
Seat 3: Don_Alling ($373.94 in chips)
Seat 5: simper11 ($353.26 in chips)
simper11: posts small blind $1
Don_Alling: posts big blind $3
*** HOLE CARDS ***
simper11 said, "lolo"
simper11 said, "lolol"
simper11 said, "clown"
simper11: raises $3 to $6
Don_Alling: calls $3
*** FLOP *** [7h 2s Th]
Don_Alling: bets $3
simper11: calls $3
*** TURN *** [7h 2s Th] [8c]
Don_Alling said, "lol. coming fromu. thats funny"
Don_Alling: bets $6
simper11: calls $6
*** RIVER *** [7h 2s Th 8c] [8d]
Don_Alling: bets $6
simper11: calls $6
*** SHOW DOWN ***
Don_Alling: shows [6d 9d] (a straight, Six to Ten)
simper11: mucks hand
Don_Alling collected $41.50 from pot
*** SUMMARY ***
Total pot $42 | Rake $0.50
Board [7h 2s Th 8c 8d]
Seat 3: Don_Alling (big blind) showed [6d 9d] and won ($41.50) with a straight, Six to Ten
Seat 5: simper11 (button) (small blind) mucked


PokerStars Hand #157095375155:  Hold'em Limit ($3/$6 USD) - 2016/08/10 7:24:14 ET
Table 'Simona' 6-max Seat #3 is the button
Seat 3: Don_Alling ($413.20 in chips)
Seat 5: simper11 ($311.52 in chips)
Don_Alling: posts small blind $1
simper11: posts big blind $3
*** HOLE CARDS ***
Don_Alling: folds
Uncalled bet ($2) returned to simper11
simper11 collected $2 from pot
simper11: doesn't show hand
*** SUMMARY ***
Total pot $2 | Rake $0
Seat 3: Don_Alling (button) (small blind) folded before Flop
Seat 5: simper11 (big blind) collected ($2)


PokerStars Hand #157095369359:  Hold'em Limit ($3/$6 USD) - 2016/08/10 7:24:01 ET
Table 'Simona' 6-max Seat #5 is the button
Seat 3: Don_Alling ($407.44 in chips)
Seat 5: simper11 ($317.52 in chips)
simper11: posts small blind $1
Don_Alling: posts big blind $3
*** HOLE CARDS ***
simper11: raises $3 to $6
Don_Alling: calls $3
*** FLOP *** [6h 5d 7h]
Don_Alling: bets $3
simper11: folds
Uncalled bet ($3) returned to Don_Alling
Don_Alling collected $11.76 from pot
Don_Alling: doesn't show hand
*** SUMMARY ***
Total pot $12 | Rake $0.24
Board [6h 5d 7h]
Seat 3: Don_Alling (big blind) collected ($11.76)
Seat 5: simper11 (button) (small blind) folded on the Flop


PokerStars Hand #157095364605:  Hold'em Limit ($3/$6 USD) - 2016/08/10 7:23:49 ET
Table 'Simona' 6-max Seat #3 is the button
Seat 3: Don_Alling ($413.44 in chips)
Seat 5: simper11 ($311.76 in chips)
Don_Alling: posts small blind $1
simper11: posts big blind $3
*** HOLE CARDS ***
Don_Alling: raises $3 to $6
simper11: calls $3
*** FLOP *** [6s 5d 4h]
simper11: checks
Don_Alling: checks
*** TURN *** [6s 5d 4h] [2s]
simper11: checks
Don_Alling: checks
*** RIVER *** [6s 5d 4h 2s] [4s]
simper11: checks
Don_Alling: checks
*** SHOW DOWN ***
simper11: shows [9s Qd] (a pair of Fours)
Don_Alling: mucks hand
simper11 collected $11.76 from pot
*** SUMMARY ***
Total pot $12 | Rake $0.24
Board [6s 5d 4h 2s 4s]
Seat 3: Don_Alling (button) (small blind) mucked
Seat 5: simper11 (big blind) showed [9s Qd] and won ($11.76) with a pair of Fours


PokerStars Hand #157095358008:  Hold'em Limit ($3/$6 USD) - 2016/08/10 7:23:34 ET
Table 'Simona' 6-max Seat #5 is the button
Seat 3: Don_Alling ($389.94 in chips)
Seat 5: simper11 ($335.76 in chips)
simper11: posts small blind $1
Don_Alling: posts big blind $3
*** HOLE CARDS ***
simper11: raises $3 to $6
Don_Alling: raises $3 to $9
simper11: calls $3
*** FLOP *** [5h Ts 6c]
Don_Alling: bets $3
simper11: calls $3
*** TURN *** [5h Ts 6c] [8d]
Don_Alling: bets $6
simper11: calls $6
*** RIVER *** [5h Ts 6c 8d] [4c]
Don_Alling: bets $6
simper11: calls $6
*** SHOW DOWN ***
Don_Alling: shows [4h 5d] (two pair, Fives and Fours)
simper11: mucks hand
Don_Alling collected $47.50 from pot
*** SUMMARY ***
Total pot $48 | Rake $0.50
Board [5h Ts 6c 8d 4c]
Seat 3: Don_Alling (big blind) showed [4h 5d] and won ($47.50) with two pair, Fives and Fours
Seat 5: simper11 (button) (small blind) mucked


PokerStars Hand #157095356168:  Hold'em Limit ($3/$6 USD) - 2016/08/10 7:23:29 ET
Table 'Simona' 6-max Seat #3 is the button
Seat 3: Don_Alling ($390.94 in chips)
Seat 5: simper11 ($334.76 in chips)
Don_Alling: posts small blind $1
simper11: posts big blind $3
*** HOLE CARDS ***
Don_Alling: folds
Uncalled bet ($2) returned to simper11
simper11 collected $2 from pot
simper11: doesn't show hand
*** SUMMARY ***
Total pot $2 | Rake $0
Seat 3: Don_Alling (button) (small blind) folded before Flop
Seat 5: simper11 (big blind) collected ($2)


PokerStars Hand #157095350040:  Hold'em Limit ($3/$6 USD) - 2016/08/10 7:23:14 ET
Table 'Simona' 6-max Seat #5 is the button
Seat 3: Don_Alling ($414.94 in chips)
Seat 5: simper11 ($311.26 in chips)
simper11: posts small blind $1
Don_Alling: posts big blind $3
*** HOLE CARDS ***
simper11: raises $3 to $6
Don_Alling: calls $3
*** FLOP *** [9h Qd Ac]
Don_Alling: bets $3
simper11: raises $3 to $6
Don_Alling: calls $3
*** TURN *** [9h Qd Ac] [Th]
Don_Alling: checks
simper11: bets $6
Don_Alling: calls $6
*** RIVER *** [9h Qd Ac Th] [Kd]
Don_Alling: checks
simper11: bets $6
Don_Alling: calls $6
*** SHOW DOWN ***
simper11: shows [Ah 5s] (a pair of Aces)
Don_Alling: mucks hand
simper11 collected $47.50 from pot
*** SUMMARY ***
Total pot $48 | Rake $0.50
Board [9h Qd Ac Th Kd]
Seat 3: Don_Alling (big blind) mucked
Seat 5: simper11 (button) (small blind) showed [Ah 5s] and won ($47.50) with a pair of Aces


PokerStars Hand #157095385968:  Hold'em Limit ($3/$6 USD) - 2016/08/10 7:24:40 ET
Table 'Simona' 6-max Seat #3 is the button
Seat 3: Don_Alling ($417.96 in chips)
Seat 5: simper11 ($306.52 in chips)
Don_Alling: posts small blind $1
simper11: posts big blind $3
*** HOLE CARDS ***
Don_Alling: folds
Uncalled bet ($2) returned to simper11
simper11 collected $2 from pot
simper11: doesn't show hand
*** SUMMARY ***
Total pot $2 | Rake $0
Seat 3: Don_Alling (button) (small blind) folded before Flop
Seat 5: simper11 (big blind) collected ($2)


PokerStars Hand #157095377161:  Hold'em Limit ($3/$6 USD) - 2016/08/10 7:24:19 ET
Table 'Simona' 6-max Seat #5 is the button
Seat 3: Don_Alling ($412.20 in chips)
Seat 5: simper11 ($312.52 in chips)
simper11: posts small blind $1
Don_Alling: posts big blind $3
*** HOLE CARDS ***
simper11: raises $3 to $6
Don_Alling: calls $3
*** FLOP *** [7h 8s 9d]
Don_Alling: checks
simper11: checks
*** TURN *** [7h 8s 9d] [9s]
Don_Alling: bets $6
simper11: folds
Uncalled bet ($6) returned to Don_Alling
Don_Alling collected $11.76 from pot
Don_Alling: doesn't show hand
*** SUMMARY ***
Total pot $12 | Rake $0.24
Board [7h 8s 9d 9s]
Seat 3: Don_Alling (big blind) collected ($11.76)
Seat 5: simper11 (button) (small blind) folded on the Turn


PokerStars Hand #157095388291:  Hold'em Limit ($3/$6 USD) - 2016/08/10 7:24:45 ET
Table 'Simona' 6-max Seat #5 is the button
Seat 3: Don_Alling ($416.96 in chips)
Seat 5: simper11 ($307.52 in chips)
simper11: posts small blind $1
Don_Alling: posts big blind $3
*** HOLE CARDS ***
simper11: raises $3 to $6
Don_Alling: calls $3
*** FLOP *** [Ks Td As]
Don_Alling: checks
simper11: bets $3
Don_Alling: calls $3
*** TURN *** [Ks Td As] [5s]
Don_Alling: checks
simper11: bets $6
Don_Alling: folds
Uncalled bet ($6) returned to simper11
simper11 collected $17.64 from pot
simper11: doesn't show hand
*** SUMMARY ***
Total pot $18 | Rake $0.36
Board [Ks Td As 5s]
Seat 3: Don_Alling (big blind) folded on the Turn
Seat 5: simper11 (button) (small blind) collected ($17.64)


PokerStars Hand #157095393000:  Hold'em Limit ($3/$6 USD) - 2016/08/10 7:24:57 ET
Table 'Simona' 6-max Seat #3 is the button
Seat 3: Don_Alling ($407.96 in chips)
Seat 5: simper11 ($316.16 in chips)
Don_Alling: posts small blind $1
simper11: posts big blind $3
*** HOLE CARDS ***
Don_Alling: raises $3 to $6
simper11: calls $3
*** FLOP *** [7h Qh Jd]
simper11: checks
Don_Alling: checks
*** TURN *** [7h Qh Jd] [3s]
simper11: checks
Don_Alling: checks
*** RIVER *** [7h Qh Jd 3s] [5d]
simper11: checks
Don_Alling: checks
*** SHOW DOWN ***
simper11: shows [Ac 5h] (a pair of Fives)
Don_Alling: mucks hand
simper11 collected $11.76 from pot
*** SUMMARY ***
Total pot $12 | Rake $0.24
Board [7h Qh Jd 3s 5d]
Seat 3: Don_Alling (button) (small blind) mucked
Seat 5: simper11 (big blind) showed [Ac 5h] and won ($11.76) with a pair of Fives


PokerStars Hand #157095398644:  Hold'em Limit ($3/$6 USD) - 2016/08/10 7:25:10 ET
Table 'Simona' 6-max Seat #5 is the button
Seat 3: Don_Alling ($401.96 in chips)
Seat 5: simper11 ($321.92 in chips)
simper11: posts small blind $1
Don_Alling: posts big blind $3
*** HOLE CARDS ***
simper11: raises $3 to $6
Don_Alling: calls $3
*** FLOP *** [8d 3s 4c]
Don_Alling: bets $3
simper11: calls $3
*** TURN *** [8d 3s 4c] [As]
Don_Alling: bets $6
simper11: raises $6 to $12
Don_Alling: calls $6
*** RIVER *** [8d 3s 4c As] [Qc]
Don_Alling: checks
simper11: checks
*** SHOW DOWN ***
Don_Alling: shows [4s 6h] (a pair of Fours)
simper11: mucks hand
Don_Alling collected $41.50 from pot
*** SUMMARY ***
Total pot $42 | Rake $0.50
Board [8d 3s 4c As Qc]
Seat 3: Don_Alling (big blind) showed [4s 6h] and won ($41.50) with a pair of Fours
Seat 5: simper11 (button) (small blind) mucked


PokerStars Hand #157095410096:  Hold'em Limit ($3/$6 USD) - 2016/08/10 7:25:38 ET
Table 'Simona' 6-max Seat #5 is the button
Seat 3: Don_Alling ($398.46 in chips)
Seat 5: simper11 ($324.42 in chips)
simper11: posts small blind $1
Don_Alling: posts big blind $3
*** HOLE CARDS ***
simper11: folds
Uncalled bet ($2) returned to Don_Alling
Don_Alling collected $2 from pot
Don_Alling: doesn't show hand
*** SUMMARY ***
Total pot $2 | Rake $0
Seat 3: Don_Alling (big blind) collected ($2)
Seat 5: simper11 (button) (small blind) folded before Flop


PokerStars Hand #157095404292:  Hold'em Limit ($3/$6 USD) - 2016/08/10 7:25:24 ET
Table 'Simona' 6-max Seat #3 is the button
Seat 3: Don_Alling ($422.46 in chips)
Seat 5: simper11 ($300.92 in chips)
Don_Alling: posts small blind $1
simper11: posts big blind $3
*** HOLE CARDS ***
Don_Alling: raises $3 to $6
simper11: calls $3
*** FLOP *** [2s 8h 5c]
simper11: checks
Don_Alling: bets $3
simper11: raises $3 to $6
Don_Alling: calls $3
*** TURN *** [2s 8h 5c] [8s]
simper11: bets $6
Don_Alling: calls $6
*** RIVER *** [2s 8h 5c 8s] [Qc]
simper11: bets $6
Don_Alling: calls $6
*** SHOW DOWN ***
simper11: shows [8d Ad] (three of a kind, Eights)
Don_Alling: mucks hand
simper11 collected $47.50 from pot
*** SUMMARY ***
Total pot $48 | Rake $0.50
Board [2s 8h 5c 8s Qc]
Seat 3: Don_Alling (button) (small blind) mucked
Seat 5: simper11 (big blind) showed [8d Ad] and won ($47.50) with three of a kind, Eights


PokerStars Hand #157095412331:  Hold'em Limit ($3/$6 USD) - 2016/08/10 7:25:43 ET
Table 'Simona' 6-max Seat #3 is the button
Seat 3: Don_Alling ($399.46 in chips)
Seat 5: simper11 ($323.42 in chips)
Don_Alling: posts small blind $1
simper11: posts big blind $3
*** HOLE CARDS ***
Don_Alling: raises $3 to $6
simper11: calls $3
*** FLOP *** [9s 2c 8s]
simper11: checks
Don_Alling: bets $3
simper11: calls $3
*** TURN *** [9s 2c 8s] [3h]
simper11: checks
Don_Alling: bets $6
simper11: folds
Uncalled bet ($6) returned to Don_Alling
Don_Alling collected $17.64 from pot
Don_Alling: doesn't show hand
*** SUMMARY ***
Total pot $18 | Rake $0.36
Board [9s 2c 8s 3h]
Seat 3: Don_Alling (button) (small blind) collected ($17.64)
Seat 5: simper11 (big blind) folded on the Turn


PokerStars Hand #157095417726:  Hold'em Limit ($3/$6 USD) - 2016/08/10 7:25:56 ET
Table 'Simona' 6-max Seat #5 is the button
Seat 3: Don_Alling ($408.10 in chips)
Seat 5: simper11 ($314.42 in chips)
simper11: posts small blind $1
Don_Alling: posts big blind $3
*** HOLE CARDS ***
simper11: raises $3 to $6
Don_Alling: calls $3
*** FLOP *** [9c 2d 5h]
Don_Alling: checks
simper11: bets $3
Don_Alling: calls $3
*** TURN *** [9c 2d 5h] [9d]
Don_Alling: checks
simper11: bets $6
Don_Alling: folds
Uncalled bet ($6) returned to simper11
simper11 collected $17.64 from pot
simper11: doesn't show hand
*** SUMMARY ***
Total pot $18 | Rake $0.36
Board [9c 2d 5h 9d]
Seat 3: Don_Alling (big blind) folded on the Turn
Seat 5: simper11 (button) (small blind) collected ($17.64)


PokerStars Hand #157095422238:  Hold'em Limit ($3/$6 USD) - 2016/08/10 7:26:07 ET
Table 'Simona' 6-max Seat #3 is the button
Seat 3: Don_Alling ($399.10 in chips)
Seat 5: simper11 ($323.06 in chips)
Don_Alling: posts small blind $1
simper11: posts big blind $3
*** HOLE CARDS ***
Don_Alling: folds
Uncalled bet ($2) returned to simper11
simper11 collected $2 from pot
simper11: doesn't show hand
*** SUMMARY ***
Total pot $2 | Rake $0
Seat 3: Don_Alling (button) (small blind) folded before Flop
Seat 5: simper11 (big blind) collected ($2)


PokerStars Hand #157095439180:  Hold'em Limit ($3/$6 USD) - 2016/08/10 7:26:47 ET
Table 'Simona' 6-max Seat #3 is the button
Seat 3: Don_Alling ($405.60 in chips)
Seat 5: simper11 ($315.58 in chips)
Don_Alling: posts small blind $1
simper11: posts big blind $3
*** HOLE CARDS ***
Don_Alling: raises $3 to $6
simper11: calls $3
*** FLOP *** [6h Td 2h]
simper11: checks
Don_Alling: bets $3
simper11: calls $3
*** TURN *** [6h Td 2h] [Th]
simper11: checks
Don_Alling: bets $6
simper11: calls $6
*** RIVER *** [6h Td 2h Th] [6d]
simper11: checks
Don_Alling: bets $6
simper11: folds
Uncalled bet ($6) returned to Don_Alling
Don_Alling collected $29.50 from pot
Don_Alling: doesn't show hand
*** SUMMARY ***
Total pot $30 | Rake $0.50
Board [6h Td 2h Th 6d]
Seat 3: Don_Alling (button) (small blind) collected ($29.50)
Seat 5: simper11 (big blind) folded on the River


PokerStars Hand #157095424309:  Hold'em Limit ($3/$6 USD) - 2016/08/10 7:26:11 ET
Table 'Simona' 6-max Seat #5 is the button
Seat 3: Don_Alling ($398.10 in chips)
Seat 5: simper11 ($324.06 in chips)
simper11: posts small blind $1
Don_Alling: posts big blind $3
*** HOLE CARDS ***
simper11: raises $3 to $6
Don_Alling: raises $3 to $9
simper11: calls $3
*** FLOP *** [3c Qd 5s]
Don_Alling: checks
simper11: checks
*** TURN *** [3c Qd 5s] [Jc]
Don_Alling: bets $6
simper11: calls $6
*** RIVER *** [3c Qd 5s Jc] [Tc]
Don_Alling: bets $6
simper11: calls $6
*** SHOW DOWN ***
Don_Alling: shows [9h Jd] (a pair of Jacks)
simper11: mucks hand
Don_Alling collected $41.50 from pot
*** SUMMARY ***
Total pot $42 | Rake $0.50
Board [3c Qd 5s Jc Tc]
Seat 3: Don_Alling (big blind) showed [9h Jd] and won ($41.50) with a pair of Jacks
Seat 5: simper11 (button) (small blind) mucked


PokerStars Hand #157095432629:  Hold'em Limit ($3/$6 USD) - 2016/08/10 7:26:31 ET
Table 'Simona' 6-max Seat #3 is the button
Seat 3: Don_Alling ($418.60 in chips)
Seat 5: simper11 ($303.06 in chips)
Don_Alling: posts small blind $1
simper11: posts big blind $3
*** HOLE CARDS ***
Don_Alling: folds
Uncalled bet ($2) returned to simper11
simper11 collected $2 from pot
simper11: doesn't show hand
*** SUMMARY ***
Total pot $2 | Rake $0
Seat 3: Don_Alling (button) (small blind) folded before Flop
Seat 5: simper11 (big blind) collected ($2)


PokerStars Hand #157095434535:  Hold'em Limit ($3/$6 USD) - 2016/08/10 7:26:36 ET
Table 'Simona' 6-max Seat #5 is the button
Seat 3: Don_Alling ($417.60 in chips)
Seat 5: simper11 ($304.06 in chips)
simper11: posts small blind $1
Don_Alling: posts big blind $3
*** HOLE CARDS ***
simper11: raises $3 to $6
Don_Alling: calls $3
*** FLOP *** [2d 8s 3d]
Don_Alling: bets $3
simper11: raises $3 to $6
Don_Alling: calls $3
*** TURN *** [2d 8s 3d] [Kc]
Don_Alling: checks
simper11: bets $6
Don_Alling: folds
Uncalled bet ($6) returned to simper11
simper11 collected $23.52 from pot
simper11: doesn't show hand
*** SUMMARY ***
Total pot $24 | Rake $0.48
Board [2d 8s 3d Kc]
Seat 3: Don_Alling (big blind) folded on the Turn
Seat 5: simper11 (button) (small blind) collected ($23.52)


PokerStars Hand #157095444853:  Hold'em Limit ($3/$6 USD) - 2016/08/10 7:27:00 ET
Table 'Simona' 6-max Seat #5 is the button
Seat 3: Don_Alling ($420.10 in chips)
Seat 5: simper11 ($300.58 in chips)
simper11: posts small blind $1
Don_Alling: posts big blind $3
*** HOLE CARDS ***
simper11: raises $3 to $6
Don_Alling: calls $3
*** FLOP *** [Jc 2h Kh]
Don_Alling: checks
simper11: bets $3
Don_Alling: calls $3
*** TURN *** [Jc 2h Kh] [4s]
Don_Alling: checks
simper11: bets $6
Don_Alling: calls $6
*** RIVER *** [Jc 2h Kh 4s] [8c]
Don_Alling: checks
simper11: bets $6
Don_Alling: calls $6
*** SHOW DOWN ***
simper11: shows [6d Kc] (a pair of Kings)
Don_Alling: mucks hand
simper11 collected $41.50 from pot
*** SUMMARY ***
Total pot $42 | Rake $0.50
Board [Jc 2h Kh 4s 8c]
Seat 3: Don_Alling (big blind) mucked
Seat 5: simper11 (button) (small blind) showed [6d Kc] and won ($41.50) with a pair of Kings


PokerStars Hand #157095450872:  Hold'em Limit ($3/$6 USD) - 2016/08/10 7:27:14 ET
Table 'Simona' 6-max Seat #3 is the button
Seat 3: Don_Alling ($399.10 in chips)
Seat 5: simper11 ($321.08 in chips)
Don_Alling: posts small blind $1
simper11: posts big blind $3
*** HOLE CARDS ***
Don_Alling: raises $3 to $6
simper11: calls $3
*** FLOP *** [Qc 9s Kc]
simper11: checks
Don_Alling: checks
*** TURN *** [Qc 9s Kc] [Js]
simper11: bets $6
Don_Alling: folds
Uncalled bet ($6) returned to simper11
simper11 collected $11.76 from pot
simper11: doesn't show hand
*** SUMMARY ***
Total pot $12 | Rake $0.24
Board [Qc 9s Kc Js]
Seat 3: Don_Alling (button) (small blind) folded on the Turn
Seat 5: simper11 (big blind) collected ($11.76)


PokerStars Hand #157095471806:  Hold'em Limit ($3/$6 USD) - 2016/08/10 7:28:04 ET
Table 'Simona' 6-max Seat #5 is the button
Seat 3: Don_Alling ($398.62 in chips)
Seat 5: simper11 ($320.60 in chips)
simper11: posts small blind $1
Don_Alling: posts big blind $3
*** HOLE CARDS ***
simper11: raises $3 to $6
Don_Alling: raises $3 to $9
simper11: calls $3
*** FLOP *** [Tc Ah 3c]
Don_Alling: bets $3
simper11: calls $3
*** TURN *** [Tc Ah 3c] [Kd]
Don_Alling: bets $6
simper11: raises $6 to $12
Don_Alling: calls $6
*** RIVER *** [Tc Ah 3c Kd] [7s]
Don_Alling: checks
simper11: bets $6
Don_Alling: calls $6
*** SHOW DOWN ***
simper11: shows [Kc 3h] (two pair, Kings and Threes)
Don_Alling: mucks hand
simper11 collected $59.50 from pot
*** SUMMARY ***
Total pot $60 | Rake $0.50
Board [Tc Ah 3c Kd 7s]
Seat 3: Don_Alling (big blind) mucked
Seat 5: simper11 (button) (small blind) showed [Kc 3h] and won ($59.50) with two pair, Kings and Threes


PokerStars Hand #157095477238:  Hold'em Limit ($3/$6 USD) - 2016/08/10 7:28:17 ET
Table 'Simona' 6-max Seat #3 is the button
Seat 3: Don_Alling ($368.62 in chips)
Seat 5: simper11 ($350.10 in chips)
Don_Alling: posts small blind $1
simper11: posts big blind $3
*** HOLE CARDS ***
Don_Alling: raises $3 to $6
simper11: folds
Uncalled bet ($3) returned to Don_Alling
Don_Alling collected $6 from pot
Don_Alling: doesn't show hand
*** SUMMARY ***
Total pot $6 | Rake $0
Seat 3: Don_Alling (button) (small blind) collected ($6)
Seat 5: simper11 (big blind) folded before Flop


PokerStars Hand #157095456641:  Hold'em Limit ($3/$6 USD) - 2016/08/10 7:27:28 ET
Table 'Simona' 6-max Seat #3 is the button
Seat 3: Don_Alling ($394.10 in chips)
Seat 5: simper11 ($325.84 in chips)
Don_Alling: posts small blind $1
simper11: posts big blind $3
*** HOLE CARDS ***
Don_Alling: raises $3 to $6
simper11: folds
Uncalled bet ($3) returned to Don_Alling
Don_Alling collected $6 from pot
Don_Alling: doesn't show hand
*** SUMMARY ***
Total pot $6 | Rake $0
Seat 3: Don_Alling (button) (small blind) collected ($6)
Seat 5: simper11 (big blind) folded before Flop


PokerStars Hand #157095454733:  Hold'em Limit ($3/$6 USD) - 2016/08/10 7:27:24 ET
Table 'Simona' 6-max Seat #5 is the button
Seat 3: Don_Alling ($393.10 in chips)
Seat 5: simper11 ($326.84 in chips)
simper11: posts small blind $1
Don_Alling: posts big blind $3
*** HOLE CARDS ***
simper11: folds
Uncalled bet ($2) returned to Don_Alling
Don_Alling collected $2 from pot
Don_Alling: doesn't show hand
*** SUMMARY ***
Total pot $2 | Rake $0
Seat 3: Don_Alling (big blind) collected ($2)
Seat 5: simper11 (button) (small blind) folded before Flop


PokerStars Hand #157095463183:  Hold'em Limit ($3/$6 USD) - 2016/08/10 7:27:44 ET
Table 'Simona' 6-max Seat #3 is the button
Seat 3: Don_Alling ($408.62 in chips)
Seat 5: simper11 ($310.84 in chips)
Don_Alling: posts small blind $1
simper11: posts big blind $3
*** HOLE CARDS ***
Don_Alling: folds
Uncalled bet ($2) returned to simper11
simper11 collected $2 from pot
simper11: doesn't show hand
*** SUMMARY ***
Total pot $2 | Rake $0
Seat 3: Don_Alling (button) (small blind) folded before Flop
Seat 5: simper11 (big blind) collected ($2)


PokerStars Hand #157095458532:  Hold'em Limit ($3/$6 USD) - 2016/08/10 7:27:33 ET
Table 'Simona' 6-max Seat #5 is the button
Seat 3: Don_Alling ($397.10 in chips)
Seat 5: simper11 ($322.84 in chips)
simper11: posts small blind $1
Don_Alling: posts big blind $3
*** HOLE CARDS ***
simper11: raises $3 to $6
Don_Alling: raises $3 to $9
simper11: calls $3
*** FLOP *** [Tc 8d 4s]
Don_Alling: bets $3
simper11: calls $3
*** TURN *** [Tc 8d 4s] [Ts]
Don_Alling: bets $6
simper11: folds
Uncalled bet ($6) returned to Don_Alling
Don_Alling collected $23.52 from pot
Don_Alling: doesn't show hand
*** SUMMARY ***
Total pot $24 | Rake $0.48
Board [Tc 8d 4s Ts]
Seat 3: Don_Alling (big blind) collected ($23.52)
Seat 5: simper11 (button) (small blind) folded on the Turn


PokerStars Hand #157095467604:  Hold'em Limit ($3/$6 USD) - 2016/08/10 7:27:54 ET
Table 'Simona' 6-max Seat #3 is the button
Seat 3: Don_Alling ($404.62 in chips)
Seat 5: simper11 ($314.84 in chips)
Don_Alling: posts small blind $1
simper11: posts big blind $3
*** HOLE CARDS ***
Don_Alling: raises $3 to $6
simper11: calls $3
*** FLOP *** [Td 7h 3c]
simper11: checks
Don_Alling: checks
*** TURN *** [Td 7h 3c] [8s]
simper11: bets $6
Don_Alling: folds
Uncalled bet ($6) returned to simper11
simper11 collected $11.76 from pot
simper11: doesn't show hand
*** SUMMARY ***
Total pot $12 | Rake $0.24
Board [Td 7h 3c 8s]
Seat 3: Don_Alling (button) (small blind) folded on the Turn
Seat 5: simper11 (big blind) collected ($11.76)


PokerStars Hand #157095465398:  Hold'em Limit ($3/$6 USD) - 2016/08/10 7:27:49 ET
Table 'Simona' 6-max Seat #5 is the button
Seat 3: Don_Alling ($407.62 in chips)
Seat 5: simper11 ($311.84 in chips)
simper11: posts small blind $1
Don_Alling: posts big blind $3
*** HOLE CARDS ***
simper11: raises $3 to $6
Don_Alling: folds
Uncalled bet ($3) returned to simper11
simper11 collected $6 from pot
simper11: doesn't show hand
*** SUMMARY ***
Total pot $6 | Rake $0
Seat 3: Don_Alling (big blind) folded before Flop
Seat 5: simper11 (button) (small blind) collected ($6)


PokerStars Hand #157095479802:  Hold'em Limit ($3/$6 USD) - 2016/08/10 7:28:23 ET
Table 'Simona' 6-max Seat #5 is the button
Seat 3: Don_Alling ($371.62 in chips)
Seat 5: simper11 ($347.10 in chips)
simper11: posts small blind $1
Don_Alling: posts big blind $3
*** HOLE CARDS ***
simper11: raises $3 to $6
Don_Alling: raises $3 to $9
simper11: calls $3
*** FLOP *** [3c 8s As]
Don_Alling: bets $3
simper11: folds
Uncalled bet ($3) returned to Don_Alling
Don_Alling collected $17.64 from pot
Don_Alling: doesn't show hand
*** SUMMARY ***
Total pot $18 | Rake $0.36
Board [3c 8s As]
Seat 3: Don_Alling (big blind) collected ($17.64)
Seat 5: simper11 (button) (small blind) folded on the Flop


PokerStars Hand #157095483983:  Hold'em Limit ($3/$6 USD) - 2016/08/10 7:28:33 ET
Table 'Simona' 6-max Seat #3 is the button
Seat 3: Don_Alling ($380.26 in chips)
Seat 5: simper11 ($338.10 in chips)
Don_Alling: posts small blind $1
simper11: posts big blind $3
*** HOLE CARDS ***
Don_Alling: raises $3 to $6
simper11: raises $3 to $9
Don_Alling: raises $3 to $12
Betting is capped
simper11: calls $3
*** FLOP *** [3h Td 7s]
simper11: checks
Don_Alling: checks
*** TURN *** [3h Td 7s] [5c]
simper11: bets $6
Don_Alling: calls $6
*** RIVER *** [3h Td 7s 5c] [Qh]
simper11: bets $6
Don_Alling: folds
Uncalled bet ($6) returned to simper11
simper11 collected $35.50 from pot
simper11: doesn't show hand
*** SUMMARY ***
Total pot $36 | Rake $0.50
Board [3h Td 7s 5c Qh]
Seat 3: Don_Alling (button) (small blind) folded on the River
Seat 5: simper11 (big blind) collected ($35.50)


PokerStars Hand #157095489613:  Hold'em Limit ($3/$6 USD) - 2016/08/10 7:28:46 ET
Table 'Simona' 6-max Seat #5 is the button
Seat 3: Don_Alling ($362.26 in chips)
Seat 5: simper11 ($355.60 in chips)
simper11: posts small blind $1
Don_Alling: posts big blind $3
*** HOLE CARDS ***
simper11: raises $3 to $6
Don_Alling: calls $3
*** FLOP *** [Ts Ah 3c]
Don_Alling: bets $3
simper11: raises $3 to $6
Don_Alling: folds
Uncalled bet ($3) returned to simper11
simper11 collected $17.64 from pot
simper11: doesn't show hand
*** SUMMARY ***
Total pot $18 | Rake $0.36
Board [Ts Ah 3c]
Seat 3: Don_Alling (big blind) folded on the Flop
Seat 5: simper11 (button) (small blind) collected ($17.64)


PokerStars Hand #157095493344:  Hold'em Limit ($3/$6 USD) - 2016/08/10 7:28:55 ET
Table 'Simona' 6-max Seat #3 is the button
Seat 3: Don_Alling ($353.26 in chips)
Seat 5: simper11 ($364.24 in chips)
Don_Alling: posts small blind $1
simper11: posts big blind $3
*** HOLE CARDS ***
Don_Alling: raises $3 to $6
simper11: calls $3
*** FLOP *** [8s Tc 7h]
simper11: checks
Don_Alling: bets $3
simper11: calls $3
*** TURN *** [8s Tc 7h] [Jh]
simper11: checks
Don_Alling: bets $6
simper11: folds
Uncalled bet ($6) returned to Don_Alling
Don_Alling collected $17.64 from pot
Don_Alling: doesn't show hand
*** SUMMARY ***
Total pot $18 | Rake $0.36
Board [8s Tc 7h Jh]
Seat 3: Don_Alling (button) (small blind) collected ($17.64)
Seat 5: simper11 (big blind) folded on the Turn


PokerStars Hand #157095522334:  Hold'em Limit ($3/$6 USD) - 2016/08/10 7:29:47 ET
Table 'Simona' 6-max Seat #5 is the button
Seat 3: Don_Alling ($345.42 in chips)
Seat 5: simper11 ($370.50 in chips)
simper11: posts small blind $1
Don_Alling: posts big blind $3
*** HOLE CARDS ***
simper11: raises $3 to $6
Don_Alling: raises $3 to $9
simper11: calls $3
*** FLOP *** [3s 7c 5s]
Don_Alling: bets $3
simper11: calls $3
*** TURN *** [3s 7c 5s] [9d]
Don_Alling: bets $6
simper11: calls $6
*** RIVER *** [3s 7c 5s 9d] [4s]
Don_Alling: bets $6
simper11: calls $6
*** SHOW DOWN ***
Don_Alling: shows [Ah Jc] (high card Ace)
simper11: shows [4h As] (a pair of Fours)
simper11 collected $47.50 from pot
*** SUMMARY ***
Total pot $48 | Rake $0.50
Board [3s 7c 5s 9d 4s]
Seat 3: Don_Alling (big blind) showed [Ah Jc] and lost with high card Ace
Seat 5: simper11 (button) (small blind) showed [4h As] and won ($47.50) with a pair of Fours


PokerStars Hand #157095509454:  Hold'em Limit ($3/$6 USD) - 2016/08/10 7:29:34 ET
Table 'Simona' 6-max Seat #3 is the button
Seat 3: Don_Alling ($366.42 in chips)
Seat 5: simper11 ($350 in chips)
Don_Alling: posts small blind $1
simper11: posts big blind $3
*** HOLE CARDS ***
Don_Alling: raises $3 to $6
simper11: raises $3 to $9
Don_Alling: raises $3 to $12
Betting is capped
simper11: calls $3
*** FLOP *** [2s Th 6c]
simper11: checks
Don_Alling: bets $3
simper11: calls $3
*** TURN *** [2s Th 6c] [9d]
simper11: checks
Don_Alling: checks
*** RIVER *** [2s Th 6c 9d] [Qs]
simper11: bets $6
Don_Alling: calls $6
*** SHOW DOWN ***
simper11: shows [Ks Qc] (a pair of Queens)
Don_Alling: mucks hand
simper11 collected $41.50 from pot
*** SUMMARY ***
Total pot $42 | Rake $0.50
Board [2s Th 6c 9d Qs]
Seat 3: Don_Alling (button) (small blind) mucked
Seat 5: simper11 (big blind) showed [Ks Qc] and won ($41.50) with a pair of Queens


PokerStars Hand #157095504803:  Hold'em Limit ($3/$6 USD) - 2016/08/10 7:29:23 ET
Table 'Simona' 6-max Seat #5 is the button
Seat 3: Don_Alling ($354.90 in chips)
Seat 5: simper11 ($362 in chips)
simper11: posts small blind $1
Don_Alling: posts big blind $3
*** HOLE CARDS ***
simper11: raises $3 to $6
Don_Alling: raises $3 to $9
simper11: calls $3
*** FLOP *** [2d Jh 9s]
Don_Alling: bets $3
simper11: calls $3
*** TURN *** [2d Jh 9s] [Th]
Don_Alling: bets $6
simper11: folds
Uncalled bet ($6) returned to Don_Alling
Don_Alling collected $23.52 from pot
Don_Alling: doesn't show hand
*** SUMMARY ***
Total pot $24 | Rake $0.48
Board [2d Jh 9s Th]
Seat 3: Don_Alling (big blind) collected ($23.52)
Seat 5: simper11 (button) (small blind) folded on the Turn


PokerStars Hand #157095502672:  Hold'em Limit ($3/$6 USD) - 2016/08/10 7:29:18 ET
Table 'Simona' 6-max Seat #3 is the button
Seat 3: Don_Alling ($355.90 in chips)
Seat 5: simper11 ($361 in chips)
Don_Alling: posts small blind $1
simper11: posts big blind $3
*** HOLE CARDS ***
Don_Alling: folds
Uncalled bet ($2) returned to simper11
simper11 collected $2 from pot
simper11: doesn't show hand
*** SUMMARY ***
Total pot $2 | Rake $0
Seat 3: Don_Alling (button) (small blind) folded before Flop
Seat 5: simper11 (big blind) collected ($2)


PokerStars Hand #157095498330:  Hold'em Limit ($3/$6 USD) - 2016/08/10 7:29:07 ET
Table 'Simona' 6-max Seat #5 is the button
Seat 3: Don_Alling ($361.90 in chips)
Seat 5: simper11 ($355.24 in chips)
simper11: posts small blind $1
Don_Alling: posts big blind $3
*** HOLE CARDS ***
simper11: raises $3 to $6
Don_Alling: calls $3
*** FLOP *** [Ac Tc Ks]
Don_Alling: checks
simper11: bets $3
Don_Alling: folds
Uncalled bet ($3) returned to simper11
simper11 collected $11.76 from pot
simper11: doesn't show hand
*** SUMMARY ***
Total pot $12 | Rake $0.24
Board [Ac Tc Ks]
Seat 3: Don_Alling (big blind) folded on the Flop
Seat 5: simper11 (button) (small blind) collected ($11.76)


PokerStars Hand #157095546062:  Hold'em Limit ($3/$6 USD) - 2016/08/10 7:30:43 ET
Table 'Simona' 6-max Seat #3 is the button
Seat 3: Don_Alling ($316.18 in chips)
Seat 5: simper11 ($398.52 in chips)
Don_Alling: posts small blind $1
simper11: posts big blind $3
*** HOLE CARDS ***
Don_Alling: raises $3 to $6
simper11: calls $3
*** FLOP *** [Tc 3h 2h]
simper11: checks
Don_Alling: bets $3
simper11: folds
Uncalled bet ($3) returned to Don_Alling
Don_Alling collected $11.76 from pot
Don_Alling: doesn't show hand
*** SUMMARY ***
Total pot $12 | Rake $0.24
Board [Tc 3h 2h]
Seat 3: Don_Alling (button) (small blind) collected ($11.76)
Seat 5: simper11 (big blind) folded on the Flop


PokerStars Hand #157095542809:  Hold'em Limit ($3/$6 USD) - 2016/08/10 7:30:35 ET
Table 'Simona' 6-max Seat #5 is the button
Seat 3: Don_Alling ($322.18 in chips)
Seat 5: simper11 ($392.76 in chips)
simper11: posts small blind $1
Don_Alling: posts big blind $3
*** HOLE CARDS ***
simper11: raises $3 to $6
Don_Alling: calls $3
*** FLOP *** [6d Qc 9c]
Don_Alling: checks
simper11: bets $3
Don_Alling: folds
Uncalled bet ($3) returned to simper11
simper11 collected $11.76 from pot
simper11: doesn't show hand
*** SUMMARY ***
Total pot $12 | Rake $0.24
Board [6d Qc 9c]
Seat 3: Don_Alling (big blind) folded on the Flop
Seat 5: simper11 (button) (small blind) collected ($11.76)


PokerStars Hand #157095538955:  Hold'em Limit ($3/$6 USD) - 2016/08/10 7:30:26 ET
Table 'Simona' 6-max Seat #3 is the button
Seat 3: Don_Alling ($316.42 in chips)
Seat 5: simper11 ($398.76 in chips)
Don_Alling: posts small blind $1
simper11: posts big blind $3
*** HOLE CARDS ***
Don_Alling: raises $3 to $6
simper11: calls $3
*** FLOP *** [9s Ac 6h]
simper11: checks
Don_Alling: bets $3
simper11: folds
Uncalled bet ($3) returned to Don_Alling
Don_Alling collected $11.76 from pot
Don_Alling: doesn't show hand
*** SUMMARY ***
Total pot $12 | Rake $0.24
Board [9s Ac 6h]
Seat 3: Don_Alling (button) (small blind) collected ($11.76)
Seat 5: simper11 (big blind) folded on the Flop


PokerStars Hand #157095537004:  Hold'em Limit ($3/$6 USD) - 2016/08/10 7:30:22 ET
Table 'Simona' 6-max Seat #5 is the button
Seat 3: Don_Alling ($315.42 in chips)
Seat 5: simper11 ($399.76 in chips)
simper11: posts small blind $1
Don_Alling: posts big blind $3
*** HOLE CARDS ***
simper11: folds
Uncalled bet ($2) returned to Don_Alling
Don_Alling collected $2 from pot
Don_Alling: doesn't show hand
*** SUMMARY ***
Total pot $2 | Rake $0
Seat 3: Don_Alling (big blind) collected ($2)
Seat 5: simper11 (button) (small blind) folded before Flop


PokerStars Hand #157095528208:  Hold'em Limit ($3/$6 USD) - 2016/08/10 7:30:01 ET
Table 'Simona' 6-max Seat #3 is the button
Seat 3: Don_Alling ($321.42 in chips)
Seat 5: simper11 ($394 in chips)
Don_Alling: posts small blind $1
simper11: posts big blind $3
*** HOLE CARDS ***
Don_Alling said, "sikk puppy u"
Don_Alling: raises $3 to $6
simper11: calls $3
*** FLOP *** [Jc 2d Jd]
simper11: checks
Don_Alling: checks
*** TURN *** [Jc 2d Jd] [2c]
simper11: checks
Don_Alling: checks
*** RIVER *** [Jc 2d Jd 2c] [Ts]
simper11: bets $6
Don_Alling: folds
Uncalled bet ($6) returned to simper11
simper11 collected $11.76 from pot
simper11: doesn't show hand
*** SUMMARY ***
Total pot $12 | Rake $0.24
Board [Jc 2d Jd 2c Ts]
Seat 3: Don_Alling (button) (small blind) folded on the River
Seat 5: simper11 (big blind) collected ($11.76)


PokerStars Hand #157095561216:  Hold'em Limit ($3/$6 USD) - 2016/08/10 7:31:18 ET
Table 'Simona' 6-max Seat #3 is the button
Seat 3: Don_Alling ($361.44 in chips)
Seat 5: simper11 ($352.52 in chips)
Don_Alling: posts small blind $1
simper11: posts big blind $3
*** HOLE CARDS ***
Don_Alling: raises $3 to $6
simper11: calls $3
*** FLOP *** [Ah Js Kc]
simper11: checks
Don_Alling: bets $3
simper11: raises $3 to $6
Don_Alling: folds
Uncalled bet ($3) returned to simper11
simper11 collected $17.64 from pot
simper11: doesn't show hand
*** SUMMARY ***
Total pot $18 | Rake $0.36
Board [Ah Js Kc]
Seat 3: Don_Alling (button) (small blind) folded on the Flop
Seat 5: simper11 (big blind) collected ($17.64)


PokerStars Hand #157095558962:  Hold'em Limit ($3/$6 USD) - 2016/08/10 7:31:13 ET
Table 'Simona' 6-max Seat #5 is the button
Seat 3: Don_Alling ($360.44 in chips)
Seat 5: simper11 ($353.52 in chips)
simper11: posts small blind $1
Don_Alling: posts big blind $3
*** HOLE CARDS ***
simper11: folds
Uncalled bet ($2) returned to Don_Alling
Don_Alling collected $2 from pot
Don_Alling: doesn't show hand
*** SUMMARY ***
Total pot $2 | Rake $0
Seat 3: Don_Alling (big blind) collected ($2)
Seat 5: simper11 (button) (small blind) folded before Flop


PokerStars Hand #157095556230:  Hold'em Limit ($3/$6 USD) - 2016/08/10 7:31:06 ET
Table 'Simona' 6-max Seat #3 is the button
Seat 3: Don_Alling ($357.44 in chips)
Seat 5: simper11 ($356.52 in chips)
Don_Alling: posts small blind $1
simper11: posts big blind $3
*** HOLE CARDS ***
Don_Alling: raises $3 to $6
simper11 said, "aahaha"
simper11: folds
Uncalled bet ($3) returned to Don_Alling
simper11 said, "hahahahahaha"
simper11 said, "haha"
Don_Alling collected $6 from pot
Don_Alling: doesn't show hand
*** SUMMARY ***
Total pot $6 | Rake $0
Seat 3: Don_Alling (button) (small blind) collected ($6)
Seat 5: simper11 (big blind) folded before Flop


PokerStars Hand #157095550205:  Hold'em Limit ($3/$6 USD) - 2016/08/10 7:30:52 ET
Table 'Simona' 6-max Seat #5 is the button
Seat 3: Don_Alling ($321.94 in chips)
Seat 5: simper11 ($392.52 in chips)
simper11: posts small blind $1
Don_Alling: posts big blind $3
*** HOLE CARDS ***
simper11: raises $3 to $6
Don_Alling: raises $3 to $9
simper11: calls $3
*** FLOP *** [Ah Ts 6d]
Don_Alling: bets $3
simper11: calls $3
*** TURN *** [Ah Ts 6d] [8s]
Don_Alling: bets $6
simper11: raises $6 to $12
Don_Alling: raises $6 to $18
simper11: calls $6
*** RIVER *** [Ah Ts 6d 8s] [Th]
Don_Alling: bets $6
simper11: calls $6
*** SHOW DOWN ***
Don_Alling: shows [9d 7h] (a straight, Six to Ten)
simper11: mucks hand
Don_Alling collected $71.50 from pot
*** SUMMARY ***
Total pot $72 | Rake $0.50
Board [Ah Ts 6d 8s Th]
Seat 3: Don_Alling (big blind) showed [9d 7h] and won ($71.50) with a straight, Six to Ten
Seat 5: simper11 (button) (small blind) mucked


PokerStars Hand #157095578575:  Hold'em Limit ($3/$6 USD) - 2016/08/10 7:31:58 ET
Table 'Simona' 6-max Seat #5 is the button
Seat 3: Don_Alling ($332.44 in chips)
Seat 5: simper11 ($380.44 in chips)
simper11 said, "olol"
simper11: posts small blind $1
Don_Alling: posts big blind $3
*** HOLE CARDS ***
simper11: raises $3 to $6
Don_Alling: folds
Uncalled bet ($3) returned to simper11
simper11 collected $6 from pot
simper11: doesn't show hand
*** SUMMARY ***
Total pot $6 | Rake $0
Seat 3: Don_Alling (big blind) folded before Flop
Seat 5: simper11 (button) (small blind) collected ($6)


PokerStars Hand #157095576445:  Hold'em Limit ($3/$6 USD) - 2016/08/10 7:31:54 ET
Table 'Simona' 6-max Seat #3 is the button
Seat 3: Don_Alling ($333.44 in chips)
Seat 5: simper11 ($379.44 in chips)
Don_Alling: posts small blind $1
simper11: posts big blind $3
*** HOLE CARDS ***
simper11 said, "lol"
Don_Alling: folds
Uncalled bet ($2) returned to simper11
simper11 said, "olo"
simper11 collected $2 from pot
simper11: doesn't show hand
simper11 said, "olol"
*** SUMMARY ***
Total pot $2 | Rake $0
Seat 3: Don_Alling (button) (small blind) folded before Flop
Seat 5: simper11 (big blind) collected ($2)


PokerStars Hand #157095570326:  Hold'em Limit ($3/$6 USD) - 2016/08/10 7:31:39 ET
Table 'Simona' 6-max Seat #5 is the button
Seat 3: Don_Alling ($345.44 in chips)
Seat 5: simper11 ($367.92 in chips)
simper11: posts small blind $1
Don_Alling: posts big blind $3
*** HOLE CARDS ***
simper11: raises $3 to $6
Don_Alling: calls $3
*** FLOP *** [7d 5h 3d]
Don_Alling: bets $3
simper11: raises $3 to $6
Don_Alling: calls $3
*** TURN *** [7d 5h 3d] [6c]
Don_Alling: checks
simper11: checks
*** RIVER *** [7d 5h 3d 6c] [9d]
Don_Alling: checks
simper11: checks
*** SHOW DOWN ***
Don_Alling: shows [Ts 2s] (high card Ten)
simper11: shows [3h Tc] (a pair of Threes)
simper11 collected $23.52 from pot
*** SUMMARY ***
Total pot $24 | Rake $0.48
Board [7d 5h 3d 6c 9d]
Seat 3: Don_Alling (big blind) showed [Ts 2s] and lost with high card Ten
Seat 5: simper11 (button) (small blind) showed [3h Tc] and won ($23.52) with a pair of Threes


PokerStars Hand #157095568457:  Hold'em Limit ($3/$6 USD) - 2016/08/10 7:31:35 ET
Table 'Simona' 6-max Seat #3 is the button
Seat 3: Don_Alling ($346.44 in chips)
Seat 5: simper11 ($366.92 in chips)
Don_Alling: posts small blind $1
simper11: posts big blind $3
*** HOLE CARDS ***
Don_Alling: folds
Uncalled bet ($2) returned to simper11
simper11 collected $2 from pot
simper11: doesn't show hand
*** SUMMARY ***
Total pot $2 | Rake $0
Seat 3: Don_Alling (button) (small blind) folded before Flop
Seat 5: simper11 (big blind) collected ($2)


PokerStars Hand #157095565260:  Hold'em Limit ($3/$6 USD) - 2016/08/10 7:31:27 ET
Table 'Simona' 6-max Seat #5 is the button
Seat 3: Don_Alling ($352.44 in chips)
Seat 5: simper11 ($361.16 in chips)
simper11: posts small blind $1
Don_Alling: posts big blind $3
*** HOLE CARDS ***
simper11: raises $3 to $6
Don_Alling: calls $3
*** FLOP *** [Jc Qd Qs]
Don_Alling: checks
simper11: bets $3
Don_Alling: folds
Uncalled bet ($3) returned to simper11
simper11 collected $11.76 from pot
simper11: doesn't show hand
*** SUMMARY ***
Total pot $12 | Rake $0.24
Board [Jc Qd Qs]
Seat 3: Don_Alling (big blind) folded on the Flop
Seat 5: simper11 (button) (small blind) collected ($11.76)


PokerStars Hand #157095593762:  Hold'em Limit ($3/$6 USD) - 2016/08/10 7:32:33 ET
Table 'Simona' 6-max Seat #3 is the button
Seat 3: Don_Alling ($361.44 in chips)
Seat 5: simper11 ($350.44 in chips)
Don_Alling: posts small blind $1
simper11: posts big blind $3
*** HOLE CARDS ***
Don_Alling: folds
Uncalled bet ($2) returned to simper11
simper11 collected $2 from pot
simper11: doesn't show hand
*** SUMMARY ***
Total pot $2 | Rake $0
Seat 3: Don_Alling (button) (small blind) folded before Flop
Seat 5: simper11 (big blind) collected ($2)


PokerStars Hand #157095588184:  Hold'em Limit ($3/$6 USD) - 2016/08/10 7:32:20 ET
Table 'Simona' 6-max Seat #5 is the button
Seat 3: Don_Alling ($343.94 in chips)
Seat 5: simper11 ($368.44 in chips)
simper11: posts small blind $1
Don_Alling: posts big blind $3
*** HOLE CARDS ***
simper11: raises $3 to $6
Don_Alling: raises $3 to $9
simper11: calls $3
*** FLOP *** [6h 7h Td]
Don_Alling said, "ROFL"
Don_Alling: bets $3
simper11: calls $3
*** TURN *** [6h 7h Td] [6c]
Don_Alling: bets $6
simper11: calls $6
*** RIVER *** [6h 7h Td 6c] [3d]
Don_Alling: bets $6
simper11: folds
Uncalled bet ($6) returned to Don_Alling
Don_Alling collected $35.50 from pot
Don_Alling: doesn't show hand
*** SUMMARY ***
Total pot $36 | Rake $0.50
Board [6h 7h Td 6c 3d]
Seat 3: Don_Alling (big blind) collected ($35.50)
Seat 5: simper11 (button) (small blind) folded on the River


PokerStars Hand #157095597603:  Hold'em Limit ($3/$6 USD) - 2016/08/10 7:32:42 ET
Table 'Simona' 6-max Seat #3 is the button
Seat 3: Don_Alling ($361.44 in chips)
Seat 5: simper11 ($350.44 in chips)
Don_Alling: posts small blind $1
simper11: posts big blind $3
*** HOLE CARDS ***
Don_Alling: folds
Uncalled bet ($2) returned to simper11
simper11 collected $2 from pot
simper11: doesn't show hand
*** SUMMARY ***
Total pot $2 | Rake $0
Seat 3: Don_Alling (button) (small blind) folded before Flop
Seat 5: simper11 (big blind) collected ($2)


PokerStars Hand #157095595684:  Hold'em Limit ($3/$6 USD) - 2016/08/10 7:32:38 ET
Table 'Simona' 6-max Seat #5 is the button
Seat 3: Don_Alling ($360.44 in chips)
Seat 5: simper11 ($351.44 in chips)
simper11: posts small blind $1
Don_Alling: posts big blind $3
*** HOLE CARDS ***
simper11: folds
Uncalled bet ($2) returned to Don_Alling
Don_Alling collected $2 from pot
Don_Alling: doesn't show hand
*** SUMMARY ***
Total pot $2 | Rake $0
Seat 3: Don_Alling (big blind) collected ($2)
Seat 5: simper11 (button) (small blind) folded before Flop


PokerStars Hand #157095633268:  Hold'em Limit ($3/$6 USD) - 2016/08/10 7:34:04 ET
Table 'Simona' 6-max Seat #3 is the button
Seat 3: Don_Alling ($363.47 in chips)
Seat 5: simper11 ($346.71 in chips)
Don_Alling: posts small blind $1
simper11: posts big blind $3
*** HOLE CARDS ***
Don_Alling: raises $3 to $6
simper11: folds
Uncalled bet ($3) returned to Don_Alling
Don_Alling collected $6 from pot
Don_Alling: doesn't show hand
*** SUMMARY ***
Total pot $6 | Rake $0
Seat 3: Don_Alling (button) (small blind) collected ($6)
Seat 5: simper11 (big blind) folded before Flop


PokerStars Hand #157095631400:  Hold'em Limit ($3/$6 USD) - 2016/08/10 7:34:00 ET
Table 'Simona' 6-max Seat #5 is the button
Seat 3: Don_Alling ($362.47 in chips)
Seat 5: simper11 ($347.71 in chips)
simper11: posts small blind $1
Don_Alling: posts big blind $3
*** HOLE CARDS ***
simper11: folds
Uncalled bet ($2) returned to Don_Alling
Don_Alling collected $2 from pot
Don_Alling: doesn't show hand
*** SUMMARY ***
Total pot $2 | Rake $0
Seat 3: Don_Alling (big blind) collected ($2)
Seat 5: simper11 (button) (small blind) folded before Flop


PokerStars Hand #157095628026:  Hold'em Limit ($3/$6 USD) - 2016/08/10 7:33:52 ET
Table 'Simona' 6-max Seat #3 is the button
Seat 3: Don_Alling ($356.71 in chips)
Seat 5: simper11 ($353.71 in chips)
Don_Alling: posts small blind $1
simper11: posts big blind $3
*** HOLE CARDS ***
Don_Alling: raises $3 to $6
simper11: calls $3
*** FLOP *** [Ah 9h As]
simper11: checks
Don_Alling: bets $3
simper11: folds
Uncalled bet ($3) returned to Don_Alling
Don_Alling collected $11.76 from pot
Don_Alling: doesn't show hand
*** SUMMARY ***
Total pot $12 | Rake $0.24
Board [Ah 9h As]
Seat 3: Don_Alling (button) (small blind) collected ($11.76)
Seat 5: simper11 (big blind) folded on the Flop


PokerStars Hand #157095621958:  Hold'em Limit ($3/$6 USD) - 2016/08/10 7:33:38 ET
Table 'Simona' 6-max Seat #5 is the button
Seat 3: Don_Alling ($356.96 in chips)
Seat 5: simper11 ($353.96 in chips)
simper11: posts small blind $1
Don_Alling: posts big blind $3
*** HOLE CARDS ***
simper11: raises $3 to $6
Don_Alling: raises $3 to $9
simper11: calls $3
*** FLOP *** [Js 9c 2d]
Don_Alling: bets $3
simper11: calls $3
*** TURN *** [Js 9c 2d] [2c]
Don_Alling: bets $6
simper11: raises $6 to $12
Don_Alling: raises $6 to $18
simper11: calls $6
*** RIVER *** [Js 9c 2d 2c] [Ah]
Don_Alling: bets $6
simper11: calls $6
*** SHOW DOWN ***
Don_Alling: shows [Jc Qc] (two pair, Jacks and Deuces)
simper11: shows [Jh Th] (two pair, Jacks and Deuces)
Don_Alling collected $35.75 from pot
simper11 collected $35.75 from pot
*** SUMMARY ***
Total pot $72 | Rake $0.50
Board [Js 9c 2d 2c Ah]
Seat 3: Don_Alling (big blind) showed [Jc Qc] and won ($35.75) with two pair, Jacks and Deuces
Seat 5: simper11 (button) (small blind) showed [Jh Th] and won ($35.75) with two pair, Jacks and Deuces


PokerStars Hand #157095617006:  Hold'em Limit ($3/$6 USD) - 2016/08/10 7:33:27 ET
Table 'Simona' 6-max Seat #3 is the button
Seat 3: Don_Alling ($362.96 in chips)
Seat 5: simper11 ($348.20 in chips)
Don_Alling: posts small blind $1
simper11: posts big blind $3
*** HOLE CARDS ***
Don_Alling: raises $3 to $6
simper11: calls $3
*** FLOP *** [9c As Jc]
simper11: checks
Don_Alling: checks
*** TURN *** [9c As Jc] [Ad]
simper11: checks
Don_Alling: checks
*** RIVER *** [9c As Jc Ad] [4s]
simper11: checks
Don_Alling: checks
*** SHOW DOWN ***
simper11: shows [Qd 8c] (a pair of Aces)
Don_Alling: mucks hand
simper11 collected $11.76 from pot
*** SUMMARY ***
Total pot $12 | Rake $0.24
Board [9c As Jc Ad 4s]
Seat 3: Don_Alling (button) (small blind) mucked
Seat 5: simper11 (big blind) showed [Qd 8c] and won ($11.76) with a pair of Aces


PokerStars Hand #157095614501:  Hold'em Limit ($3/$6 USD) - 2016/08/10 7:33:21 ET
Table 'Simona' 6-max Seat #5 is the button
Seat 3: Don_Alling ($365.96 in chips)
Seat 5: simper11 ($345.20 in chips)
simper11: posts small blind $1
Don_Alling: posts big blind $3
*** HOLE CARDS ***
simper11: raises $3 to $6
Don_Alling: folds
Uncalled bet ($3) returned to simper11
simper11 collected $6 from pot
simper11: doesn't show hand
*** SUMMARY ***
Total pot $6 | Rake $0
Seat 3: Don_Alling (big blind) folded before Flop
Seat 5: simper11 (button) (small blind) collected ($6)


PokerStars Hand #157095612449:  Hold'em Limit ($3/$6 USD) - 2016/08/10 7:33:16 ET
Table 'Simona' 6-max Seat #3 is the button
Seat 3: Don_Alling ($362.96 in chips)
Seat 5: simper11 ($348.20 in chips)
Don_Alling: posts small blind $1
simper11: posts big blind $3
*** HOLE CARDS ***
Don_Alling: raises $3 to $6
simper11: folds
Uncalled bet ($3) returned to Don_Alling
Don_Alling collected $6 from pot
Don_Alling: doesn't show hand
*** SUMMARY ***
Total pot $6 | Rake $0
Seat 3: Don_Alling (button) (small blind) collected ($6)
Seat 5: simper11 (big blind) folded before Flop


PokerStars Hand #157095610232:  Hold'em Limit ($3/$6 USD) - 2016/08/10 7:33:11 ET
Table 'Simona' 6-max Seat #5 is the button
Seat 3: Don_Alling ($365.96 in chips)
Seat 5: simper11 ($345.20 in chips)
simper11: posts small blind $1
Don_Alling: posts big blind $3
*** HOLE CARDS ***
simper11: raises $3 to $6
Don_Alling: folds
Uncalled bet ($3) returned to simper11
simper11 collected $6 from pot
simper11: doesn't show hand
*** SUMMARY ***
Total pot $6 | Rake $0
Seat 3: Don_Alling (big blind) folded before Flop
Seat 5: simper11 (button) (small blind) collected ($6)


PokerStars Hand #157095603888:  Hold'em Limit ($3/$6 USD) - 2016/08/10 7:32:57 ET
Table 'Simona' 6-max Seat #3 is the button
Seat 3: Don_Alling ($371.96 in chips)
Seat 5: simper11 ($339.44 in chips)
Don_Alling: posts small blind $1
simper11: posts big blind $3
*** HOLE CARDS ***
Don_Alling: raises $3 to $6
simper11: calls $3
*** FLOP *** [Tc 6c Ks]
simper11: checks
Don_Alling: checks
*** TURN *** [Tc 6c Ks] [3s]
simper11: checks
Don_Alling: checks
*** RIVER *** [Tc 6c Ks 3s] [Qh]
simper11: checks
Don_Alling: checks
*** SHOW DOWN ***
simper11: shows [9d 7c] (high card King)
Don_Alling: mucks hand
simper11 collected $11.76 from pot
*** SUMMARY ***
Total pot $12 | Rake $0.24
Board [Tc 6c Ks 3s Qh]
Seat 3: Don_Alling (button) (small blind) mucked
Seat 5: simper11 (big blind) showed [9d 7c] and won ($11.76) with high card King


PokerStars Hand #157095648462:  Hold'em Limit ($3/$6 USD) - 2016/08/10 7:34:40 ET
Table 'Simona' 6-max Seat #3 is the button
Seat 3: Don_Alling ($326.47 in chips)
Seat 5: simper11 ($382.71 in chips)
Don_Alling: posts small blind $1
simper11: posts big blind $3
*** HOLE CARDS ***
Don_Alling: folds
Uncalled bet ($2) returned to simper11
simper11 collected $2 from pot
simper11: doesn't show hand
*** SUMMARY ***
Total pot $2 | Rake $0
Seat 3: Don_Alling (button) (small blind) folded before Flop
Seat 5: simper11 (big blind) collected ($2)


PokerStars Hand #157095642695:  Hold'em Limit ($3/$6 USD) - 2016/08/10 7:34:27 ET
Table 'Simona' 6-max Seat #5 is the button
Seat 3: Don_Alling ($341.47 in chips)
Seat 5: simper11 ($368.21 in chips)
simper11: posts small blind $1
Don_Alling: posts big blind $3
*** HOLE CARDS ***
simper11: raises $3 to $6
Don_Alling: raises $3 to $9
simper11: calls $3
*** FLOP *** [2s 5c 4c]
Don_Alling: bets $3
simper11: raises $3 to $6
Don_Alling: calls $3
*** TURN *** [2s 5c 4c] [2h]
Don_Alling: checks
simper11: bets $6
Don_Alling: folds
Uncalled bet ($6) returned to simper11
simper11 collected $29.50 from pot
simper11: doesn't show hand
*** SUMMARY ***
Total pot $30 | Rake $0.50
Board [2s 5c 4c 2h]
Seat 3: Don_Alling (big blind) folded on the Turn
Seat 5: simper11 (button) (small blind) collected ($29.50)


PokerStars Hand #157095650439:  Hold'em Limit ($3/$6 USD) - 2016/08/10 7:34:45 ET
Table 'Simona' 6-max Seat #5 is the button
Seat 3: Don_Alling ($325.47 in chips)
Seat 5: simper11 ($383.71 in chips)
simper11: posts small blind $1
Don_Alling: posts big blind $3
*** HOLE CARDS ***
simper11: folds
Uncalled bet ($2) returned to Don_Alling
Don_Alling collected $2 from pot
Don_Alling: doesn't show hand
*** SUMMARY ***
Total pot $2 | Rake $0
Seat 3: Don_Alling (big blind) collected ($2)
Seat 5: simper11 (button) (small blind) folded before Flop


PokerStars Hand #157095653280:  Hold'em Limit ($3/$6 USD) - 2016/08/10 7:34:51 ET
Table 'Simona' 6-max Seat #3 is the button
Seat 3: Don_Alling ($326.47 in chips)
Seat 5: simper11 ($382.71 in chips)
Don_Alling: posts small blind $1
simper11: posts big blind $3
*** HOLE CARDS ***
Don_Alling: raises $3 to $6
simper11: calls $3
*** FLOP *** [8d Ad 7h]
simper11: checks
Don_Alling: bets $3
simper11: calls $3
*** TURN *** [8d Ad 7h] [6d]
simper11: checks
Don_Alling: bets $6
simper11: raises $6 to $12
Don_Alling: raises $6 to $18
simper11: calls $6
*** RIVER *** [8d Ad 7h 6d] [Jh]
simper11: checks
Don_Alling: bets $6
simper11: calls $6
*** SHOW DOWN ***
Don_Alling: shows [4d Kd] (a flush, Ace high)
simper11: mucks hand
Don_Alling collected $65.50 from pot
*** SUMMARY ***
Total pot $66 | Rake $0.50
Board [8d Ad 7h 6d Jh]
Seat 3: Don_Alling (button) (small blind) showed [4d Kd] and won ($65.50) with a flush, Ace high
Seat 5: simper11 (big blind) mucked


PokerStars Hand #157095665950:  Hold'em Limit ($3/$6 USD) - 2016/08/10 7:35:20 ET
Table 'Simona' 6-max Seat #3 is the button
Seat 3: Don_Alling ($382.47 in chips)
Seat 5: simper11 ($325.71 in chips)
Don_Alling: posts small blind $1
simper11: posts big blind $3
*** HOLE CARDS ***
Don_Alling: folds
Uncalled bet ($2) returned to simper11
simper11 collected $2 from pot
simper11: doesn't show hand
*** SUMMARY ***
Total pot $2 | Rake $0
Seat 3: Don_Alling (button) (small blind) folded before Flop
Seat 5: simper11 (big blind) collected ($2)


PokerStars Hand #157095660104:  Hold'em Limit ($3/$6 USD) - 2016/08/10 7:35:07 ET
Table 'Simona' 6-max Seat #5 is the button
Seat 3: Don_Alling ($358.97 in chips)
Seat 5: simper11 ($349.71 in chips)
simper11: posts small blind $1
Don_Alling: posts big blind $3
*** HOLE CARDS ***
Don_Alling said, "ROFL"
simper11: raises $3 to $6
Don_Alling: raises $3 to $9
simper11: calls $3
*** FLOP *** [6s 2h 2d]
Don_Alling: bets $3
simper11: calls $3
*** TURN *** [6s 2h 2d] [3c]
Don_Alling: bets $6
simper11: calls $6
*** RIVER *** [6s 2h 2d 3c] [9d]
Don_Alling: bets $6
simper11: calls $6
*** SHOW DOWN ***
Don_Alling: shows [7s 6d] (two pair, Sixes and Deuces)
simper11: mucks hand
Don_Alling collected $47.50 from pot
*** SUMMARY ***
Total pot $48 | Rake $0.50
Board [6s 2h 2d 3c 9d]
Seat 3: Don_Alling (big blind) showed [7s 6d] and won ($47.50) with two pair, Sixes and Deuces
Seat 5: simper11 (button) (small blind) mucked


PokerStars Hand #157095640964:  Hold'em Limit ($3/$6 USD) - 2016/08/10 7:34:22 ET
Table 'Simona' 6-max Seat #3 is the button
Seat 3: Don_Alling ($342.47 in chips)
Seat 5: simper11 ($367.21 in chips)
Don_Alling: posts small blind $1
simper11: posts big blind $3
*** HOLE CARDS ***
Don_Alling: folds
Uncalled bet ($2) returned to simper11
simper11 collected $2 from pot
simper11: doesn't show hand
*** SUMMARY ***
Total pot $2 | Rake $0
Seat 3: Don_Alling (button) (small blind) folded before Flop
Seat 5: simper11 (big blind) collected ($2)


PokerStars Hand #157095635408:  Hold'em Limit ($3/$6 USD) - 2016/08/10 7:34:09 ET
Table 'Simona' 6-max Seat #5 is the button
Seat 3: Don_Alling ($366.47 in chips)
Seat 5: simper11 ($343.71 in chips)
simper11: posts small blind $1
Don_Alling: posts big blind $3
*** HOLE CARDS ***
simper11: raises $3 to $6
Don_Alling: raises $3 to $9
simper11: calls $3
*** FLOP *** [2c 2s Tc]
Don_Alling: bets $3
simper11: calls $3
*** TURN *** [2c 2s Tc] [Kc]
Don_Alling: bets $6
simper11: calls $6
*** RIVER *** [2c 2s Tc Kc] [3h]
Don_Alling: bets $6
simper11: calls $6
*** SHOW DOWN ***
Don_Alling: shows [5d 4d] (a pair of Deuces)
simper11: shows [As 6c] (a pair of Deuces - Ace kicker)
simper11 collected $47.50 from pot
*** SUMMARY ***
Total pot $48 | Rake $0.50
Board [2c 2s Tc Kc 3h]
Seat 3: Don_Alling (big blind) showed [5d 4d] and lost with a pair of Deuces
Seat 5: simper11 (button) (small blind) showed [As 6c] and won ($47.50) with a pair of Deuces


PokerStars Hand #157095669793:  Hold'em Limit ($3/$6 USD) - 2016/08/10 7:35:29 ET
Table 'Simona' 6-max Seat #3 is the button
Seat 3: Don_Alling ($382.47 in chips)
Seat 5: simper11 ($325.71 in chips)
Don_Alling: posts small blind $1
simper11: posts big blind $3
*** HOLE CARDS ***
Don_Alling: raises $3 to $6
simper11: folds
Uncalled bet ($3) returned to Don_Alling
Don_Alling collected $6 from pot
Don_Alling: doesn't show hand
*** SUMMARY ***
Total pot $6 | Rake $0
Seat 3: Don_Alling (button) (small blind) collected ($6)
Seat 5: simper11 (big blind) folded before Flop


PokerStars Hand #157095667863:  Hold'em Limit ($3/$6 USD) - 2016/08/10 7:35:24 ET
Table 'Simona' 6-max Seat #5 is the button
Seat 3: Don_Alling ($381.47 in chips)
Seat 5: simper11 ($326.71 in chips)
simper11: posts small blind $1
Don_Alling: posts big blind $3
*** HOLE CARDS ***
simper11: folds
Uncalled bet ($2) returned to Don_Alling
Don_Alling collected $2 from pot
Don_Alling: doesn't show hand
*** SUMMARY ***
Total pot $2 | Rake $0
Seat 3: Don_Alling (big blind) collected ($2)
Seat 5: simper11 (button) (small blind) folded before Flop


PokerStars Hand #157095675550:  Hold'em Limit ($3/$6 USD) - 2016/08/10 7:35:42 ET
Table 'Simona' 6-max Seat #3 is the button
Seat 3: Don_Alling ($379.47 in chips)
Seat 5: simper11 ($328.47 in chips)
Don_Alling: posts small blind $1
simper11: posts big blind $3
*** HOLE CARDS ***
Don_Alling: raises $3 to $6
simper11: folds
Uncalled bet ($3) returned to Don_Alling
Don_Alling collected $6 from pot
Don_Alling: doesn't show hand
*** SUMMARY ***
Total pot $6 | Rake $0
Seat 3: Don_Alling (button) (small blind) collected ($6)
Seat 5: simper11 (big blind) folded before Flop


PokerStars Hand #157095671739:  Hold'em Limit ($3/$6 USD) - 2016/08/10 7:35:34 ET
Table 'Simona' 6-max Seat #5 is the button
Seat 3: Don_Alling ($385.47 in chips)
Seat 5: simper11 ($322.71 in chips)
simper11: posts small blind $1
Don_Alling: posts big blind $3
*** HOLE CARDS ***
simper11: raises $3 to $6
Don_Alling: calls $3
*** FLOP *** [Jh 4h Js]
Don_Alling: checks
simper11: bets $3
Don_Alling: folds
Uncalled bet ($3) returned to simper11
simper11 collected $11.76 from pot
simper11: doesn't show hand
*** SUMMARY ***
Total pot $12 | Rake $0.24
Board [Jh 4h Js]
Seat 3: Don_Alling (big blind) folded on the Flop
Seat 5: simper11 (button) (small blind) collected ($11.76)


PokerStars Hand #157095695159:  Hold'em Limit ($3/$6 USD) - 2016/08/10 7:36:28 ET
Table 'Simona' 6-max Seat #3 is the button
Seat 3: Don_Alling ($369.97 in chips)
Seat 5: simper11 ($336.61 in chips)
Don_Alling: posts small blind $1
simper11: posts big blind $3
*** HOLE CARDS ***
Don_Alling: raises $3 to $6
simper11: folds
Uncalled bet ($3) returned to Don_Alling
Don_Alling collected $6 from pot
Don_Alling: doesn't show hand
*** SUMMARY ***
Total pot $6 | Rake $0
Seat 3: Don_Alling (button) (small blind) collected ($6)
Seat 5: simper11 (big blind) folded before Flop


PokerStars Hand #157095689045:  Hold'em Limit ($3/$6 USD) - 2016/08/10 7:36:14 ET
Table 'Simona' 6-max Seat #5 is the button
Seat 3: Don_Alling ($378.97 in chips)
Seat 5: simper11 ($327.97 in chips)
simper11: posts small blind $1
Don_Alling: posts big blind $3
*** HOLE CARDS ***
simper11 said, "looooooooool"
simper11: raises $3 to $6
Don_Alling: raises $3 to $9
simper11: calls $3
*** FLOP *** [2c Ac 3h]
Don_Alling said, "heheh"
Don_Alling: checks
simper11: checks
*** TURN *** [2c Ac 3h] [6d]
Don_Alling: checks
simper11: checks
*** RIVER *** [2c Ac 3h 6d] [4c]
Don_Alling: checks
simper11: bets $6
Don_Alling: folds
Uncalled bet ($6) returned to simper11
simper11 collected $17.64 from pot
simper11: doesn't show hand
*** SUMMARY ***
Total pot $18 | Rake $0.36
Board [2c Ac 3h 6d 4c]
Seat 3: Don_Alling (big blind) folded on the River
Seat 5: simper11 (button) (small blind) collected ($17.64)


PokerStars Hand #157095683154:  Hold'em Limit ($3/$6 USD) - 2016/08/10 7:36:00 ET
Table 'Simona' 6-max Seat #3 is the button
Seat 3: Don_Alling ($402.97 in chips)
Seat 5: simper11 ($304.47 in chips)
Don_Alling: posts small blind $1
simper11: posts big blind $3
*** HOLE CARDS ***
Don_Alling said, "LOOOL"
Don_Alling: raises $3 to $6
simper11: calls $3
*** FLOP *** [2s Qc Td]
simper11: checks
Don_Alling: bets $3
simper11: raises $3 to $6
Don_Alling: calls $3
*** TURN *** [2s Qc Td] [Kh]
simper11: bets $6
Don_Alling: calls $6
*** RIVER *** [2s Qc Td Kh] [Ad]
simper11: bets $6
Don_Alling: calls $6
*** SHOW DOWN ***
simper11: shows [4c Qs] (a pair of Queens)
Don_Alling: mucks hand
simper11 collected $47.50 from pot
*** SUMMARY ***
Total pot $48 | Rake $0.50
Board [2s Qc Td Kh Ad]
Seat 3: Don_Alling (button) (small blind) mucked
Seat 5: simper11 (big blind) showed [4c Qs] and won ($47.50) with a pair of Queens


PokerStars Hand #157095677603:  Hold'em Limit ($3/$6 USD) - 2016/08/10 7:35:47 ET
Table 'Simona' 6-max Seat #5 is the button
Seat 3: Don_Alling ($382.47 in chips)
Seat 5: simper11 ($325.47 in chips)
simper11: posts small blind $1
Don_Alling: posts big blind $3
*** HOLE CARDS ***
simper11: raises $3 to $6
Don_Alling: calls $3
*** FLOP *** [Jd Kc Td]
Don_Alling: bets $3
simper11: calls $3
*** TURN *** [Jd Kc Td] [7c]
Don_Alling: checks
simper11: bets $6
Don_Alling: calls $6
*** RIVER *** [Jd Kc Td 7c] [Ts]
Don_Alling: checks
simper11: bets $6
Don_Alling: calls $6
*** SHOW DOWN ***
simper11: shows [9s 5h] (a pair of Tens)
Don_Alling: shows [Js 6d] (two pair, Jacks and Tens)
Don_Alling collected $41.50 from pot
*** SUMMARY ***
Total pot $42 | Rake $0.50
Board [Jd Kc Td 7c Ts]
Seat 3: Don_Alling (big blind) showed [Js 6d] and won ($41.50) with two pair, Jacks and Tens
Seat 5: simper11 (button) (small blind) showed [9s 5h] and lost with a pair of Tens


PokerStars Hand #157095697074:  Hold'em Limit ($3/$6 USD) - 2016/08/10 7:36:32 ET
Table 'Simona' 6-max Seat #5 is the button
Seat 3: Don_Alling ($372.97 in chips)
Seat 5: simper11 ($333.61 in chips)
simper11: posts small blind $1
Don_Alling: posts big blind $3
*** HOLE CARDS ***
simper11: raises $3 to $6
Don_Alling: raises $3 to $9
simper11: calls $3
*** FLOP *** [8c Qc Kh]
Don_Alling: bets $3
simper11: folds
Uncalled bet ($3) returned to Don_Alling
Don_Alling collected $17.64 from pot
Don_Alling: doesn't show hand
*** SUMMARY ***
Total pot $18 | Rake $0.36
Board [8c Qc Kh]
Seat 3: Don_Alling (big blind) collected ($17.64)
Seat 5: simper11 (button) (small blind) folded on the Flop


PokerStars Hand #157095701274:  Hold'em Limit ($3/$6 USD) - 2016/08/10 7:36:42 ET
Table 'Simona' 6-max Seat #3 is the button
Seat 3: Don_Alling ($381.61 in chips)
Seat 5: simper11 ($324.61 in chips)
Don_Alling: posts small blind $1
simper11: posts big blind $3
*** HOLE CARDS ***
Don_Alling: raises $3 to $6
simper11: raises $3 to $9
Don_Alling: raises $3 to $12
Betting is capped
simper11: calls $3
*** FLOP *** [5d As 9d]
simper11: checks
Don_Alling: checks
*** TURN *** [5d As 9d] [8d]
simper11: bets $6
Don_Alling: calls $6
*** RIVER *** [5d As 9d 8d] [9h]
simper11: bets $6
Don_Alling: calls $6
*** SHOW DOWN ***
simper11: shows [Jc Jh] (two pair, Jacks and Nines)
Don_Alling: mucks hand
simper11 collected $47.50 from pot
*** SUMMARY ***
Total pot $48 | Rake $0.50
Board [5d As 9d 8d 9h]
Seat 3: Don_Alling (button) (small blind) mucked
Seat 5: simper11 (big blind) showed [Jc Jh] and won ($47.50) with two pair, Jacks and Nines


PokerStars Hand #157095708480:  Hold'em Limit ($3/$6 USD) - 2016/08/10 7:36:59 ET
Table 'Simona' 6-max Seat #3 is the button
Seat 3: Don_Alling ($358.61 in chips)
Seat 5: simper11 ($347.11 in chips)
Don_Alling: posts small blind $1
simper11: posts big blind $3
*** HOLE CARDS ***
Don_Alling: raises $3 to $6
simper11: raises $3 to $9
Don_Alling: raises $3 to $12
Betting is capped
simper11: calls $3
*** FLOP *** [7h Qd 8c]
simper11: checks
Don_Alling: bets $3
simper11: calls $3
*** TURN *** [7h Qd 8c] [6c]
simper11: checks
Don_Alling: bets $6
simper11: folds
Uncalled bet ($6) returned to Don_Alling
Don_Alling collected $29.50 from pot
Don_Alling: doesn't show hand
*** SUMMARY ***
Total pot $30 | Rake $0.50
Board [7h Qd 8c 6c]
Seat 3: Don_Alling (button) (small blind) collected ($29.50)
Seat 5: simper11 (big blind) folded on the Turn


PokerStars Hand #157095706340:  Hold'em Limit ($3/$6 USD) - 2016/08/10 7:36:54 ET
Table 'Simona' 6-max Seat #5 is the button
Seat 3: Don_Alling ($357.61 in chips)
Seat 5: simper11 ($348.11 in chips)
simper11: posts small blind $1
Don_Alling: posts big blind $3
*** HOLE CARDS ***
simper11 said, "lol"
simper11: folds
Uncalled bet ($2) returned to Don_Alling
Don_Alling collected $2 from pot
Don_Alling: doesn't show hand
*** SUMMARY ***
Total pot $2 | Rake $0
Seat 3: Don_Alling (big blind) collected ($2)
Seat 5: simper11 (button) (small blind) folded before Flop


PokerStars Hand #157095718125:  Hold'em Limit ($3/$6 USD) - 2016/08/10 7:37:21 ET
Table 'Simona' 6-max Seat #3 is the button
Seat 3: Don_Alling ($364.11 in chips)
Seat 5: simper11 ($340.75 in chips)
Don_Alling: posts small blind $1
simper11: posts big blind $3
*** HOLE CARDS ***
Don_Alling: folds
Uncalled bet ($2) returned to simper11
simper11 collected $2 from pot
simper11: doesn't show hand
*** SUMMARY ***
Total pot $2 | Rake $0
Seat 3: Don_Alling (button) (small blind) folded before Flop
Seat 5: simper11 (big blind) collected ($2)


PokerStars Hand #157095713348:  Hold'em Limit ($3/$6 USD) - 2016/08/10 7:37:10 ET
Table 'Simona' 6-max Seat #5 is the button
Seat 3: Don_Alling ($373.11 in chips)
Seat 5: simper11 ($332.11 in chips)
simper11: posts small blind $1
Don_Alling: posts big blind $3
*** HOLE CARDS ***
simper11: raises $3 to $6
Don_Alling said, "lool"
Don_Alling: raises $3 to $9
simper11: calls $3
*** FLOP *** [5c Tc 5h]
Don_Alling: checks
simper11: checks
*** TURN *** [5c Tc 5h] [7d]
Don_Alling: checks
simper11: bets $6
Don_Alling: folds
Uncalled bet ($6) returned to simper11
simper11 collected $17.64 from pot
simper11: doesn't show hand
*** SUMMARY ***
Total pot $18 | Rake $0.36
Board [5c Tc 5h 7d]
Seat 3: Don_Alling (big blind) folded on the Turn
Seat 5: simper11 (button) (small blind) collected ($17.64)


PokerStars Hand #157095720080:  Hold'em Limit ($3/$6 USD) - 2016/08/10 7:37:26 ET
Table 'Simona' 6-max Seat #5 is the button
Seat 3: Don_Alling ($363.11 in chips)
Seat 5: simper11 ($341.75 in chips)
simper11: posts small blind $1
Don_Alling: posts big blind $3
*** HOLE CARDS ***
simper11: folds
Uncalled bet ($2) returned to Don_Alling
Don_Alling collected $2 from pot
Don_Alling: doesn't show hand
*** SUMMARY ***
Total pot $2 | Rake $0
Seat 3: Don_Alling (big blind) collected ($2)
Seat 5: simper11 (button) (small blind) folded before Flop


PokerStars Hand #157095721925:  Hold'em Limit ($3/$6 USD) - 2016/08/10 7:37:30 ET
Table 'Simona' 6-max Seat #3 is the button
Seat 3: Don_Alling ($364.11 in chips)
Seat 5: simper11 ($340.75 in chips)
Don_Alling: posts small blind $1
simper11: posts big blind $3
*** HOLE CARDS ***
Don_Alling: raises $3 to $6
simper11: raises $3 to $9
Don_Alling: raises $3 to $12
Betting is capped
simper11: calls $3
*** FLOP *** [6h 8h Js]
simper11: checks
Don_Alling: bets $3
simper11: raises $3 to $6
Don_Alling: calls $3
*** TURN *** [6h 8h Js] [9d]
simper11: bets $6
Don_Alling: raises $6 to $12
simper11: calls $6
*** RIVER *** [6h 8h Js 9d] [9h]
simper11: checks
Don_Alling: checks
*** SHOW DOWN ***
simper11: shows [Kh Qc] (a pair of Nines)
Don_Alling: shows [7c 7d] (two pair, Nines and Sevens)
Don_Alling collected $59.50 from pot
*** SUMMARY ***
Total pot $60 | Rake $0.50
Board [6h 8h Js 9d 9h]
Seat 3: Don_Alling (button) (small blind) showed [7c 7d] and won ($59.50) with two pair, Nines and Sevens
Seat 5: simper11 (big blind) showed [Kh Qc] and lost with a pair of Nines


PokerStars Hand #157095729385:  Hold'em Limit ($3/$6 USD) - 2016/08/10 7:37:47 ET
Table 'Simona' 6-max Seat #5 is the button
Seat 3: Don_Alling ($393.61 in chips)
Seat 5: simper11 ($310.75 in chips)
simper11: posts small blind $1
Don_Alling: posts big blind $3
*** HOLE CARDS ***
Don_Alling said, "LOOOOOOOOOOL"
simper11: raises $3 to $6
Don_Alling: calls $3
*** FLOP *** [Th 2d 3h]
Don_Alling: checks
simper11: bets $3
Don_Alling: folds
Uncalled bet ($3) returned to simper11
simper11 collected $11.76 from pot
simper11: doesn't show hand
*** SUMMARY ***
Total pot $12 | Rake $0.24
Board [Th 2d 3h]
Seat 3: Don_Alling (big blind) folded on the Flop
Seat 5: simper11 (button) (small blind) collected ($11.76)


PokerStars Hand #157095733387:  Hold'em Limit ($3/$6 USD) - 2016/08/10 7:37:56 ET
Table 'Simona' 6-max Seat #3 is the button
Seat 3: Don_Alling ($387.61 in chips)
Seat 5: simper11 ($316.51 in chips)
Don_Alling: posts small blind $1
simper11: posts big blind $3
*** HOLE CARDS ***
Don_Alling: raises $3 to $6
simper11: calls $3
*** FLOP *** [3d Jc 4d]
simper11: checks
Don_Alling: bets $3
simper11: raises $3 to $6
Don_Alling: calls $3
*** TURN *** [3d Jc 4d] [9d]
simper11: bets $6
Don_Alling: calls $6
*** RIVER *** [3d Jc 4d 9d] [9s]
simper11: bets $6
Don_Alling: folds
Uncalled bet ($6) returned to simper11
simper11 collected $35.50 from pot
simper11: doesn't show hand
*** SUMMARY ***
Total pot $36 | Rake $0.50
Board [3d Jc 4d 9d 9s]
Seat 3: Don_Alling (button) (small blind) folded on the River
Seat 5: simper11 (big blind) collected ($35.50)


PokerStars Hand #157095740327:  Hold'em Limit ($3/$6 USD) - 2016/08/10 7:38:12 ET
Table 'Simona' 6-max Seat #3 is the button
Seat 3: Don_Alling ($370.61 in chips)
Seat 5: simper11 ($333.01 in chips)
Don_Alling: posts small blind $1
simper11: posts big blind $3
*** HOLE CARDS ***
Don_Alling: raises $3 to $6
simper11: folds
Uncalled bet ($3) returned to Don_Alling
Don_Alling collected $6 from pot
Don_Alling: doesn't show hand
*** SUMMARY ***
Total pot $6 | Rake $0
Seat 3: Don_Alling (button) (small blind) collected ($6)
Seat 5: simper11 (big blind) folded before Flop


PokerStars Hand #157095738475:  Hold'em Limit ($3/$6 USD) - 2016/08/10 7:38:08 ET
Table 'Simona' 6-max Seat #5 is the button
Seat 3: Don_Alling ($369.61 in chips)
Seat 5: simper11 ($334.01 in chips)
simper11: posts small blind $1
Don_Alling: posts big blind $3
*** HOLE CARDS ***
simper11: folds
Uncalled bet ($2) returned to Don_Alling
Don_Alling collected $2 from pot
Don_Alling: doesn't show hand
*** SUMMARY ***
Total pot $2 | Rake $0
Seat 3: Don_Alling (big blind) collected ($2)
Seat 5: simper11 (button) (small blind) folded before Flop


PokerStars Hand #157095749584:  Hold'em Limit ($3/$6 USD) - 2016/08/10 7:38:33 ET
Table 'Simona' 6-max Seat #5 is the button
Seat 3: Don_Alling ($361.61 in chips)
Seat 5: simper11 ($341.53 in chips)
simper11: posts small blind $1
Don_Alling: posts big blind $3
*** HOLE CARDS ***
simper11: raises $3 to $6
Don_Alling: folds
Uncalled bet ($3) returned to simper11
simper11 collected $6 from pot
simper11: doesn't show hand
*** SUMMARY ***
Total pot $6 | Rake $0
Seat 3: Don_Alling (big blind) folded before Flop
Seat 5: simper11 (button) (small blind) collected ($6)


PokerStars Hand #157095745376:  Hold'em Limit ($3/$6 USD) - 2016/08/10 7:38:24 ET
Table 'Simona' 6-max Seat #3 is the button
Seat 3: Don_Alling ($367.61 in chips)
Seat 5: simper11 ($335.77 in chips)
Don_Alling: posts small blind $1
simper11: posts big blind $3
*** HOLE CARDS ***
Don_Alling: raises $3 to $6
simper11: calls $3
*** FLOP *** [3h 3c 8h]
simper11: checks
Don_Alling: checks
*** TURN *** [3h 3c 8h] [Kh]
simper11: bets $6
Don_Alling: folds
Uncalled bet ($6) returned to simper11
simper11 collected $11.76 from pot
simper11: doesn't show hand
*** SUMMARY ***
Total pot $12 | Rake $0.24
Board [3h 3c 8h Kh]
Seat 3: Don_Alling (button) (small blind) folded on the Turn
Seat 5: simper11 (big blind) collected ($11.76)


PokerStars Hand #157095742297:  Hold'em Limit ($3/$6 USD) - 2016/08/10 7:38:17 ET
Table 'Simona' 6-max Seat #5 is the button
Seat 3: Don_Alling ($373.61 in chips)
Seat 5: simper11 ($330.01 in chips)
simper11: posts small blind $1
Don_Alling: posts big blind $3
*** HOLE CARDS ***
simper11: raises $3 to $6
Don_Alling: calls $3
*** FLOP *** [Qh Ks Kc]
Don_Alling: checks
simper11: bets $3
Don_Alling: folds
Uncalled bet ($3) returned to simper11
simper11 collected $11.76 from pot
simper11: doesn't show hand
*** SUMMARY ***
Total pot $12 | Rake $0.24
Board [Qh Ks Kc]
Seat 3: Don_Alling (big blind) folded on the Flop
Seat 5: simper11 (button) (small blind) collected ($11.76)


PokerStars Hand #157095751725:  Hold'em Limit ($3/$6 USD) - 2016/08/10 7:38:38 ET
Table 'Simona' 6-max Seat #3 is the button
Seat 3: Don_Alling ($358.61 in chips)
Seat 5: simper11 ($344.53 in chips)
Don_Alling: posts small blind $1
simper11: posts big blind $3
*** HOLE CARDS ***
Don_Alling: raises $3 to $6
simper11: raises $3 to $9
Don_Alling: calls $3
*** FLOP *** [2s 4d Ks]
simper11: bets $3
Don_Alling: calls $3
*** TURN *** [2s 4d Ks] [5c]
simper11: bets $6
Don_Alling: calls $6
*** RIVER *** [2s 4d Ks 5c] [Qh]
simper11: bets $6
Don_Alling: calls $6
*** SHOW DOWN ***
simper11: shows [6h 6d] (a pair of Sixes)
Don_Alling: mucks hand
simper11 collected $47.50 from pot
*** SUMMARY ***
Total pot $48 | Rake $0.50
Board [2s 4d Ks 5c Qh]
Seat 3: Don_Alling (button) (small blind) mucked
Seat 5: simper11 (big blind) showed [6h 6d] and won ($47.50) with a pair of Sixes


PokerStars Hand #157095756466:  Hold'em Limit ($3/$6 USD) - 2016/08/10 7:38:49 ET
Table 'Simona' 6-max Seat #5 is the button
Seat 3: Don_Alling ($334.61 in chips)
Seat 5: simper11 ($368.03 in chips)
simper11: posts small blind $1
Don_Alling: posts big blind $3
*** HOLE CARDS ***
simper11: raises $3 to $6
Don_Alling: folds
Uncalled bet ($3) returned to simper11
simper11 collected $6 from pot
simper11: doesn't show hand
*** SUMMARY ***
Total pot $6 | Rake $0
Seat 3: Don_Alling (big blind) folded before Flop
Seat 5: simper11 (button) (small blind) collected ($6)


PokerStars Hand #157095760643:  Hold'em Limit ($3/$6 USD) - 2016/08/10 7:38:59 ET
Table 'Simona' 6-max Seat #5 is the button
Seat 3: Don_Alling ($334.61 in chips)
Seat 5: simper11 ($368.03 in chips)
simper11: posts small blind $1
Don_Alling: posts big blind $3
*** HOLE CARDS ***
simper11: raises $3 to $6
Don_Alling: calls $3
*** FLOP *** [Kh 4h Qc]
Don_Alling: checks
simper11: bets $3
Don_Alling: folds
Uncalled bet ($3) returned to simper11
simper11 collected $11.76 from pot
simper11: doesn't show hand
*** SUMMARY ***
Total pot $12 | Rake $0.24
Board [Kh 4h Qc]
Seat 3: Don_Alling (big blind) folded on the Flop
Seat 5: simper11 (button) (small blind) collected ($11.76)


PokerStars Hand #157095758312:  Hold'em Limit ($3/$6 USD) - 2016/08/10 7:38:53 ET
Table 'Simona' 6-max Seat #3 is the button
Seat 3: Don_Alling ($331.61 in chips)
Seat 5: simper11 ($371.03 in chips)
Don_Alling: posts small blind $1
simper11: posts big blind $3
*** HOLE CARDS ***
Don_Alling: raises $3 to $6
simper11: folds
Uncalled bet ($3) returned to Don_Alling
Don_Alling collected $6 from pot
Don_Alling: doesn't show hand
*** SUMMARY ***
Total pot $6 | Rake $0
Seat 3: Don_Alling (button) (small blind) collected ($6)
Seat 5: simper11 (big blind) folded before Flop


PokerStars Hand #157095787239:  Hold'em Limit ($3/$6 USD) - 2016/08/10 7:39:59 ET
Table 'Simona' 6-max Seat #5 is the button
Seat 3: Don_Alling ($389.65 in chips)
Seat 5: simper11 ($310.55 in chips)
simper11: posts small blind $1
Don_Alling: posts big blind $3
*** HOLE CARDS ***
simper11: raises $3 to $6
Don_Alling: calls $3
*** FLOP *** [3s 6d 9h]
Don_Alling: checks
simper11: bets $3
Don_Alling: folds
Uncalled bet ($3) returned to simper11
simper11 collected $11.76 from pot
simper11: doesn't show hand
*** SUMMARY ***
Total pot $12 | Rake $0.24
Board [3s 6d 9h]
Seat 3: Don_Alling (big blind) folded on the Flop
Seat 5: simper11 (button) (small blind) collected ($11.76)


PokerStars Hand #157095782125:  Hold'em Limit ($3/$6 USD) - 2016/08/10 7:39:48 ET
Table 'Simona' 6-max Seat #3 is the button
Seat 3: Don_Alling ($375.15 in chips)
Seat 5: simper11 ($325.55 in chips)
Don_Alling: posts small blind $1
simper11: posts big blind $3
*** HOLE CARDS ***
Don_Alling: raises $3 to $6
simper11: calls $3
*** FLOP *** [4c Qs 5d]
simper11: checks
Don_Alling: bets $3
simper11: calls $3
*** TURN *** [4c Qs 5d] [8d]
simper11: checks
Don_Alling: bets $6
simper11: calls $6
*** RIVER *** [4c Qs 5d 8d] [As]
simper11: checks
Don_Alling: bets $6
simper11: folds
Uncalled bet ($6) returned to Don_Alling
Don_Alling collected $29.50 from pot
Don_Alling: doesn't show hand
*** SUMMARY ***
Total pot $30 | Rake $0.50
Board [4c Qs 5d 8d As]
Seat 3: Don_Alling (button) (small blind) collected ($29.50)
Seat 5: simper11 (big blind) folded on the River


PokerStars Hand #157095777965:  Hold'em Limit ($3/$6 USD) - 2016/08/10 7:39:38 ET
Table 'Simona' 6-max Seat #5 is the button
Seat 3: Don_Alling ($363.63 in chips)
Seat 5: simper11 ($337.55 in chips)
simper11: posts small blind $1
Don_Alling: posts big blind $3
*** HOLE CARDS ***
simper11: raises $3 to $6
Don_Alling: raises $3 to $9
simper11: calls $3
*** FLOP *** [Jd 8c 9d]
Don_Alling: bets $3
simper11: calls $3
*** TURN *** [Jd 8c 9d] [Qs]
Don_Alling: bets $6
simper11: folds
Uncalled bet ($6) returned to Don_Alling
Don_Alling collected $23.52 from pot
Don_Alling: doesn't show hand
*** SUMMARY ***
Total pot $24 | Rake $0.48
Board [Jd 8c 9d Qs]
Seat 3: Don_Alling (big blind) collected ($23.52)
Seat 5: simper11 (button) (small blind) folded on the Turn


PokerStars Hand #157095773994:  Hold'em Limit ($3/$6 USD) - 2016/08/10 7:39:29 ET
Table 'Simona' 6-max Seat #3 is the button
Seat 3: Don_Alling ($352.11 in chips)
Seat 5: simper11 ($349.55 in chips)
Don_Alling: posts small blind $1
simper11: posts big blind $3
*** HOLE CARDS ***
Don_Alling: raises $3 to $6
simper11: calls $3
*** FLOP *** [Jh Qd 3s]
simper11: checks
Don_Alling: checks
*** TURN *** [Jh Qd 3s] [Ks]
simper11: bets $6
Don_Alling: raises $6 to $12
simper11: folds
Uncalled bet ($6) returned to Don_Alling
Don_Alling collected $23.52 from pot
Don_Alling: doesn't show hand
*** SUMMARY ***
Total pot $24 | Rake $0.48
Board [Jh Qd 3s Ks]
Seat 3: Don_Alling (button) (small blind) collected ($23.52)
Seat 5: simper11 (big blind) folded on the Turn


PokerStars Hand #157095770924:  Hold'em Limit ($3/$6 USD) - 2016/08/10 7:39:22 ET
Table 'Simona' 6-max Seat #5 is the button
Seat 3: Don_Alling ($358.11 in chips)
Seat 5: simper11 ($343.79 in chips)
simper11: posts small blind $1
Don_Alling: posts big blind $3
*** HOLE CARDS ***
simper11: raises $3 to $6
Don_Alling: calls $3
*** FLOP *** [8c 8h Qh]
Don_Alling: checks
simper11: bets $3
Don_Alling: folds
Uncalled bet ($3) returned to simper11
simper11 collected $11.76 from pot
simper11: doesn't show hand
*** SUMMARY ***
Total pot $12 | Rake $0.24
Board [8c 8h Qh]
Seat 3: Don_Alling (big blind) folded on the Flop
Seat 5: simper11 (button) (small blind) collected ($11.76)


PokerStars Hand #157095765482:  Hold'em Limit ($3/$6 USD) - 2016/08/10 7:39:09 ET
Table 'Simona' 6-max Seat #3 is the button
Seat 3: Don_Alling ($328.61 in chips)
Seat 5: simper11 ($373.79 in chips)
Don_Alling: posts small blind $1
simper11: posts big blind $3
*** HOLE CARDS ***
Don_Alling: raises $3 to $6
simper11: raises $3 to $9
Don_Alling: raises $3 to $12
Betting is capped
simper11: calls $3
*** FLOP *** [Js 6h 8d]
simper11: checks
Don_Alling: checks
*** TURN *** [Js 6h 8d] [Ac]
simper11: bets $6
Don_Alling: raises $6 to $12
simper11: calls $6
*** RIVER *** [Js 6h 8d Ac] [2h]
simper11: checks
Don_Alling: bets $6
simper11: calls $6
*** SHOW DOWN ***
Don_Alling: shows [Ks Ah] (a pair of Aces)
simper11: mucks hand
Don_Alling collected $59.50 from pot
*** SUMMARY ***
Total pot $60 | Rake $0.50
Board [Js 6h 8d Ac 2h]
Seat 3: Don_Alling (button) (small blind) showed [Ks Ah] and won ($59.50) with a pair of Aces
Seat 5: simper11 (big blind) mucked


PokerStars Hand #157095809993:  Hold'em Limit ($3/$6 USD) - 2016/08/10 7:40:51 ET
Table 'Simona' 6-max Seat #3 is the button
Seat 3: Don_Alling ($434.41 in chips)
Seat 5: simper11 ($264.31 in chips)
Don_Alling: posts small blind $1
simper11: posts big blind $3
*** HOLE CARDS ***
Don_Alling: raises $3 to $6
simper11: calls $3
*** FLOP *** [6d 3d Kc]
simper11: checks
Don_Alling: bets $3
simper11: calls $3
*** TURN *** [6d 3d Kc] [7s]
simper11: checks
Don_Alling: checks
*** RIVER *** [6d 3d Kc 7s] [As]
simper11: checks
Don_Alling: checks
*** SHOW DOWN ***
simper11: shows [7c Tc] (a pair of Sevens)
Don_Alling: mucks hand
simper11 collected $17.64 from pot
*** SUMMARY ***
Total pot $18 | Rake $0.36
Board [6d 3d Kc 7s As]
Seat 3: Don_Alling (button) (small blind) mucked
Seat 5: simper11 (big blind) showed [7c Tc] and won ($17.64) with a pair of Sevens


PokerStars Hand #157095808149:  Hold'em Limit ($3/$6 USD) - 2016/08/10 7:40:47 ET
Table 'Simona' 6-max Seat #5 is the button
Seat 3: Don_Alling ($433.41 in chips)
Seat 5: simper11 ($265.31 in chips)
simper11: posts small blind $1
Don_Alling: posts big blind $3
*** HOLE CARDS ***
simper11: folds
Uncalled bet ($2) returned to Don_Alling
Don_Alling collected $2 from pot
Don_Alling: doesn't show hand
*** SUMMARY ***
Total pot $2 | Rake $0
Seat 3: Don_Alling (big blind) collected ($2)
Seat 5: simper11 (button) (small blind) folded before Flop


PokerStars Hand #157095802309:  Hold'em Limit ($3/$6 USD) - 2016/08/10 7:40:34 ET
Table 'Simona' 6-max Seat #3 is the button
Seat 3: Don_Alling ($406.91 in chips)
Seat 5: simper11 ($292.31 in chips)
Don_Alling: posts small blind $1
simper11: posts big blind $3
*** HOLE CARDS ***
Don_Alling: raises $3 to $6
simper11: calls $3
*** FLOP *** [9c Kd Jd]
simper11: checks
Don_Alling: bets $3
simper11: raises $3 to $6
Don_Alling: raises $3 to $9
simper11: calls $3
*** TURN *** [9c Kd Jd] [7c]
simper11: checks
Don_Alling: bets $6
simper11: calls $6
*** RIVER *** [9c Kd Jd 7c] [8d]
simper11: checks
Don_Alling: bets $6
simper11: calls $6
*** SHOW DOWN ***
Don_Alling: shows [8c Tc] (a straight, Seven to Jack)
simper11: mucks hand
Don_Alling collected $53.50 from pot
*** SUMMARY ***
Total pot $54 | Rake $0.50
Board [9c Kd Jd 7c 8d]
Seat 3: Don_Alling (button) (small blind) showed [8c Tc] and won ($53.50) with a straight, Seven to Jack
Seat 5: simper11 (big blind) mucked


PokerStars Hand #157095797342:  Hold'em Limit ($3/$6 USD) - 2016/08/10 7:40:22 ET
Table 'Simona' 6-max Seat #5 is the button
Seat 3: Don_Alling ($389.41 in chips)
Seat 5: simper11 ($310.31 in chips)
simper11: posts small blind $1
Don_Alling: posts big blind $3
*** HOLE CARDS ***
simper11: raises $3 to $6
Don_Alling: raises $3 to $9
simper11: calls $3
*** FLOP *** [Td 8d 2s]
Don_Alling: bets $3
simper11: calls $3
*** TURN *** [Td 8d 2s] [Ah]
Don_Alling: bets $6
simper11: calls $6
*** RIVER *** [Td 8d 2s Ah] [4s]
Don_Alling: bets $6
simper11: folds
Uncalled bet ($6) returned to Don_Alling
Don_Alling collected $35.50 from pot
Don_Alling: doesn't show hand
*** SUMMARY ***
Total pot $36 | Rake $0.50
Board [Td 8d 2s Ah 4s]
Seat 3: Don_Alling (big blind) collected ($35.50)
Seat 5: simper11 (button) (small blind) folded on the River


PokerStars Hand #157095791969:  Hold'em Limit ($3/$6 USD) - 2016/08/10 7:40:10 ET
Table 'Simona' 6-max Seat #3 is the button
Seat 3: Don_Alling ($383.65 in chips)
Seat 5: simper11 ($316.31 in chips)
Don_Alling: posts small blind $1
simper11: posts big blind $3
*** HOLE CARDS ***
Don_Alling: raises $3 to $6
simper11: calls $3
*** FLOP *** [9c 2c 7s]
simper11: checks
Don_Alling: checks
*** TURN *** [9c 2c 7s] [4s]
simper11: checks
Don_Alling: checks
*** RIVER *** [9c 2c 7s 4s] [9d]
simper11: checks
Don_Alling: checks
*** SHOW DOWN ***
simper11: shows [6h 3c] (a pair of Nines)
Don_Alling: shows [8d Qc] (a pair of Nines - Queen kicker)
Don_Alling collected $11.76 from pot
*** SUMMARY ***
Total pot $12 | Rake $0.24
Board [9c 2c 7s 4s 9d]
Seat 3: Don_Alling (button) (small blind) showed [8d Qc] and won ($11.76) with a pair of Nines
Seat 5: simper11 (big blind) showed [6h 3c] and lost with a pair of Nines


PokerStars Hand #157095839560:  Hold'em Limit ($3/$6 USD) - 2016/08/10 7:41:59 ET
Table 'Simona' 6-max Seat #5 is the button
Seat 3: Don_Alling ($460.17 in chips)
Seat 5: simper11 ($236.47 in chips)
simper11: posts small blind $1
Don_Alling: posts big blind $3
*** HOLE CARDS ***
simper11: raises $3 to $6
Don_Alling: calls $3
*** FLOP *** [8h 6c As]
Don_Alling: checks
simper11: bets $3
Don_Alling: folds
Uncalled bet ($3) returned to simper11
simper11 collected $11.76 from pot
simper11: doesn't show hand
*** SUMMARY ***
Total pot $12 | Rake $0.24
Board [8h 6c As]
Seat 3: Don_Alling (big blind) folded on the Flop
Seat 5: simper11 (button) (small blind) collected ($11.76)


PokerStars Hand #157095835999:  Hold'em Limit ($3/$6 USD) - 2016/08/10 7:41:51 ET
Table 'Simona' 6-max Seat #3 is the button
Seat 3: Don_Alling ($454.41 in chips)
Seat 5: simper11 ($242.47 in chips)
Don_Alling: posts small blind $1
simper11: posts big blind $3
*** HOLE CARDS ***
Don_Alling: raises $3 to $6
simper11: calls $3
*** FLOP *** [2d 6d Ts]
simper11: checks
Don_Alling said, "loool"
Don_Alling: bets $3
simper11: folds
Uncalled bet ($3) returned to Don_Alling
Don_Alling collected $11.76 from pot
Don_Alling: doesn't show hand
*** SUMMARY ***
Total pot $12 | Rake $0.24
Board [2d 6d Ts]
Seat 3: Don_Alling (button) (small blind) collected ($11.76)
Seat 5: simper11 (big blind) folded on the Flop


PokerStars Hand #157095829934:  Hold'em Limit ($3/$6 USD) - 2016/08/10 7:41:37 ET
Table 'Simona' 6-max Seat #5 is the button
Seat 3: Don_Alling ($430.91 in chips)
Seat 5: simper11 ($266.47 in chips)
simper11: posts small blind $1
Don_Alling: posts big blind $3
*** HOLE CARDS ***
simper11: raises $3 to $6
Don_Alling: calls $3
*** FLOP *** [2c 4s Ks]
Don_Alling: checks
simper11: bets $3
Don_Alling: raises $3 to $6
simper11: calls $3
*** TURN *** [2c 4s Ks] [Qs]
Don_Alling: bets $6
simper11: calls $6
*** RIVER *** [2c 4s Ks Qs] [9h]
Don_Alling: bets $6
simper11: calls $6
*** SHOW DOWN ***
Don_Alling: shows [4h 3s] (a pair of Fours)
simper11: mucks hand
Don_Alling collected $47.50 from pot
*** SUMMARY ***
Total pot $48 | Rake $0.50
Board [2c 4s Ks Qs 9h]
Seat 3: Don_Alling (big blind) showed [4h 3s] and won ($47.50) with a pair of Fours
Seat 5: simper11 (button) (small blind) mucked


PokerStars Hand #157095825179:  Hold'em Limit ($3/$6 USD) - 2016/08/10 7:41:26 ET
Table 'Simona' 6-max Seat #3 is the button
Seat 3: Don_Alling ($442.91 in chips)
Seat 5: simper11 ($254.95 in chips)
Don_Alling: posts small blind $1
simper11: posts big blind $3
*** HOLE CARDS ***
Don_Alling: raises $3 to $6
simper11: calls $3
*** FLOP *** [Th 2c 7d]
simper11: checks
Don_Alling: bets $3
simper11: raises $3 to $6
Don_Alling: calls $3
*** TURN *** [Th 2c 7d] [7s]
simper11: bets $6
Don_Alling: folds
Uncalled bet ($6) returned to simper11
simper11 collected $23.52 from pot
simper11: doesn't show hand
*** SUMMARY ***
Total pot $24 | Rake $0.48
Board [Th 2c 7d 7s]
Seat 3: Don_Alling (button) (small blind) folded on the Turn
Seat 5: simper11 (big blind) collected ($23.52)


PokerStars Hand #157095819547:  Hold'em Limit ($3/$6 USD) - 2016/08/10 7:41:13 ET
Table 'Simona' 6-max Seat #5 is the button
Seat 3: Don_Alling ($425.41 in chips)
Seat 5: simper11 ($272.95 in chips)
simper11: posts small blind $1
Don_Alling: posts big blind $3
*** HOLE CARDS ***
simper11: raises $3 to $6
Don_Alling: raises $3 to $9
simper11: calls $3
*** FLOP *** [3c Kh 2h]
Don_Alling: bets $3
simper11: calls $3
*** TURN *** [3c Kh 2h] [2s]
Don_Alling: bets $6
simper11: calls $6
*** RIVER *** [3c Kh 2h 2s] [9c]
Don_Alling: bets $6
simper11: folds
Uncalled bet ($6) returned to Don_Alling
Don_Alling collected $35.50 from pot
Don_Alling: doesn't show hand
*** SUMMARY ***
Total pot $36 | Rake $0.50
Board [3c Kh 2h 2s 9c]
Seat 3: Don_Alling (big blind) collected ($35.50)
Seat 5: simper11 (button) (small blind) folded on the River


PokerStars Hand #157095848708:  Hold'em Limit ($3/$6 USD) - 2016/08/10 7:42:20 ET
Table 'Simona' 6-max Seat #5 is the button
Seat 3: Don_Alling ($433.17 in chips)
Seat 5: simper11 ($262.73 in chips)
simper11: posts small blind $1
Don_Alling: posts big blind $3
*** HOLE CARDS ***
simper11: raises $3 to $6
Don_Alling: raises $3 to $9
simper11: calls $3
*** FLOP *** [9h Qh Qc]
Don_Alling: bets $3
simper11: folds
Uncalled bet ($3) returned to Don_Alling
Don_Alling collected $17.64 from pot
Don_Alling: doesn't show hand
*** SUMMARY ***
Total pot $18 | Rake $0.36
Board [9h Qh Qc]
Seat 3: Don_Alling (big blind) collected ($17.64)
Seat 5: simper11 (button) (small blind) folded on the Flop


PokerStars Hand #157095842981:  Hold'em Limit ($3/$6 USD) - 2016/08/10 7:42:07 ET
Table 'Simona' 6-max Seat #3 is the button
Seat 3: Don_Alling ($454.17 in chips)
Seat 5: simper11 ($242.23 in chips)
Don_Alling: posts small blind $1
simper11: posts big blind $3
*** HOLE CARDS ***
Don_Alling: raises $3 to $6
simper11: calls $3
*** FLOP *** [9d 5s As]
simper11: checks
Don_Alling: bets $3
simper11: calls $3
*** TURN *** [9d 5s As] [2c]
simper11: checks
Don_Alling: bets $6
simper11: calls $6
*** RIVER *** [9d 5s As 2c] [Ad]
simper11: checks
Don_Alling: bets $6
simper11: calls $6
*** SHOW DOWN ***
Don_Alling: shows [7c 5h] (two pair, Aces and Fives)
simper11: shows [Ks 5d] (two pair, Aces and Fives - King kicker)
simper11 collected $41.50 from pot
*** SUMMARY ***
Total pot $42 | Rake $0.50
Board [9d 5s As 2c Ad]
Seat 3: Don_Alling (button) (small blind) showed [7c 5h] and lost with two pair, Aces and Fives
Seat 5: simper11 (big blind) showed [Ks 5d] and won ($41.50) with two pair, Aces and Fives


PokerStars Hand #157095870707:  Hold'em Limit ($3/$6 USD) - 2016/08/10 7:43:10 ET
Table 'Simona' 6-max Seat #3 is the button
Seat 3: Don_Alling ($421.45 in chips)
Seat 5: simper11 ($272.99 in chips)
Don_Alling: posts small blind $1
simper11: posts big blind $3
*** HOLE CARDS ***
Don_Alling: raises $3 to $6
simper11: calls $3
*** FLOP *** [Jh Ah 7d]
simper11: checks
Don_Alling: bets $3
simper11: folds
Uncalled bet ($3) returned to Don_Alling
Don_Alling collected $11.76 from pot
Don_Alling: doesn't show hand
*** SUMMARY ***
Total pot $12 | Rake $0.24
Board [Jh Ah 7d]
Seat 3: Don_Alling (button) (small blind) collected ($11.76)
Seat 5: simper11 (big blind) folded on the Flop


PokerStars Hand #157095864591:  Hold'em Limit ($3/$6 USD) - 2016/08/10 7:42:56 ET
Table 'Simona' 6-max Seat #3 is the button
Seat 3: Don_Alling ($426.45 in chips)
Seat 5: simper11 ($268.23 in chips)
Don_Alling: posts small blind $1
simper11: posts big blind $3
*** HOLE CARDS ***
Don_Alling: raises $3 to $6
simper11: calls $3
*** FLOP *** [Ts 9d 6d]
simper11: checks
Don_Alling: checks
*** TURN *** [Ts 9d 6d] [6s]
simper11: bets $6
Don_Alling: folds
Uncalled bet ($6) returned to simper11
simper11 collected $11.76 from pot
simper11: doesn't show hand
*** SUMMARY ***
Total pot $12 | Rake $0.24
Board [Ts 9d 6d 6s]
Seat 3: Don_Alling (button) (small blind) folded on the Turn
Seat 5: simper11 (big blind) collected ($11.76)


PokerStars Hand #157095858347:  Hold'em Limit ($3/$6 USD) - 2016/08/10 7:42:42 ET
Table 'Simona' 6-max Seat #5 is the button
Seat 3: Don_Alling ($450.45 in chips)
Seat 5: simper11 ($244.73 in chips)
simper11: posts small blind $1
Don_Alling: posts big blind $3
*** HOLE CARDS ***
simper11: raises $3 to $6
Don_Alling: calls $3
*** FLOP *** [3c Ad 2s]
Don_Alling: bets $3
simper11: raises $3 to $6
Don_Alling: calls $3
*** TURN *** [3c Ad 2s] [4s]
Don_Alling: checks
simper11: bets $6
Don_Alling: calls $6
*** RIVER *** [3c Ad 2s 4s] [5s]
Don_Alling: checks
simper11: bets $6
Don_Alling: calls $6
*** SHOW DOWN ***
simper11: shows [7s 3s] (a flush, Seven high)
Don_Alling: mucks hand
simper11 collected $47.50 from pot
*** SUMMARY ***
Total pot $48 | Rake $0.50
Board [3c Ad 2s 4s 5s]
Seat 3: Don_Alling (big blind) mucked
Seat 5: simper11 (button) (small blind) showed [7s 3s] and won ($47.50) with a flush, Seven high


PokerStars Hand #157095852083:  Hold'em Limit ($3/$6 USD) - 2016/08/10 7:42:27 ET
Table 'Simona' 6-max Seat #3 is the button
Seat 3: Don_Alling ($441.81 in chips)
Seat 5: simper11 ($253.73 in chips)
Don_Alling: posts small blind $1
simper11: posts big blind $3
*** HOLE CARDS ***
Don_Alling: raises $3 to $6
simper11: calls $3
*** FLOP *** [6s 7s 5c]
simper11: checks
Don_Alling: bets $3
simper11: calls $3
*** TURN *** [6s 7s 5c] [Js]
simper11: checks
Don_Alling: checks
*** RIVER *** [6s 7s 5c Js] [Jh]
simper11: checks
Don_Alling: bets $6
simper11: folds
Uncalled bet ($6) returned to Don_Alling
Don_Alling collected $17.64 from pot
Don_Alling: doesn't show hand
*** SUMMARY ***
Total pot $18 | Rake $0.36
Board [6s 7s 5c Js Jh]
Seat 3: Don_Alling (button) (small blind) collected ($17.64)
Seat 5: simper11 (big blind) folded on the River


PokerStars Hand #157095880925:  Hold'em Limit ($3/$6 USD) - 2016/08/10 7:43:33 ET
Table 'Simona' 6-max Seat #3 is the button
Seat 3: Don_Alling ($456.71 in chips)
Seat 5: simper11 ($236.99 in chips)
Don_Alling: posts small blind $1
simper11: posts big blind $3
*** HOLE CARDS ***
Don_Alling: raises $3 to $6
simper11 said, "ololol"
simper11: raises $3 to $9
Don_Alling said, "looool"
Don_Alling: raises $3 to $12
Betting is capped
simper11: calls $3
*** FLOP *** [Qd 9d 2c]
simper11: checks
Don_Alling: checks
*** TURN *** [Qd 9d 2c] [As]
simper11: bets $6
Don_Alling: folds
Uncalled bet ($6) returned to simper11
simper11 collected $23.52 from pot
simper11: doesn't show hand
*** SUMMARY ***
Total pot $24 | Rake $0.48
Board [Qd 9d 2c As]
Seat 3: Don_Alling (button) (small blind) folded on the Turn
Seat 5: simper11 (big blind) collected ($23.52)


PokerStars Hand #157095873855:  Hold'em Limit ($3/$6 USD) - 2016/08/10 7:43:17 ET
Table 'Simona' 6-max Seat #5 is the button
Seat 3: Don_Alling ($427.21 in chips)
Seat 5: simper11 ($266.99 in chips)
simper11: posts small blind $1
Don_Alling: posts big blind $3
*** HOLE CARDS ***
simper11: raises $3 to $6
Don_Alling: raises $3 to $9
simper11: calls $3
*** FLOP *** [7d 5c 5d]
Don_Alling: bets $3
simper11: calls $3
*** TURN *** [7d 5c 5d] [6d]
Don_Alling: bets $6
simper11: raises $6 to $12
Don_Alling: calls $6
*** RIVER *** [7d 5c 5d 6d] [4h]
Don_Alling: checks
simper11: bets $6
Don_Alling: calls $6
*** SHOW DOWN ***
simper11: shows [9c Qs] (a pair of Fives)
Don_Alling: shows [Qc 4c] (two pair, Fives and Fours)
Don_Alling collected $59.50 from pot
*** SUMMARY ***
Total pot $60 | Rake $0.50
Board [7d 5c 5d 6d 4h]
Seat 3: Don_Alling (big blind) showed [Qc 4c] and won ($59.50) with two pair, Fives and Fours
Seat 5: simper11 (button) (small blind) showed [9c Qs] and lost with a pair of Fives


PokerStars Hand #157095887881:  Hold'em Limit ($3/$6 USD) - 2016/08/10 7:43:49 ET
Table 'Simona' 6-max Seat #5 is the button
Seat 3: Don_Alling ($444.71 in chips)
Seat 5: simper11 ($248.51 in chips)
simper11: posts small blind $1
Don_Alling: posts big blind $3
*** HOLE CARDS ***
simper11: raises $3 to $6
Don_Alling: raises $3 to $9
simper11: calls $3
*** FLOP *** [8d 8s As]
Don_Alling: checks
simper11: checks
*** TURN *** [8d 8s As] [Ts]
Don_Alling: checks
simper11: bets $6
Don_Alling: folds
Uncalled bet ($6) returned to simper11
Don_Alling said, "river cant save you all every time"
simper11 collected $17.64 from pot
simper11: doesn't show hand
*** SUMMARY ***
Total pot $18 | Rake $0.36
Board [8d 8s As Ts]
Seat 3: Don_Alling (big blind) folded on the Turn
Seat 5: simper11 (button) (small blind) collected ($17.64)


PokerStars Hand #157095913029:  Hold'em Limit ($3/$6 USD) - 2016/08/10 7:44:47 ET
Table 'Simona' 6-max Seat #5 is the button
Seat 3: Don_Alling ($390.71 in chips)
Seat 5: simper11 ($300.79 in chips)
simper11: posts small blind $1
Don_Alling: posts big blind $3
*** HOLE CARDS ***
simper11: raises $3 to $6
Don_Alling: raises $3 to $9
simper11: calls $3
*** FLOP *** [9c Qh 3h]
Don_Alling: bets $3
simper11: calls $3
*** TURN *** [9c Qh 3h] [4h]
Don_Alling: bets $6
simper11: folds
Uncalled bet ($6) returned to Don_Alling
Don_Alling collected $23.52 from pot
Don_Alling: doesn't show hand
*** SUMMARY ***
Total pot $24 | Rake $0.48
Board [9c Qh 3h 4h]
Seat 3: Don_Alling (big blind) collected ($23.52)
Seat 5: simper11 (button) (small blind) folded on the Turn


PokerStars Hand #157095908157:  Hold'em Limit ($3/$6 USD) - 2016/08/10 7:44:36 ET
Table 'Simona' 6-max Seat #3 is the button
Seat 3: Don_Alling ($399.71 in chips)
Seat 5: simper11 ($292.15 in chips)
Don_Alling: posts small blind $1
simper11: posts big blind $3
*** HOLE CARDS ***
Don_Alling: raises $3 to $6
simper11: calls $3
*** FLOP *** [3c 8d 2h]
simper11: checks
Don_Alling: bets $3
simper11: calls $3
*** TURN *** [3c 8d 2h] [4s]
simper11: checks
Don_Alling: checks
*** RIVER *** [3c 8d 2h 4s] [Qc]
simper11: bets $6
Don_Alling: folds
Uncalled bet ($6) returned to simper11
simper11 collected $17.64 from pot
simper11: doesn't show hand
*** SUMMARY ***
Total pot $18 | Rake $0.36
Board [3c 8d 2h 4s Qc]
Seat 3: Don_Alling (button) (small blind) folded on the River
Seat 5: simper11 (big blind) collected ($17.64)


PokerStars Hand #157095902544:  Hold'em Limit ($3/$6 USD) - 2016/08/10 7:44:23 ET
Table 'Simona' 6-max Seat #5 is the button
Seat 3: Don_Alling ($417.71 in chips)
Seat 5: simper11 ($274.65 in chips)
simper11: posts small blind $1
Don_Alling: posts big blind $3
*** HOLE CARDS ***
simper11: raises $3 to $6
Don_Alling: calls $3
*** FLOP *** [3d 4h Ks]
Don_Alling: bets $3
simper11: raises $3 to $6
Don_Alling: calls $3
*** TURN *** [3d 4h Ks] [Td]
Don_Alling: checks
simper11: checks
*** RIVER *** [3d 4h Ks Td] [Qs]
Don_Alling: checks
simper11: bets $6
Don_Alling: calls $6
*** SHOW DOWN ***
simper11: shows [Ah Jc] (a straight, Ten to Ace)
Don_Alling: mucks hand
simper11 collected $35.50 from pot
*** SUMMARY ***
Total pot $36 | Rake $0.50
Board [3d 4h Ks Td Qs]
Seat 3: Don_Alling (big blind) mucked
Seat 5: simper11 (button) (small blind) showed [Ah Jc] and won ($35.50) with a straight, Ten to Ace


PokerStars Hand #157095896877:  Hold'em Limit ($3/$6 USD) - 2016/08/10 7:44:10 ET
Table 'Simona' 6-max Seat #3 is the button
Seat 3: Don_Alling ($435.71 in chips)
Seat 5: simper11 ($257.15 in chips)
Don_Alling: posts small blind $1
simper11: posts big blind $3
*** HOLE CARDS ***
Don_Alling: raises $3 to $6
simper11: calls $3
*** FLOP *** [9h 5d 6c]
simper11: checks
Don_Alling: bets $3
simper11: raises $3 to $6
Don_Alling: calls $3
*** TURN *** [9h 5d 6c] [3h]
simper11: bets $6
Don_Alling: calls $6
*** RIVER *** [9h 5d 6c 3h] [3c]
simper11: bets $6
Don_Alling: folds
Uncalled bet ($6) returned to simper11
simper11 collected $35.50 from pot
simper11: doesn't show hand
*** SUMMARY ***
Total pot $36 | Rake $0.50
Board [9h 5d 6c 3h 3c]
Seat 3: Don_Alling (button) (small blind) folded on the River
Seat 5: simper11 (big blind) collected ($35.50)


PokerStars Hand #157095919292:  Hold'em Limit ($3/$6 USD) - 2016/08/10 7:45:02 ET
Table 'Simona' 6-max Seat #5 is the button
Seat 3: Don_Alling ($401.23 in chips)
Seat 5: simper11 ($289.79 in chips)
simper11: posts small blind $1
Don_Alling: posts big blind $3
*** HOLE CARDS ***
simper11: raises $3 to $6
Don_Alling: raises $3 to $9
simper11: calls $3
*** FLOP *** [Kd 6d 6s]
Don_Alling: bets $3
simper11: calls $3
*** TURN *** [Kd 6d 6s] [2h]
Don_Alling: bets $6
simper11: raises $6 to $12
Don_Alling: raises $6 to $18
simper11: folds
Uncalled bet ($6) returned to Don_Alling
TinaTurner72 joins the table at seat #4
Don_Alling collected $47.50 from pot
Don_Alling: doesn't show hand
*** SUMMARY ***
Total pot $48 | Rake $0.50
Board [Kd 6d 6s 2h]
Seat 3: Don_Alling (big blind) collected ($47.50)
Seat 5: simper11 (button) (small blind) folded on the Turn


PokerStars Hand #157097159806:  Hold'em Limit ($3/$6 USD) - 2016/08/10 8:30:46 ET
Table 'Simona' 6-max Seat #4 is the button
Seat 4: TinaTurner72 ($95.79 in chips)
Seat 5: simper11 ($321.37 in chips)
TinaTurner72: posts small blind $1
simper11: posts big blind $3
*** HOLE CARDS ***
TinaTurner72: raises $3 to $6
simper11: calls $3
*** FLOP *** [Ks 8h 3h]
simper11: checks
TinaTurner72: bets $3
simper11: calls $3
*** TURN *** [Ks 8h 3h] [7c]
simper11: checks
TinaTurner72: checks
*** RIVER *** [Ks 8h 3h 7c] [6c]
simper11: checks
TinaTurner72: bets $6
simper11: folds
Uncalled bet ($6) returned to TinaTurner72
TinaTurner72 collected $17.64 from pot
TinaTurner72: doesn't show hand
*** SUMMARY ***
Total pot $18 | Rake $0.36
Board [Ks 8h 3h 7c 6c]
Seat 4: TinaTurner72 (button) (small blind) collected ($17.64)
Seat 5: simper11 (big blind) folded on the River


