PokerStars Hand #151353912715:  Hold'em Limit ($3/$6 USD) - 2016/04/03 4:15:09 ET
Table 'Sinistra' 6-max Seat #4 is the button
Seat 1: Puzanchik 11 ($53.01 in chips)
Seat 4: VolkovDmitri ($121 in chips)
VolkovDmitri: posts small blind $1
Puzanchik 11: posts big blind $3
*** HOLE CARDS ***
VolkovDmitri: raises $3 to $6
Puzanchik 11: folds
Uncalled bet ($3) returned to VolkovDmitri
VolkovDmitri collected $6 from pot
VolkovDmitri: doesn't show hand
*** SUMMARY ***
Total pot $6 | Rake $0
Seat 1: Puzanchik 11 (big blind) folded before Flop
Seat 4: VolkovDmitri (button) (small blind) collected ($6)


PokerStars Hand #151353909072:  Hold'em Limit ($3/$6 USD) - 2016/04/03 4:15:00 ET
Table 'Sinistra' 6-max Seat #1 is the button
Seat 1: Puzanchik 11 ($54.01 in chips)
Seat 4: VolkovDmitri ($120 in chips)
Puzanchik 11: posts small blind $1
VolkovDmitri: posts big blind $3
*** HOLE CARDS ***
Puzanchik 11: folds
Uncalled bet ($2) returned to VolkovDmitri
VolkovDmitri collected $2 from pot
VolkovDmitri: doesn't show hand
*** SUMMARY ***
Total pot $2 | Rake $0
Seat 1: Puzanchik 11 (button) (small blind) folded before Flop
Seat 4: VolkovDmitri (big blind) collected ($2)


PokerStars Hand #151353918661:  Hold'em Limit ($3/$6 USD) - 2016/04/03 4:15:25 ET
Table 'Sinistra' 6-max Seat #4 is the button
Seat 1: Puzanchik 11 ($49.01 in chips)
Seat 4: VolkovDmitri ($125 in chips)
VolkovDmitri: posts small blind $1
Puzanchik 11: posts big blind $3
*** HOLE CARDS ***
VolkovDmitri: folds
Uncalled bet ($2) returned to Puzanchik 11
Puzanchik 11 collected $2 from pot
Puzanchik 11: doesn't show hand
*** SUMMARY ***
Total pot $2 | Rake $0
Seat 1: Puzanchik 11 (big blind) collected ($2)
Seat 4: VolkovDmitri (button) (small blind) folded before Flop


PokerStars Hand #151353916821:  Hold'em Limit ($3/$6 USD) - 2016/04/03 4:15:20 ET
Table 'Sinistra' 6-max Seat #1 is the button
Seat 1: Puzanchik 11 ($50.01 in chips)
Seat 4: VolkovDmitri ($124 in chips)
Puzanchik 11: posts small blind $1
VolkovDmitri: posts big blind $3
*** HOLE CARDS ***
Puzanchik 11: folds
Uncalled bet ($2) returned to VolkovDmitri
VolkovDmitri collected $2 from pot
VolkovDmitri: doesn't show hand
*** SUMMARY ***
Total pot $2 | Rake $0
Seat 1: Puzanchik 11 (button) (small blind) folded before Flop
Seat 4: VolkovDmitri (big blind) collected ($2)


PokerStars Hand #151353926213:  Hold'em Limit ($3/$6 USD) - 2016/04/03 4:15:44 ET
Table 'Sinistra' 6-max Seat #4 is the button
Seat 1: Puzanchik 11 ($41.01 in chips)
Seat 4: VolkovDmitri ($132.64 in chips)
VolkovDmitri: posts small blind $1
Puzanchik 11: posts big blind $3
*** HOLE CARDS ***
zyjji joins the table at seat #3
VolkovDmitri: raises $3 to $6
Puzanchik 11: calls $3
*** FLOP *** [5c 7h 2d]
Puzanchik 11: bets $3
VolkovDmitri: calls $3
*** TURN *** [5c 7h 2d] [5h]
Puzanchik 11: bets $6
kolaz03 joins the table at seat #2
VolkovDmitri: folds
Uncalled bet ($6) returned to Puzanchik 11
Puzanchik 11 collected $17.64 from pot
Puzanchik 11: doesn't show hand
*** SUMMARY ***
Total pot $18 | Rake $0.36
Board [5c 7h 2d 5h]
Seat 1: Puzanchik 11 (big blind) collected ($17.64)
Seat 4: VolkovDmitri (button) (small blind) folded on the Turn


PokerStars Hand #151353920645:  Hold'em Limit ($3/$6 USD) - 2016/04/03 4:15:30 ET
Table 'Sinistra' 6-max Seat #1 is the button
Seat 1: Puzanchik 11 ($50.01 in chips)
Seat 4: VolkovDmitri ($124 in chips)
Puzanchik 11: posts small blind $1
VolkovDmitri: posts big blind $3
*** HOLE CARDS ***
Puzanchik 11: raises $3 to $6
VolkovDmitri: raises $3 to $9
Puzanchik 11: calls $3
*** FLOP *** [4h Qh 8d]
VolkovDmitri: bets $3
Puzanchik 11: folds
Uncalled bet ($3) returned to VolkovDmitri
VolkovDmitri collected $17.64 from pot
VolkovDmitri: doesn't show hand
*** SUMMARY ***
Total pot $18 | Rake $0.36
Board [4h Qh 8d]
Seat 1: Puzanchik 11 (button) (small blind) folded on the Flop
Seat 4: VolkovDmitri (big blind) collected ($17.64)


PokerStars Hand #151354920072:  Hold'em Limit ($3/$6 USD) - 2016/04/03 4:57:18 ET
Table 'Sinistra' 6-max Seat #6 is the button
Seat 4: Misiek25 ($236.03 in chips)
Seat 6: zizonmusang ($43.87 in chips)
zizonmusang: posts small blind $1
lin1rabbit: is sitting out
Misiek25: posts big blind $3
*** HOLE CARDS ***
zizonmusang: raises $3 to $6
Misiek25: calls $3
*** FLOP *** [3s 9s As]
lin1rabbit leaves the table
Misiek25: checks
zizonmusang: bets $3
Misiek25: folds
Uncalled bet ($3) returned to zizonmusang
zizonmusang collected $11.76 from pot
zizonmusang: doesn't show hand
Misiek25 leaves the table
*** SUMMARY ***
Total pot $12 | Rake $0.24
Board [3s 9s As]
Seat 4: Misiek25 (big blind) folded on the Flop
Seat 6: zizonmusang (button) (small blind) collected ($11.76)


