PokerStars Hand #146000216707:  Hold'em Limit ($3/$6 USD) - 2015/12/27 9:54:00 ET
Table 'Sinon II' 2-max Seat #2 is the button
Seat 1: Rus29APX ($120 in chips)
Seat 2: KeeksCookie ($80 in chips)
KeeksCookie: posts small blind $1
Rus29APX: posts big blind $3
*** HOLE CARDS ***
KeeksCookie: raises $3 to $6
Rus29APX: raises $3 to $9
KeeksCookie: calls $3
*** FLOP *** [4s 8h 9c]
Rus29APX: bets $3
KeeksCookie: calls $3
*** TURN *** [4s 8h 9c] [Qh]
Rus29APX: bets $6
KeeksCookie: folds
Uncalled bet ($6) returned to Rus29APX
Rus29APX collected $23.52 from pot
Rus29APX: doesn't show hand
*** SUMMARY ***
Total pot $24 | Rake $0.48
Board [4s 8h 9c Qh]
Seat 1: Rus29APX (big blind) collected ($23.52)
Seat 2: KeeksCookie (button) (small blind) folded on the Turn


PokerStars Hand #146000282681:  Hold'em Limit ($3/$6 USD) - 2015/12/27 9:55:26 ET
Table 'Sinon II' 2-max Seat #1 is the button
Seat 1: Rus29APX ($79.52 in chips)
Seat 2: KeeksCookie ($118.52 in chips)
Rus29APX: posts small blind $1
KeeksCookie: posts big blind $3
*** HOLE CARDS ***
Rus29APX: folds
Uncalled bet ($2) returned to KeeksCookie
KeeksCookie collected $2 from pot
KeeksCookie: doesn't show hand
*** SUMMARY ***
Total pot $2 | Rake $0
Seat 1: Rus29APX (button) (small blind) folded before Flop
Seat 2: KeeksCookie (big blind) collected ($2)


PokerStars Hand #146000271681:  Hold'em Limit ($3/$6 USD) - 2015/12/27 9:55:09 ET
Table 'Sinon II' 2-max Seat #2 is the button
Seat 1: Rus29APX ($94.52 in chips)
Seat 2: KeeksCookie ($104.02 in chips)
KeeksCookie: posts small blind $1
Rus29APX: posts big blind $3
*** HOLE CARDS ***
KeeksCookie: raises $3 to $6
Rus29APX: calls $3
*** FLOP *** [9h Qh 5s]
Rus29APX: checks
KeeksCookie: bets $3
Rus29APX: calls $3
*** TURN *** [9h Qh 5s] [Ah]
Rus29APX: checks
KeeksCookie: bets $6
Rus29APX: calls $6
*** RIVER *** [9h Qh 5s Ah] [7s]
Rus29APX: checks
KeeksCookie: bets $6
Rus29APX: folds
Uncalled bet ($6) returned to KeeksCookie
KeeksCookie collected $29.50 from pot
KeeksCookie: doesn't show hand
*** SUMMARY ***
Total pot $30 | Rake $0.50
Board [9h Qh 5s Ah 7s]
Seat 1: Rus29APX (big blind) folded on the River
Seat 2: KeeksCookie (button) (small blind) collected ($29.50)


PokerStars Hand #146000267746:  Hold'em Limit ($3/$6 USD) - 2015/12/27 9:55:03 ET
Table 'Sinon II' 2-max Seat #1 is the button
Seat 1: Rus29APX ($91.52 in chips)
Seat 2: KeeksCookie ($107.02 in chips)
Rus29APX: posts small blind $1
KeeksCookie: posts big blind $3
*** HOLE CARDS ***
Rus29APX: raises $3 to $6
KeeksCookie: folds
Uncalled bet ($3) returned to Rus29APX
Rus29APX collected $6 from pot
Rus29APX: doesn't show hand
*** SUMMARY ***
Total pot $6 | Rake $0
Seat 1: Rus29APX (button) (small blind) collected ($6)
Seat 2: KeeksCookie (big blind) folded before Flop


PokerStars Hand #146000254534:  Hold'em Limit ($3/$6 USD) - 2015/12/27 9:54:47 ET
Table 'Sinon II' 2-max Seat #2 is the button
Seat 1: Rus29APX ($115.52 in chips)
Seat 2: KeeksCookie ($83.52 in chips)
KeeksCookie: posts small blind $1
Rus29APX: posts big blind $3
*** HOLE CARDS ***
KeeksCookie: raises $3 to $6
Rus29APX: calls $3
*** FLOP *** [Kh 4s Tc]
Rus29APX: checks
KeeksCookie: bets $3
Rus29APX: raises $3 to $6
KeeksCookie: calls $3
*** TURN *** [Kh 4s Tc] [9h]
Rus29APX: bets $6
KeeksCookie: calls $6
*** RIVER *** [Kh 4s Tc 9h] [9c]
Rus29APX: bets $6
KeeksCookie: calls $6
*** SHOW DOWN ***
Rus29APX: shows [5s 8h] (a pair of Nines)
KeeksCookie: shows [Td Ah] (two pair, Tens and Nines)
KeeksCookie collected $47.50 from pot
*** SUMMARY ***
Total pot $48 | Rake $0.50
Board [Kh 4s Tc 9h 9c]
Seat 1: Rus29APX (big blind) showed [5s 8h] and lost with a pair of Nines
Seat 2: KeeksCookie (button) (small blind) showed [Td Ah] and won ($47.50) with two pair, Tens and Nines


PokerStars Hand #146000250239:  Hold'em Limit ($3/$6 USD) - 2015/12/27 9:54:42 ET
Table 'Sinon II' 2-max Seat #1 is the button
Seat 1: Rus29APX ($116.52 in chips)
Seat 2: KeeksCookie ($82.52 in chips)
Rus29APX: posts small blind $1
KeeksCookie: posts big blind $3
*** HOLE CARDS ***
Rus29APX: folds
Uncalled bet ($2) returned to KeeksCookie
KeeksCookie collected $2 from pot
KeeksCookie: doesn't show hand
*** SUMMARY ***
Total pot $2 | Rake $0
Seat 1: Rus29APX (button) (small blind) folded before Flop
Seat 2: KeeksCookie (big blind) collected ($2)


PokerStars Hand #146000244855:  Hold'em Limit ($3/$6 USD) - 2015/12/27 9:54:35 ET
Table 'Sinon II' 2-max Seat #2 is the button
Seat 1: Rus29APX ($119.52 in chips)
Seat 2: KeeksCookie ($79.52 in chips)
KeeksCookie: posts small blind $1
Rus29APX: posts big blind $3
*** HOLE CARDS ***
KeeksCookie: raises $3 to $6
Rus29APX: folds
Uncalled bet ($3) returned to KeeksCookie
KeeksCookie collected $6 from pot
KeeksCookie: doesn't show hand
*** SUMMARY ***
Total pot $6 | Rake $0
Seat 1: Rus29APX (big blind) folded before Flop
Seat 2: KeeksCookie (button) (small blind) collected ($6)


PokerStars Hand #146000230484:  Hold'em Limit ($3/$6 USD) - 2015/12/27 9:54:17 ET
Table 'Sinon II' 2-max Seat #1 is the button
Seat 1: Rus29APX ($131.52 in chips)
Seat 2: KeeksCookie ($68 in chips)
Rus29APX: posts small blind $1
KeeksCookie: posts big blind $3
*** HOLE CARDS ***
Rus29APX: raises $3 to $6
KeeksCookie: calls $3
*** FLOP *** [Qc 9d 4d]
KeeksCookie: checks
Rus29APX: bets $3
KeeksCookie: raises $3 to $6
Rus29APX: calls $3
*** TURN *** [Qc 9d 4d] [Kd]
KeeksCookie: bets $6
Rus29APX: folds
Uncalled bet ($6) returned to KeeksCookie
KeeksCookie collected $23.52 from pot
KeeksCookie: doesn't show hand
*** SUMMARY ***
Total pot $24 | Rake $0.48
Board [Qc 9d 4d Kd]
Seat 1: Rus29APX (button) (small blind) folded on the Turn
Seat 2: KeeksCookie (big blind) collected ($23.52)


PokerStars Hand #146000319489:  Hold'em Limit ($3/$6 USD) - 2015/12/27 9:56:23 ET
Table 'Sinon II' 2-max Seat #1 is the button
Seat 1: Rus29APX ($143.02 in chips)
Seat 2: KeeksCookie ($114.02 in chips)
Rus29APX: posts small blind $1
KeeksCookie: posts big blind $3
*** HOLE CARDS ***
Rus29APX: folds
Uncalled bet ($2) returned to KeeksCookie
KeeksCookie collected $2 from pot
KeeksCookie: doesn't show hand
*** SUMMARY ***
Total pot $2 | Rake $0
Seat 1: Rus29APX (button) (small blind) folded before Flop
Seat 2: KeeksCookie (big blind) collected ($2)


PokerStars Hand #146000307863:  Hold'em Limit ($3/$6 USD) - 2015/12/27 9:56:05 ET
Table 'Sinon II' 2-max Seat #2 is the button
Seat 1: Rus29APX ($113.52 in chips)
Seat 2: KeeksCookie ($144.02 in chips)
KeeksCookie: posts small blind $1
Rus29APX: posts big blind $3
*** HOLE CARDS ***
KeeksCookie: raises $3 to $6
Rus29APX: raises $3 to $9
KeeksCookie: calls $3
*** FLOP *** [Qh 7c 8c]
Rus29APX: bets $3
KeeksCookie: calls $3
*** TURN *** [Qh 7c 8c] [2d]
Rus29APX: checks
KeeksCookie: bets $6
Rus29APX: raises $6 to $12
KeeksCookie: calls $6
*** RIVER *** [Qh 7c 8c 2d] [4s]
Rus29APX: bets $6
KeeksCookie: calls $6
*** SHOW DOWN ***
Rus29APX: shows [As Qs] (a pair of Queens)
KeeksCookie: mucks hand
Rus29APX collected $59.50 from pot
*** SUMMARY ***
Total pot $60 | Rake $0.50
Board [Qh 7c 8c 2d 4s]
Seat 1: Rus29APX (big blind) showed [As Qs] and won ($59.50) with a pair of Queens
Seat 2: KeeksCookie (button) (small blind) mucked


PokerStars Hand #146000304791:  Hold'em Limit ($3/$6 USD) - 2015/12/27 9:56:00 ET
Table 'Sinon II' 2-max Seat #1 is the button
Seat 1: Rus29APX ($114.52 in chips)
Seat 2: KeeksCookie ($143.02 in chips)
Rus29APX: posts small blind $1
KeeksCookie: posts big blind $3
*** HOLE CARDS ***
Rus29APX: folds
Uncalled bet ($2) returned to KeeksCookie
KeeksCookie collected $2 from pot
KeeksCookie: doesn't show hand
*** SUMMARY ***
Total pot $2 | Rake $0
Seat 1: Rus29APX (button) (small blind) folded before Flop
Seat 2: KeeksCookie (big blind) collected ($2)


PokerStars Hand #146000300914:  Hold'em Limit ($3/$6 USD) - 2015/12/27 9:55:54 ET
Table 'Sinon II' 2-max Seat #2 is the button
Seat 1: Rus29APX ($113.52 in chips)
Seat 2: KeeksCookie ($144.02 in chips)
KeeksCookie: posts small blind $1
Rus29APX: posts big blind $3
*** HOLE CARDS ***
KeeksCookie: folds
Uncalled bet ($2) returned to Rus29APX
Rus29APX collected $2 from pot
Rus29APX: doesn't show hand
*** SUMMARY ***
Total pot $2 | Rake $0
Seat 1: Rus29APX (big blind) collected ($2)
Seat 2: KeeksCookie (button) (small blind) folded before Flop


PokerStars Hand #146000298086:  Hold'em Limit ($3/$6 USD) - 2015/12/27 9:55:50 ET
Table 'Sinon II' 2-max Seat #1 is the button
Seat 1: Rus29APX ($54.52 in chips)
Seat 2: KeeksCookie ($143.02 in chips)
Rus29APX: posts small blind $1
KeeksCookie: posts big blind $3
*** HOLE CARDS ***
Rus29APX: folds
Uncalled bet ($2) returned to KeeksCookie
KeeksCookie collected $2 from pot
KeeksCookie: doesn't show hand
*** SUMMARY ***
Total pot $2 | Rake $0
Seat 1: Rus29APX (button) (small blind) folded before Flop
Seat 2: KeeksCookie (big blind) collected ($2)


PokerStars Hand #146000286015:  Hold'em Limit ($3/$6 USD) - 2015/12/27 9:55:31 ET
Table 'Sinon II' 2-max Seat #2 is the button
Seat 1: Rus29APX ($78.52 in chips)
Seat 2: KeeksCookie ($119.52 in chips)
KeeksCookie: posts small blind $1
Rus29APX: posts big blind $3
*** HOLE CARDS ***
KeeksCookie: raises $3 to $6
Rus29APX: raises $3 to $9
KeeksCookie: calls $3
*** FLOP *** [8d 4h 5c]
Rus29APX: bets $3
KeeksCookie: calls $3
*** TURN *** [8d 4h 5c] [2c]
Rus29APX: checks
KeeksCookie: bets $6
Rus29APX: calls $6
*** RIVER *** [8d 4h 5c 2c] [2d]
Rus29APX: checks
KeeksCookie: bets $6
Rus29APX: calls $6
*** SHOW DOWN ***
KeeksCookie: shows [4c Ac] (two pair, Fours and Deuces)
Rus29APX: mucks hand
KeeksCookie collected $47.50 from pot
*** SUMMARY ***
Total pot $48 | Rake $0.50
Board [8d 4h 5c 2c 2d]
Seat 1: Rus29APX (big blind) mucked
Seat 2: KeeksCookie (button) (small blind) showed [4c Ac] and won ($47.50) with two pair, Fours and Deuces


PokerStars Hand #146000344622:  Hold'em Limit ($3/$6 USD) - 2015/12/27 9:57:01 ET
Table 'Sinon II' 2-max Seat #2 is the button
Seat 1: Rus29APX ($150.52 in chips)
Seat 2: KeeksCookie ($105.52 in chips)
KeeksCookie: posts small blind $1
Rus29APX: posts big blind $3
*** HOLE CARDS ***
KeeksCookie: raises $3 to $6
Rus29APX: calls $3
*** FLOP *** [7c 9d Kh]
Rus29APX: checks
KeeksCookie: bets $3
Rus29APX: raises $3 to $6
KeeksCookie: calls $3
*** TURN *** [7c 9d Kh] [3c]
Rus29APX: bets $6
KeeksCookie: raises $6 to $12
Rus29APX: calls $6
*** RIVER *** [7c 9d Kh 3c] [8c]
Rus29APX: checks
KeeksCookie: bets $6
Rus29APX: raises $6 to $12
KeeksCookie: calls $6
*** SHOW DOWN ***
Rus29APX: shows [Kc 5c] (a flush, King high)
KeeksCookie: mucks hand
Rus29APX collected $71.50 from pot
*** SUMMARY ***
Total pot $72 | Rake $0.50
Board [7c 9d Kh 3c 8c]
Seat 1: Rus29APX (big blind) showed [Kc 5c] and won ($71.50) with a flush, King high
Seat 2: KeeksCookie (button) (small blind) mucked


PokerStars Hand #146000335229:  Hold'em Limit ($3/$6 USD) - 2015/12/27 9:56:47 ET
Table 'Sinon II' 2-max Seat #1 is the button
Seat 1: Rus29APX ($165.52 in chips)
Seat 2: KeeksCookie ($91.02 in chips)
Rus29APX: posts small blind $1
KeeksCookie: posts big blind $3
*** HOLE CARDS ***
Rus29APX: raises $3 to $6
KeeksCookie: calls $3
*** FLOP *** [Js 7d 9h]
KeeksCookie: checks
Rus29APX: bets $3
KeeksCookie: calls $3
*** TURN *** [Js 7d 9h] [Tc]
KeeksCookie: checks
Rus29APX: checks
*** RIVER *** [Js 7d 9h Tc] [3d]
KeeksCookie: bets $6
Rus29APX: calls $6
*** SHOW DOWN ***
KeeksCookie: shows [Ks Qd] (a straight, Nine to King)
Rus29APX: mucks hand
KeeksCookie collected $29.50 from pot
*** SUMMARY ***
Total pot $30 | Rake $0.50
Board [Js 7d 9h Tc 3d]
Seat 1: Rus29APX (button) (small blind) mucked
Seat 2: KeeksCookie (big blind) showed [Ks Qd] and won ($29.50) with a straight, Nine to King


PokerStars Hand #146000322812:  Hold'em Limit ($3/$6 USD) - 2015/12/27 9:56:27 ET
Table 'Sinon II' 2-max Seat #2 is the button
Seat 1: Rus29APX ($142.02 in chips)
Seat 2: KeeksCookie ($115.02 in chips)
KeeksCookie: posts small blind $1
Rus29APX: posts big blind $3
*** HOLE CARDS ***
KeeksCookie: raises $3 to $6
Rus29APX: calls $3
*** FLOP *** [8h Tc 8s]
Rus29APX: checks
KeeksCookie: checks
*** TURN *** [8h Tc 8s] [Kc]
Rus29APX: checks
KeeksCookie: bets $6
Rus29APX: raises $6 to $12
KeeksCookie: calls $6
*** RIVER *** [8h Tc 8s Kc] [9s]
Rus29APX: bets $6
KeeksCookie: calls $6
*** SHOW DOWN ***
Rus29APX: shows [Qs 8d] (three of a kind, Eights)
KeeksCookie: mucks hand
Rus29APX collected $47.50 from pot
*** SUMMARY ***
Total pot $48 | Rake $0.50
Board [8h Tc 8s Kc 9s]
Seat 1: Rus29APX (big blind) showed [Qs 8d] and won ($47.50) with three of a kind, Eights
Seat 2: KeeksCookie (button) (small blind) mucked


PokerStars Hand #146000386267:  Hold'em Limit ($3/$6 USD) - 2015/12/27 9:58:04 ET
Table 'Sinon II' 2-max Seat #2 is the button
Seat 1: Rus29APX ($206.03 in chips)
Seat 2: KeeksCookie ($48.27 in chips)
KeeksCookie: posts small blind $1
Rus29APX: posts big blind $3
*** HOLE CARDS ***
KeeksCookie: raises $3 to $6
Rus29APX: calls $3
*** FLOP *** [4s 5h 6h]
Rus29APX: bets $3
KeeksCookie: calls $3
*** TURN *** [4s 5h 6h] [4d]
Rus29APX: bets $6
KeeksCookie: calls $6
*** RIVER *** [4s 5h 6h 4d] [Jc]
Rus29APX: bets $6
KeeksCookie: calls $6
*** SHOW DOWN ***
Rus29APX: shows [As 6c] (two pair, Sixes and Fours)
KeeksCookie: mucks hand
Rus29APX collected $41.50 from pot
*** SUMMARY ***
Total pot $42 | Rake $0.50
Board [4s 5h 6h 4d Jc]
Seat 1: Rus29APX (big blind) showed [As 6c] and won ($41.50) with two pair, Sixes and Fours
Seat 2: KeeksCookie (button) (small blind) mucked


PokerStars Hand #146000379914:  Hold'em Limit ($3/$6 USD) - 2015/12/27 9:57:54 ET
Table 'Sinon II' 2-max Seat #1 is the button
Seat 1: Rus29APX ($200.27 in chips)
Seat 2: KeeksCookie ($54.27 in chips)
Rus29APX: posts small blind $1
KeeksCookie: posts big blind $3
*** HOLE CARDS ***
Rus29APX: raises $3 to $6
KeeksCookie: calls $3
*** FLOP *** [9c 6c Th]
KeeksCookie: checks
Rus29APX: bets $3
KeeksCookie: folds
Uncalled bet ($3) returned to Rus29APX
Rus29APX collected $11.76 from pot
Rus29APX: doesn't show hand
*** SUMMARY ***
Total pot $12 | Rake $0.24
Board [9c 6c Th]
Seat 1: Rus29APX (button) (small blind) collected ($11.76)
Seat 2: KeeksCookie (big blind) folded on the Flop


PokerStars Hand #146000367361:  Hold'em Limit ($3/$6 USD) - 2015/12/27 9:57:35 ET
Table 'Sinon II' 2-max Seat #2 is the button
Seat 1: Rus29APX ($185.77 in chips)
Seat 2: KeeksCookie ($69.27 in chips)
KeeksCookie: posts small blind $1
Rus29APX: posts big blind $3
*** HOLE CARDS ***
KeeksCookie: raises $3 to $6
Rus29APX: calls $3
*** FLOP *** [4h 9c Ac]
Rus29APX: checks
KeeksCookie: bets $3
Rus29APX: calls $3
*** TURN *** [4h 9c Ac] [2d]
Rus29APX: checks
KeeksCookie: checks
*** RIVER *** [4h 9c Ac 2d] [6d]
Rus29APX: bets $6
KeeksCookie: calls $6
*** SHOW DOWN ***
Rus29APX: shows [8c 9h] (a pair of Nines)
KeeksCookie: mucks hand
Rus29APX collected $29.50 from pot
*** SUMMARY ***
Total pot $30 | Rake $0.50
Board [4h 9c Ac 2d 6d]
Seat 1: Rus29APX (big blind) showed [8c 9h] and won ($29.50) with a pair of Nines
Seat 2: KeeksCookie (button) (small blind) mucked


PokerStars Hand #146000358024:  Hold'em Limit ($3/$6 USD) - 2015/12/27 9:57:21 ET
Table 'Sinon II' 2-max Seat #1 is the button
Seat 1: Rus29APX ($186.02 in chips)
Seat 2: KeeksCookie ($69.52 in chips)
Rus29APX: posts small blind $1
KeeksCookie: posts big blind $3
*** HOLE CARDS ***
Rus29APX: raises $3 to $6
KeeksCookie: calls $3
*** FLOP *** [5d 7h Kc]
KeeksCookie: checks
Rus29APX: bets $3
KeeksCookie: calls $3
*** TURN *** [5d 7h Kc] [Ac]
KeeksCookie: checks
Rus29APX: checks
*** RIVER *** [5d 7h Kc Ac] [7c]
KeeksCookie: bets $6
Rus29APX: calls $6
*** SHOW DOWN ***
KeeksCookie: shows [Td Qs] (a pair of Sevens)
Rus29APX: shows [Qd 2s] (a pair of Sevens)
KeeksCookie collected $14.75 from pot
Rus29APX collected $14.75 from pot
*** SUMMARY ***
Total pot $30 | Rake $0.50
Board [5d 7h Kc Ac 7c]
Seat 1: Rus29APX (button) (small blind) showed [Qd 2s] and won ($14.75) with a pair of Sevens
Seat 2: KeeksCookie (big blind) showed [Td Qs] and won ($14.75) with a pair of Sevens


PokerStars Hand #146000422271:  Hold'em Limit ($3/$6 USD) - 2015/12/27 9:58:58 ET
Table 'Sinon II' 2-max Seat #2 is the button
Seat 1: Rus29APX ($241.03 in chips)
Seat 2: KeeksCookie ($11.67 in chips)
KeeksCookie: posts small blind $1
Rus29APX: posts big blind $3
*** HOLE CARDS ***
KeeksCookie: raises $3 to $6
Rus29APX: raises $3 to $9
KeeksCookie: raises $2.67 to $11.67 and is all-in
Betting is capped
Rus29APX: calls $2.67
*** FLOP *** [2d 8h 3s]
*** TURN *** [2d 8h 3s] [Ac]
*** RIVER *** [2d 8h 3s Ac] [8d]
*** SHOW DOWN ***
Rus29APX: shows [Ah Js] (two pair, Aces and Eights)
KeeksCookie: shows [Qc 7d] (a pair of Eights)
Rus29APX collected $22.87 from pot
*** SUMMARY ***
Total pot $23.34 | Rake $0.47
Board [2d 8h 3s Ac 8d]
Seat 1: Rus29APX (big blind) showed [Ah Js] and won ($22.87) with two pair, Aces and Eights
Seat 2: KeeksCookie (button) (small blind) showed [Qc 7d] and lost with a pair of Eights


PokerStars Hand #146000409860:  Hold'em Limit ($3/$6 USD) - 2015/12/27 9:58:40 ET
Table 'Sinon II' 2-max Seat #1 is the button
Seat 1: Rus29APX ($211.53 in chips)
Seat 2: KeeksCookie ($41.67 in chips)
Rus29APX: posts small blind $1
KeeksCookie: posts big blind $3
*** HOLE CARDS ***
Rus29APX: raises $3 to $6
KeeksCookie: calls $3
*** FLOP *** [Qh 9s 8s]
KeeksCookie: checks
Rus29APX: bets $3
KeeksCookie: raises $3 to $6
Rus29APX: calls $3
*** TURN *** [Qh 9s 8s] [6s]
KeeksCookie: bets $6
Rus29APX: raises $6 to $12
KeeksCookie: calls $6
*** RIVER *** [Qh 9s 8s 6s] [3d]
KeeksCookie: checks
Rus29APX: bets $6
KeeksCookie: calls $6
*** SHOW DOWN ***
Rus29APX: shows [Ts Js] (a flush, Jack high)
KeeksCookie: mucks hand
Rus29APX collected $59.50 from pot
*** SUMMARY ***
Total pot $60 | Rake $0.50
Board [Qh 9s 8s 6s 3d]
Seat 1: Rus29APX (button) (small blind) showed [Ts Js] and won ($59.50) with a flush, Jack high
Seat 2: KeeksCookie (big blind) mucked


PokerStars Hand #146000403018:  Hold'em Limit ($3/$6 USD) - 2015/12/27 9:58:29 ET
Table 'Sinon II' 2-max Seat #2 is the button
Seat 1: Rus29APX ($217.53 in chips)
Seat 2: KeeksCookie ($35.91 in chips)
KeeksCookie: posts small blind $1
Rus29APX: posts big blind $3
*** HOLE CARDS ***
KeeksCookie: raises $3 to $6
Rus29APX: calls $3
*** FLOP *** [5c Td 8c]
Rus29APX: checks
KeeksCookie: bets $3
Rus29APX: folds
Uncalled bet ($3) returned to KeeksCookie
KeeksCookie collected $11.76 from pot
KeeksCookie: doesn't show hand
*** SUMMARY ***
Total pot $12 | Rake $0.24
Board [5c Td 8c]
Seat 1: Rus29APX (big blind) folded on the Flop
Seat 2: KeeksCookie (button) (small blind) collected ($11.76)


