PokerStars Hand #170937684139:  Hold'em Limit ($3/$6 USD) - 2017/05/26 9:58:13 ET
Table 'Sinope II' 6-max Seat #3 is the button
Seat 1: scorpio04 ($179.14 in chips)
Seat 3: xcgxcg2005 ($91 in chips)
xcgxcg2005: posts small blind $1
scorpio04: posts big blind $3
*** HOLE CARDS ***
xcgxcg2005: folds
Uncalled bet ($2) returned to scorpio04
scorpio04 collected $2 from pot
scorpio04: doesn't show hand
*** SUMMARY ***
Total pot $2 | Rake $0
Seat 1: scorpio04 (big blind) collected ($2)
Seat 3: xcgxcg2005 (button) (small blind) folded before Flop


PokerStars Hand #170937667987:  Hold'em Limit ($3/$6 USD) - 2017/05/26 9:57:39 ET
Table 'Sinope II' 6-max Seat #3 is the button
Seat 1: scorpio04 ($150 in chips)
Seat 3: xcgxcg2005 ($121 in chips)
xcgxcg2005: posts small blind $1
scorpio04: posts big blind $3
*** HOLE CARDS ***
xcgxcg2005: raises $3 to $6
scorpio04: raises $3 to $9
xcgxcg2005: calls $3
*** FLOP *** [4h Td 7c]
scorpio04: bets $3
xcgxcg2005: raises $3 to $6
scorpio04: calls $3
*** TURN *** [4h Td 7c] [5h]
scorpio04: checks
xcgxcg2005: bets $6
scorpio04: calls $6
*** RIVER *** [4h Td 7c 5h] [3c]
scorpio04: checks
xcgxcg2005: checks
*** SHOW DOWN ***
scorpio04: shows [4d 8d] (a pair of Fours)
xcgxcg2005: mucks hand
scorpio04 collected $41.50 from pot
*** SUMMARY ***
Total pot $42 | Rake $0.50
Board [4h Td 7c 5h 3c]
Seat 1: scorpio04 (big blind) showed [4d 8d] and won ($41.50) with a pair of Fours
Seat 3: xcgxcg2005 (button) (small blind) mucked


PokerStars Hand #170937678633:  Hold'em Limit ($3/$6 USD) - 2017/05/26 9:58:01 ET
Table 'Sinope II' 6-max Seat #1 is the button
Seat 1: scorpio04 ($170.50 in chips)
Seat 3: xcgxcg2005 ($100 in chips)
scorpio04: posts small blind $1
xcgxcg2005: posts big blind $3
*** HOLE CARDS ***
scorpio04: raises $3 to $6
xcgxcg2005: raises $3 to $9
scorpio04: calls $3
*** FLOP *** [9c Jc 6c]
xcgxcg2005: checks
scorpio04: bets $3
xcgxcg2005: folds
Uncalled bet ($3) returned to scorpio04
scorpio04 collected $17.64 from pot
scorpio04: doesn't show hand
*** SUMMARY ***
Total pot $18 | Rake $0.36
Board [9c Jc 6c]
Seat 1: scorpio04 (button) (small blind) collected ($17.64)
Seat 3: xcgxcg2005 (big blind) folded on the Flop


PokerStars Hand #170937701843:  Hold'em Limit ($3/$6 USD) - 2017/05/26 9:58:50 ET
Table 'Sinope II' 6-max Seat #1 is the button
Seat 1: scorpio04 ($150 in chips)
Seat 3: xcgxcg2005 ($137 in chips)
scorpio04: posts small blind $1
xcgxcg2005: posts big blind $3
*** HOLE CARDS ***
scorpio04: folds
Uncalled bet ($2) returned to xcgxcg2005
xcgxcg2005 collected $2 from pot
xcgxcg2005: doesn't show hand
*** SUMMARY ***
Total pot $2 | Rake $0
Seat 1: scorpio04 (button) (small blind) folded before Flop
Seat 3: xcgxcg2005 (big blind) collected ($2)


PokerStars Hand #170937695850:  Hold'em Limit ($3/$6 USD) - 2017/05/26 9:58:38 ET
Table 'Sinope II' 6-max Seat #3 is the button
Seat 1: scorpio04 ($153.14 in chips)
Seat 3: xcgxcg2005 ($116.50 in chips)
xcgxcg2005: posts small blind $1
scorpio04: posts big blind $3
*** HOLE CARDS ***
xcgxcg2005: raises $3 to $6
scorpio04: calls $3
*** FLOP *** [3s 9d Js]
scorpio04: checks
xcgxcg2005: bets $3
scorpio04: calls $3
*** TURN *** [3s 9d Js] [5d]
scorpio04: checks
xcgxcg2005: bets $6
scorpio04: calls $6
*** RIVER *** [3s 9d Js 5d] [4s]
scorpio04: checks
xcgxcg2005: bets $6
scorpio04: calls $6
*** SHOW DOWN ***
xcgxcg2005: shows [Qd Qc] (a pair of Queens)
scorpio04: mucks hand
xcgxcg2005 collected $41.50 from pot
*** SUMMARY ***
Total pot $42 | Rake $0.50
Board [3s 9d Js 5d 4s]
Seat 1: scorpio04 (big blind) mucked
Seat 3: xcgxcg2005 (button) (small blind) showed [Qd Qc] and won ($41.50) with a pair of Queens


PokerStars Hand #170937709324:  Hold'em Limit ($3/$6 USD) - 2017/05/26 9:59:06 ET
Table 'Sinope II' 6-max Seat #1 is the button
Seat 1: scorpio04 ($150 in chips)
Seat 3: xcgxcg2005 ($143.76 in chips)
scorpio04: posts small blind $1
xcgxcg2005: posts big blind $3
*** HOLE CARDS ***
scorpio04: raises $3 to $6
xcgxcg2005: calls $3
*** FLOP *** [Qd Kd 9d]
xcgxcg2005: checks
scorpio04: bets $3
xcgxcg2005: raises $3 to $6
scorpio04: folds
Uncalled bet ($3) returned to xcgxcg2005
xcgxcg2005 collected $17.64 from pot
xcgxcg2005: doesn't show hand
*** SUMMARY ***
Total pot $18 | Rake $0.36
Board [Qd Kd 9d]
Seat 1: scorpio04 (button) (small blind) folded on the Flop
Seat 3: xcgxcg2005 (big blind) collected ($17.64)


PokerStars Hand #170937714224:  Hold'em Limit ($3/$6 USD) - 2017/05/26 9:59:16 ET
Table 'Sinope II' 6-max Seat #3 is the button
Seat 1: scorpio04 ($150 in chips)
Seat 3: xcgxcg2005 ($152.40 in chips)
xcgxcg2005: posts small blind $1
scorpio04: posts big blind $3
*** HOLE CARDS ***
xcgxcg2005: raises $3 to $6
scorpio04: raises $3 to $9
xcgxcg2005: calls $3
*** FLOP *** [6h 8s 5s]
scorpio04: bets $3
xcgxcg2005: calls $3
*** TURN *** [6h 8s 5s] [7d]
scorpio04: checks
xcgxcg2005: checks
*** RIVER *** [6h 8s 5s 7d] [Td]
scorpio04: checks
xcgxcg2005: checks
*** SHOW DOWN ***
scorpio04: shows [Kh 5h] (a pair of Fives)
xcgxcg2005: mucks hand
scorpio04 collected $23.52 from pot
*** SUMMARY ***
Total pot $24 | Rake $0.48
Board [6h 8s 5s 7d Td]
Seat 1: scorpio04 (big blind) showed [Kh 5h] and won ($23.52) with a pair of Fives
Seat 3: xcgxcg2005 (button) (small blind) mucked


PokerStars Hand #170937686074:  Hold'em Limit ($3/$6 USD) - 2017/05/26 9:58:17 ET
Table 'Sinope II' 6-max Seat #1 is the button
Seat 1: scorpio04 ($180.14 in chips)
Seat 3: xcgxcg2005 ($90 in chips)
scorpio04: posts small blind $1
xcgxcg2005: posts big blind $3
*** HOLE CARDS ***
scorpio04: raises $3 to $6
xcgxcg2005: calls $3
*** FLOP *** [6d 2h 7h]
xcgxcg2005: checks
scorpio04: bets $3
xcgxcg2005: calls $3
*** TURN *** [6d 2h 7h] [Td]
xcgxcg2005: checks
scorpio04: bets $6
xcgxcg2005: raises $6 to $12
scorpio04: calls $6
*** RIVER *** [6d 2h 7h Td] [8s]
xcgxcg2005: bets $6
scorpio04: calls $6
*** SHOW DOWN ***
xcgxcg2005: shows [8h Tc] (two pair, Tens and Eights)
scorpio04: mucks hand
xcgxcg2005 collected $53.50 from pot
*** SUMMARY ***
Total pot $54 | Rake $0.50
Board [6d 2h 7h Td 8s]
Seat 1: scorpio04 (button) (small blind) mucked
Seat 3: xcgxcg2005 (big blind) showed [8h Tc] and won ($53.50) with two pair, Tens and Eights


PokerStars Hand #170937703750:  Hold'em Limit ($3/$6 USD) - 2017/05/26 9:58:54 ET
Table 'Sinope II' 6-max Seat #3 is the button
Seat 1: scorpio04 ($150 in chips)
Seat 3: xcgxcg2005 ($138 in chips)
xcgxcg2005: posts small blind $1
scorpio04: posts big blind $3
*** HOLE CARDS ***
xcgxcg2005: raises $3 to $6
scorpio04: calls $3
*** FLOP *** [Jh 2c 9c]
scorpio04: checks
xcgxcg2005: bets $3
scorpio04: folds
Uncalled bet ($3) returned to xcgxcg2005
xcgxcg2005 collected $11.76 from pot
xcgxcg2005: doesn't show hand
*** SUMMARY ***
Total pot $12 | Rake $0.24
Board [Jh 2c 9c]
Seat 1: scorpio04 (big blind) folded on the Flop
Seat 3: xcgxcg2005 (button) (small blind) collected ($11.76)


PokerStars Hand #170937720941:  Hold'em Limit ($3/$6 USD) - 2017/05/26 9:59:31 ET
Table 'Sinope II' 6-max Seat #1 is the button
Seat 1: scorpio04 ($161.52 in chips)
Seat 3: xcgxcg2005 ($140.40 in chips)
scorpio04: posts small blind $1
xcgxcg2005: posts big blind $3
*** HOLE CARDS ***
scorpio04: raises $3 to $6
Scheut8 joins the table at seat #6
xcgxcg2005: folds
Uncalled bet ($3) returned to scorpio04
scorpio04 collected $6 from pot
scorpio04: doesn't show hand
*** SUMMARY ***
Total pot $6 | Rake $0
Seat 1: scorpio04 (button) (small blind) collected ($6)
Seat 3: xcgxcg2005 (big blind) folded before Flop


PokerStars Hand #170938134194:  Hold'em Limit ($3/$6 USD) - 2017/05/26 10:12:22 ET
Table 'Sinope II' 6-max Seat #1 is the button
Seat 1: scorpio04 ($251.54 in chips)
Seat 5: StakkAttakk ($65.99 in chips)
scorpio04: posts small blind $1
Homasapien: is sitting out
StakkAttakk: posts big blind $3
*** HOLE CARDS ***
scorpio04: raises $3 to $6
StakkAttakk: calls $3
*** FLOP *** [Kc 8h 4c]
StakkAttakk: checks
scorpio04: bets $3
StakkAttakk: folds
Uncalled bet ($3) returned to scorpio04
scorpio04 collected $11.76 from pot
scorpio04: doesn't show hand
*** SUMMARY ***
Total pot $12 | Rake $0.24
Board [Kc 8h 4c]
Seat 1: scorpio04 (button) (small blind) collected ($11.76)
Seat 5: StakkAttakk (big blind) folded on the Flop


PokerStars Hand #170941493132:  Hold'em Limit ($3/$6 USD) - 2017/05/26 11:51:20 ET
Table 'Sinope II' 6-max Seat #5 is the button
Seat 3: E4SYMON3Y ($1010.52 in chips)
Seat 5: Krazy90 ($121 in chips)
Krazy90: posts small blind $1
E4SYMON3Y: posts big blind $3
*** HOLE CARDS ***
Krazy90: raises $3 to $6
E4SYMON3Y: calls $3
*** FLOP *** [3h Qh Ac]
E4SYMON3Y: checks
Krazy90: bets $3
E4SYMON3Y: calls $3
*** TURN *** [3h Qh Ac] [6s]
E4SYMON3Y: checks
vestimokrec leaves the table
Krazy90: checks
*** RIVER *** [3h Qh Ac 6s] [2s]
E4SYMON3Y: bets $6
vestimokrec joins the table at seat #4
Krazy90: folds
Uncalled bet ($6) returned to E4SYMON3Y
E4SYMON3Y collected $17.64 from pot
*** SUMMARY ***
Total pot $18 | Rake $0.36
Board [3h Qh Ac 6s 2s]
Seat 3: E4SYMON3Y (big blind) collected ($17.64)
Seat 5: Krazy90 (button) (small blind) folded on the River


PokerStars Hand #170941490075:  Hold'em Limit ($3/$6 USD) - 2017/05/26 11:51:15 ET
Table 'Sinope II' 6-max Seat #3 is the button
Seat 3: E4SYMON3Y ($1011.52 in chips)
Seat 5: Krazy90 ($120 in chips)
E4SYMON3Y: posts small blind $1
Krazy90: posts big blind $3
*** HOLE CARDS ***
E4SYMON3Y: folds
Uncalled bet ($2) returned to Krazy90
Krazy90 collected $2 from pot
Krazy90: doesn't show hand
*** SUMMARY ***
Total pot $2 | Rake $0
Seat 3: E4SYMON3Y (button) (small blind) folded before Flop
Seat 5: Krazy90 (big blind) collected ($2)


PokerStars Hand #170941487158:  Hold'em Limit ($3/$6 USD) - 2017/05/26 11:51:10 ET
Table 'Sinope II' 6-max Seat #5 is the button
Seat 3: E4SYMON3Y ($1010.52 in chips)
Seat 5: Krazy90 ($121 in chips)
Krazy90: posts small blind $1
E4SYMON3Y: posts big blind $3
*** HOLE CARDS ***
Krazy90: folds
Uncalled bet ($2) returned to E4SYMON3Y
E4SYMON3Y collected $2 from pot
*** SUMMARY ***
Total pot $2 | Rake $0
Seat 3: E4SYMON3Y (big blind) collected ($2)
Seat 5: Krazy90 (button) (small blind) folded before Flop


PokerStars Hand #170941483428:  Hold'em Limit ($3/$6 USD) - 2017/05/26 11:51:04 ET
Table 'Sinope II' 6-max Seat #3 is the button
Seat 3: E4SYMON3Y ($1007.52 in chips)
Seat 5: Krazy90 ($124 in chips)
E4SYMON3Y: posts small blind $1
Krazy90: posts big blind $3
*** HOLE CARDS ***
E4SYMON3Y: raises $3 to $6
Krazy90: folds
Uncalled bet ($3) returned to E4SYMON3Y
E4SYMON3Y collected $6 from pot
*** SUMMARY ***
Total pot $6 | Rake $0
Seat 3: E4SYMON3Y (button) (small blind) collected ($6)
Seat 5: Krazy90 (big blind) folded before Flop


PokerStars Hand #170941625175:  Hold'em Limit ($3/$6 USD) - 2017/05/26 11:54:59 ET
Table 'Sinope II' 6-max Seat #4 is the button
Seat 1: HAL9QQQ ($120 in chips)
Seat 4: vestimokrec ($122.99 in chips)
vestimokrec: posts small blind $1
Krazy90: is sitting out
HAL9QQQ: posts big blind $3
*** HOLE CARDS ***
vestimokrec: raises $3 to $6
Krazy90 leaves the table
HAL9QQQ: raises $3 to $9
vestimokrec: calls $3
*** FLOP *** [7c Kc 6h]
HAL9QQQ: bets $3
vestimokrec: calls $3
*** TURN *** [7c Kc 6h] [8d]
HAL9QQQ: bets $6
vestimokrec: calls $6
*** RIVER *** [7c Kc 6h 8d] [7s]
HAL9QQQ: bets $6
vestimokrec: raises $6 to $12
HAL9QQQ: raises $6 to $18
vestimokrec: folds
Uncalled bet ($6) returned to HAL9QQQ
HAL9QQQ collected $59.50 from pot
HAL9QQQ: doesn't show hand
*** SUMMARY ***
Total pot $60 | Rake $0.50
Board [7c Kc 6h 8d 7s]
Seat 1: HAL9QQQ (big blind) collected ($59.50)
Seat 4: vestimokrec (button) (small blind) folded on the River


