PokerStars Hand #164710100956:  Hold'em Limit ($3/$6 USD) - 2017/01/17 3:00:05 ET
Table 'Sinope' 6-max Seat #1 is the button
Seat 1: Zenden28 ($29.64 in chips)
Seat 4: Agrotait ($71.64 in chips)
Zenden28: posts small blind $1
Agrotait: posts big blind $3
*** HOLE CARDS ***
Zenden28: raises $3 to $6
Agrotait: raises $3 to $9
Zenden28: raises $3 to $12
Betting is capped
Agrotait: calls $3
*** FLOP *** [Ts 7s 3h]
Agrotait: checks
Zenden28: bets $3
Agrotait: calls $3
*** TURN *** [Ts 7s 3h] [5c]
Agrotait: checks
Zenden28: bets $6
Agrotait: calls $6
*** RIVER *** [Ts 7s 3h 5c] [Ac]
Agrotait: checks
Zenden28: bets $6
Agrotait: raises $6 to $12
Zenden28: calls $2.64 and is all-in
Uncalled bet ($3.36) returned to Agrotait
*** SHOW DOWN ***
Agrotait: shows [Qc As] (a pair of Aces)
Zenden28: shows [5s 5h] (three of a kind, Fives)
Zenden28 collected $58.78 from pot
*** SUMMARY ***
Total pot $59.28 | Rake $0.50
Board [Ts 7s 3h 5c Ac]
Seat 1: Zenden28 (button) (small blind) showed [5s 5h] and won ($58.78) with three of a kind, Fives
Seat 4: Agrotait (big blind) showed [Qc As] and lost with a pair of Aces


PokerStars Hand #164710117541:  Hold'em Limit ($3/$6 USD) - 2017/01/17 3:01:06 ET
Table 'Sinope' 6-max Seat #1 is the button
Seat 1: Zenden28 ($52.78 in chips)
Seat 4: Agrotait ($77.76 in chips)
Zenden28: posts small blind $1
Agrotait: posts big blind $3
*** HOLE CARDS ***
Zenden28: folds
Uncalled bet ($2) returned to Agrotait
Agrotait collected $2 from pot
Agrotait: doesn't show hand
*** SUMMARY ***
Total pot $2 | Rake $0
Seat 1: Zenden28 (button) (small blind) folded before Flop
Seat 4: Agrotait (big blind) collected ($2)


PokerStars Hand #164710114025:  Hold'em Limit ($3/$6 USD) - 2017/01/17 3:00:53 ET
Table 'Sinope' 6-max Seat #4 is the button
Seat 1: Zenden28 ($58.78 in chips)
Seat 4: Agrotait ($72 in chips)
Agrotait: posts small blind $1
Zenden28: posts big blind $3
*** HOLE CARDS ***
Agrotait: raises $3 to $6
Zenden28: calls $3
*** FLOP *** [8s Qc Jc]
Zenden28: checks
Agrotait: bets $3
Zenden28: folds
Uncalled bet ($3) returned to Agrotait
Agrotait collected $11.76 from pot
Agrotait: doesn't show hand
*** SUMMARY ***
Total pot $12 | Rake $0.24
Board [8s Qc Jc]
Seat 1: Zenden28 (big blind) folded on the Flop
Seat 4: Agrotait (button) (small blind) collected ($11.76)


PokerStars Hand #164710135114:  Hold'em Limit ($3/$6 USD) - 2017/01/17 3:02:07 ET
Table 'Sinope' 6-max Seat #1 is the button
Seat 1: Zenden28 ($36.42 in chips)
Seat 4: Agrotait ($92.90 in chips)
Zenden28: posts small blind $1
Agrotait: posts big blind $3
*** HOLE CARDS ***
Zenden28: folds
Uncalled bet ($2) returned to Agrotait
Agrotait collected $2 from pot
Agrotait: doesn't show hand
*** SUMMARY ***
Total pot $2 | Rake $0
Seat 1: Zenden28 (button) (small blind) folded before Flop
Seat 4: Agrotait (big blind) collected ($2)


PokerStars Hand #164710130613:  Hold'em Limit ($3/$6 USD) - 2017/01/17 3:01:52 ET
Table 'Sinope' 6-max Seat #4 is the button
Seat 1: Zenden28 ($27.78 in chips)
Seat 4: Agrotait ($101.90 in chips)
Agrotait: posts small blind $1
Zenden28: posts big blind $3
*** HOLE CARDS ***
Agrotait: raises $3 to $6
Zenden28: raises $3 to $9
Agrotait: calls $3
*** FLOP *** [9c 4s 8s]
Zenden28: bets $3
Agrotait: folds
Uncalled bet ($3) returned to Zenden28
Zenden28 collected $17.64 from pot
Zenden28: doesn't show hand
*** SUMMARY ***
Total pot $18 | Rake $0.36
Board [9c 4s 8s]
Seat 1: Zenden28 (big blind) collected ($17.64)
Seat 4: Agrotait (button) (small blind) folded on the Flop


PokerStars Hand #164710118935:  Hold'em Limit ($3/$6 USD) - 2017/01/17 3:01:11 ET
Table 'Sinope' 6-max Seat #4 is the button
Seat 1: Zenden28 ($51.78 in chips)
Seat 4: Agrotait ($78.76 in chips)
Agrotait: posts small blind $1
Zenden28: posts big blind $3
*** HOLE CARDS ***
Agrotait: raises $3 to $6
Zenden28: calls $3
*** FLOP *** [Qh Ks 5c]
Zenden28: bets $3
Agrotait: calls $3
*** TURN *** [Qh Ks 5c] [As]
Zenden28: bets $6
Agrotait: calls $6
*** RIVER *** [Qh Ks 5c As] [Ad]
Zenden28: checks
Agrotait: checks
*** SHOW DOWN ***
Zenden28: shows [5h Th] (two pair, Aces and Fives)
Agrotait: shows [Qs 4h] (two pair, Aces and Queens)
Agrotait collected $29.50 from pot
*** SUMMARY ***
Total pot $30 | Rake $0.50
Board [Qh Ks 5c As Ad]
Seat 1: Zenden28 (big blind) showed [5h Th] and lost with two pair, Aces and Fives
Seat 4: Agrotait (button) (small blind) showed [Qs 4h] and won ($29.50) with two pair, Aces and Queens


PokerStars Hand #164710125621:  Hold'em Limit ($3/$6 USD) - 2017/01/17 3:01:34 ET
Table 'Sinope' 6-max Seat #1 is the button
Seat 1: Zenden28 ($36.78 in chips)
Seat 4: Agrotait ($93.26 in chips)
Zenden28: posts small blind $1
Agrotait: posts big blind $3
*** HOLE CARDS ***
Zenden28: raises $3 to $6
Agrotait: raises $3 to $9
Zenden28: calls $3
*** FLOP *** [Qh 9h 9c]
Agrotait: bets $3
Zenden28: folds
Uncalled bet ($3) returned to Agrotait
Agrotait collected $17.64 from pot
Agrotait: doesn't show hand
*** SUMMARY ***
Total pot $18 | Rake $0.36
Board [Qh 9h 9c]
Seat 1: Zenden28 (button) (small blind) folded on the Flop
Seat 4: Agrotait (big blind) collected ($17.64)


PokerStars Hand #164710154378:  Hold'em Limit ($3/$6 USD) - 2017/01/17 3:03:13 ET
Table 'Sinope' 6-max Seat #1 is the button
Seat 1: Zenden28 ($22.38 in chips)
Seat 4: Agrotait ($105.98 in chips)
Zenden28: posts small blind $1
Agrotait: posts big blind $3
*** HOLE CARDS ***
Zenden28: raises $3 to $6
Agrotait: calls $3
*** FLOP *** [6d Ad 3c]
Agrotait: checks
Zenden28: bets $3
Agrotait: folds
Uncalled bet ($3) returned to Zenden28
Zenden28 collected $11.76 from pot
Zenden28: doesn't show hand
*** SUMMARY ***
Total pot $12 | Rake $0.24
Board [6d Ad 3c]
Seat 1: Zenden28 (button) (small blind) collected ($11.76)
Seat 4: Agrotait (big blind) folded on the Flop


PokerStars Hand #164710150072:  Hold'em Limit ($3/$6 USD) - 2017/01/17 3:02:59 ET
Table 'Sinope' 6-max Seat #4 is the button
Seat 1: Zenden28 ($11.42 in chips)
Seat 4: Agrotait ($117.40 in chips)
Agrotait: posts small blind $1
Zenden28: posts big blind $3
*** HOLE CARDS ***
Agrotait: raises $3 to $6
Zenden28: raises $3 to $9
Agrotait: raises $3 to $12
Betting is capped
Zenden28: calls $2.42 and is all-in
Uncalled bet ($0.58) returned to Agrotait
*** FLOP *** [Kd 7c Jd]
*** TURN *** [Kd 7c Jd] [5c]
*** RIVER *** [Kd 7c Jd 5c] [9c]
*** SHOW DOWN ***
Zenden28: shows [Ac Ks] (a pair of Kings)
Agrotait: shows [Js As] (a pair of Jacks)
Zenden28 collected $22.38 from pot
*** SUMMARY ***
Total pot $22.84 | Rake $0.46
Board [Kd 7c Jd 5c 9c]
Seat 1: Zenden28 (big blind) showed [Ac Ks] and won ($22.38) with a pair of Kings
Seat 4: Agrotait (button) (small blind) showed [Js As] and lost with a pair of Jacks


PokerStars Hand #164710147853:  Hold'em Limit ($3/$6 USD) - 2017/01/17 3:02:51 ET
Table 'Sinope' 6-max Seat #1 is the button
Seat 1: Zenden28 ($8.42 in chips)
Seat 4: Agrotait ($120.40 in chips)
Zenden28: posts small blind $1
Agrotait: posts big blind $3
*** HOLE CARDS ***
Zenden28: raises $3 to $6
Agrotait: folds
Uncalled bet ($3) returned to Zenden28
Zenden28 collected $6 from pot
Zenden28: doesn't show hand
*** SUMMARY ***
Total pot $6 | Rake $0
Seat 1: Zenden28 (button) (small blind) collected ($6)
Seat 4: Agrotait (big blind) folded before Flop


PokerStars Hand #164710136682:  Hold'em Limit ($3/$6 USD) - 2017/01/17 3:02:13 ET
Table 'Sinope' 6-max Seat #4 is the button
Seat 1: Zenden28 ($35.42 in chips)
Seat 4: Agrotait ($93.90 in chips)
Agrotait: posts small blind $1
Zenden28: posts big blind $3
*** HOLE CARDS ***
Agrotait: raises $3 to $6
Zenden28: calls $3
*** FLOP *** [Js 3d 5d]
Zenden28: checks
Agrotait: bets $3
Zenden28: calls $3
*** TURN *** [Js 3d 5d] [4s]
Zenden28: checks
Agrotait: bets $6
Zenden28: raises $6 to $12
Agrotait: calls $6
*** RIVER *** [Js 3d 5d 4s] [9h]
Zenden28: bets $6
Agrotait: calls $6
*** SHOW DOWN ***
Zenden28: shows [2h 2d] (a pair of Deuces)
Agrotait: shows [7c 5h] (a pair of Fives)
Agrotait collected $53.50 from pot
*** SUMMARY ***
Total pot $54 | Rake $0.50
Board [Js 3d 5d 4s 9h]
Seat 1: Zenden28 (big blind) showed [2h 2d] and lost with a pair of Deuces
Seat 4: Agrotait (button) (small blind) showed [7c 5h] and won ($53.50) with a pair of Fives


PokerStars Hand #164710166465:  Hold'em Limit ($3/$6 USD) - 2017/01/17 3:03:54 ET
Table 'Sinope' 6-max Seat #1 is the button
Seat 1: Zenden28 ($32.78 in chips)
Seat 4: Agrotait ($94.98 in chips)
Zenden28: posts small blind $1
Agrotait: posts big blind $3
*** HOLE CARDS ***
Zenden28: folds
Uncalled bet ($2) returned to Agrotait
Agrotait collected $2 from pot
Agrotait: doesn't show hand
*** SUMMARY ***
Total pot $2 | Rake $0
Seat 1: Zenden28 (button) (small blind) folded before Flop
Seat 4: Agrotait (big blind) collected ($2)


PokerStars Hand #164710163513:  Hold'em Limit ($3/$6 USD) - 2017/01/17 3:03:44 ET
Table 'Sinope' 6-max Seat #4 is the button
Seat 1: Zenden28 ($35.78 in chips)
Seat 4: Agrotait ($91.98 in chips)
Agrotait: posts small blind $1
Zenden28: posts big blind $3
*** HOLE CARDS ***
Agrotait: raises $3 to $6
Zenden28: folds
Uncalled bet ($3) returned to Agrotait
Agrotait collected $6 from pot
Agrotait: doesn't show hand
*** SUMMARY ***
Total pot $6 | Rake $0
Seat 1: Zenden28 (big blind) folded before Flop
Seat 4: Agrotait (button) (small blind) collected ($6)


PokerStars Hand #164710162049:  Hold'em Limit ($3/$6 USD) - 2017/01/17 3:03:39 ET
Table 'Sinope' 6-max Seat #1 is the button
Seat 1: Zenden28 ($36.78 in chips)
Seat 4: Agrotait ($90.98 in chips)
Zenden28: posts small blind $1
Agrotait: posts big blind $3
*** HOLE CARDS ***
Zenden28: folds
Uncalled bet ($2) returned to Agrotait
Agrotait collected $2 from pot
Agrotait: doesn't show hand
*** SUMMARY ***
Total pot $2 | Rake $0
Seat 1: Zenden28 (button) (small blind) folded before Flop
Seat 4: Agrotait (big blind) collected ($2)


PokerStars Hand #164710157547:  Hold'em Limit ($3/$6 USD) - 2017/01/17 3:03:24 ET
Table 'Sinope' 6-max Seat #4 is the button
Seat 1: Zenden28 ($28.14 in chips)
Seat 4: Agrotait ($99.98 in chips)
Agrotait: posts small blind $1
Zenden28: posts big blind $3
*** HOLE CARDS ***
Agrotait: raises $3 to $6
Zenden28: raises $3 to $9
Agrotait: calls $3
*** FLOP *** [9c Ah 3h]
Zenden28: bets $3
Agrotait: folds
Uncalled bet ($3) returned to Zenden28
Zenden28 collected $17.64 from pot
Zenden28: doesn't show hand
*** SUMMARY ***
Total pot $18 | Rake $0.36
Board [9c Ah 3h]
Seat 1: Zenden28 (big blind) collected ($17.64)
Seat 4: Agrotait (button) (small blind) folded on the Flop


PokerStars Hand #164710172738:  Hold'em Limit ($3/$6 USD) - 2017/01/17 3:04:15 ET
Table 'Sinope' 6-max Seat #4 is the button
Seat 1: Zenden28 ($31.78 in chips)
Seat 4: Agrotait ($95.98 in chips)
Agrotait: posts small blind $1
Zenden28: posts big blind $3
*** HOLE CARDS ***
Agrotait: raises $3 to $6
Zenden28: folds
Uncalled bet ($3) returned to Agrotait
Agrotait collected $6 from pot
Agrotait: doesn't show hand
*** SUMMARY ***
Total pot $6 | Rake $0
Seat 1: Zenden28 (big blind) folded before Flop
Seat 4: Agrotait (button) (small blind) collected ($6)


PokerStars Hand #164710186946:  Hold'em Limit ($3/$6 USD) - 2017/01/17 3:05:03 ET
Table 'Sinope' 6-max Seat #4 is the button
Seat 1: Zenden28 ($31.78 in chips)
Seat 4: Agrotait ($95.98 in chips)
Agrotait: posts small blind $1
Zenden28: posts big blind $3
*** HOLE CARDS ***
Agrotait: folds
Uncalled bet ($2) returned to Zenden28
Zenden28 collected $2 from pot
Zenden28: doesn't show hand
*** SUMMARY ***
Total pot $2 | Rake $0
Seat 1: Zenden28 (big blind) collected ($2)
Seat 4: Agrotait (button) (small blind) folded before Flop


PokerStars Hand #164710182697:  Hold'em Limit ($3/$6 USD) - 2017/01/17 3:04:49 ET
Table 'Sinope' 6-max Seat #1 is the button
Seat 1: Zenden28 ($28.78 in chips)
Seat 4: Agrotait ($98.98 in chips)
Zenden28: posts small blind $1
Agrotait: posts big blind $3
*** HOLE CARDS ***
Zenden28: raises $3 to $6
Agrotait: folds
Uncalled bet ($3) returned to Zenden28
Zenden28 collected $6 from pot
Zenden28: doesn't show hand
*** SUMMARY ***
Total pot $6 | Rake $0
Seat 1: Zenden28 (button) (small blind) collected ($6)
Seat 4: Agrotait (big blind) folded before Flop


PokerStars Hand #164710179583:  Hold'em Limit ($3/$6 USD) - 2017/01/17 3:04:38 ET
Table 'Sinope' 6-max Seat #4 is the button
Seat 1: Zenden28 ($31.78 in chips)
Seat 4: Agrotait ($95.98 in chips)
Agrotait: posts small blind $1
Zenden28: posts big blind $3
*** HOLE CARDS ***
Agrotait: raises $3 to $6
Zenden28: folds
Uncalled bet ($3) returned to Agrotait
Agrotait collected $6 from pot
Agrotait: doesn't show hand
*** SUMMARY ***
Total pot $6 | Rake $0
Seat 1: Zenden28 (big blind) folded before Flop
Seat 4: Agrotait (button) (small blind) collected ($6)


PokerStars Hand #164710177331:  Hold'em Limit ($3/$6 USD) - 2017/01/17 3:04:31 ET
Table 'Sinope' 6-max Seat #1 is the button
Seat 1: Zenden28 ($28.78 in chips)
Seat 4: Agrotait ($98.98 in chips)
Zenden28: posts small blind $1
Agrotait: posts big blind $3
*** HOLE CARDS ***
Zenden28: raises $3 to $6
Agrotait: folds
Uncalled bet ($3) returned to Zenden28
Zenden28 collected $6 from pot
Zenden28: doesn't show hand
*** SUMMARY ***
Total pot $6 | Rake $0
Seat 1: Zenden28 (button) (small blind) collected ($6)
Seat 4: Agrotait (big blind) folded before Flop


PokerStars Hand #164710200427:  Hold'em Limit ($3/$6 USD) - 2017/01/17 3:05:49 ET
Table 'Sinope' 6-max Seat #1 is the button
Seat 1: Zenden28 ($48.28 in chips)
Seat 4: Agrotait ($78.98 in chips)
Zenden28: posts small blind $1
Agrotait: posts big blind $3
*** HOLE CARDS ***
Zenden28: raises $3 to $6
Agrotait: calls $3
*** FLOP *** [7s Th 9c]
Agrotait: checks
Zenden28: bets $3
Agrotait: calls $3
*** TURN *** [7s Th 9c] [6s]
Agrotait: checks
Zenden28: checks
*** RIVER *** [7s Th 9c 6s] [5c]
Agrotait: checks
Zenden28: bets $6
Agrotait: folds
Uncalled bet ($6) returned to Zenden28
Zenden28 collected $17.64 from pot
Zenden28: doesn't show hand
*** SUMMARY ***
Total pot $18 | Rake $0.36
Board [7s Th 9c 6s 5c]
Seat 1: Zenden28 (button) (small blind) collected ($17.64)
Seat 4: Agrotait (big blind) folded on the River


PokerStars Hand #164710207171:  Hold'em Limit ($3/$6 USD) - 2017/01/17 3:06:11 ET
Table 'Sinope' 6-max Seat #4 is the button
Seat 1: Zenden28 ($56.92 in chips)
Seat 4: Agrotait ($69.98 in chips)
Agrotait: posts small blind $1
Zenden28: posts big blind $3
*** HOLE CARDS ***
Agrotait: raises $3 to $6
Zenden28: folds
Uncalled bet ($3) returned to Agrotait
Agrotait collected $6 from pot
Agrotait: doesn't show hand
*** SUMMARY ***
Total pot $6 | Rake $0
Seat 1: Zenden28 (big blind) folded before Flop
Seat 4: Agrotait (button) (small blind) collected ($6)


PokerStars Hand #164710197749:  Hold'em Limit ($3/$6 USD) - 2017/01/17 3:05:40 ET
Table 'Sinope' 6-max Seat #4 is the button
Seat 1: Zenden28 ($47.28 in chips)
Seat 4: Agrotait ($79.98 in chips)
Agrotait: posts small blind $1
Zenden28: posts big blind $3
*** HOLE CARDS ***
Agrotait: folds
Uncalled bet ($2) returned to Zenden28
Zenden28 collected $2 from pot
Zenden28: doesn't show hand
*** SUMMARY ***
Total pot $2 | Rake $0
Seat 1: Zenden28 (big blind) collected ($2)
Seat 4: Agrotait (button) (small blind) folded before Flop


PokerStars Hand #164710189522:  Hold'em Limit ($3/$6 USD) - 2017/01/17 3:05:12 ET
Table 'Sinope' 6-max Seat #1 is the button
Seat 1: Zenden28 ($32.78 in chips)
Seat 4: Agrotait ($94.98 in chips)
Zenden28: posts small blind $1
Agrotait: posts big blind $3
*** HOLE CARDS ***
Zenden28: raises $3 to $6
Agrotait: raises $3 to $9
Zenden28: raises $3 to $12
Betting is capped
Agrotait: calls $3
*** FLOP *** [3d 5h Th]
Agrotait: checks
Zenden28: bets $3
Agrotait: calls $3
*** TURN *** [3d 5h Th] [3h]
Agrotait: checks
Zenden28: bets $6
Agrotait: folds
Uncalled bet ($6) returned to Zenden28
Zenden28 collected $29.50 from pot
Zenden28: doesn't show hand
*** SUMMARY ***
Total pot $30 | Rake $0.50
Board [3d 5h Th 3h]
Seat 1: Zenden28 (button) (small blind) collected ($29.50)
Seat 4: Agrotait (big blind) folded on the Turn


PokerStars Hand #164710211883:  Hold'em Limit ($3/$6 USD) - 2017/01/17 3:06:28 ET
Table 'Sinope' 6-max Seat #1 is the button
Seat 1: Zenden28 ($53.92 in chips)
Seat 4: Agrotait ($72.98 in chips)
Zenden28: posts small blind $1
Agrotait: posts big blind $3
*** HOLE CARDS ***
Zenden28: folds
Uncalled bet ($2) returned to Agrotait
Agrotait collected $2 from pot
Agrotait: doesn't show hand
*** SUMMARY ***
Total pot $2 | Rake $0
Seat 1: Zenden28 (button) (small blind) folded before Flop
Seat 4: Agrotait (big blind) collected ($2)


PokerStars Hand #164710215113:  Hold'em Limit ($3/$6 USD) - 2017/01/17 3:06:38 ET
Table 'Sinope' 6-max Seat #4 is the button
Seat 1: Zenden28 ($52.92 in chips)
Seat 4: Agrotait ($73.98 in chips)
Agrotait: posts small blind $1
Zenden28: posts big blind $3
*** HOLE CARDS ***
Agrotait: raises $3 to $6
Zenden28: calls $3
*** FLOP *** [Ad 8c Th]
Zenden28: checks
Agrotait: checks
*** TURN *** [Ad 8c Th] [7s]
Zenden28: checks
Agrotait: bets $6
Zenden28: folds
Uncalled bet ($6) returned to Agrotait
Agrotait collected $11.76 from pot
Agrotait: doesn't show hand
*** SUMMARY ***
Total pot $12 | Rake $0.24
Board [Ad 8c Th 7s]
Seat 1: Zenden28 (big blind) folded on the Turn
Seat 4: Agrotait (button) (small blind) collected ($11.76)


PokerStars Hand #164710245303:  Hold'em Limit ($3/$6 USD) - 2017/01/17 3:08:19 ET
Table 'Sinope' 6-max Seat #4 is the button
Seat 1: Zenden28 ($13.92 in chips)
Seat 4: Agrotait ($112.24 in chips)
Agrotait: posts small blind $1
Zenden28: posts big blind $3
*** HOLE CARDS ***
Agrotait: folds
Uncalled bet ($2) returned to Zenden28
Zenden28 collected $2 from pot
Zenden28: doesn't show hand
*** SUMMARY ***
Total pot $2 | Rake $0
Seat 1: Zenden28 (big blind) collected ($2)
Seat 4: Agrotait (button) (small blind) folded before Flop


PokerStars Hand #164710232240:  Hold'em Limit ($3/$6 USD) - 2017/01/17 3:07:35 ET
Table 'Sinope' 6-max Seat #1 is the button
Seat 1: Zenden28 ($46.92 in chips)
Seat 4: Agrotait ($79.74 in chips)
Zenden28: posts small blind $1
Agrotait: posts big blind $3
*** HOLE CARDS ***
Zenden28: raises $3 to $6
Agrotait: calls $3
*** FLOP *** [9c 5h Ts]
Agrotait: checks
Zenden28: bets $3
Agrotait: raises $3 to $6
Zenden28: raises $3 to $9
Agrotait: calls $3
*** TURN *** [9c 5h Ts] [2c]
Agrotait: checks
Zenden28: bets $6
Agrotait: calls $6
*** RIVER *** [9c 5h Ts 2c] [8s]
Agrotait: checks
Zenden28: bets $6
Agrotait: raises $6 to $12
Zenden28: calls $6
*** SHOW DOWN ***
Agrotait: shows [Js Qh] (a straight, Eight to Queen)
Zenden28: mucks hand
Agrotait collected $65.50 from pot
*** SUMMARY ***
Total pot $66 | Rake $0.50
Board [9c 5h Ts 2c 8s]
Seat 1: Zenden28 (button) (small blind) mucked
Seat 4: Agrotait (big blind) showed [Js Qh] and won ($65.50) with a straight, Eight to Queen


PokerStars Hand #164710254280:  Hold'em Limit ($3/$6 USD) - 2017/01/17 3:08:49 ET
Table 'Sinope' 6-max Seat #1 is the button
Seat 1: Zenden28 ($22.56 in chips)
Seat 4: Agrotait ($103.24 in chips)
Zenden28: posts small blind $1
Agrotait: posts big blind $3
*** HOLE CARDS ***
Zenden28: folds
Uncalled bet ($2) returned to Agrotait
Agrotait collected $2 from pot
Agrotait: doesn't show hand
*** SUMMARY ***
Total pot $2 | Rake $0
Seat 1: Zenden28 (button) (small blind) folded before Flop
Seat 4: Agrotait (big blind) collected ($2)


PokerStars Hand #164710249398:  Hold'em Limit ($3/$6 USD) - 2017/01/17 3:08:33 ET
Table 'Sinope' 6-max Seat #4 is the button
Seat 1: Zenden28 ($13.92 in chips)
Seat 4: Agrotait ($112.24 in chips)
Agrotait: posts small blind $1
Zenden28: posts big blind $3
*** HOLE CARDS ***
Agrotait: raises $3 to $6
Zenden28: raises $3 to $9
Agrotait: calls $3
*** FLOP *** [Th 8d Kc]
Zenden28: bets $3
Agrotait: folds
Uncalled bet ($3) returned to Zenden28
Zenden28 collected $17.64 from pot
Zenden28: doesn't show hand
*** SUMMARY ***
Total pot $18 | Rake $0.36
Board [Th 8d Kc]
Seat 1: Zenden28 (big blind) collected ($17.64)
Seat 4: Agrotait (button) (small blind) folded on the Flop


PokerStars Hand #164710258909:  Hold'em Limit ($3/$6 USD) - 2017/01/17 3:09:05 ET
Table 'Sinope' 6-max Seat #4 is the button
Seat 1: Zenden28 ($21.56 in chips)
Seat 4: Agrotait ($104.24 in chips)
Agrotait: posts small blind $1
Zenden28: posts big blind $3
*** HOLE CARDS ***
Agrotait: raises $3 to $6
Zenden28: folds
Uncalled bet ($3) returned to Agrotait
Agrotait collected $6 from pot
Agrotait: doesn't show hand
*** SUMMARY ***
Total pot $6 | Rake $0
Seat 1: Zenden28 (big blind) folded before Flop
Seat 4: Agrotait (button) (small blind) collected ($6)


PokerStars Hand #164710257354:  Hold'em Limit ($3/$6 USD) - 2017/01/17 3:09:00 ET
Table 'Sinope' 6-max Seat #1 is the button
Seat 1: Zenden28 ($22.56 in chips)
Seat 4: Agrotait ($103.24 in chips)
Zenden28: posts small blind $1
Agrotait: posts big blind $3
*** HOLE CARDS ***
Zenden28: folds
Uncalled bet ($2) returned to Agrotait
Agrotait collected $2 from pot
Agrotait: doesn't show hand
*** SUMMARY ***
Total pot $2 | Rake $0
Seat 1: Zenden28 (button) (small blind) folded before Flop
Seat 4: Agrotait (big blind) collected ($2)


PokerStars Hand #164710255810:  Hold'em Limit ($3/$6 USD) - 2017/01/17 3:08:54 ET
Table 'Sinope' 6-max Seat #4 is the button
Seat 1: Zenden28 ($21.56 in chips)
Seat 4: Agrotait ($104.24 in chips)
Agrotait: posts small blind $1
Zenden28: posts big blind $3
*** HOLE CARDS ***
Agrotait: folds
Uncalled bet ($2) returned to Zenden28
Zenden28 collected $2 from pot
Zenden28: doesn't show hand
*** SUMMARY ***
Total pot $2 | Rake $0
Seat 1: Zenden28 (big blind) collected ($2)
Seat 4: Agrotait (button) (small blind) folded before Flop


PokerStars Hand #164710247856:  Hold'em Limit ($3/$6 USD) - 2017/01/17 3:08:28 ET
Table 'Sinope' 6-max Seat #1 is the button
Seat 1: Zenden28 ($14.92 in chips)
Seat 4: Agrotait ($111.24 in chips)
Zenden28: posts small blind $1
Agrotait: posts big blind $3
*** HOLE CARDS ***
Zenden28: folds
Uncalled bet ($2) returned to Agrotait
Agrotait collected $2 from pot
Agrotait: doesn't show hand
*** SUMMARY ***
Total pot $2 | Rake $0
Seat 1: Zenden28 (button) (small blind) folded before Flop
Seat 4: Agrotait (big blind) collected ($2)


PokerStars Hand #164710276206:  Hold'em Limit ($3/$6 USD) - 2017/01/17 3:10:03 ET
Table 'Sinope' 6-max Seat #4 is the button
Seat 1: Zenden28 ($29.06 in chips)
Seat 4: Agrotait ($96.24 in chips)
Agrotait: posts small blind $1
Zenden28: posts big blind $3
*** HOLE CARDS ***
Agrotait: folds
Uncalled bet ($2) returned to Zenden28
Zenden28 collected $2 from pot
Zenden28: doesn't show hand
*** SUMMARY ***
Total pot $2 | Rake $0
Seat 1: Zenden28 (big blind) collected ($2)
Seat 4: Agrotait (button) (small blind) folded before Flop


PokerStars Hand #164710274141:  Hold'em Limit ($3/$6 USD) - 2017/01/17 3:09:56 ET
Table 'Sinope' 6-max Seat #1 is the button
Seat 1: Zenden28 ($30.06 in chips)
Seat 4: Agrotait ($95.24 in chips)
Zenden28: posts small blind $1
Agrotait: posts big blind $3
*** HOLE CARDS ***
Zenden28: folds
Uncalled bet ($2) returned to Agrotait
Agrotait collected $2 from pot
Agrotait: doesn't show hand
*** SUMMARY ***
Total pot $2 | Rake $0
Seat 1: Zenden28 (button) (small blind) folded before Flop
Seat 4: Agrotait (big blind) collected ($2)


PokerStars Hand #164710278064:  Hold'em Limit ($3/$6 USD) - 2017/01/17 3:10:09 ET
Table 'Sinope' 6-max Seat #1 is the button
Seat 1: Zenden28 ($30.06 in chips)
Seat 4: Agrotait ($95.24 in chips)
Zenden28: posts small blind $1
Agrotait: posts big blind $3
*** HOLE CARDS ***
Zenden28: folds
Uncalled bet ($2) returned to Agrotait
Agrotait collected $2 from pot
Agrotait: doesn't show hand
*** SUMMARY ***
Total pot $2 | Rake $0
Seat 1: Zenden28 (button) (small blind) folded before Flop
Seat 4: Agrotait (big blind) collected ($2)


PokerStars Hand #164710270971:  Hold'em Limit ($3/$6 USD) - 2017/01/17 3:09:45 ET
Table 'Sinope' 6-max Seat #4 is the button
Seat 1: Zenden28 ($33.06 in chips)
Seat 4: Agrotait ($92.24 in chips)
Agrotait: posts small blind $1
Zenden28: posts big blind $3
*** HOLE CARDS ***
Agrotait: raises $3 to $6
Zenden28: folds
Uncalled bet ($3) returned to Agrotait
Agrotait collected $6 from pot
Agrotait: doesn't show hand
*** SUMMARY ***
Total pot $6 | Rake $0
Seat 1: Zenden28 (big blind) folded before Flop
Seat 4: Agrotait (button) (small blind) collected ($6)


PokerStars Hand #164710261534:  Hold'em Limit ($3/$6 USD) - 2017/01/17 3:09:13 ET
Table 'Sinope' 6-max Seat #1 is the button
Seat 1: Zenden28 ($18.56 in chips)
Seat 4: Agrotait ($107.24 in chips)
Zenden28: posts small blind $1
Agrotait: posts big blind $3
*** HOLE CARDS ***
Zenden28: raises $3 to $6
Agrotait: calls $3
*** FLOP *** [8d 4d 9c]
Agrotait: checks
Zenden28: bets $3
Agrotait: calls $3
*** TURN *** [8d 4d 9c] [5s]
Agrotait: checks
Zenden28: bets $6
Agrotait: calls $6
*** RIVER *** [8d 4d 9c 5s] [9h]
Agrotait: checks
Zenden28: bets $3.56 and is all-in
Agrotait: folds
Uncalled bet ($3.56) returned to Zenden28
Zenden28 collected $29.50 from pot
Zenden28: doesn't show hand
*** SUMMARY ***
Total pot $30 | Rake $0.50
Board [8d 4d 9c 5s 9h]
Seat 1: Zenden28 (button) (small blind) collected ($29.50)
Seat 4: Agrotait (big blind) folded on the River


PokerStars Hand #164710287754:  Hold'em Limit ($3/$6 USD) - 2017/01/17 3:10:42 ET
Table 'Sinope' 6-max Seat #1 is the button
Seat 1: Zenden28 ($20.06 in chips)
Seat 4: Agrotait ($104.88 in chips)
Zenden28: posts small blind $1
Agrotait: posts big blind $3
*** HOLE CARDS ***
Zenden28: raises $3 to $6
Agrotait: calls $3
*** FLOP *** [2d Qc 6s]
Agrotait: checks
Zenden28: bets $3
Agrotait: raises $3 to $6
Zenden28: folds
Uncalled bet ($3) returned to Agrotait
Agrotait collected $17.64 from pot
Agrotait: doesn't show hand
*** SUMMARY ***
Total pot $18 | Rake $0.36
Board [2d Qc 6s]
Seat 1: Zenden28 (button) (small blind) folded on the Flop
Seat 4: Agrotait (big blind) collected ($17.64)


PokerStars Hand #164710281663:  Hold'em Limit ($3/$6 USD) - 2017/01/17 3:10:21 ET
Table 'Sinope' 6-max Seat #4 is the button
Seat 1: Zenden28 ($29.06 in chips)
Seat 4: Agrotait ($96.24 in chips)
Agrotait: posts small blind $1
Zenden28: posts big blind $3
*** HOLE CARDS ***
Agrotait: raises $3 to $6
Zenden28: calls $3
*** FLOP *** [Qd 8s 6s]
Zenden28: checks
Agrotait: bets $3
Zenden28: calls $3
*** TURN *** [Qd 8s 6s] [4d]
Zenden28: checks
Agrotait: bets $6
Zenden28: folds
Uncalled bet ($6) returned to Agrotait
Agrotait collected $17.64 from pot
Agrotait: doesn't show hand
*** SUMMARY ***
Total pot $18 | Rake $0.36
Board [Qd 8s 6s 4d]
Seat 1: Zenden28 (big blind) folded on the Turn
Seat 4: Agrotait (button) (small blind) collected ($17.64)


PokerStars Hand #164710319077:  Hold'em Limit ($3/$6 USD) - 2017/01/17 3:12:12 ET
Table 'Sinope' 6-max Seat #4 is the button
Seat 1: Zenden28 ($20.68 in chips)
Seat 4: Agrotait ($103.46 in chips)
Agrotait: posts small blind $1
Zenden28: posts big blind $3
*** HOLE CARDS ***
Agrotait: raises $3 to $6
Zenden28: folds
Uncalled bet ($3) returned to Agrotait
Agrotait collected $6 from pot
Agrotait: doesn't show hand
*** SUMMARY ***
Total pot $6 | Rake $0
Seat 1: Zenden28 (big blind) folded before Flop
Seat 4: Agrotait (button) (small blind) collected ($6)


PokerStars Hand #164710316136:  Hold'em Limit ($3/$6 USD) - 2017/01/17 3:12:02 ET
Table 'Sinope' 6-max Seat #1 is the button
Seat 1: Zenden28 ($17.68 in chips)
Seat 4: Agrotait ($106.46 in chips)
Zenden28: posts small blind $1
Agrotait: posts big blind $3
*** HOLE CARDS ***
Zenden28: raises $3 to $6
Agrotait: folds
Uncalled bet ($3) returned to Zenden28
Zenden28 collected $6 from pot
Zenden28: doesn't show hand
*** SUMMARY ***
Total pot $6 | Rake $0
Seat 1: Zenden28 (button) (small blind) collected ($6)
Seat 4: Agrotait (big blind) folded before Flop


PokerStars Hand #164710311369:  Hold'em Limit ($3/$6 USD) - 2017/01/17 3:11:46 ET
Table 'Sinope' 6-max Seat #4 is the button
Seat 1: Zenden28 ($20.68 in chips)
Seat 4: Agrotait ($103.46 in chips)
Agrotait: posts small blind $1
Zenden28: posts big blind $3
*** HOLE CARDS ***
Agrotait: raises $3 to $6
Zenden28: folds
Uncalled bet ($3) returned to Agrotait
Agrotait collected $6 from pot
Agrotait: doesn't show hand
*** SUMMARY ***
Total pot $6 | Rake $0
Seat 1: Zenden28 (big blind) folded before Flop
Seat 4: Agrotait (button) (small blind) collected ($6)


PokerStars Hand #164710308683:  Hold'em Limit ($3/$6 USD) - 2017/01/17 3:11:37 ET
Table 'Sinope' 6-max Seat #1 is the button
Seat 1: Zenden28 ($21.68 in chips)
Seat 4: Agrotait ($102.46 in chips)
Zenden28: posts small blind $1
Agrotait: posts big blind $3
*** HOLE CARDS ***
Zenden28: folds
Uncalled bet ($2) returned to Agrotait
Agrotait collected $2 from pot
Agrotait: doesn't show hand
*** SUMMARY ***
Total pot $2 | Rake $0
Seat 1: Zenden28 (button) (small blind) folded before Flop
Seat 4: Agrotait (big blind) collected ($2)


PokerStars Hand #164710294999:  Hold'em Limit ($3/$6 USD) - 2017/01/17 3:11:06 ET
Table 'Sinope' 6-max Seat #4 is the button
Seat 1: Zenden28 ($11.06 in chips)
Seat 4: Agrotait ($113.52 in chips)
Agrotait: posts small blind $1
Zenden28: posts big blind $3
*** HOLE CARDS ***
Agrotait: raises $3 to $6
Zenden28: raises $3 to $9
Agrotait: calls $3
*** FLOP *** [Th 9s Ts]
Zenden28: bets $2.06 and is all-in
Agrotait: calls $2.06
*** TURN *** [Th 9s Ts] [Kc]
*** RIVER *** [Th 9s Ts Kc] [Kh]
*** SHOW DOWN ***
Zenden28: shows [7c Qs] (two pair, Kings and Tens)
Agrotait: shows [6c 5c] (two pair, Kings and Tens - lower kicker)
Zenden28 collected $21.68 from pot
*** SUMMARY ***
Total pot $22.12 | Rake $0.44
Board [Th 9s Ts Kc Kh]
Seat 1: Zenden28 (big blind) showed [7c Qs] and won ($21.68) with two pair, Kings and Tens
Seat 4: Agrotait (button) (small blind) showed [6c 5c] and lost with two pair, Kings and Tens


PokerStars Hand #164710328785:  Hold'em Limit ($3/$6 USD) - 2017/01/17 3:12:44 ET
Table 'Sinope' 6-max Seat #1 is the button
Seat 1: Zenden28 ($9.68 in chips)
Seat 4: Agrotait ($114.10 in chips)
Zenden28: posts small blind $1
Agrotait: posts big blind $3
*** HOLE CARDS ***
Zenden28: raises $3 to $6
Agrotait: raises $3 to $9
Zenden28: raises $0.68 to $9.68 and is all-in
Betting is capped
Agrotait: calls $0.68
*** FLOP *** [6c 2h Kc]
*** TURN *** [6c 2h Kc] [Qd]
*** RIVER *** [6c 2h Kc Qd] [5d]
*** SHOW DOWN ***
Agrotait: shows [9d Ah] (high card Ace)
Zenden28: shows [3d 3c] (a pair of Threes)
Zenden28 collected $18.97 from pot
*** SUMMARY ***
Total pot $19.36 | Rake $0.39
Board [6c 2h Kc Qd 5d]
Seat 1: Zenden28 (button) (small blind) showed [3d 3c] and won ($18.97) with a pair of Threes
Seat 4: Agrotait (big blind) showed [9d Ah] and lost with high card Ace


PokerStars Hand #164710321153:  Hold'em Limit ($3/$6 USD) - 2017/01/17 3:12:19 ET
Table 'Sinope' 6-max Seat #1 is the button
Seat 1: Zenden28 ($17.68 in chips)
Seat 4: Agrotait ($106.46 in chips)
Zenden28: posts small blind $1
Agrotait: posts big blind $3
*** HOLE CARDS ***
Zenden28: raises $3 to $6
Agrotait: calls $3
*** FLOP *** [5d 3c 2c]
Agrotait: checks
Zenden28: bets $3
Agrotait: calls $3
*** TURN *** [5d 3c 2c] [7s]
Agrotait: checks
Zenden28: checks
*** RIVER *** [5d 3c 2c 7s] [Qs]
Agrotait: bets $6
Zenden28: folds
Uncalled bet ($6) returned to Agrotait
Agrotait collected $17.64 from pot
Agrotait: doesn't show hand
*** SUMMARY ***
Total pot $18 | Rake $0.36
Board [5d 3c 2c 7s Qs]
Seat 1: Zenden28 (button) (small blind) folded on the River
Seat 4: Agrotait (big blind) collected ($17.64)


PokerStars Hand #164710327074:  Hold'em Limit ($3/$6 USD) - 2017/01/17 3:12:39 ET
Table 'Sinope' 6-max Seat #4 is the button
Seat 1: Zenden28 ($8.68 in chips)
Seat 4: Agrotait ($115.10 in chips)
Agrotait: posts small blind $1
Zenden28: posts big blind $3
*** HOLE CARDS ***
Agrotait: folds
Uncalled bet ($2) returned to Zenden28
Zenden28 collected $2 from pot
Zenden28: doesn't show hand
*** SUMMARY ***
Total pot $2 | Rake $0
Seat 1: Zenden28 (big blind) collected ($2)
Seat 4: Agrotait (button) (small blind) folded before Flop


PokerStars Hand #164710339667:  Hold'em Limit ($3/$6 USD) - 2017/01/17 3:13:21 ET
Table 'Sinope' 6-max Seat #4 is the button
Seat 1: Zenden28 ($18.97 in chips)
Seat 4: Agrotait ($104.42 in chips)
Agrotait: posts small blind $1
Zenden28: posts big blind $3
*** HOLE CARDS ***
Agrotait: raises $3 to $6
Zenden28: calls $3
*** FLOP *** [2s Js 5h]
Zenden28: bets $3
Agrotait: calls $3
*** TURN *** [2s Js 5h] [7s]
Zenden28: bets $6
Agrotait: calls $6
*** RIVER *** [2s Js 5h 7s] [6d]
Zenden28: bets $3.97 and is all-in
Agrotait: calls $3.97
*** SHOW DOWN ***
Zenden28: shows [4c 3c] (a straight, Three to Seven)
Agrotait: shows [7h Ad] (a pair of Sevens)
Zenden28 collected $37.44 from pot
*** SUMMARY ***
Total pot $37.94 | Rake $0.50
Board [2s Js 5h 7s 6d]
Seat 1: Zenden28 (big blind) showed [4c 3c] and won ($37.44) with a straight, Three to Seven
Seat 4: Agrotait (button) (small blind) showed [7h Ad] and lost with a pair of Sevens


PokerStars Hand #164710353863:  Hold'em Limit ($3/$6 USD) - 2017/01/17 3:14:09 ET
Table 'Sinope' 6-max Seat #1 is the button
Seat 1: Zenden28 ($50.94 in chips)
Seat 4: Agrotait ($71.45 in chips)
Zenden28: posts small blind $1
Agrotait: posts big blind $3
*** HOLE CARDS ***
Zenden28: folds
Uncalled bet ($2) returned to Agrotait
Agrotait collected $2 from pot
Agrotait: doesn't show hand
*** SUMMARY ***
Total pot $2 | Rake $0
Seat 1: Zenden28 (button) (small blind) folded before Flop
Seat 4: Agrotait (big blind) collected ($2)


PokerStars Hand #164710348320:  Hold'em Limit ($3/$6 USD) - 2017/01/17 3:13:50 ET
Table 'Sinope' 6-max Seat #4 is the button
Seat 1: Zenden28 ($36.44 in chips)
Seat 4: Agrotait ($86.45 in chips)
Agrotait: posts small blind $1
Zenden28: posts big blind $3
*** HOLE CARDS ***
Agrotait: raises $3 to $6
Zenden28: calls $3
*** FLOP *** [7h 8s 9c]
Zenden28: bets $3
Agrotait: calls $3
*** TURN *** [7h 8s 9c] [4d]
Zenden28: bets $6
Agrotait: calls $6
*** RIVER *** [7h 8s 9c 4d] [2h]
Zenden28: checks
Agrotait: checks
*** SHOW DOWN ***
Zenden28: shows [7s 8c] (two pair, Eights and Sevens)
Agrotait: mucks hand
Zenden28 collected $29.50 from pot
*** SUMMARY ***
Total pot $30 | Rake $0.50
Board [7h 8s 9c 4d 2h]
Seat 1: Zenden28 (big blind) showed [7s 8c] and won ($29.50) with two pair, Eights and Sevens
Seat 4: Agrotait (button) (small blind) mucked


PokerStars Hand #164710355373:  Hold'em Limit ($3/$6 USD) - 2017/01/17 3:14:14 ET
Table 'Sinope' 6-max Seat #4 is the button
Seat 1: Zenden28 ($49.94 in chips)
Seat 4: Agrotait ($72.45 in chips)
Agrotait: posts small blind $1
Zenden28: posts big blind $3
*** HOLE CARDS ***
Agrotait: raises $3 to $6
Zenden28: folds
Uncalled bet ($3) returned to Agrotait
Agrotait collected $6 from pot
Agrotait: doesn't show hand
*** SUMMARY ***
Total pot $6 | Rake $0
Seat 1: Zenden28 (big blind) folded before Flop
Seat 4: Agrotait (button) (small blind) collected ($6)


PokerStars Hand #164710346599:  Hold'em Limit ($3/$6 USD) - 2017/01/17 3:13:45 ET
Table 'Sinope' 6-max Seat #1 is the button
Seat 1: Zenden28 ($37.44 in chips)
Seat 4: Agrotait ($85.45 in chips)
Zenden28: posts small blind $1
Agrotait: posts big blind $3
*** HOLE CARDS ***
Zenden28: folds
Uncalled bet ($2) returned to Agrotait
Agrotait collected $2 from pot
Agrotait: doesn't show hand
*** SUMMARY ***
Total pot $2 | Rake $0
Seat 1: Zenden28 (button) (small blind) folded before Flop
Seat 4: Agrotait (big blind) collected ($2)


PokerStars Hand #164710365225:  Hold'em Limit ($3/$6 USD) - 2017/01/17 3:14:47 ET
Table 'Sinope' 6-max Seat #4 is the button
Seat 1: Zenden28 ($61.44 in chips)
Seat 4: Agrotait ($60.45 in chips)
Agrotait: posts small blind $1
Zenden28: posts big blind $3
*** HOLE CARDS ***
Agrotait: raises $3 to $6
Zenden28: folds
Uncalled bet ($3) returned to Agrotait
Agrotait collected $6 from pot
Agrotait: doesn't show hand
*** SUMMARY ***
Total pot $6 | Rake $0
Seat 1: Zenden28 (big blind) folded before Flop
Seat 4: Agrotait (button) (small blind) collected ($6)


PokerStars Hand #164710357366:  Hold'em Limit ($3/$6 USD) - 2017/01/17 3:14:21 ET
Table 'Sinope' 6-max Seat #1 is the button
Seat 1: Zenden28 ($46.94 in chips)
Seat 4: Agrotait ($75.45 in chips)
Zenden28: posts small blind $1
Agrotait: posts big blind $3
*** HOLE CARDS ***
Zenden28: raises $3 to $6
Agrotait: calls $3
*** FLOP *** [Jd 6s 8c]
Agrotait: checks
Zenden28: bets $3
Agrotait: calls $3
*** TURN *** [Jd 6s 8c] [9h]
Agrotait: checks
Zenden28: bets $6
Agrotait: calls $6
*** RIVER *** [Jd 6s 8c 9h] [Qc]
Agrotait: checks
Zenden28: bets $6
Agrotait: folds
Uncalled bet ($6) returned to Zenden28
Zenden28 collected $29.50 from pot
Zenden28: doesn't show hand
*** SUMMARY ***
Total pot $30 | Rake $0.50
Board [Jd 6s 8c 9h Qc]
Seat 1: Zenden28 (button) (small blind) collected ($29.50)
Seat 4: Agrotait (big blind) folded on the River


PokerStars Hand #164710389684:  Hold'em Limit ($3/$6 USD) - 2017/01/17 3:16:07 ET
Table 'Sinope' 6-max Seat #4 is the button
Seat 1: Zenden28 ($69.96 in chips)
Seat 4: Agrotait ($72 in chips)
Agrotait: posts small blind $1
Zenden28: posts big blind $3
*** HOLE CARDS ***
Agrotait: raises $3 to $6
Zenden28: folds
Uncalled bet ($3) returned to Agrotait
Agrotait collected $6 from pot
Agrotait: doesn't show hand
*** SUMMARY ***
Total pot $6 | Rake $0
Seat 1: Zenden28 (big blind) folded before Flop
Seat 4: Agrotait (button) (small blind) collected ($6)


PokerStars Hand #164710392105:  Hold'em Limit ($3/$6 USD) - 2017/01/17 3:16:15 ET
Table 'Sinope' 6-max Seat #1 is the button
Seat 1: Zenden28 ($66.96 in chips)
Seat 4: Agrotait ($75 in chips)
Zenden28: posts small blind $1
Agrotait: posts big blind $3
*** HOLE CARDS ***
Zenden28: folds
Uncalled bet ($2) returned to Agrotait
Agrotait collected $2 from pot
Agrotait: doesn't show hand
*** SUMMARY ***
Total pot $2 | Rake $0
Seat 1: Zenden28 (button) (small blind) folded before Flop
Seat 4: Agrotait (big blind) collected ($2)


PokerStars Hand #164710367045:  Hold'em Limit ($3/$6 USD) - 2017/01/17 3:14:53 ET
Table 'Sinope' 6-max Seat #1 is the button
Seat 1: Zenden28 ($58.44 in chips)
Seat 4: Agrotait ($63.45 in chips)
Zenden28: posts small blind $1
Agrotait: posts big blind $3
*** HOLE CARDS ***
Zenden28: raises $3 to $6
Agrotait: calls $3
*** FLOP *** [3c Jd Th]
Agrotait: checks
Zenden28: checks
*** TURN *** [3c Jd Th] [5d]
Agrotait: bets $6
Zenden28: calls $6
*** RIVER *** [3c Jd Th 5d] [Kc]
Agrotait: checks
Zenden28: checks
*** SHOW DOWN ***
Agrotait: shows [4s 9s] (high card King)
Zenden28: shows [Ac 5c] (a pair of Fives)
Zenden28 collected $23.52 from pot
*** SUMMARY ***
Total pot $24 | Rake $0.48
Board [3c Jd Th 5d Kc]
Seat 1: Zenden28 (button) (small blind) showed [Ac 5c] and won ($23.52) with a pair of Fives
Seat 4: Agrotait (big blind) showed [4s 9s] and lost with high card King


PokerStars Hand #164710380999:  Hold'em Limit ($3/$6 USD) - 2017/01/17 3:15:39 ET
Table 'Sinope' 6-max Seat #4 is the button
Seat 1: Zenden28 ($69.96 in chips)
Seat 4: Agrotait ($72 in chips)
Agrotait: posts small blind $1
Zenden28: posts big blind $3
*** HOLE CARDS ***
Agrotait: raises $3 to $6
Zenden28: folds
Uncalled bet ($3) returned to Agrotait
Agrotait collected $6 from pot
Agrotait: doesn't show hand
*** SUMMARY ***
Total pot $6 | Rake $0
Seat 1: Zenden28 (big blind) folded before Flop
Seat 4: Agrotait (button) (small blind) collected ($6)


PokerStars Hand #164710383592:  Hold'em Limit ($3/$6 USD) - 2017/01/17 3:15:48 ET
Table 'Sinope' 6-max Seat #1 is the button
Seat 1: Zenden28 ($66.96 in chips)
Seat 4: Agrotait ($75 in chips)
Zenden28: posts small blind $1
Agrotait: posts big blind $3
*** HOLE CARDS ***
Zenden28: folds
Uncalled bet ($2) returned to Agrotait
Agrotait collected $2 from pot
Agrotait: doesn't show hand
*** SUMMARY ***
Total pot $2 | Rake $0
Seat 1: Zenden28 (button) (small blind) folded before Flop
Seat 4: Agrotait (big blind) collected ($2)


PokerStars Hand #164710385623:  Hold'em Limit ($3/$6 USD) - 2017/01/17 3:15:54 ET
Table 'Sinope' 6-max Seat #4 is the button
Seat 1: Zenden28 ($65.96 in chips)
Seat 4: Agrotait ($76 in chips)
Agrotait: posts small blind $1
Zenden28: posts big blind $3
*** HOLE CARDS ***
Agrotait: folds
Uncalled bet ($2) returned to Zenden28
Zenden28 collected $2 from pot
Zenden28: doesn't show hand
*** SUMMARY ***
Total pot $2 | Rake $0
Seat 1: Zenden28 (big blind) collected ($2)
Seat 4: Agrotait (button) (small blind) folded before Flop


PokerStars Hand #164710387462:  Hold'em Limit ($3/$6 USD) - 2017/01/17 3:16:00 ET
Table 'Sinope' 6-max Seat #1 is the button
Seat 1: Zenden28 ($66.96 in chips)
Seat 4: Agrotait ($75 in chips)
Zenden28: posts small blind $1
Agrotait: posts big blind $3
*** HOLE CARDS ***
Zenden28: raises $3 to $6
Agrotait: folds
Uncalled bet ($3) returned to Zenden28
Zenden28 collected $6 from pot
Zenden28: doesn't show hand
*** SUMMARY ***
Total pot $6 | Rake $0
Seat 1: Zenden28 (button) (small blind) collected ($6)
Seat 4: Agrotait (big blind) folded before Flop


PokerStars Hand #164710411624:  Hold'em Limit ($3/$6 USD) - 2017/01/17 3:17:19 ET
Table 'Sinope' 6-max Seat #4 is the button
Seat 1: Zenden28 ($86.22 in chips)
Seat 4: Agrotait ($72 in chips)
Agrotait: posts small blind $1
Zenden28: posts big blind $3
*** HOLE CARDS ***
Agrotait: raises $3 to $6
Zenden28: folds
Uncalled bet ($3) returned to Agrotait
Agrotait collected $6 from pot
Agrotait: doesn't show hand
*** SUMMARY ***
Total pot $6 | Rake $0
Seat 1: Zenden28 (big blind) folded before Flop
Seat 4: Agrotait (button) (small blind) collected ($6)


PokerStars Hand #164710393838:  Hold'em Limit ($3/$6 USD) - 2017/01/17 3:16:21 ET
Table 'Sinope' 6-max Seat #4 is the button
Seat 1: Zenden28 ($65.96 in chips)
Seat 4: Agrotait ($76 in chips)
Agrotait: posts small blind $1
Zenden28: posts big blind $3
*** HOLE CARDS ***
Agrotait: raises $3 to $6
Zenden28: calls $3
*** FLOP *** [7h 7s 6s]
Zenden28: checks
Agrotait: bets $3
Zenden28: calls $3
*** TURN *** [7h 7s 6s] [Kh]
Zenden28: checks
Agrotait: checks
*** RIVER *** [7h 7s 6s Kh] [Ts]
Zenden28: bets $6
Agrotait: calls $6
*** SHOW DOWN ***
Zenden28: shows [6d 7d] (a full house, Sevens full of Sixes)
Agrotait: mucks hand
Zenden28 collected $29.50 from pot
*** SUMMARY ***
Total pot $30 | Rake $0.50
Board [7h 7s 6s Kh Ts]
Seat 1: Zenden28 (big blind) showed [6d 7d] and won ($29.50) with a full house, Sevens full of Sixes
Seat 4: Agrotait (button) (small blind) mucked


PokerStars Hand #164710405863:  Hold'em Limit ($3/$6 USD) - 2017/01/17 3:17:00 ET
Table 'Sinope' 6-max Seat #1 is the button
Seat 1: Zenden28 ($80.46 in chips)
Seat 4: Agrotait ($61 in chips)
Zenden28: posts small blind $1
Agrotait: posts big blind $3
*** HOLE CARDS ***
Zenden28: raises $3 to $6
Agrotait: calls $3
*** FLOP *** [3s Ks Ac]
Agrotait: checks
Zenden28: bets $3
Agrotait: folds
Uncalled bet ($3) returned to Zenden28
Zenden28 collected $11.76 from pot
Zenden28: doesn't show hand
*** SUMMARY ***
Total pot $12 | Rake $0.24
Board [3s Ks Ac]
Seat 1: Zenden28 (button) (small blind) collected ($11.76)
Seat 4: Agrotait (big blind) folded on the Flop


PokerStars Hand #164710413609:  Hold'em Limit ($3/$6 USD) - 2017/01/17 3:17:26 ET
Table 'Sinope' 6-max Seat #1 is the button
Seat 1: Zenden28 ($83.22 in chips)
Seat 4: Agrotait ($75 in chips)
Zenden28: posts small blind $1
Agrotait: posts big blind $3
*** HOLE CARDS ***
Zenden28: raises $3 to $6
Agrotait: calls $3
*** FLOP *** [Tc Kh 8c]
Agrotait: checks
Zenden28: checks
*** TURN *** [Tc Kh 8c] [6d]
Agrotait: bets $6
Zenden28: folds
Uncalled bet ($6) returned to Agrotait
Agrotait collected $11.76 from pot
Agrotait: doesn't show hand
*** SUMMARY ***
Total pot $12 | Rake $0.24
Board [Tc Kh 8c 6d]
Seat 1: Zenden28 (button) (small blind) folded on the Turn
Seat 4: Agrotait (big blind) collected ($11.76)


PokerStars Hand #164710418055:  Hold'em Limit ($3/$6 USD) - 2017/01/17 3:17:41 ET
Table 'Sinope' 6-max Seat #4 is the button
Seat 1: Zenden28 ($77.22 in chips)
Seat 4: Agrotait ($80.76 in chips)
Agrotait: posts small blind $1
Zenden28: posts big blind $3
*** HOLE CARDS ***
Agrotait: raises $3 to $6
Zenden28: folds
Uncalled bet ($3) returned to Agrotait
Agrotait collected $6 from pot
Agrotait: doesn't show hand
*** SUMMARY ***
Total pot $6 | Rake $0
Seat 1: Zenden28 (big blind) folded before Flop
Seat 4: Agrotait (button) (small blind) collected ($6)


PokerStars Hand #164710419990:  Hold'em Limit ($3/$6 USD) - 2017/01/17 3:17:47 ET
Table 'Sinope' 6-max Seat #1 is the button
Seat 1: Zenden28 ($74.22 in chips)
Seat 4: Agrotait ($83.76 in chips)
Zenden28: posts small blind $1
Agrotait: posts big blind $3
*** HOLE CARDS ***
Zenden28: folds
Uncalled bet ($2) returned to Agrotait
Agrotait collected $2 from pot
Agrotait: doesn't show hand
*** SUMMARY ***
Total pot $2 | Rake $0
Seat 1: Zenden28 (button) (small blind) folded before Flop
Seat 4: Agrotait (big blind) collected ($2)


PokerStars Hand #164710425114:  Hold'em Limit ($3/$6 USD) - 2017/01/17 3:18:04 ET
Table 'Sinope' 6-max Seat #1 is the button
Seat 1: Zenden28 ($67.22 in chips)
Seat 4: Agrotait ($90.52 in chips)
Zenden28: posts small blind $1
Agrotait: posts big blind $3
*** HOLE CARDS ***
Zenden28: folds
Uncalled bet ($2) returned to Agrotait
Agrotait collected $2 from pot
Agrotait: doesn't show hand
*** SUMMARY ***
Total pot $2 | Rake $0
Seat 1: Zenden28 (button) (small blind) folded before Flop
Seat 4: Agrotait (big blind) collected ($2)


PokerStars Hand #164710421481:  Hold'em Limit ($3/$6 USD) - 2017/01/17 3:17:52 ET
Table 'Sinope' 6-max Seat #4 is the button
Seat 1: Zenden28 ($73.22 in chips)
Seat 4: Agrotait ($84.76 in chips)
Agrotait: posts small blind $1
Zenden28: posts big blind $3
*** HOLE CARDS ***
Agrotait: raises $3 to $6
Zenden28: calls $3
*** FLOP *** [Ad Ts 4c]
Zenden28: checks
Agrotait: bets $3
Zenden28: folds
Uncalled bet ($3) returned to Agrotait
Agrotait collected $11.76 from pot
Agrotait: doesn't show hand
*** SUMMARY ***
Total pot $12 | Rake $0.24
Board [Ad Ts 4c]
Seat 1: Zenden28 (big blind) folded on the Flop
Seat 4: Agrotait (button) (small blind) collected ($11.76)


PokerStars Hand #164710426636:  Hold'em Limit ($3/$6 USD) - 2017/01/17 3:18:09 ET
Table 'Sinope' 6-max Seat #4 is the button
Seat 1: Zenden28 ($66.22 in chips)
Seat 4: Agrotait ($91.52 in chips)
Agrotait: posts small blind $1
Zenden28: posts big blind $3
*** HOLE CARDS ***
Agrotait: raises $3 to $6
Zenden28: folds
Uncalled bet ($3) returned to Agrotait
Agrotait collected $6 from pot
Agrotait: doesn't show hand
*** SUMMARY ***
Total pot $6 | Rake $0
Seat 1: Zenden28 (big blind) folded before Flop
Seat 4: Agrotait (button) (small blind) collected ($6)


PokerStars Hand #164710428668:  Hold'em Limit ($3/$6 USD) - 2017/01/17 3:18:15 ET
Table 'Sinope' 6-max Seat #1 is the button
Seat 1: Zenden28 ($63.22 in chips)
Seat 4: Agrotait ($94.52 in chips)
Zenden28: posts small blind $1
Agrotait: posts big blind $3
*** HOLE CARDS ***
Zenden28: raises $3 to $6
Agrotait: raises $3 to $9
Zenden28: calls $3
*** FLOP *** [5h Jc 7h]
Agrotait: bets $3
Zenden28: raises $3 to $6
Agrotait: calls $3
*** TURN *** [5h Jc 7h] [4s]
Agrotait: checks
Zenden28: bets $6
Agrotait: calls $6
*** RIVER *** [5h Jc 7h 4s] [Ac]
Agrotait: bets $6
Zenden28: calls $6
*** SHOW DOWN ***
Agrotait: shows [8d 9d] (high card Ace)
Zenden28: shows [Jh 2h] (a pair of Jacks)
Zenden28 collected $53.50 from pot
*** SUMMARY ***
Total pot $54 | Rake $0.50
Board [5h Jc 7h 4s Ac]
Seat 1: Zenden28 (button) (small blind) showed [Jh 2h] and won ($53.50) with a pair of Jacks
Seat 4: Agrotait (big blind) showed [8d 9d] and lost with high card Ace


PokerStars Hand #164710436092:  Hold'em Limit ($3/$6 USD) - 2017/01/17 3:18:40 ET
Table 'Sinope' 6-max Seat #4 is the button
Seat 1: Zenden28 ($89.72 in chips)
Seat 4: Agrotait ($67.52 in chips)
Agrotait: posts small blind $1
Zenden28: posts big blind $3
*** HOLE CARDS ***
Agrotait: folds
Uncalled bet ($2) returned to Zenden28
Zenden28 collected $2 from pot
Zenden28: doesn't show hand
*** SUMMARY ***
Total pot $2 | Rake $0
Seat 1: Zenden28 (big blind) collected ($2)
Seat 4: Agrotait (button) (small blind) folded before Flop


PokerStars Hand #164710437904:  Hold'em Limit ($3/$6 USD) - 2017/01/17 3:18:46 ET
Table 'Sinope' 6-max Seat #1 is the button
Seat 1: Zenden28 ($90.72 in chips)
Seat 4: Agrotait ($66.52 in chips)
Zenden28: posts small blind $1
Agrotait: posts big blind $3
*** HOLE CARDS ***
Zenden28: folds
Uncalled bet ($2) returned to Agrotait
Agrotait collected $2 from pot
Agrotait: doesn't show hand
*** SUMMARY ***
Total pot $2 | Rake $0
Seat 1: Zenden28 (button) (small blind) folded before Flop
Seat 4: Agrotait (big blind) collected ($2)


PokerStars Hand #164710446677:  Hold'em Limit ($3/$6 USD) - 2017/01/17 3:19:14 ET
Table 'Sinope' 6-max Seat #1 is the button
Seat 1: Zenden28 ($98.36 in chips)
Seat 4: Agrotait ($72 in chips)
Zenden28: posts small blind $1
Agrotait: posts big blind $3
*** HOLE CARDS ***
Zenden28: folds
Uncalled bet ($2) returned to Agrotait
Agrotait collected $2 from pot
Agrotait: doesn't show hand
*** SUMMARY ***
Total pot $2 | Rake $0
Seat 1: Zenden28 (button) (small blind) folded before Flop
Seat 4: Agrotait (big blind) collected ($2)


PokerStars Hand #164710439478:  Hold'em Limit ($3/$6 USD) - 2017/01/17 3:18:51 ET
Table 'Sinope' 6-max Seat #4 is the button
Seat 1: Zenden28 ($89.72 in chips)
Seat 4: Agrotait ($67.52 in chips)
Agrotait: posts small blind $1
Zenden28: posts big blind $3
*** HOLE CARDS ***
Agrotait: raises $3 to $6
Zenden28: calls $3
*** FLOP *** [6d 6c Jh]
Zenden28: checks
Agrotait: bets $3
Zenden28: calls $3
*** TURN *** [6d 6c Jh] [Kc]
Zenden28: checks
Agrotait: checks
*** RIVER *** [6d 6c Jh Kc] [9h]
Zenden28: checks
Agrotait: checks
*** SHOW DOWN ***
Zenden28: shows [5h 5d] (two pair, Sixes and Fives)
Agrotait: mucks hand
Zenden28 collected $17.64 from pot
*** SUMMARY ***
Total pot $18 | Rake $0.36
Board [6d 6c Jh Kc 9h]
Seat 1: Zenden28 (big blind) showed [5h 5d] and won ($17.64) with two pair, Sixes and Fives
Seat 4: Agrotait (button) (small blind) mucked


PokerStars Hand #164710448508:  Hold'em Limit ($3/$6 USD) - 2017/01/17 3:19:21 ET
Table 'Sinope' 6-max Seat #4 is the button
Seat 1: Zenden28 ($97.36 in chips)
Seat 4: Agrotait ($73 in chips)
Agrotait: posts small blind $1
Zenden28: posts big blind $3
*** HOLE CARDS ***
Agrotait: raises $3 to $6
Zenden28: calls $3
*** FLOP *** [Qc Kh Qs]
Zenden28: checks
Agrotait: bets $3
Zenden28: calls $3
*** TURN *** [Qc Kh Qs] [9c]
Zenden28: checks
Agrotait: checks
*** RIVER *** [Qc Kh Qs 9c] [6d]
Zenden28: bets $6
Agrotait: folds
Uncalled bet ($6) returned to Zenden28
Zenden28 collected $17.64 from pot
Zenden28: doesn't show hand
*** SUMMARY ***
Total pot $18 | Rake $0.36
Board [Qc Kh Qs 9c 6d]
Seat 1: Zenden28 (big blind) collected ($17.64)
Seat 4: Agrotait (button) (small blind) folded on the River


PokerStars Hand #164710465677:  Hold'em Limit ($3/$6 USD) - 2017/01/17 3:20:17 ET
Table 'Sinope' 6-max Seat #1 is the button
Seat 1: Zenden28 ($95 in chips)
Seat 4: Agrotait ($74.76 in chips)
Zenden28: posts small blind $1
Agrotait: posts big blind $3
beng_51 joins the table at seat #2
*** HOLE CARDS ***
Zenden28: folds
Uncalled bet ($2) returned to Agrotait
Agrotait collected $2 from pot
Agrotait: doesn't show hand
*** SUMMARY ***
Total pot $2 | Rake $0
Seat 1: Zenden28 (button) (small blind) folded before Flop
Seat 4: Agrotait (big blind) collected ($2)


PokerStars Hand #164710454442:  Hold'em Limit ($3/$6 USD) - 2017/01/17 3:19:40 ET
Table 'Sinope' 6-max Seat #1 is the button
Seat 1: Zenden28 ($106 in chips)
Seat 4: Agrotait ($64 in chips)
Zenden28: posts small blind $1
Agrotait: posts big blind $3
*** HOLE CARDS ***
Zenden28: folds
Uncalled bet ($2) returned to Agrotait
Agrotait collected $2 from pot
Agrotait: doesn't show hand
*** SUMMARY ***
Total pot $2 | Rake $0
Seat 1: Zenden28 (button) (small blind) folded before Flop
Seat 4: Agrotait (big blind) collected ($2)


PokerStars Hand #164710457342:  Hold'em Limit ($3/$6 USD) - 2017/01/17 3:19:49 ET
Table 'Sinope' 6-max Seat #4 is the button
Seat 1: Zenden28 ($105 in chips)
Seat 4: Agrotait ($65 in chips)
Agrotait: posts small blind $1
Zenden28: posts big blind $3
*** HOLE CARDS ***
Agrotait: raises $3 to $6
Zenden28: folds
Uncalled bet ($3) returned to Agrotait
Agrotait collected $6 from pot
Agrotait: doesn't show hand
*** SUMMARY ***
Total pot $6 | Rake $0
Seat 1: Zenden28 (big blind) folded before Flop
Seat 4: Agrotait (button) (small blind) collected ($6)


PokerStars Hand #164710459733:  Hold'em Limit ($3/$6 USD) - 2017/01/17 3:19:57 ET
Table 'Sinope' 6-max Seat #1 is the button
Seat 1: Zenden28 ($102 in chips)
Seat 4: Agrotait ($68 in chips)
Zenden28: posts small blind $1
Agrotait: posts big blind $3
*** HOLE CARDS ***
Zenden28: folds
Uncalled bet ($2) returned to Agrotait
Agrotait collected $2 from pot
Agrotait: doesn't show hand
*** SUMMARY ***
Total pot $2 | Rake $0
Seat 1: Zenden28 (button) (small blind) folded before Flop
Seat 4: Agrotait (big blind) collected ($2)


PokerStars Hand #164710461216:  Hold'em Limit ($3/$6 USD) - 2017/01/17 3:20:02 ET
Table 'Sinope' 6-max Seat #4 is the button
Seat 1: Zenden28 ($101 in chips)
Seat 4: Agrotait ($69 in chips)
Agrotait: posts small blind $1
Zenden28: posts big blind $3
*** HOLE CARDS ***
Agrotait: raises $3 to $6
Zenden28: calls $3
*** FLOP *** [Ac 2d 6h]
Zenden28: checks
Agrotait: bets $3
Zenden28: folds
Uncalled bet ($3) returned to Agrotait
Agrotait collected $11.76 from pot
Agrotait: doesn't show hand
*** SUMMARY ***
Total pot $12 | Rake $0.24
Board [Ac 2d 6h]
Seat 1: Zenden28 (big blind) folded on the Flop
Seat 4: Agrotait (button) (small blind) collected ($11.76)


PokerStars Hand #164710468047:  Hold'em Limit ($3/$6 USD) - 2017/01/17 3:20:24 ET
Table 'Sinope' 6-max Seat #4 is the button
Seat 1: Zenden28 ($94 in chips)
Seat 4: Agrotait ($75.76 in chips)
Agrotait: posts small blind $1
Zenden28: posts big blind $3
*** HOLE CARDS ***
Agrotait: raises $3 to $6
Zenden28: folds
Uncalled bet ($3) returned to Agrotait
Agrotait collected $6 from pot
Agrotait: doesn't show hand
*** SUMMARY ***
Total pot $6 | Rake $0
Seat 1: Zenden28 (big blind) folded before Flop
Seat 4: Agrotait (button) (small blind) collected ($6)


PokerStars Hand #164711063441:  Hold'em Limit ($3/$6 USD) - 2017/01/17 3:51:49 ET
Table 'Sinope' 6-max Seat #5 is the button
Seat 5: RainBoVan ($23.63 in chips)
Seat 6: bigfish604 ($152.17 in chips)
RainBoVan: posts small blind $1
bigfish604: posts big blind $3
*** HOLE CARDS ***
RainBoVan: raises $3 to $6
bigfish604: calls $3
*** FLOP *** [5h 7c 3s]
bigfish604: checks
RainBoVan: checks
*** TURN *** [5h 7c 3s] [4s]
bigfish604: bets $6
RainBoVan: calls $6
*** RIVER *** [5h 7c 3s 4s] [9s]
bigfish604: checks
RainBoVan: checks
*** SHOW DOWN ***
bigfish604: shows [4c Qc] (a pair of Fours)
RainBoVan: mucks hand
bigfish604 collected $23.52 from pot
*** SUMMARY ***
Total pot $24 | Rake $0.48
Board [5h 7c 3s 4s 9s]
Seat 5: RainBoVan (button) (small blind) mucked
Seat 6: bigfish604 (big blind) showed [4c Qc] and won ($23.52) with a pair of Fours


PokerStars Hand #164711060470:  Hold'em Limit ($3/$6 USD) - 2017/01/17 3:51:40 ET
Table 'Sinope' 6-max Seat #6 is the button
Seat 5: RainBoVan ($22.63 in chips)
Seat 6: bigfish604 ($153.17 in chips)
bigfish604: posts small blind $1
Jigorek1989 leaves the table
RainBoVan: posts big blind $3
*** HOLE CARDS ***
bigfish604: folds
Uncalled bet ($2) returned to RainBoVan
RainBoVan collected $2 from pot
RainBoVan: doesn't show hand
*** SUMMARY ***
Total pot $2 | Rake $0
Seat 5: RainBoVan (big blind) collected ($2)
Seat 6: bigfish604 (button) (small blind) folded before Flop


PokerStars Hand #164711080501:  Hold'em Limit ($3/$6 USD) - 2017/01/17 3:52:41 ET
Table 'Sinope' 6-max Seat #5 is the button
Seat 5: RainBoVan ($5.63 in chips)
Seat 6: bigfish604 ($169.45 in chips)
RainBoVan: posts small blind $1
bigfish604: posts big blind $3
*** HOLE CARDS ***
RainBoVan: raises $2.63 to $5.63 and is all-in
bigfish604: calls $2.63
*** FLOP *** [Jd Tc 7d]
*** TURN *** [Jd Tc 7d] [3c]
*** RIVER *** [Jd Tc 7d 3c] [Jh]
*** SHOW DOWN ***
bigfish604: shows [Ts 8c] (two pair, Jacks and Tens)
RainBoVan: shows [Ad 6h] (a pair of Jacks)
bigfish604 collected $11.03 from pot
*** SUMMARY ***
Total pot $11.26 | Rake $0.23
Board [Jd Tc 7d 3c Jh]
Seat 5: RainBoVan (button) (small blind) showed [Ad 6h] and lost with a pair of Jacks
Seat 6: bigfish604 (big blind) showed [Ts 8c] and won ($11.03) with two pair, Jacks and Tens


PokerStars Hand #164711074065:  Hold'em Limit ($3/$6 USD) - 2017/01/17 3:52:22 ET
Table 'Sinope' 6-max Seat #6 is the button
Seat 5: RainBoVan ($11.63 in chips)
Seat 6: bigfish604 ($163.69 in chips)
bigfish604: posts small blind $1
RainBoVan: posts big blind $3
*** HOLE CARDS ***
bigfish604: raises $3 to $6
RainBoVan: calls $3
*** FLOP *** [Ks Ah 3s]
RainBoVan: checks
bigfish604: bets $3
RainBoVan: folds
Uncalled bet ($3) returned to bigfish604
bigfish604 collected $11.76 from pot
*** SUMMARY ***
Total pot $12 | Rake $0.24
Board [Ks Ah 3s]
Seat 5: RainBoVan (big blind) folded on the Flop
Seat 6: bigfish604 (button) (small blind) collected ($11.76)


