PokerStars Hand #162266671775:  Hold'em Limit ($3/$6 USD) - 2016/12/01 19:04:24 ET
Table 'Sinon' 6-max Seat #3 is the button
Seat 3: danne_111 ($50 in chips)
Seat 5: TinaTurner72 ($120 in chips)
danne_111: posts small blind $1
TinaTurner72: posts big blind $3
*** HOLE CARDS ***
danne_111: raises $3 to $6
TinaTurner72: calls $3
*** FLOP *** [9c Qc 5h]
TinaTurner72: checks
danne_111: bets $3
TinaTurner72: raises $3 to $6
danne_111: calls $3
*** TURN *** [9c Qc 5h] [8h]
TinaTurner72: bets $6
danne_111: calls $6
*** RIVER *** [9c Qc 5h 8h] [Td]
TinaTurner72: bets $6
danne_111: calls $6
*** SHOW DOWN ***
TinaTurner72: shows [7s 6s] (a straight, Six to Ten)
danne_111: mucks hand
TinaTurner72 collected $47.50 from pot
*** SUMMARY ***
Total pot $48 | Rake $0.50
Board [9c Qc 5h 8h Td]
Seat 3: danne_111 (button) (small blind) mucked
Seat 5: TinaTurner72 (big blind) showed [7s 6s] and won ($47.50) with a straight, Six to Ten


PokerStars Hand #162266661531:  Hold'em Limit ($3/$6 USD) - 2016/12/01 19:04:09 ET
Table 'Sinon' 6-max Seat #5 is the button
Seat 3: danne_111 ($49 in chips)
Seat 5: TinaTurner72 ($121 in chips)
TinaTurner72: posts small blind $1
danne_111: posts big blind $3
*** HOLE CARDS ***
TinaTurner72: folds
Uncalled bet ($2) returned to danne_111
danne_111 collected $2 from pot
danne_111: doesn't show hand
*** SUMMARY ***
Total pot $2 | Rake $0
Seat 3: danne_111 (big blind) collected ($2)
Seat 5: TinaTurner72 (button) (small blind) folded before Flop


PokerStars Hand #162266657559:  Hold'em Limit ($3/$6 USD) - 2016/12/01 19:04:04 ET
Table 'Sinon' 6-max Seat #3 is the button
Seat 3: danne_111 ($50 in chips)
Seat 5: TinaTurner72 ($120 in chips)
danne_111: posts small blind $1
TinaTurner72: posts big blind $3
*** HOLE CARDS ***
danne_111: folds
Uncalled bet ($2) returned to TinaTurner72
TinaTurner72 collected $2 from pot
TinaTurner72: doesn't show hand
*** SUMMARY ***
Total pot $2 | Rake $0
Seat 3: danne_111 (button) (small blind) folded before Flop
Seat 5: TinaTurner72 (big blind) collected ($2)


PokerStars Hand #162266694106:  Hold'em Limit ($3/$6 USD) - 2016/12/01 19:04:55 ET
Table 'Sinon' 6-max Seat #5 is the button
Seat 3: danne_111 ($26 in chips)
Seat 5: TinaTurner72 ($143.50 in chips)
TinaTurner72: posts small blind $1
danne_111: posts big blind $3
*** HOLE CARDS ***
TinaTurner72: raises $3 to $6
danne_111: raises $3 to $9
TinaTurner72: calls $3
*** FLOP *** [8c 6s Ac]
danne_111: checks
TinaTurner72: bets $3
danne_111: calls $3
*** TURN *** [8c 6s Ac] [5h]
danne_111: checks
TinaTurner72: checks
*** RIVER *** [8c 6s Ac 5h] [6h]
danne_111: bets $6
TinaTurner72: folds
Uncalled bet ($6) returned to danne_111
gkas71 joins the table at seat #4
danne_111 collected $23.52 from pot
danne_111: doesn't show hand
*** SUMMARY ***
Total pot $24 | Rake $0.48
Board [8c 6s Ac 5h 6h]
Seat 3: danne_111 (big blind) collected ($23.52)
Seat 5: TinaTurner72 (button) (small blind) folded on the River


PokerStars Hand #162266807217:  Hold'em Limit ($3/$6 USD) - 2016/12/01 19:07:34 ET
Table 'Sinon' 6-max Seat #5 is the button
Seat 4: gkas71 ($99.64 in chips)
Seat 5: TinaTurner72 ($185.21 in chips)
TinaTurner72: posts small blind $1
gkas71: posts big blind $3
*** HOLE CARDS ***
TinaTurner72: raises $3 to $6
danne_111 leaves the table
gkas71: folds
Uncalled bet ($3) returned to TinaTurner72
gkas71 leaves the table
TinaTurner72 collected $6 from pot
TinaTurner72: doesn't show hand
*** SUMMARY ***
Total pot $6 | Rake $0
Seat 4: gkas71 (big blind) folded before Flop
Seat 5: TinaTurner72 (button) (small blind) collected ($6)


