PokerStars Hand #144788603246:  Hold'em Limit ($3/$6 USD) - 2015/12/03 21:20:03 ET
Table 'Sinon II' 2-max Seat #1 is the button
Seat 1: hooverr ($42.24 in chips)
Seat 2: Masqb ($146.50 in chips)
hooverr: posts small blind $1
Masqb: posts big blind $3
*** HOLE CARDS ***
hooverr: raises $3 to $6
Masqb: folds
Uncalled bet ($3) returned to hooverr
hooverr collected $6 from pot
hooverr: doesn't show hand
*** SUMMARY ***
Total pot $6 | Rake $0
Seat 1: hooverr (button) (small blind) collected ($6)
Seat 2: Masqb (big blind) folded before Flop


PokerStars Hand #144788590976:  Hold'em Limit ($3/$6 USD) - 2015/12/03 21:19:34 ET
Table 'Sinon II' 2-max Seat #2 is the button
Seat 1: hooverr ($36.48 in chips)
Seat 2: Masqb ($152.50 in chips)
Masqb: posts small blind $1
hooverr: posts big blind $3
*** HOLE CARDS ***
Masqb: raises $3 to $6
hooverr: calls $3
*** FLOP *** [Qs 4h 7d]
hooverr: bets $3
Masqb: folds
Uncalled bet ($3) returned to hooverr
hooverr collected $11.76 from pot
hooverr: doesn't show hand
*** SUMMARY ***
Total pot $12 | Rake $0.24
Board [Qs 4h 7d]
Seat 1: hooverr (big blind) collected ($11.76)
Seat 2: Masqb (button) (small blind) folded on the Flop


PokerStars Hand #144788588507:  Hold'em Limit ($3/$6 USD) - 2015/12/03 21:19:28 ET
Table 'Sinon II' 2-max Seat #1 is the button
Seat 1: hooverr ($37.48 in chips)
Seat 2: Masqb ($151.50 in chips)
hooverr: posts small blind $1
Masqb: posts big blind $3
*** HOLE CARDS ***
hooverr: folds
Uncalled bet ($2) returned to Masqb
Masqb collected $2 from pot
Masqb: doesn't show hand
*** SUMMARY ***
Total pot $2 | Rake $0
Seat 1: hooverr (button) (small blind) folded before Flop
Seat 2: Masqb (big blind) collected ($2)


PokerStars Hand #144788586139:  Hold'em Limit ($3/$6 USD) - 2015/12/03 21:19:23 ET
Table 'Sinon II' 2-max Seat #2 is the button
Seat 1: hooverr ($36.48 in chips)
Seat 2: Masqb ($152.50 in chips)
Masqb: posts small blind $1
hooverr: posts big blind $3
*** HOLE CARDS ***
Masqb: folds
Uncalled bet ($2) returned to hooverr
hooverr collected $2 from pot
hooverr: doesn't show hand
*** SUMMARY ***
Total pot $2 | Rake $0
Seat 1: hooverr (big blind) collected ($2)
Seat 2: Masqb (button) (small blind) folded before Flop


PokerStars Hand #144788570322:  Hold'em Limit ($3/$6 USD) - 2015/12/03 21:18:46 ET
Table 'Sinon II' 2-max Seat #1 is the button
Seat 1: hooverr ($60.48 in chips)
Seat 2: Masqb ($129 in chips)
hooverr: posts small blind $1
Masqb: posts big blind $3
*** HOLE CARDS ***
hooverr: raises $3 to $6
Masqb: calls $3
*** FLOP *** [2c 4d 6h]
Masqb: checks
hooverr: bets $3
Masqb: raises $3 to $6
hooverr: calls $3
*** TURN *** [2c 4d 6h] [5s]
Masqb: bets $6
hooverr: calls $6
*** RIVER *** [2c 4d 6h 5s] [Ah]
Masqb: bets $6
hooverr: calls $6
*** SHOW DOWN ***
Masqb: shows [As 4h] (two pair, Aces and Fours)
hooverr: mucks hand
Masqb collected $47.50 from pot
*** SUMMARY ***
Total pot $48 | Rake $0.50
Board [2c 4d 6h 5s Ah]
Seat 1: hooverr (button) (small blind) mucked
Seat 2: Masqb (big blind) showed [As 4h] and won ($47.50) with two pair, Aces and Fours


PokerStars Hand #144788612156:  Hold'em Limit ($3/$6 USD) - 2015/12/03 21:20:24 ET
Table 'Sinon II' 2-max Seat #2 is the button
Seat 1: hooverr ($45.24 in chips)
Seat 2: Masqb ($143.50 in chips)
Masqb: posts small blind $1
hooverr: posts big blind $3
*** HOLE CARDS ***
Masqb: raises $3 to $6
hooverr: calls $3
*** FLOP *** [9c 6d 7c]
hooverr: checks
Masqb: bets $3
hooverr: folds
Uncalled bet ($3) returned to Masqb
Masqb collected $11.76 from pot
Masqb: doesn't show hand
*** SUMMARY ***
Total pot $12 | Rake $0.24
Board [9c 6d 7c]
Seat 1: hooverr (big blind) folded on the Flop
Seat 2: Masqb (button) (small blind) collected ($11.76)


PokerStars Hand #144788606633:  Hold'em Limit ($3/$6 USD) - 2015/12/03 21:20:11 ET
Table 'Sinon II' 2-max Seat #2 is the button
Seat 1: hooverr ($45.24 in chips)
Seat 2: Masqb ($143.50 in chips)
Masqb: posts small blind $1
hooverr: posts big blind $3
*** HOLE CARDS ***
Masqb: folds
Uncalled bet ($2) returned to hooverr
hooverr collected $2 from pot
hooverr: doesn't show hand
*** SUMMARY ***
Total pot $2 | Rake $0
Seat 1: hooverr (big blind) collected ($2)
Seat 2: Masqb (button) (small blind) folded before Flop


PokerStars Hand #144788609768:  Hold'em Limit ($3/$6 USD) - 2015/12/03 21:20:18 ET
Table 'Sinon II' 2-max Seat #1 is the button
Seat 1: hooverr ($46.24 in chips)
Seat 2: Masqb ($142.50 in chips)
hooverr: posts small blind $1
Masqb: posts big blind $3
*** HOLE CARDS ***
hooverr: folds
Uncalled bet ($2) returned to Masqb
Masqb collected $2 from pot
Masqb: doesn't show hand
*** SUMMARY ***
Total pot $2 | Rake $0
Seat 1: hooverr (button) (small blind) folded before Flop
Seat 2: Masqb (big blind) collected ($2)


PokerStars Hand #144788623853:  Hold'em Limit ($3/$6 USD) - 2015/12/03 21:20:51 ET
Table 'Sinon II' 2-max Seat #1 is the button
Seat 1: hooverr ($39.24 in chips)
Seat 2: Masqb ($149.26 in chips)
hooverr: posts small blind $1
Masqb: posts big blind $3
*** HOLE CARDS ***
hooverr: raises $3 to $6
Masqb: calls $3
*** FLOP *** [Qh 7h Th]
Masqb: checks
hooverr: bets $3
Masqb: folds
Uncalled bet ($3) returned to hooverr
hooverr collected $11.76 from pot
hooverr: doesn't show hand
*** SUMMARY ***
Total pot $12 | Rake $0.24
Board [Qh 7h Th]
Seat 1: hooverr (button) (small blind) collected ($11.76)
Seat 2: Masqb (big blind) folded on the Flop


PokerStars Hand #144788660570:  Hold'em Limit ($3/$6 USD) - 2015/12/03 21:22:18 ET
Table 'Sinon II' 2-max Seat #1 is the button
Seat 1: hooverr ($44.75 in chips)
Seat 2: Masqb ($143.01 in chips)
hooverr: posts small blind $1
Masqb: posts big blind $3
*** HOLE CARDS ***
hooverr: folds
Uncalled bet ($2) returned to Masqb
Masqb collected $2 from pot
Masqb: doesn't show hand
*** SUMMARY ***
Total pot $2 | Rake $0
Seat 1: hooverr (button) (small blind) folded before Flop
Seat 2: Masqb (big blind) collected ($2)


PokerStars Hand #144788663247:  Hold'em Limit ($3/$6 USD) - 2015/12/03 21:22:24 ET
Table 'Sinon II' 2-max Seat #2 is the button
Seat 1: hooverr ($43.75 in chips)
Seat 2: Masqb ($144.01 in chips)
Masqb: posts small blind $1
hooverr: posts big blind $3
*** HOLE CARDS ***
Masqb: raises $3 to $6
hooverr: calls $3
*** FLOP *** [9d Ad 4s]
hooverr: checks
Masqb: bets $3
hooverr: folds
Uncalled bet ($3) returned to Masqb
Masqb collected $11.76 from pot
Masqb: doesn't show hand
*** SUMMARY ***
Total pot $12 | Rake $0.24
Board [9d Ad 4s]
Seat 1: hooverr (big blind) folded on the Flop
Seat 2: Masqb (button) (small blind) collected ($11.76)


PokerStars Hand #144788636323:  Hold'em Limit ($3/$6 USD) - 2015/12/03 21:21:20 ET
Table 'Sinon II' 2-max Seat #2 is the button
Seat 1: hooverr ($45 in chips)
Seat 2: Masqb ($143.26 in chips)
Masqb: posts small blind $1
hooverr: posts big blind $3
*** HOLE CARDS ***
Masqb: raises $3 to $6
hooverr: calls $3
*** FLOP *** [7c 6h Ac]
hooverr: checks
Masqb: bets $3
hooverr: calls $3
*** TURN *** [7c 6h Ac] [7h]
hooverr: checks
Masqb: checks
*** RIVER *** [7c 6h Ac 7h] [Kh]
hooverr: bets $6
Masqb: calls $6
*** SHOW DOWN ***
hooverr: shows [Kd Qc] (two pair, Kings and Sevens)
Masqb: shows [Kc 8h] (two pair, Kings and Sevens)
hooverr collected $14.75 from pot
Masqb collected $14.75 from pot
*** SUMMARY ***
Total pot $30 | Rake $0.50
Board [7c 6h Ac 7h Kh]
Seat 1: hooverr (big blind) showed [Kd Qc] and won ($14.75) with two pair, Kings and Sevens
Seat 2: Masqb (button) (small blind) showed [Kc 8h] and won ($14.75) with two pair, Kings and Sevens


PokerStars Hand #144788673866:  Hold'em Limit ($3/$6 USD) - 2015/12/03 21:22:49 ET
Table 'Sinon II' 2-max Seat #1 is the button
Seat 1: hooverr ($37.75 in chips)
Seat 2: Masqb ($149.77 in chips)
hooverr: posts small blind $1
Masqb: posts big blind $3
*** HOLE CARDS ***
hooverr: raises $3 to $6
Masqb: raises $3 to $9
hooverr: raises $3 to $12
Betting is capped
Masqb: calls $3
*** FLOP *** [7c 3d 4d]
Masqb: checks
hooverr: bets $3
Masqb: calls $3
*** TURN *** [7c 3d 4d] [7h]
Masqb: checks
hooverr: bets $6
Masqb: calls $6
*** RIVER *** [7c 3d 4d 7h] [6h]
Masqb: checks
hooverr: checks
*** SHOW DOWN ***
Masqb: shows [Ac Qh] (a pair of Sevens)
hooverr: shows [Qd Qc] (two pair, Queens and Sevens)
hooverr collected $41.50 from pot
*** SUMMARY ***
Total pot $42 | Rake $0.50
Board [7c 3d 4d 7h 6h]
Seat 1: hooverr (button) (small blind) showed [Qd Qc] and won ($41.50) with two pair, Queens and Sevens
Seat 2: Masqb (big blind) showed [Ac Qh] and lost with a pair of Sevens


PokerStars Hand #144788701924:  Hold'em Limit ($3/$6 USD) - 2015/12/03 21:23:55 ET
Table 'Sinon II' 2-max Seat #2 is the button
Seat 1: hooverr ($58.25 in chips)
Seat 2: Masqb ($128.77 in chips)
Masqb: posts small blind $1
hooverr: posts big blind $3
*** HOLE CARDS ***
Masqb: raises $3 to $6
hooverr: calls $3
*** FLOP *** [Kd 8c 4c]
hooverr: checks
Masqb: bets $3
hooverr: raises $3 to $6
Masqb: calls $3
*** TURN *** [Kd 8c 4c] [Jc]
hooverr: bets $6
Masqb: calls $6
*** RIVER *** [Kd 8c 4c Jc] [6d]
hooverr: bets $6
Masqb: calls $6
*** SHOW DOWN ***
hooverr: shows [Ad 8d] (a pair of Eights)
Masqb: shows [Ac Jd] (a pair of Jacks)
Masqb collected $47.50 from pot
*** SUMMARY ***
Total pot $48 | Rake $0.50
Board [Kd 8c 4c Jc 6d]
Seat 1: hooverr (big blind) showed [Ad 8d] and lost with a pair of Eights
Seat 2: Masqb (button) (small blind) showed [Ac Jd] and won ($47.50) with a pair of Jacks


PokerStars Hand #144788718423:  Hold'em Limit ($3/$6 USD) - 2015/12/03 21:24:35 ET
Table 'Sinon II' 2-max Seat #1 is the button
Seat 1: hooverr ($34.25 in chips)
Seat 2: Masqb ($152.27 in chips)
hooverr: posts small blind $1
Masqb: posts big blind $3
*** HOLE CARDS ***
hooverr: raises $3 to $6
Masqb: calls $3
*** FLOP *** [8s 6c 6h]
Masqb: checks
hooverr: bets $3
Masqb: calls $3
*** TURN *** [8s 6c 6h] [9c]
Masqb: bets $6
hooverr: calls $6
*** RIVER *** [8s 6c 6h 9c] [7h]
Masqb: checks
hooverr: bets $6
Masqb: calls $6
*** SHOW DOWN ***
hooverr: shows [6s 5h] (a straight, Five to Nine)
Masqb: mucks hand
hooverr collected $41.50 from pot
*** SUMMARY ***
Total pot $42 | Rake $0.50
Board [8s 6c 6h 9c 7h]
Seat 1: hooverr (button) (small blind) showed [6s 5h] and won ($41.50) with a straight, Five to Nine
Seat 2: Masqb (big blind) mucked


PokerStars Hand #144788734640:  Hold'em Limit ($3/$6 USD) - 2015/12/03 21:25:13 ET
Table 'Sinon II' 2-max Seat #2 is the button
Seat 1: hooverr ($54.75 in chips)
Seat 2: Masqb ($131.27 in chips)
Masqb: posts small blind $1
hooverr: posts big blind $3
*** HOLE CARDS ***
Masqb: raises $3 to $6
hooverr: calls $3
*** FLOP *** [5d Tc Td]
hooverr: checks
Masqb: bets $3
hooverr: raises $3 to $6
Masqb: calls $3
*** TURN *** [5d Tc Td] [4d]
hooverr: bets $6
Masqb: raises $6 to $12
hooverr: folds
Uncalled bet ($6) returned to Masqb
Masqb collected $35.50 from pot
Masqb: doesn't show hand
*** SUMMARY ***
Total pot $36 | Rake $0.50
Board [5d Tc Td 4d]
Seat 1: hooverr (big blind) folded on the Turn
Seat 2: Masqb (button) (small blind) collected ($35.50)


PokerStars Hand #144788753363:  Hold'em Limit ($3/$6 USD) - 2015/12/03 21:25:58 ET
Table 'Sinon II' 2-max Seat #1 is the button
Seat 1: hooverr ($36.75 in chips)
Seat 2: Masqb ($148.77 in chips)
hooverr: posts small blind $1
Masqb: posts big blind $3
*** HOLE CARDS ***
hooverr: raises $3 to $6
Masqb: folds
Uncalled bet ($3) returned to hooverr
hooverr collected $6 from pot
hooverr: doesn't show hand
*** SUMMARY ***
Total pot $6 | Rake $0
Seat 1: hooverr (button) (small blind) collected ($6)
Seat 2: Masqb (big blind) folded before Flop


PokerStars Hand #144788758207:  Hold'em Limit ($3/$6 USD) - 2015/12/03 21:26:09 ET
Table 'Sinon II' 2-max Seat #2 is the button
Seat 1: hooverr ($39.75 in chips)
Seat 2: Masqb ($145.77 in chips)
Masqb: posts small blind $1
hooverr: posts big blind $3
*** HOLE CARDS ***
Masqb: raises $3 to $6
hooverr: calls $3
*** FLOP *** [9h 3h Ad]
hooverr: checks
Masqb: bets $3
hooverr: folds
Uncalled bet ($3) returned to Masqb
Masqb collected $11.76 from pot
Masqb: doesn't show hand
*** SUMMARY ***
Total pot $12 | Rake $0.24
Board [9h 3h Ad]
Seat 1: hooverr (big blind) folded on the Flop
Seat 2: Masqb (button) (small blind) collected ($11.76)


PokerStars Hand #144788768406:  Hold'em Limit ($3/$6 USD) - 2015/12/03 21:26:34 ET
Table 'Sinon II' 2-max Seat #1 is the button
Seat 1: hooverr ($33.75 in chips)
Seat 2: Masqb ($151.53 in chips)
hooverr: posts small blind $1
Masqb: posts big blind $3
*** HOLE CARDS ***
hooverr: raises $3 to $6
Masqb: calls $3
*** FLOP *** [Jh 9d 8s]
Masqb: checks
hooverr: bets $3
Masqb: folds
Uncalled bet ($3) returned to hooverr
hooverr collected $11.76 from pot
hooverr: doesn't show hand
*** SUMMARY ***
Total pot $12 | Rake $0.24
Board [Jh 9d 8s]
Seat 1: hooverr (button) (small blind) collected ($11.76)
Seat 2: Masqb (big blind) folded on the Flop


PokerStars Hand #144788798337:  Hold'em Limit ($3/$6 USD) - 2015/12/03 21:27:45 ET
Table 'Sinon II' 2-max Seat #1 is the button
Seat 1: hooverr ($44.03 in chips)
Seat 2: Masqb ($140.29 in chips)
hooverr: posts small blind $1
Masqb: posts big blind $3
*** HOLE CARDS ***
hooverr: raises $3 to $6
Masqb: folds
Uncalled bet ($3) returned to hooverr
hooverr collected $6 from pot
hooverr: doesn't show hand
*** SUMMARY ***
Total pot $6 | Rake $0
Seat 1: hooverr (button) (small blind) collected ($6)
Seat 2: Masqb (big blind) folded before Flop


PokerStars Hand #144788789415:  Hold'em Limit ($3/$6 USD) - 2015/12/03 21:27:24 ET
Table 'Sinon II' 2-max Seat #2 is the button
Seat 1: hooverr ($32.51 in chips)
Seat 2: Masqb ($152.29 in chips)
Masqb: posts small blind $1
hooverr: posts big blind $3
*** HOLE CARDS ***
Masqb: raises $3 to $6
hooverr: raises $3 to $9
Masqb: calls $3
*** FLOP *** [4d 8c 6s]
hooverr: bets $3
Masqb: calls $3
*** TURN *** [4d 8c 6s] [Jd]
hooverr: bets $6
Masqb: folds
Uncalled bet ($6) returned to hooverr
hooverr collected $23.52 from pot
hooverr: doesn't show hand
*** SUMMARY ***
Total pot $24 | Rake $0.48
Board [4d 8c 6s Jd]
Seat 1: hooverr (big blind) collected ($23.52)
Seat 2: Masqb (button) (small blind) folded on the Turn


PokerStars Hand #144788778965:  Hold'em Limit ($3/$6 USD) - 2015/12/03 21:26:59 ET
Table 'Sinon II' 2-max Seat #2 is the button
Seat 1: hooverr ($39.51 in chips)
Seat 2: Masqb ($145.53 in chips)
Masqb: posts small blind $1
hooverr: posts big blind $3
*** HOLE CARDS ***
Masqb: raises $3 to $6
hooverr: calls $3
*** FLOP *** [As 7h 4h]
hooverr: checks
Masqb: bets $3
hooverr: folds
Uncalled bet ($3) returned to Masqb
Masqb collected $11.76 from pot
Masqb: doesn't show hand
*** SUMMARY ***
Total pot $12 | Rake $0.24
Board [As 7h 4h]
Seat 1: hooverr (big blind) folded on the Flop
Seat 2: Masqb (button) (small blind) collected ($11.76)


PokerStars Hand #144788802461:  Hold'em Limit ($3/$6 USD) - 2015/12/03 21:27:55 ET
Table 'Sinon II' 2-max Seat #2 is the button
Seat 1: hooverr ($47.03 in chips)
Seat 2: Masqb ($137.29 in chips)
Masqb: posts small blind $1
hooverr: posts big blind $3
*** HOLE CARDS ***
Masqb: raises $3 to $6
hooverr: folds
Uncalled bet ($3) returned to Masqb
Masqb collected $6 from pot
Masqb: doesn't show hand
*** SUMMARY ***
Total pot $6 | Rake $0
Seat 1: hooverr (big blind) folded before Flop
Seat 2: Masqb (button) (small blind) collected ($6)


PokerStars Hand #144788787072:  Hold'em Limit ($3/$6 USD) - 2015/12/03 21:27:18 ET
Table 'Sinon II' 2-max Seat #1 is the button
Seat 1: hooverr ($33.51 in chips)
Seat 2: Masqb ($151.29 in chips)
hooverr: posts small blind $1
Masqb: posts big blind $3
*** HOLE CARDS ***
hooverr: folds
Uncalled bet ($2) returned to Masqb
Masqb collected $2 from pot
Masqb: doesn't show hand
*** SUMMARY ***
Total pot $2 | Rake $0
Seat 1: hooverr (button) (small blind) folded before Flop
Seat 2: Masqb (big blind) collected ($2)


PokerStars Hand #144788821935:  Hold'em Limit ($3/$6 USD) - 2015/12/03 21:28:41 ET
Table 'Sinon II' 2-max Seat #2 is the button
Seat 1: hooverr ($49.79 in chips)
Seat 2: Masqb ($134.29 in chips)
Masqb: posts small blind $1
hooverr: posts big blind $3
*** HOLE CARDS ***
Masqb: raises $3 to $6
hooverr: calls $3
*** FLOP *** [9s 7s Kd]
hooverr: checks
Masqb: bets $3
hooverr: folds
Uncalled bet ($3) returned to Masqb
Masqb collected $11.76 from pot
Masqb: doesn't show hand
*** SUMMARY ***
Total pot $12 | Rake $0.24
Board [9s 7s Kd]
Seat 1: hooverr (big blind) folded on the Flop
Seat 2: Masqb (button) (small blind) collected ($11.76)


PokerStars Hand #144788807215:  Hold'em Limit ($3/$6 USD) - 2015/12/03 21:28:06 ET
Table 'Sinon II' 2-max Seat #1 is the button
Seat 1: hooverr ($44.03 in chips)
Seat 2: Masqb ($140.29 in chips)
hooverr: posts small blind $1
Masqb: posts big blind $3
*** HOLE CARDS ***
hooverr: raises $3 to $6
Masqb: calls $3
*** FLOP *** [6s 6d 4h]
Masqb: checks
hooverr: checks
*** TURN *** [6s 6d 4h] [Qd]
Masqb: checks
hooverr: bets $6
Masqb: folds
Uncalled bet ($6) returned to hooverr
hooverr collected $11.76 from pot
hooverr: doesn't show hand
*** SUMMARY ***
Total pot $12 | Rake $0.24
Board [6s 6d 4h Qd]
Seat 1: hooverr (button) (small blind) collected ($11.76)
Seat 2: Masqb (big blind) folded on the Turn


PokerStars Hand #144788829902:  Hold'em Limit ($3/$6 USD) - 2015/12/03 21:29:00 ET
Table 'Sinon II' 2-max Seat #1 is the button
Seat 1: hooverr ($43.79 in chips)
Seat 2: Masqb ($140.05 in chips)
hooverr: posts small blind $1
Masqb: posts big blind $3
*** HOLE CARDS ***
hooverr: folds
Uncalled bet ($2) returned to Masqb
Masqb collected $2 from pot
Masqb: doesn't show hand
*** SUMMARY ***
Total pot $2 | Rake $0
Seat 1: hooverr (button) (small blind) folded before Flop
Seat 2: Masqb (big blind) collected ($2)


PokerStars Hand #144788832906:  Hold'em Limit ($3/$6 USD) - 2015/12/03 21:29:08 ET
Table 'Sinon II' 2-max Seat #2 is the button
Seat 1: hooverr ($42.79 in chips)
Seat 2: Masqb ($141.05 in chips)
Masqb: posts small blind $1
hooverr: posts big blind $3
*** HOLE CARDS ***
Masqb: raises $3 to $6
hooverr: raises $3 to $9
Masqb: calls $3
*** FLOP *** [Ts 3d 5s]
hooverr: bets $3
Masqb: calls $3
*** TURN *** [Ts 3d 5s] [Qs]
hooverr: bets $6
Masqb: calls $6
*** RIVER *** [Ts 3d 5s Qs] [6c]
hooverr: bets $6
Masqb: calls $6
*** SHOW DOWN ***
hooverr: shows [Qc Ad] (a pair of Queens)
Masqb: mucks hand
hooverr collected $47.50 from pot
*** SUMMARY ***
Total pot $48 | Rake $0.50
Board [Ts 3d 5s Qs 6c]
Seat 1: hooverr (big blind) showed [Qc Ad] and won ($47.50) with a pair of Queens
Seat 2: Masqb (button) (small blind) mucked


PokerStars Hand #144788854207:  Hold'em Limit ($3/$6 USD) - 2015/12/03 21:30:00 ET
Table 'Sinon II' 2-max Seat #1 is the button
Seat 1: hooverr ($66.29 in chips)
Seat 2: Masqb ($117.05 in chips)
hooverr: posts small blind $1
Masqb: posts big blind $3
*** HOLE CARDS ***
hooverr: raises $3 to $6
Masqb: calls $3
*** FLOP *** [9h 3c 7s]
Masqb: checks
hooverr: bets $3
Masqb: calls $3
*** TURN *** [9h 3c 7s] [5c]
Masqb: checks
hooverr: bets $6
Masqb: calls $6
*** RIVER *** [9h 3c 7s 5c] [4s]
Masqb: checks
hooverr: checks
*** SHOW DOWN ***
Masqb: shows [3h Jh] (a pair of Threes)
hooverr: shows [8d 9s] (a pair of Nines)
hooverr collected $29.50 from pot
*** SUMMARY ***
Total pot $30 | Rake $0.50
Board [9h 3c 7s 5c 4s]
Seat 1: hooverr (button) (small blind) showed [8d 9s] and won ($29.50) with a pair of Nines
Seat 2: Masqb (big blind) showed [3h Jh] and lost with a pair of Threes


PokerStars Hand #144788898501:  Hold'em Limit ($3/$6 USD) - 2015/12/03 21:31:46 ET
Table 'Sinon II' 2-max Seat #1 is the button
Seat 1: hooverr ($110.29 in chips)
Seat 2: Masqb ($72.05 in chips)
hooverr: posts small blind $1
Masqb: posts big blind $3
*** HOLE CARDS ***
hooverr: raises $3 to $6
Masqb: folds
Uncalled bet ($3) returned to hooverr
hooverr collected $6 from pot
hooverr: doesn't show hand
*** SUMMARY ***
Total pot $6 | Rake $0
Seat 1: hooverr (button) (small blind) collected ($6)
Seat 2: Masqb (big blind) folded before Flop


PokerStars Hand #144788873979:  Hold'em Limit ($3/$6 USD) - 2015/12/03 21:30:47 ET
Table 'Sinon II' 2-max Seat #2 is the button
Seat 1: hooverr ($80.79 in chips)
Seat 2: Masqb ($102.05 in chips)
Masqb: posts small blind $1
hooverr: posts big blind $3
*** HOLE CARDS ***
Masqb: raises $3 to $6
hooverr: raises $3 to $9
Masqb: calls $3
*** FLOP *** [4d Ad 4c]
hooverr: bets $3
Masqb: calls $3
*** TURN *** [4d Ad 4c] [Ts]
hooverr: checks
Masqb: bets $6
hooverr: raises $6 to $12
Masqb: calls $6
*** RIVER *** [4d Ad 4c Ts] [Kh]
hooverr: bets $6
Masqb: calls $6
*** SHOW DOWN ***
hooverr: shows [As 4h] (a full house, Fours full of Aces)
Masqb: mucks hand
hooverr collected $59.50 from pot
*** SUMMARY ***
Total pot $60 | Rake $0.50
Board [4d Ad 4c Ts Kh]
Seat 1: hooverr (big blind) showed [As 4h] and won ($59.50) with a full house, Fours full of Aces
Seat 2: Masqb (button) (small blind) mucked


PokerStars Hand #144788921289:  Hold'em Limit ($3/$6 USD) - 2015/12/03 21:32:42 ET
Table 'Sinon II' 2-max Seat #2 is the button
Seat 1: hooverr ($113.05 in chips)
Seat 2: Masqb ($68.81 in chips)
Masqb: posts small blind $1
hooverr: posts big blind $3
*** HOLE CARDS ***
Masqb: folds
Uncalled bet ($2) returned to hooverr
hooverr collected $2 from pot
hooverr: doesn't show hand
*** SUMMARY ***
Total pot $2 | Rake $0
Seat 1: hooverr (big blind) collected ($2)
Seat 2: Masqb (button) (small blind) folded before Flop


PokerStars Hand #144788910547:  Hold'em Limit ($3/$6 USD) - 2015/12/03 21:32:15 ET
Table 'Sinon II' 2-max Seat #1 is the button
Seat 1: hooverr ($107.29 in chips)
Seat 2: Masqb ($74.81 in chips)
hooverr: posts small blind $1
Masqb: posts big blind $3
*** HOLE CARDS ***
hooverr: raises $3 to $6
Masqb: calls $3
*** FLOP *** [6d Ts Td]
Masqb: checks
hooverr: checks
*** TURN *** [6d Ts Td] [Ac]
Masqb: checks
hooverr: bets $6
Masqb: folds
Uncalled bet ($6) returned to hooverr
hooverr collected $11.76 from pot
hooverr: doesn't show hand
*** SUMMARY ***
Total pot $12 | Rake $0.24
Board [6d Ts Td Ac]
Seat 1: hooverr (button) (small blind) collected ($11.76)
Seat 2: Masqb (big blind) folded on the Turn


PokerStars Hand #144788902793:  Hold'em Limit ($3/$6 USD) - 2015/12/03 21:31:56 ET
Table 'Sinon II' 2-max Seat #2 is the button
Seat 1: hooverr ($113.29 in chips)
Seat 2: Masqb ($69.05 in chips)
Masqb: posts small blind $1
hooverr: posts big blind $3
*** HOLE CARDS ***
Masqb: raises $3 to $6
hooverr: calls $3
*** FLOP *** [8s Qd Ah]
hooverr: checks
Masqb: bets $3
hooverr: folds
Uncalled bet ($3) returned to Masqb
Masqb collected $11.76 from pot
Masqb: doesn't show hand
*** SUMMARY ***
Total pot $12 | Rake $0.24
Board [8s Qd Ah]
Seat 1: hooverr (big blind) folded on the Flop
Seat 2: Masqb (button) (small blind) collected ($11.76)


PokerStars Hand #144788925189:  Hold'em Limit ($3/$6 USD) - 2015/12/03 21:32:51 ET
Table 'Sinon II' 2-max Seat #1 is the button
Seat 1: hooverr ($114.05 in chips)
Seat 2: Masqb ($67.81 in chips)
hooverr: posts small blind $1
Masqb: posts big blind $3
*** HOLE CARDS ***
hooverr: folds
Uncalled bet ($2) returned to Masqb
Masqb collected $2 from pot
Masqb: doesn't show hand
*** SUMMARY ***
Total pot $2 | Rake $0
Seat 1: hooverr (button) (small blind) folded before Flop
Seat 2: Masqb (big blind) collected ($2)


PokerStars Hand #144788941983:  Hold'em Limit ($3/$6 USD) - 2015/12/03 21:33:32 ET
Table 'Sinon II' 2-max Seat #1 is the button
Seat 1: hooverr ($124.57 in chips)
Seat 2: Masqb ($126 in chips)
hooverr: posts small blind $1
Masqb: posts big blind $3
*** HOLE CARDS ***
hooverr: folds
Uncalled bet ($2) returned to Masqb
Masqb collected $2 from pot
Masqb: doesn't show hand
*** SUMMARY ***
Total pot $2 | Rake $0
Seat 1: hooverr (button) (small blind) folded before Flop
Seat 2: Masqb (big blind) collected ($2)


PokerStars Hand #144788927396:  Hold'em Limit ($3/$6 USD) - 2015/12/03 21:32:57 ET
Table 'Sinon II' 2-max Seat #2 is the button
Seat 1: hooverr ($113.05 in chips)
Seat 2: Masqb ($68.81 in chips)
Masqb: posts small blind $1
hooverr: posts big blind $3
*** HOLE CARDS ***
Masqb: raises $3 to $6
hooverr: calls $3
*** FLOP *** [3s 8h 9d]
hooverr: checks
Masqb: bets $3
hooverr: raises $3 to $6
Masqb: calls $3
*** TURN *** [3s 8h 9d] [8s]
hooverr: bets $6
Masqb: folds
Uncalled bet ($6) returned to hooverr
hooverr collected $23.52 from pot
hooverr: doesn't show hand
*** SUMMARY ***
Total pot $24 | Rake $0.48
Board [3s 8h 9d 8s]
Seat 1: hooverr (big blind) collected ($23.52)
Seat 2: Masqb (button) (small blind) folded on the Turn


PokerStars Hand #144788944058:  Hold'em Limit ($3/$6 USD) - 2015/12/03 21:33:37 ET
Table 'Sinon II' 2-max Seat #2 is the button
Seat 1: hooverr ($123.57 in chips)
Seat 2: Masqb ($127 in chips)
Masqb: posts small blind $1
hooverr: posts big blind $3
*** HOLE CARDS ***
Masqb: raises $3 to $6
hooverr: calls $3
*** FLOP *** [7h 6h 7d]
hooverr: checks
Masqb: bets $3
hooverr: calls $3
*** TURN *** [7h 6h 7d] [Jh]
hooverr: checks
Masqb: bets $6
hooverr: raises $6 to $12
Masqb: calls $6
*** RIVER *** [7h 6h 7d Jh] [Ad]
hooverr: bets $6
Masqb: calls $6
*** SHOW DOWN ***
hooverr: shows [6s 7c] (a full house, Sevens full of Sixes)
Masqb: mucks hand
hooverr collected $53.50 from pot
*** SUMMARY ***
Total pot $54 | Rake $0.50
Board [7h 6h 7d Jh Ad]
Seat 1: hooverr (big blind) showed [6s 7c] and won ($53.50) with a full house, Sevens full of Sixes
Seat 2: Masqb (button) (small blind) mucked


PokerStars Hand #144788962372:  Hold'em Limit ($3/$6 USD) - 2015/12/03 21:34:21 ET
Table 'Sinon II' 2-max Seat #1 is the button
Seat 1: hooverr ($150.07 in chips)
Seat 2: Masqb ($100 in chips)
hooverr: posts small blind $1
Masqb: posts big blind $3
*** HOLE CARDS ***
hooverr: raises $3 to $6
Masqb: raises $3 to $9
hooverr: calls $3
*** FLOP *** [6s 6d 3h]
Masqb: bets $3
hooverr: calls $3
*** TURN *** [6s 6d 3h] [8d]
Masqb: checks
hooverr: bets $6
Masqb: calls $6
*** RIVER *** [6s 6d 3h 8d] [7c]
Masqb: checks
hooverr is disconnected
hooverr is connected
hooverr: bets $6
Masqb: calls $6
*** SHOW DOWN ***
hooverr: shows [Ad 3c] (two pair, Sixes and Threes)
Masqb: shows [7s As] (two pair, Sevens and Sixes)
Masqb collected $47.50 from pot
*** SUMMARY ***
Total pot $48 | Rake $0.50
Board [6s 6d 3h 8d 7c]
Seat 1: hooverr (button) (small blind) showed [Ad 3c] and lost with two pair, Sixes and Threes
Seat 2: Masqb (big blind) showed [7s As] and won ($47.50) with two pair, Sevens and Sixes


PokerStars Hand #144789000974:  Hold'em Limit ($3/$6 USD) - 2015/12/03 21:35:56 ET
Table 'Sinon II' 2-max Seat #2 is the button
Seat 1: hooverr ($126.07 in chips)
Seat 2: Masqb ($123.50 in chips)
Masqb: posts small blind $1
hooverr: posts big blind $3
*** HOLE CARDS ***
Masqb: raises $3 to $6
hooverr: raises $3 to $9
Masqb: calls $3
*** FLOP *** [4d 7c Jd]
hooverr: bets $3
Masqb: calls $3
*** TURN *** [4d 7c Jd] [Ks]
hooverr: bets $6
Masqb: raises $6 to $12
hooverr: folds
Uncalled bet ($6) returned to Masqb
Masqb collected $35.50 from pot
Masqb: doesn't show hand
*** SUMMARY ***
Total pot $36 | Rake $0.50
Board [4d 7c Jd Ks]
Seat 1: hooverr (big blind) folded on the Turn
Seat 2: Masqb (button) (small blind) collected ($35.50)


PokerStars Hand #144789036009:  Hold'em Limit ($3/$6 USD) - 2015/12/03 21:37:22 ET
Table 'Sinon II' 2-max Seat #2 is the button
Seat 1: hooverr ($116.71 in chips)
Seat 2: Masqb ($132 in chips)
Masqb: posts small blind $1
hooverr: posts big blind $3
*** HOLE CARDS ***
Masqb: raises $3 to $6
hooverr: raises $3 to $9
Masqb: calls $3
*** FLOP *** [3d 9c Qc]
hooverr: checks
Masqb: checks
*** TURN *** [3d 9c Qc] [7c]
hooverr: bets $6
Masqb: calls $6
*** RIVER *** [3d 9c Qc 7c] [3c]
hooverr: checks
Masqb: checks
*** SHOW DOWN ***
hooverr: shows [2h 4h] (a pair of Threes)
Masqb: shows [Qh 5h] (two pair, Queens and Threes)
Masqb collected $29.50 from pot
*** SUMMARY ***
Total pot $30 | Rake $0.50
Board [3d 9c Qc 7c 3c]
Seat 1: hooverr (big blind) showed [2h 4h] and lost with a pair of Threes
Seat 2: Masqb (button) (small blind) showed [Qh 5h] and won ($29.50) with two pair, Queens and Threes


PokerStars Hand #144789049799:  Hold'em Limit ($3/$6 USD) - 2015/12/03 21:37:55 ET
Table 'Sinon II' 2-max Seat #1 is the button
Seat 1: hooverr ($101.71 in chips)
Seat 2: Masqb ($146.50 in chips)
hooverr: posts small blind $1
Masqb: posts big blind $3
*** HOLE CARDS ***
hooverr: raises $3 to $6
Masqb: calls $3
*** FLOP *** [2c Ts Jd]
Masqb: checks
hooverr: bets $3
Masqb: folds
Uncalled bet ($3) returned to hooverr
hooverr collected $11.76 from pot
hooverr: doesn't show hand
*** SUMMARY ***
Total pot $12 | Rake $0.24
Board [2c Ts Jd]
Seat 1: hooverr (button) (small blind) collected ($11.76)
Seat 2: Masqb (big blind) folded on the Flop


PokerStars Hand #144789020383:  Hold'em Limit ($3/$6 USD) - 2015/12/03 21:36:43 ET
Table 'Sinon II' 2-max Seat #1 is the button
Seat 1: hooverr ($108.07 in chips)
Seat 2: Masqb ($141 in chips)
hooverr: posts small blind $1
Masqb: posts big blind $3
*** HOLE CARDS ***
hooverr: raises $3 to $6
Masqb: calls $3
*** FLOP *** [9d 5d Kd]
Masqb: checks
hooverr: bets $3
Masqb: calls $3
*** TURN *** [9d 5d Kd] [7h]
Masqb: checks
hooverr: bets $6
Masqb: folds
Uncalled bet ($6) returned to hooverr
hooverr collected $17.64 from pot
hooverr: doesn't show hand
*** SUMMARY ***
Total pot $18 | Rake $0.36
Board [9d 5d Kd 7h]
Seat 1: hooverr (button) (small blind) collected ($17.64)
Seat 2: Masqb (big blind) folded on the Turn


PokerStars Hand #144789057417:  Hold'em Limit ($3/$6 USD) - 2015/12/03 21:38:14 ET
Table 'Sinon II' 2-max Seat #2 is the button
Seat 1: hooverr ($107.47 in chips)
Seat 2: Masqb ($140.50 in chips)
Masqb: posts small blind $1
hooverr: posts big blind $3
*** HOLE CARDS ***
Masqb: raises $3 to $6
hooverr: calls $3
*** FLOP *** [8d 2c 7h]
hooverr: checks
Masqb: bets $3
hooverr: raises $3 to $6
Masqb: calls $3
*** TURN *** [8d 2c 7h] [Qd]
hooverr: bets $6
Masqb: folds
Uncalled bet ($6) returned to hooverr
hooverr collected $23.52 from pot
hooverr: doesn't show hand
*** SUMMARY ***
Total pot $24 | Rake $0.48
Board [8d 2c 7h Qd]
Seat 1: hooverr (big blind) collected ($23.52)
Seat 2: Masqb (button) (small blind) folded on the Turn


PokerStars Hand #144789090282:  Hold'em Limit ($3/$6 USD) - 2015/12/03 21:39:36 ET
Table 'Sinon II' 2-max Seat #2 is the button
Seat 1: hooverr ($97.99 in chips)
Seat 2: Masqb ($149 in chips)
Masqb: posts small blind $1
hooverr: posts big blind $3
*** HOLE CARDS ***
Masqb: raises $3 to $6
hooverr: calls $3
*** FLOP *** [Kd 2s Qh]
hooverr: checks
Masqb: bets $3
hooverr: folds
Uncalled bet ($3) returned to Masqb
Masqb collected $11.76 from pot
Masqb: doesn't show hand
*** SUMMARY ***
Total pot $12 | Rake $0.24
Board [Kd 2s Qh]
Seat 1: hooverr (big blind) folded on the Flop
Seat 2: Masqb (button) (small blind) collected ($11.76)


PokerStars Hand #144789107311:  Hold'em Limit ($3/$6 USD) - 2015/12/03 21:40:18 ET
Table 'Sinon II' 2-max Seat #2 is the button
Seat 1: hooverr ($79.99 in chips)
Seat 2: Masqb ($166.28 in chips)
Masqb: posts small blind $1
hooverr: posts big blind $3
*** HOLE CARDS ***
Masqb: folds
Uncalled bet ($2) returned to hooverr
hooverr collected $2 from pot
hooverr: doesn't show hand
*** SUMMARY ***
Total pot $2 | Rake $0
Seat 1: hooverr (big blind) collected ($2)
Seat 2: Masqb (button) (small blind) folded before Flop


PokerStars Hand #144789097410:  Hold'em Limit ($3/$6 USD) - 2015/12/03 21:39:53 ET
Table 'Sinon II' 2-max Seat #1 is the button
Seat 1: hooverr ($91.99 in chips)
Seat 2: Masqb ($154.76 in chips)
hooverr: posts small blind $1
Masqb: posts big blind $3
*** HOLE CARDS ***
hooverr: raises $3 to $6
Masqb: raises $3 to $9
hooverr: raises $3 to $12
Betting is capped
Masqb: calls $3
*** FLOP *** [Kd Td 3d]
Masqb: checks
hooverr: checks
*** TURN *** [Kd Td 3d] [9c]
Masqb: bets $6
hooverr: folds
Uncalled bet ($6) returned to Masqb
Masqb collected $23.52 from pot
Masqb: doesn't show hand
*** SUMMARY ***
Total pot $24 | Rake $0.48
Board [Kd Td 3d 9c]
Seat 1: hooverr (button) (small blind) folded on the Turn
Seat 2: Masqb (big blind) collected ($23.52)


PokerStars Hand #144789109409:  Hold'em Limit ($3/$6 USD) - 2015/12/03 21:40:23 ET
Table 'Sinon II' 2-max Seat #1 is the button
Seat 1: hooverr ($80.99 in chips)
Seat 2: Masqb ($165.28 in chips)
hooverr: posts small blind $1
Masqb: posts big blind $3
*** HOLE CARDS ***
hooverr: raises $3 to $6
Masqb: calls $3
*** FLOP *** [9h 2s 5d]
Masqb: checks
hooverr: checks
*** TURN *** [9h 2s 5d] [Tc]
Masqb: bets $6
hooverr: folds
Uncalled bet ($6) returned to Masqb
Masqb collected $11.76 from pot
Masqb: doesn't show hand
*** SUMMARY ***
Total pot $12 | Rake $0.24
Board [9h 2s 5d Tc]
Seat 1: hooverr (button) (small blind) folded on the Turn
Seat 2: Masqb (big blind) collected ($11.76)


PokerStars Hand #144789134423:  Hold'em Limit ($3/$6 USD) - 2015/12/03 21:41:25 ET
Table 'Sinon II' 2-max Seat #1 is the button
Seat 1: hooverr ($44.99 in chips)
Seat 2: Masqb ($200.54 in chips)
hooverr: posts small blind $1
Masqb: posts big blind $3
*** HOLE CARDS ***
hooverr: raises $3 to $6
Masqb: calls $3
*** FLOP *** [2c 5h 8d]
Masqb: checks
hooverr: bets $3
Masqb: folds
Uncalled bet ($3) returned to hooverr
hooverr collected $11.76 from pot
hooverr: doesn't show hand
*** SUMMARY ***
Total pot $12 | Rake $0.24
Board [2c 5h 8d]
Seat 1: hooverr (button) (small blind) collected ($11.76)
Seat 2: Masqb (big blind) folded on the Flop


PokerStars Hand #144789116619:  Hold'em Limit ($3/$6 USD) - 2015/12/03 21:40:41 ET
Table 'Sinon II' 2-max Seat #2 is the button
Seat 1: hooverr ($74.99 in chips)
Seat 2: Masqb ($171.04 in chips)
Masqb: posts small blind $1
hooverr: posts big blind $3
*** HOLE CARDS ***
Masqb: raises $3 to $6
hooverr: calls $3
*** FLOP *** [8s Td 5d]
hooverr: checks
Masqb: bets $3
hooverr: raises $3 to $6
Masqb: calls $3
*** TURN *** [8s Td 5d] [Ad]
hooverr: bets $6
Masqb: raises $6 to $12
hooverr: calls $6
*** RIVER *** [8s Td 5d Ad] [2h]
hooverr: bets $6
Masqb: calls $6
*** SHOW DOWN ***
hooverr: shows [9s 7h] (high card Ace)
Masqb: shows [8h 8c] (three of a kind, Eights)
Masqb collected $59.50 from pot
*** SUMMARY ***
Total pot $60 | Rake $0.50
Board [8s Td 5d Ad 2h]
Seat 1: hooverr (big blind) showed [9s 7h] and lost with high card Ace
Seat 2: Masqb (button) (small blind) showed [8h 8c] and won ($59.50) with three of a kind, Eights


PokerStars Hand #144789143978:  Hold'em Limit ($3/$6 USD) - 2015/12/03 21:41:49 ET
Table 'Sinon II' 2-max Seat #2 is the button
Seat 1: hooverr ($50.75 in chips)
Seat 2: Masqb ($194.54 in chips)
Masqb: posts small blind $1
hooverr: posts big blind $3
*** HOLE CARDS ***
Masqb: raises $3 to $6
hooverr: raises $3 to $9
Masqb: calls $3
*** FLOP *** [Kd 4h Tc]
hooverr: bets $3
Masqb: calls $3
*** TURN *** [Kd 4h Tc] [6d]
hooverr: bets $6
Masqb: calls $6
*** RIVER *** [Kd 4h Tc 6d] [Jc]
hooverr: bets $6
Masqb: calls $6
*** SHOW DOWN ***
hooverr: shows [As Kh] (a pair of Kings)
Masqb: mucks hand
hooverr collected $47.50 from pot
*** SUMMARY ***
Total pot $48 | Rake $0.50
Board [Kd 4h Tc 6d Jc]
Seat 1: hooverr (big blind) showed [As Kh] and won ($47.50) with a pair of Kings
Seat 2: Masqb (button) (small blind) mucked


PokerStars Hand #144789179645:  Hold'em Limit ($3/$6 USD) - 2015/12/03 21:43:18 ET
Table 'Sinon II' 2-max Seat #2 is the button
Seat 1: hooverr ($88.75 in chips)
Seat 2: Masqb ($155.54 in chips)
Masqb: posts small blind $1
hooverr: posts big blind $3
*** HOLE CARDS ***
Masqb: raises $3 to $6
hooverr: calls $3
*** FLOP *** [4h 7c Ac]
hooverr: checks
Masqb: bets $3
hooverr: folds
Uncalled bet ($3) returned to Masqb
Masqb collected $11.76 from pot
Masqb: doesn't show hand
*** SUMMARY ***
Total pot $12 | Rake $0.24
Board [4h 7c Ac]
Seat 1: hooverr (big blind) folded on the Flop
Seat 2: Masqb (button) (small blind) collected ($11.76)


PokerStars Hand #144789186642:  Hold'em Limit ($3/$6 USD) - 2015/12/03 21:43:35 ET
Table 'Sinon II' 2-max Seat #1 is the button
Seat 1: hooverr ($82.75 in chips)
Seat 2: Masqb ($161.30 in chips)
hooverr: posts small blind $1
Masqb: posts big blind $3
*** HOLE CARDS ***
hooverr: folds
Uncalled bet ($2) returned to Masqb
Masqb collected $2 from pot
Masqb: doesn't show hand
*** SUMMARY ***
Total pot $2 | Rake $0
Seat 1: hooverr (button) (small blind) folded before Flop
Seat 2: Masqb (big blind) collected ($2)


PokerStars Hand #144789188828:  Hold'em Limit ($3/$6 USD) - 2015/12/03 21:43:41 ET
Table 'Sinon II' 2-max Seat #2 is the button
Seat 1: hooverr ($81.75 in chips)
Seat 2: Masqb ($162.30 in chips)
Masqb: posts small blind $1
hooverr: posts big blind $3
*** HOLE CARDS ***
Masqb: raises $3 to $6
hooverr: folds
Uncalled bet ($3) returned to Masqb
Masqb collected $6 from pot
Masqb: doesn't show hand
*** SUMMARY ***
Total pot $6 | Rake $0
Seat 1: hooverr (big blind) folded before Flop
Seat 2: Masqb (button) (small blind) collected ($6)


PokerStars Hand #144789159016:  Hold'em Limit ($3/$6 USD) - 2015/12/03 21:42:27 ET
Table 'Sinon II' 2-max Seat #1 is the button
Seat 1: hooverr ($74.25 in chips)
Seat 2: Masqb ($170.54 in chips)
hooverr: posts small blind $1
Masqb: posts big blind $3
*** HOLE CARDS ***
hooverr: raises $3 to $6
Masqb: calls $3
*** FLOP *** [6c 2h 8h]
Masqb: checks
hooverr: bets $3
Masqb: calls $3
*** TURN *** [6c 2h 8h] [6s]
Masqb: checks
hooverr: bets $6
Masqb: calls $6
*** RIVER *** [6c 2h 8h 6s] [Kc]
Masqb: checks
hooverr: bets $6
Masqb: folds
Uncalled bet ($6) returned to hooverr
hooverr collected $29.50 from pot
hooverr: doesn't show hand
*** SUMMARY ***
Total pot $30 | Rake $0.50
Board [6c 2h 8h 6s Kc]
Seat 1: hooverr (button) (small blind) collected ($29.50)
Seat 2: Masqb (big blind) folded on the River


PokerStars Hand #144789192969:  Hold'em Limit ($3/$6 USD) - 2015/12/03 21:43:51 ET
Table 'Sinon II' 2-max Seat #1 is the button
Seat 1: hooverr ($78.75 in chips)
Seat 2: Masqb ($165.30 in chips)
hooverr: posts small blind $1
Masqb: posts big blind $3
*** HOLE CARDS ***
hooverr: raises $3 to $6
Masqb: calls $3
*** FLOP *** [6c 4d Qd]
Masqb: checks
hooverr: bets $3
Masqb: folds
Uncalled bet ($3) returned to hooverr
hooverr collected $11.76 from pot
hooverr: doesn't show hand
*** SUMMARY ***
Total pot $12 | Rake $0.24
Board [6c 4d Qd]
Seat 1: hooverr (button) (small blind) collected ($11.76)
Seat 2: Masqb (big blind) folded on the Flop


PokerStars Hand #144789215575:  Hold'em Limit ($3/$6 USD) - 2015/12/03 21:44:48 ET
Table 'Sinon II' 2-max Seat #1 is the button
Seat 1: hooverr ($99.01 in chips)
Seat 2: Masqb ($144.30 in chips)
hooverr: posts small blind $1
Masqb: posts big blind $3
*** HOLE CARDS ***
hooverr: raises $3 to $6
Masqb: calls $3
*** FLOP *** [Ac Td Ts]
Masqb: checks
hooverr: checks
*** TURN *** [Ac Td Ts] [8c]
Masqb: checks
hooverr: bets $6
Masqb: folds
Uncalled bet ($6) returned to hooverr
hooverr collected $11.76 from pot
hooverr: doesn't show hand
*** SUMMARY ***
Total pot $12 | Rake $0.24
Board [Ac Td Ts 8c]
Seat 1: hooverr (button) (small blind) collected ($11.76)
Seat 2: Masqb (big blind) folded on the Turn


PokerStars Hand #144789200260:  Hold'em Limit ($3/$6 USD) - 2015/12/03 21:44:09 ET
Table 'Sinon II' 2-max Seat #2 is the button
Seat 1: hooverr ($84.51 in chips)
Seat 2: Masqb ($159.30 in chips)
Masqb: posts small blind $1
hooverr: posts big blind $3
*** HOLE CARDS ***
Masqb: raises $3 to $6
hooverr: calls $3
*** FLOP *** [2h Jc 3h]
hooverr: checks
Masqb: bets $3
hooverr: calls $3
*** TURN *** [2h Jc 3h] [9c]
hooverr: bets $6
Masqb: calls $6
*** RIVER *** [2h Jc 3h 9c] [7c]
hooverr: bets $6
Masqb: folds
Uncalled bet ($6) returned to hooverr
hooverr collected $29.50 from pot
hooverr: doesn't show hand
*** SUMMARY ***
Total pot $30 | Rake $0.50
Board [2h Jc 3h 9c 7c]
Seat 1: hooverr (big blind) collected ($29.50)
Seat 2: Masqb (button) (small blind) folded on the River


PokerStars Hand #144789242278:  Hold'em Limit ($3/$6 USD) - 2015/12/03 21:45:55 ET
Table 'Sinon II' 2-max Seat #1 is the button
Seat 1: hooverr ($107.29 in chips)
Seat 2: Masqb ($135.06 in chips)
hooverr: posts small blind $1
Masqb: posts big blind $3
*** HOLE CARDS ***
hooverr: raises $3 to $6
Masqb: calls $3
*** FLOP *** [Kc 9c 9s]
Masqb: checks
hooverr: bets $3
Masqb: folds
Uncalled bet ($3) returned to hooverr
hooverr collected $11.76 from pot
hooverr: doesn't show hand
*** SUMMARY ***
Total pot $12 | Rake $0.24
Board [Kc 9c 9s]
Seat 1: hooverr (button) (small blind) collected ($11.76)
Seat 2: Masqb (big blind) folded on the Flop


PokerStars Hand #144789227893:  Hold'em Limit ($3/$6 USD) - 2015/12/03 21:45:18 ET
Table 'Sinon II' 2-max Seat #2 is the button
Seat 1: hooverr ($104.77 in chips)
Seat 2: Masqb ($138.30 in chips)
Masqb: posts small blind $1
hooverr: posts big blind $3
*** HOLE CARDS ***
Masqb: raises $3 to $6
hooverr: folds
Uncalled bet ($3) returned to Masqb
Masqb collected $6 from pot
Masqb: doesn't show hand
*** SUMMARY ***
Total pot $6 | Rake $0
Seat 1: hooverr (big blind) folded before Flop
Seat 2: Masqb (button) (small blind) collected ($6)


PokerStars Hand #144789230120:  Hold'em Limit ($3/$6 USD) - 2015/12/03 21:45:24 ET
Table 'Sinon II' 2-max Seat #1 is the button
Seat 1: hooverr ($101.77 in chips)
Seat 2: Masqb ($141.30 in chips)
hooverr: posts small blind $1
Masqb: posts big blind $3
*** HOLE CARDS ***
hooverr: raises $3 to $6
Masqb: raises $3 to $9
hooverr: raises $3 to $12
Betting is capped
Masqb: calls $3
*** FLOP *** [Qs 4d 2c]
Masqb: checks
hooverr: bets $3
Masqb: folds
Uncalled bet ($3) returned to hooverr
hooverr collected $23.52 from pot
hooverr: doesn't show hand
*** SUMMARY ***
Total pot $24 | Rake $0.48
Board [Qs 4d 2c]
Seat 1: hooverr (button) (small blind) collected ($23.52)
Seat 2: Masqb (big blind) folded on the Flop


PokerStars Hand #144789236296:  Hold'em Limit ($3/$6 USD) - 2015/12/03 21:45:40 ET
Table 'Sinon II' 2-max Seat #2 is the button
Seat 1: hooverr ($113.29 in chips)
Seat 2: Masqb ($129.30 in chips)
Masqb: posts small blind $1
hooverr: posts big blind $3
*** HOLE CARDS ***
Masqb: raises $3 to $6
hooverr: calls $3
*** FLOP *** [Td Jd Th]
hooverr: checks
Masqb: bets $3
hooverr: folds
Uncalled bet ($3) returned to Masqb
Masqb collected $11.76 from pot
Masqb: doesn't show hand
*** SUMMARY ***
Total pot $12 | Rake $0.24
Board [Td Jd Th]
Seat 1: hooverr (big blind) folded on the Flop
Seat 2: Masqb (button) (small blind) collected ($11.76)


PokerStars Hand #144789250767:  Hold'em Limit ($3/$6 USD) - 2015/12/03 21:46:16 ET
Table 'Sinon II' 2-max Seat #2 is the button
Seat 1: hooverr ($113.05 in chips)
Seat 2: Masqb ($129.06 in chips)
Masqb: posts small blind $1
hooverr: posts big blind $3
*** HOLE CARDS ***
Masqb: raises $3 to $6
hooverr: calls $3
*** FLOP *** [3c Ad Jc]
hooverr: checks
Masqb: bets $3
hooverr: folds
Uncalled bet ($3) returned to Masqb
Masqb collected $11.76 from pot
Masqb: doesn't show hand
*** SUMMARY ***
Total pot $12 | Rake $0.24
Board [3c Ad Jc]
Seat 1: hooverr (big blind) folded on the Flop
Seat 2: Masqb (button) (small blind) collected ($11.76)


PokerStars Hand #144789264014:  Hold'em Limit ($3/$6 USD) - 2015/12/03 21:46:49 ET
Table 'Sinon II' 2-max Seat #2 is the button
Seat 1: hooverr ($98.05 in chips)
Seat 2: Masqb ($143.46 in chips)
Masqb: posts small blind $1
hooverr: posts big blind $3
*** HOLE CARDS ***
Masqb: raises $3 to $6
hooverr: raises $3 to $9
Masqb: calls $3
*** FLOP *** [4s 5h 4d]
hooverr: bets $3
Masqb: calls $3
*** TURN *** [4s 5h 4d] [As]
hooverr: bets $6
Masqb: calls $6
*** RIVER *** [4s 5h 4d As] [2s]
hooverr: bets $6
Masqb: folds
Uncalled bet ($6) returned to hooverr
hooverr collected $35.50 from pot
hooverr: doesn't show hand
*** SUMMARY ***
Total pot $36 | Rake $0.50
Board [4s 5h 4d As 2s]
Seat 1: hooverr (big blind) collected ($35.50)
Seat 2: Masqb (button) (small blind) folded on the River


PokerStars Hand #144789285525:  Hold'em Limit ($3/$6 USD) - 2015/12/03 21:47:44 ET
Table 'Sinon II' 2-max Seat #1 is the button
Seat 1: hooverr ($115.55 in chips)
Seat 2: Masqb ($125.46 in chips)
hooverr: posts small blind $1
Masqb: posts big blind $3
*** HOLE CARDS ***
hooverr: raises $3 to $6
Masqb: folds
Uncalled bet ($3) returned to hooverr
hooverr collected $6 from pot
hooverr: doesn't show hand
*** SUMMARY ***
Total pot $6 | Rake $0
Seat 1: hooverr (button) (small blind) collected ($6)
Seat 2: Masqb (big blind) folded before Flop


PokerStars Hand #144789289729:  Hold'em Limit ($3/$6 USD) - 2015/12/03 21:47:55 ET
Table 'Sinon II' 2-max Seat #2 is the button
Seat 1: hooverr ($118.55 in chips)
Seat 2: Masqb ($122.46 in chips)
Masqb: posts small blind $1
hooverr: posts big blind $3
*** HOLE CARDS ***
Masqb: raises $3 to $6
hooverr: folds
Uncalled bet ($3) returned to Masqb
Masqb collected $6 from pot
Masqb: doesn't show hand
*** SUMMARY ***
Total pot $6 | Rake $0
Seat 1: hooverr (big blind) folded before Flop
Seat 2: Masqb (button) (small blind) collected ($6)


PokerStars Hand #144789292077:  Hold'em Limit ($3/$6 USD) - 2015/12/03 21:48:01 ET
Table 'Sinon II' 2-max Seat #1 is the button
Seat 1: hooverr ($115.55 in chips)
Seat 2: Masqb ($125.46 in chips)
hooverr: posts small blind $1
Masqb: posts big blind $3
*** HOLE CARDS ***
hooverr: raises $3 to $6
Masqb: raises $3 to $9
hooverr: raises $3 to $12
Betting is capped
Masqb: calls $3
*** FLOP *** [4h 9s Ad]
Masqb: checks
hooverr: bets $3
Masqb: raises $3 to $6
hooverr: raises $3 to $9
Masqb: raises $3 to $12
Betting is capped
hooverr: calls $3
*** TURN *** [4h 9s Ad] [As]
Masqb: bets $6
hooverr: raises $6 to $12
Masqb: calls $6
*** RIVER *** [4h 9s Ad As] [9h]
Masqb: checks
hooverr: bets $6
Masqb: calls $6
*** SHOW DOWN ***
hooverr: shows [5h Ac] (a full house, Aces full of Nines)
Masqb: shows [Ks Ah] (a full house, Aces full of Nines)
Masqb collected $41.75 from pot
hooverr collected $41.75 from pot
*** SUMMARY ***
Total pot $84 | Rake $0.50
Board [4h 9s Ad As 9h]
Seat 1: hooverr (button) (small blind) showed [5h Ac] and won ($41.75) with a full house, Aces full of Nines
Seat 2: Masqb (big blind) showed [Ks Ah] and won ($41.75) with a full house, Aces full of Nines


PokerStars Hand #144789326732:  Hold'em Limit ($3/$6 USD) - 2015/12/03 21:49:30 ET
Table 'Sinon II' 2-max Seat #1 is the button
Seat 1: hooverr ($126.82 in chips)
Seat 2: Masqb ($113.21 in chips)
hooverr: posts small blind $1
Masqb: posts big blind $3
*** HOLE CARDS ***
hooverr: raises $3 to $6
Masqb: calls $3
*** FLOP *** [Js 7h 6c]
Masqb: checks
hooverr: checks
*** TURN *** [Js 7h 6c] [9c]
Masqb: bets $6
hooverr: folds
Uncalled bet ($6) returned to Masqb
Masqb collected $11.76 from pot
Masqb: doesn't show hand
*** SUMMARY ***
Total pot $12 | Rake $0.24
Board [Js 7h 6c 9c]
Seat 1: hooverr (button) (small blind) folded on the Turn
Seat 2: Masqb (big blind) collected ($11.76)


PokerStars Hand #144789315258:  Hold'em Limit ($3/$6 USD) - 2015/12/03 21:49:01 ET
Table 'Sinon II' 2-max Seat #2 is the button
Seat 1: hooverr ($115.30 in chips)
Seat 2: Masqb ($125.21 in chips)
Masqb: posts small blind $1
hooverr: posts big blind $3
*** HOLE CARDS ***
Masqb: raises $3 to $6
hooverr: calls $3
*** FLOP *** [Ah 4s 5c]
hooverr: checks
Masqb: bets $3
hooverr: raises $3 to $6
Masqb: calls $3
*** TURN *** [Ah 4s 5c] [3c]
hooverr: bets $6
Masqb: folds
Uncalled bet ($6) returned to hooverr
hooverr collected $23.52 from pot
hooverr: doesn't show hand
*** SUMMARY ***
Total pot $24 | Rake $0.48
Board [Ah 4s 5c 3c]
Seat 1: hooverr (big blind) collected ($23.52)
Seat 2: Masqb (button) (small blind) folded on the Turn


PokerStars Hand #144789363114:  Hold'em Limit ($3/$6 USD) - 2015/12/03 21:51:03 ET
Table 'Sinon II' 2-max Seat #2 is the button
Seat 1: hooverr ($129.22 in chips)
Seat 2: Masqb ($109.73 in chips)
Masqb: posts small blind $1
hooverr: posts big blind $3
*** HOLE CARDS ***
Masqb: raises $3 to $6
hooverr: folds
Uncalled bet ($3) returned to Masqb
Masqb collected $6 from pot
Masqb: doesn't show hand
*** SUMMARY ***
Total pot $6 | Rake $0
Seat 1: hooverr (big blind) folded before Flop
Seat 2: Masqb (button) (small blind) collected ($6)


PokerStars Hand #144789348141:  Hold'em Limit ($3/$6 USD) - 2015/12/03 21:50:24 ET
Table 'Sinon II' 2-max Seat #1 is the button
Seat 1: hooverr ($129.46 in chips)
Seat 2: Masqb ($109.97 in chips)
hooverr: posts small blind $1
Masqb: posts big blind $3
*** HOLE CARDS ***
hooverr: raises $3 to $6
Masqb: calls $3
*** FLOP *** [2s 3c Qh]
Masqb: checks
hooverr: checks
*** TURN *** [2s 3c Qh] [8s]
Masqb: checks
hooverr: bets $6
Masqb: calls $6
*** RIVER *** [2s 3c Qh 8s] [As]
Masqb: checks
hooverr: checks
*** SHOW DOWN ***
Masqb: shows [8h 9d] (a pair of Eights)
hooverr: shows [9c 8d] (a pair of Eights)
Masqb collected $11.76 from pot
hooverr collected $11.76 from pot
*** SUMMARY ***
Total pot $24 | Rake $0.48
Board [2s 3c Qh 8s As]
Seat 1: hooverr (button) (small blind) showed [9c 8d] and won ($11.76) with a pair of Eights
Seat 2: Masqb (big blind) showed [8h 9d] and won ($11.76) with a pair of Eights


PokerStars Hand #144789365775:  Hold'em Limit ($3/$6 USD) - 2015/12/03 21:51:09 ET
Table 'Sinon II' 2-max Seat #1 is the button
Seat 1: hooverr ($126.22 in chips)
Seat 2: Masqb ($112.73 in chips)
hooverr: posts small blind $1
Masqb: posts big blind $3
*** HOLE CARDS ***
hooverr: folds
Uncalled bet ($2) returned to Masqb
Masqb collected $2 from pot
Masqb: doesn't show hand
*** SUMMARY ***
Total pot $2 | Rake $0
Seat 1: hooverr (button) (small blind) folded before Flop
Seat 2: Masqb (big blind) collected ($2)


PokerStars Hand #144789335234:  Hold'em Limit ($3/$6 USD) - 2015/12/03 21:49:51 ET
Table 'Sinon II' 2-max Seat #2 is the button
Seat 1: hooverr ($120.82 in chips)
Seat 2: Masqb ($118.97 in chips)
Masqb: posts small blind $1
hooverr: posts big blind $3
*** HOLE CARDS ***
Masqb: raises $3 to $6
hooverr: calls $3
*** FLOP *** [7s 5d 5h]
hooverr: checks
Masqb: bets $3
hooverr: calls $3
*** TURN *** [7s 5d 5h] [8c]
hooverr: checks
Masqb: checks
*** RIVER *** [7s 5d 5h 8c] [9h]
hooverr: bets $6
Masqb: folds
Uncalled bet ($6) returned to hooverr
hooverr collected $17.64 from pot
hooverr: doesn't show hand
*** SUMMARY ***
Total pot $18 | Rake $0.36
Board [7s 5d 5h 8c 9h]
Seat 1: hooverr (big blind) collected ($17.64)
Seat 2: Masqb (button) (small blind) folded on the River


PokerStars Hand #144789368075:  Hold'em Limit ($3/$6 USD) - 2015/12/03 21:51:15 ET
Table 'Sinon II' 2-max Seat #2 is the button
Seat 1: hooverr ($125.22 in chips)
Seat 2: Masqb ($113.73 in chips)
Masqb: posts small blind $1
hooverr: posts big blind $3
*** HOLE CARDS ***
Masqb: raises $3 to $6
hooverr: raises $3 to $9
Masqb: calls $3
*** FLOP *** [8c 4d 5s]
hooverr: bets $3
Masqb: calls $3
*** TURN *** [8c 4d 5s] [9d]
hooverr: bets $6
Masqb: folds
Uncalled bet ($6) returned to hooverr
hooverr collected $23.52 from pot
hooverr: doesn't show hand
*** SUMMARY ***
Total pot $24 | Rake $0.48
Board [8c 4d 5s 9d]
Seat 1: hooverr (big blind) collected ($23.52)
Seat 2: Masqb (button) (small blind) folded on the Turn


PokerStars Hand #144789410301:  Hold'em Limit ($3/$6 USD) - 2015/12/03 21:53:05 ET
Table 'Sinon II' 2-max Seat #1 is the button
Seat 1: hooverr ($97.74 in chips)
Seat 2: Masqb ($139.73 in chips)
hooverr: posts small blind $1
Masqb: posts big blind $3
*** HOLE CARDS ***
hooverr: folds
Uncalled bet ($2) returned to Masqb
Masqb collected $2 from pot
Masqb: doesn't show hand
*** SUMMARY ***
Total pot $2 | Rake $0
Seat 1: hooverr (button) (small blind) folded before Flop
Seat 2: Masqb (big blind) collected ($2)


PokerStars Hand #144789396105:  Hold'em Limit ($3/$6 USD) - 2015/12/03 21:52:28 ET
Table 'Sinon II' 2-max Seat #2 is the button
Seat 1: hooverr ($121.74 in chips)
Seat 2: Masqb ($116.23 in chips)
Masqb: posts small blind $1
hooverr: posts big blind $3
*** HOLE CARDS ***
Masqb: raises $3 to $6
hooverr: raises $3 to $9
Masqb: calls $3
*** FLOP *** [As 5h 7c]
hooverr: bets $3
Masqb: calls $3
*** TURN *** [As 5h 7c] [Qh]
hooverr: bets $6
Masqb: calls $6
*** RIVER *** [As 5h 7c Qh] [9s]
hooverr: bets $6
Masqb: raises $6 to $12
hooverr: folds
Uncalled bet ($6) returned to Masqb
Masqb collected $47.50 from pot
Masqb: doesn't show hand
*** SUMMARY ***
Total pot $48 | Rake $0.50
Board [As 5h 7c Qh 9s]
Seat 1: hooverr (big blind) folded on the River
Seat 2: Masqb (button) (small blind) collected ($47.50)


PokerStars Hand #144789382621:  Hold'em Limit ($3/$6 USD) - 2015/12/03 21:51:53 ET
Table 'Sinon II' 2-max Seat #1 is the button
Seat 1: hooverr ($136.74 in chips)
Seat 2: Masqb ($101.73 in chips)
hooverr: posts small blind $1
Masqb: posts big blind $3
*** HOLE CARDS ***
hooverr: raises $3 to $6
Masqb: calls $3
*** FLOP *** [4d 3s Ah]
Masqb: checks
hooverr: bets $3
Masqb: calls $3
*** TURN *** [4d 3s Ah] [Js]
Masqb: checks
hooverr: checks
*** RIVER *** [4d 3s Ah Js] [4s]
Masqb: bets $6
hooverr: calls $6
*** SHOW DOWN ***
Masqb: shows [6h Ac] (two pair, Aces and Fours)
hooverr: mucks hand
Masqb collected $29.50 from pot
*** SUMMARY ***
Total pot $30 | Rake $0.50
Board [4d 3s Ah Js 4s]
Seat 1: hooverr (button) (small blind) mucked
Seat 2: Masqb (big blind) showed [6h Ac] and won ($29.50) with two pair, Aces and Fours


PokerStars Hand #144789412205:  Hold'em Limit ($3/$6 USD) - 2015/12/03 21:53:10 ET
Table 'Sinon II' 2-max Seat #2 is the button
Seat 1: hooverr ($96.74 in chips)
Seat 2: Masqb ($140.73 in chips)
Masqb: posts small blind $1
hooverr: posts big blind $3
*** HOLE CARDS ***
Masqb: raises $3 to $6
hooverr: folds
Uncalled bet ($3) returned to Masqb
Masqb collected $6 from pot
Masqb: doesn't show hand
*** SUMMARY ***
Total pot $6 | Rake $0
Seat 1: hooverr (big blind) folded before Flop
Seat 2: Masqb (button) (small blind) collected ($6)


PokerStars Hand #144789418671:  Hold'em Limit ($3/$6 USD) - 2015/12/03 21:53:27 ET
Table 'Sinon II' 2-max Seat #2 is the button
Seat 1: hooverr ($96.74 in chips)
Seat 2: Masqb ($140.73 in chips)
Masqb: posts small blind $1
hooverr: posts big blind $3
*** HOLE CARDS ***
Masqb: raises $3 to $6
hooverr: raises $3 to $9
Masqb: calls $3
*** FLOP *** [4c 2s Jd]
hooverr: bets $3
Masqb: calls $3
*** TURN *** [4c 2s Jd] [4h]
hooverr: bets $6
Masqb: raises $6 to $12
hooverr: folds
Uncalled bet ($6) returned to Masqb
Masqb collected $35.50 from pot
Masqb: doesn't show hand
*** SUMMARY ***
Total pot $36 | Rake $0.50
Board [4c 2s Jd 4h]
Seat 1: hooverr (big blind) folded on the Turn
Seat 2: Masqb (button) (small blind) collected ($35.50)


PokerStars Hand #144789414913:  Hold'em Limit ($3/$6 USD) - 2015/12/03 21:53:17 ET
Table 'Sinon II' 2-max Seat #1 is the button
Seat 1: hooverr ($93.74 in chips)
Seat 2: Masqb ($143.73 in chips)
hooverr: posts small blind $1
Masqb: posts big blind $3
*** HOLE CARDS ***
hooverr: raises $3 to $6
Masqb: folds
Uncalled bet ($3) returned to hooverr
hooverr collected $6 from pot
hooverr: doesn't show hand
*** SUMMARY ***
Total pot $6 | Rake $0
Seat 1: hooverr (button) (small blind) collected ($6)
Seat 2: Masqb (big blind) folded before Flop


PokerStars Hand #144789434255:  Hold'em Limit ($3/$6 USD) - 2015/12/03 21:54:07 ET
Table 'Sinon II' 2-max Seat #1 is the button
Seat 1: hooverr ($78.74 in chips)
Seat 2: Masqb ($158.23 in chips)
hooverr: posts small blind $1
Masqb: posts big blind $3
*** HOLE CARDS ***
hooverr: raises $3 to $6
Masqb: raises $3 to $9
hooverr: raises $3 to $12
Betting is capped
Masqb: calls $3
*** FLOP *** [Tc Th 6h]
Masqb: checks
hooverr: checks
*** TURN *** [Tc Th 6h] [8d]
Masqb: checks
hooverr: bets $6
Masqb: calls $6
*** RIVER *** [Tc Th 6h 8d] [4d]
Masqb: checks
hooverr: bets $6
Masqb: calls $6
*** SHOW DOWN ***
hooverr: shows [9d 7d] (a straight, Six to Ten)
Masqb: mucks hand
hooverr collected $47.50 from pot
*** SUMMARY ***
Total pot $48 | Rake $0.50
Board [Tc Th 6h 8d 4d]
Seat 1: hooverr (button) (small blind) showed [9d 7d] and won ($47.50) with a straight, Six to Ten
Seat 2: Masqb (big blind) mucked


PokerStars Hand #144789453703:  Hold'em Limit ($3/$6 USD) - 2015/12/03 21:54:57 ET
Table 'Sinon II' 2-max Seat #2 is the button
Seat 1: hooverr ($102.24 in chips)
Seat 2: Masqb ($134.23 in chips)
Masqb: posts small blind $1
hooverr: posts big blind $3
*** HOLE CARDS ***
Masqb: raises $3 to $6
hooverr: folds
Uncalled bet ($3) returned to Masqb
Masqb collected $6 from pot
Masqb: doesn't show hand
*** SUMMARY ***
Total pot $6 | Rake $0
Seat 1: hooverr (big blind) folded before Flop
Seat 2: Masqb (button) (small blind) collected ($6)


