PokerStars Hand #169669031844:  Hold'em Limit ($3/$6 USD) - 2017/04/28 9:47:07 ET
Table 'Sirene' 6-max Seat #2 is the button
Seat 1: Lauriston72 ($120 in chips)
Seat 2: kolaz03 ($72 in chips)
kolaz03: posts small blind $1
Alexsandr.NT joins the table at seat #3
TbIP-TbIP 88: is sitting out
TbIP-TbIP 88 leaves the table
Lauriston72: posts big blind $3
*** HOLE CARDS ***
kolaz03: raises $3 to $6
Lauriston72: calls $3
*** FLOP *** [3h 4c 9c]
B_loJkl joins the table at seat #4
Lauriston72: checks
kolaz03: bets $3
Lauriston72: calls $3
*** TURN *** [3h 4c 9c] [Ts]
Lauriston72: checks
kolaz03: bets $6
Lauriston72: calls $6
*** RIVER *** [3h 4c 9c Ts] [8h]
Lauriston72: checks
kolaz03: checks
*** SHOW DOWN ***
Lauriston72: shows [Kd Qs] (high card King)
kolaz03: mucks hand
Lauriston72 collected $29.50 from pot
*** SUMMARY ***
Total pot $30 | Rake $0.50
Board [3h 4c 9c Ts 8h]
Seat 1: Lauriston72 (big blind) showed [Kd Qs] and won ($29.50) with high card King
Seat 2: kolaz03 (button) (small blind) mucked


PokerStars Hand #169669064746:  Hold'em Limit ($3/$6 USD) - 2017/04/28 9:48:03 ET
Table 'Sirene' 6-max Seat #1 is the button
Seat 1: Lauriston72 ($134.50 in chips)
Seat 2: kolaz03 ($72 in chips)
Lauriston72: posts small blind $1
kolaz03: posts big blind $3
*** HOLE CARDS ***
Lauriston72: calls $2
kolaz03: raises $3 to $6
Lauriston72: calls $3
*** FLOP *** [9h 2s 9s]
kolaz03: bets $3
Lauriston72: calls $3
*** TURN *** [9h 2s 9s] [9c]
kolaz03: bets $6
Lauriston72: calls $6
*** RIVER *** [9h 2s 9s 9c] [Ah]
kolaz03: bets $6
Lauriston72: folds
Uncalled bet ($6) returned to kolaz03
kolaz03 collected $29.50 from pot
kolaz03: doesn't show hand
*** SUMMARY ***
Total pot $30 | Rake $0.50
Board [9h 2s 9s 9c Ah]
Seat 1: Lauriston72 (button) (small blind) folded on the River
Seat 2: kolaz03 (big blind) collected ($29.50)


PokerStars Hand #169670897193:  Hold'em Limit ($3/$6 USD) - 2017/04/28 10:41:18 ET
Table 'Sirene' 6-max Seat #6 is the button
Seat 5: Titanic001 ($66 in chips)
Seat 6: B_loJkl ($151.84 in chips)
B_loJkl: posts small blind $1
TbIP-TbIP 88: is sitting out
Titanic001: posts big blind $3
*** HOLE CARDS ***
B_loJkl: raises $3 to $6
Titanic001: raises $3 to $9
B_loJkl: calls $3
*** FLOP *** [Ts As 3s]
Titanic001: bets $3
B_loJkl: calls $3
*** TURN *** [Ts As 3s] [8d]
Titanic001: checks
B_loJkl: checks
*** RIVER *** [Ts As 3s 8d] [Kc]
Titanic001: bets $6
B_loJkl: calls $6
*** SHOW DOWN ***
Titanic001: shows [Td Tc] (three of a kind, Tens)
B_loJkl: mucks hand
Titanic001 collected $35.50 from pot
*** SUMMARY ***
Total pot $36 | Rake $0.50
Board [Ts As 3s 8d Kc]
Seat 5: Titanic001 (big blind) showed [Td Tc] and won ($35.50) with three of a kind, Tens
Seat 6: B_loJkl (button) (small blind) mucked


PokerStars Hand #169670923146:  Hold'em Limit ($3/$6 USD) - 2017/04/28 10:42:01 ET
Table 'Sirene' 6-max Seat #5 is the button
Seat 5: Titanic001 ($83.50 in chips)
Seat 6: B_loJkl ($133.84 in chips)
Titanic001: posts small blind $1
B_loJkl: posts big blind $3
*** HOLE CARDS ***
Titanic001: raises $3 to $6
B_loJkl: calls $3
*** FLOP *** [Ac 7s 8s]
TbIP-TbIP 88 leaves the table
B_loJkl: checks
Titanic001: bets $3
B_loJkl: calls $3
*** TURN *** [Ac 7s 8s] [7h]
B_loJkl: checks
Titanic001: checks
*** RIVER *** [Ac 7s 8s 7h] [9c]
B_loJkl: checks
Titanic001: checks
*** SHOW DOWN ***
B_loJkl: shows [Ks 6h] (a pair of Sevens)
Titanic001: mucks hand
B_loJkl collected $17.64 from pot
*** SUMMARY ***
Total pot $18 | Rake $0.36
Board [Ac 7s 8s 7h 9c]
Seat 5: Titanic001 (button) (small blind) mucked
Seat 6: B_loJkl (big blind) showed [Ks 6h] and won ($17.64) with a pair of Sevens


PokerStars Hand #169670956068:  Hold'em Limit ($3/$6 USD) - 2017/04/28 10:42:56 ET
Table 'Sirene' 6-max Seat #6 is the button
Seat 5: Titanic001 ($74.50 in chips)
Seat 6: B_loJkl ($142.48 in chips)
B_loJkl: posts small blind $1
Titanic001: posts big blind $3
*** HOLE CARDS ***
Lauriston72 joins the table at seat #4
B_loJkl: raises $3 to $6
Titanic001: calls $3
*** FLOP *** [8h Jc 8c]
Titanic001: checks
B_loJkl: bets $3
Titanic001: folds
Uncalled bet ($3) returned to B_loJkl
B_loJkl collected $11.76 from pot
B_loJkl: doesn't show hand
*** SUMMARY ***
Total pot $12 | Rake $0.24
Board [8h Jc 8c]
Seat 5: Titanic001 (big blind) folded on the Flop
Seat 6: B_loJkl (button) (small blind) collected ($11.76)


PokerStars Hand #169670970685:  Hold'em Limit ($3/$6 USD) - 2017/04/28 10:43:21 ET
Table 'Sirene' 6-max Seat #5 is the button
Seat 5: Titanic001 ($68.50 in chips)
Seat 6: B_loJkl ($148.24 in chips)
Titanic001: posts small blind $1
B_loJkl: posts big blind $3
*** HOLE CARDS ***
Titanic001: raises $3 to $6
B_loJkl: calls $3
*** FLOP *** [7d 6h 8c]
B_loJkl: checks
Titanic001: bets $3
B_loJkl: calls $3
*** TURN *** [7d 6h 8c] [Jc]
B_loJkl: checks
Titanic001: checks
*** RIVER *** [7d 6h 8c Jc] [Jh]
B_loJkl: checks
Titanic001: bets $6
B_loJkl: calls $6
*** SHOW DOWN ***
Titanic001: shows [4d 4s] (two pair, Jacks and Fours)
B_loJkl: mucks hand
Titanic001 collected $29.50 from pot
*** SUMMARY ***
Total pot $30 | Rake $0.50
Board [7d 6h 8c Jc Jh]
Seat 5: Titanic001 (button) (small blind) showed [4d 4s] and won ($29.50) with two pair, Jacks and Fours
Seat 6: B_loJkl (big blind) mucked


