PokerStars Hand #147460407948:  Hold'em Limit ($3/$6 USD) - 2016/01/21 23:11:07 ET
Table 'Sirene' 2-max Seat #2 is the button
Seat 1: dodge658 ($95.58 in chips)
Seat 2: ChrisTuff ($120 in chips)
ChrisTuff: posts small blind $1
dodge658: posts big blind $3
*** HOLE CARDS ***
ChrisTuff: raises $3 to $6
dodge658: calls $3
*** FLOP *** [4c 3h Qh]
dodge658: checks
ChrisTuff: bets $3
dodge658: calls $3
*** TURN *** [4c 3h Qh] [Jd]
dodge658: checks
ChrisTuff: bets $6
dodge658: calls $6
*** RIVER *** [4c 3h Qh Jd] [4h]
dodge658: checks
ChrisTuff: bets $6
dodge658: folds
Uncalled bet ($6) returned to ChrisTuff
ChrisTuff collected $29.50 from pot
*** SUMMARY ***
Total pot $30 | Rake $0.50
Board [4c 3h Qh Jd 4h]
Seat 1: dodge658 (big blind) folded on the River
Seat 2: ChrisTuff (button) (small blind) collected ($29.50)


PokerStars Hand #147460435321:  Hold'em Limit ($3/$6 USD) - 2016/01/21 23:12:29 ET
Table 'Sirene' 2-max Seat #1 is the button
Seat 1: dodge658 ($80.58 in chips)
Seat 2: ChrisTuff ($134.50 in chips)
dodge658: posts small blind $1
ChrisTuff: posts big blind $3
*** HOLE CARDS ***
dodge658: calls $2
ChrisTuff: checks
*** FLOP *** [Ah Kh Tc]
ChrisTuff: checks
dodge658: bets $3
ChrisTuff: folds
Uncalled bet ($3) returned to dodge658
dodge658 collected $5.88 from pot
dodge658: doesn't show hand
*** SUMMARY ***
Total pot $6 | Rake $0.12
Board [Ah Kh Tc]
Seat 1: dodge658 (button) (small blind) collected ($5.88)
Seat 2: ChrisTuff (big blind) folded on the Flop


PokerStars Hand #147460456094:  Hold'em Limit ($3/$6 USD) - 2016/01/21 23:13:32 ET
Table 'Sirene' 2-max Seat #2 is the button
Seat 1: dodge658 ($83.46 in chips)
Seat 2: ChrisTuff ($131.50 in chips)
ChrisTuff: posts small blind $1
dodge658: posts big blind $3
*** HOLE CARDS ***
ChrisTuff: raises $3 to $6
dodge658: calls $3
*** FLOP *** [2h 9h As]
dodge658: checks
ChrisTuff: bets $3
dodge658: calls $3
*** TURN *** [2h 9h As] [Js]
dodge658: checks
ChrisTuff: bets $6
dodge658: folds
Uncalled bet ($6) returned to ChrisTuff
ChrisTuff collected $17.64 from pot
*** SUMMARY ***
Total pot $18 | Rake $0.36
Board [2h 9h As Js]
Seat 1: dodge658 (big blind) folded on the Turn
Seat 2: ChrisTuff (button) (small blind) collected ($17.64)


PokerStars Hand #147460484992:  Hold'em Limit ($3/$6 USD) - 2016/01/21 23:15:00 ET
Table 'Sirene' 2-max Seat #1 is the button
Seat 1: dodge658 ($74.46 in chips)
Seat 2: ChrisTuff ($140.14 in chips)
dodge658: posts small blind $1
ChrisTuff: posts big blind $3
*** HOLE CARDS ***
dodge658: calls $2
ChrisTuff: checks
*** FLOP *** [Th 9c Qh]
ChrisTuff: bets $3
dodge658: calls $3
*** TURN *** [Th 9c Qh] [6d]
ChrisTuff: bets $6
dodge658: calls $6
*** RIVER *** [Th 9c Qh 6d] [Jc]
ChrisTuff: bets $6
dodge658: raises $6 to $12
ChrisTuff: calls $6
*** SHOW DOWN ***
dodge658: shows [As Kc] (a straight, Ten to Ace)
ChrisTuff: mucks hand
dodge658 collected $47.50 from pot
*** SUMMARY ***
Total pot $48 | Rake $0.50
Board [Th 9c Qh 6d Jc]
Seat 1: dodge658 (button) (small blind) showed [As Kc] and won ($47.50) with a straight, Ten to Ace
Seat 2: ChrisTuff (big blind) mucked


PokerStars Hand #147460513502:  Hold'em Limit ($3/$6 USD) - 2016/01/21 23:16:26 ET
Table 'Sirene' 2-max Seat #2 is the button
Seat 1: dodge658 ($97.96 in chips)
Seat 2: ChrisTuff ($120 in chips)
ChrisTuff: posts small blind $1
dodge658: posts big blind $3
*** HOLE CARDS ***
ChrisTuff: raises $3 to $6
dodge658: calls $3
*** FLOP *** [9h 4d 3c]
dodge658: bets $3
ChrisTuff: calls $3
*** TURN *** [9h 4d 3c] [Jc]
dodge658: bets $6
ChrisTuff: calls $6
*** RIVER *** [9h 4d 3c Jc] [7d]
dodge658: bets $6
ChrisTuff: calls $6
*** SHOW DOWN ***
dodge658: shows [Kh Ks] (a pair of Kings)
ChrisTuff: mucks hand
dodge658 collected $41.50 from pot
*** SUMMARY ***
Total pot $42 | Rake $0.50
Board [9h 4d 3c Jc 7d]
Seat 1: dodge658 (big blind) showed [Kh Ks] and won ($41.50) with a pair of Kings
Seat 2: ChrisTuff (button) (small blind) mucked


PokerStars Hand #147460531444:  Hold'em Limit ($3/$6 USD) - 2016/01/21 23:17:20 ET
Table 'Sirene' 2-max Seat #1 is the button
Seat 1: dodge658 ($118.46 in chips)
Seat 2: ChrisTuff ($120 in chips)
dodge658 is disconnected
dodge658 is connected
dodge658: posts small blind $1
ChrisTuff: posts big blind $3
*** HOLE CARDS ***
dodge658: calls $2
ChrisTuff: raises $3 to $6
dodge658: calls $3
*** FLOP *** [6h 2d 6c]
ChrisTuff: bets $3
dodge658: calls $3
*** TURN *** [6h 2d 6c] [Ks]
ChrisTuff: bets $6
dodge658: calls $6
*** RIVER *** [6h 2d 6c Ks] [2h]
ChrisTuff: checks
dodge658: checks
*** SHOW DOWN ***
ChrisTuff: shows [8d Kc] (two pair, Kings and Sixes)
dodge658: mucks hand
ChrisTuff collected $29.50 from pot
*** SUMMARY ***
Total pot $30 | Rake $0.50
Board [6h 2d 6c Ks 2h]
Seat 1: dodge658 (button) (small blind) mucked
Seat 2: ChrisTuff (big blind) showed [8d Kc] and won ($29.50) with two pair, Kings and Sixes


PokerStars Hand #147460553962:  Hold'em Limit ($3/$6 USD) - 2016/01/21 23:18:28 ET
Table 'Sirene' 2-max Seat #2 is the button
Seat 1: dodge658 ($103.46 in chips)
Seat 2: ChrisTuff ($134.50 in chips)
ChrisTuff: posts small blind $1
dodge658: posts big blind $3
*** HOLE CARDS ***
ChrisTuff: raises $3 to $6
dodge658: calls $3
*** FLOP *** [5h Qc Ts]
dodge658: bets $3
ChrisTuff: calls $3
*** TURN *** [5h Qc Ts] [As]
dodge658: bets $6
ChrisTuff: raises $6 to $12
dodge658: calls $6
*** RIVER *** [5h Qc Ts As] [Qd]
dodge658: checks
ChrisTuff: bets $6
dodge658: calls $6
*** SHOW DOWN ***
ChrisTuff: shows [5d 5c] (a full house, Fives full of Queens)
dodge658: mucks hand
ChrisTuff collected $53.50 from pot
*** SUMMARY ***
Total pot $54 | Rake $0.50
Board [5h Qc Ts As Qd]
Seat 1: dodge658 (big blind) mucked
Seat 2: ChrisTuff (button) (small blind) showed [5d 5c] and won ($53.50) with a full house, Fives full of Queens


PokerStars Hand #147460588838:  Hold'em Limit ($3/$6 USD) - 2016/01/21 23:20:13 ET
Table 'Sirene' 2-max Seat #2 is the button
Seat 1: dodge658 ($85.10 in chips)
Seat 2: ChrisTuff ($152 in chips)
ChrisTuff: posts small blind $1
dodge658: posts big blind $3
*** HOLE CARDS ***
ChrisTuff: raises $3 to $6
dodge658: calls $3
*** FLOP *** [8s As Qd]
dodge658: bets $3
ChrisTuff: folds
Uncalled bet ($3) returned to dodge658
dodge658 collected $11.76 from pot
dodge658: doesn't show hand
*** SUMMARY ***
Total pot $12 | Rake $0.24
Board [8s As Qd]
Seat 1: dodge658 (big blind) collected ($11.76)
Seat 2: ChrisTuff (button) (small blind) folded on the Flop


PokerStars Hand #147460570717:  Hold'em Limit ($3/$6 USD) - 2016/01/21 23:19:19 ET
Table 'Sirene' 2-max Seat #1 is the button
Seat 1: dodge658 ($76.46 in chips)
Seat 2: ChrisTuff ($161 in chips)
dodge658: posts small blind $1
ChrisTuff: posts big blind $3
*** HOLE CARDS ***
dodge658: calls $2
ChrisTuff: checks
*** FLOP *** [Ad 2h 5d]
ChrisTuff: bets $3
dodge658: raises $3 to $6
ChrisTuff: calls $3
*** TURN *** [Ad 2h 5d] [5h]
ChrisTuff: checks
dodge658: bets $6
ChrisTuff: folds
Uncalled bet ($6) returned to dodge658
dodge658 collected $17.64 from pot
dodge658: doesn't show hand
*** SUMMARY ***
Total pot $18 | Rake $0.36
Board [Ad 2h 5d 5h]
Seat 1: dodge658 (button) (small blind) collected ($17.64)
Seat 2: ChrisTuff (big blind) folded on the Turn


PokerStars Hand #147460596363:  Hold'em Limit ($3/$6 USD) - 2016/01/21 23:20:36 ET
Table 'Sirene' 2-max Seat #1 is the button
Seat 1: dodge658 ($90.86 in chips)
Seat 2: ChrisTuff ($146 in chips)
dodge658: posts small blind $1
ChrisTuff: posts big blind $3
*** HOLE CARDS ***
dodge658: calls $2
ChrisTuff: raises $3 to $6
dodge658: calls $3
*** FLOP *** [4h 6h Tc]
ChrisTuff: bets $3
dodge658: raises $3 to $6
ChrisTuff: calls $3
*** TURN *** [4h 6h Tc] [7d]
ChrisTuff: checks
dodge658: bets $6
ChrisTuff: calls $6
*** RIVER *** [4h 6h Tc 7d] [6d]
ChrisTuff: checks
dodge658: bets $6
ChrisTuff: calls $6
*** SHOW DOWN ***
dodge658: shows [Th 3c] (two pair, Tens and Sixes)
ChrisTuff: shows [Td Js] (two pair, Tens and Sixes - Jack kicker)
ChrisTuff collected $47.50 from pot
*** SUMMARY ***
Total pot $48 | Rake $0.50
Board [4h 6h Tc 7d 6d]
Seat 1: dodge658 (button) (small blind) showed [Th 3c] and lost with two pair, Tens and Sixes
Seat 2: ChrisTuff (big blind) showed [Td Js] and won ($47.50) with two pair, Tens and Sixes


PokerStars Hand #147460611329:  Hold'em Limit ($3/$6 USD) - 2016/01/21 23:21:20 ET
Table 'Sirene' 2-max Seat #2 is the button
Seat 1: dodge658 ($66.86 in chips)
Seat 2: ChrisTuff ($169.50 in chips)
ChrisTuff: posts small blind $1
dodge658: posts big blind $3
*** HOLE CARDS ***
ChrisTuff: raises $3 to $6
dodge658: calls $3
*** FLOP *** [5c 7d 3d]
dodge658: bets $3
ChrisTuff: calls $3
*** TURN *** [5c 7d 3d] [6d]
dodge658: bets $6
ChrisTuff: raises $6 to $12
dodge658: calls $6
*** RIVER *** [5c 7d 3d 6d] [9h]
dodge658: checks
ChrisTuff: bets $6
dodge658: calls $6
*** SHOW DOWN ***
ChrisTuff: shows [9d 8c] (a straight, Five to Nine)
dodge658: mucks hand
ChrisTuff collected $53.50 from pot
*** SUMMARY ***
Total pot $54 | Rake $0.50
Board [5c 7d 3d 6d 9h]
Seat 1: dodge658 (big blind) mucked
Seat 2: ChrisTuff (button) (small blind) showed [9d 8c] and won ($53.50) with a straight, Five to Nine


