PokerStars Hand #153204153268:  Hold'em Limit ($3/$6 USD) - 2016/05/12 9:33:21 ET
Table 'Sirius' 6-max Seat #4 is the button
Seat 4: Agrotait ($73 in chips)
Seat 6: 19woody58 ($37.04 in chips)
Agrotait: posts small blind $1
19woody58: posts big blind $3
*** HOLE CARDS ***
Agrotait: raises $3 to $6
19woody58: calls $3
*** FLOP *** [4s Jc 7c]
19woody58: checks
Agrotait: bets $3
19woody58: calls $3
*** TURN *** [4s Jc 7c] [5h]
19woody58: checks
Agrotait: bets $6
19woody58: calls $6
*** RIVER *** [4s Jc 7c 5h] [6h]
mishkamoya joins the table at seat #1
19woody58: checks
Agrotait: bets $6
19woody58: raises $6 to $12
Agrotait: folds
Uncalled bet ($6) returned to 19woody58
19woody58 collected $41.50 from pot
*** SUMMARY ***
Total pot $42 | Rake $0.50
Board [4s Jc 7c 5h 6h]
Seat 4: Agrotait (button) (small blind) folded on the River
Seat 6: 19woody58 (big blind) collected ($41.50)


PokerStars Hand #153205339486:  Hold'em Limit ($3/$6 USD) - 2016/05/12 10:08:13 ET
Table 'Sirius' 6-max Seat #5 is the button
Seat 2: liolilove ($95.35 in chips)
Seat 5: Onkinator ($363.15 in chips)
Onkinator: posts small blind $1
liolilove: posts big blind $3
*** HOLE CARDS ***
Onkinator: raises $3 to $6
liolilove: calls $3
*** FLOP *** [6d 6c Ac]
liolilove: checks
Onkinator: bets $3
liolilove: folds
Uncalled bet ($3) returned to Onkinator
Onkinator collected $11.76 from pot
Onkinator: doesn't show hand
Günni1959 leaves the table
*** SUMMARY ***
Total pot $12 | Rake $0.24
Board [6d 6c Ac]
Seat 2: liolilove (big blind) folded on the Flop
Seat 5: Onkinator (button) (small blind) collected ($11.76)


PokerStars Hand #153205334397:  Hold'em Limit ($3/$6 USD) - 2016/05/12 10:08:04 ET
Table 'Sirius' 6-max Seat #2 is the button
Seat 2: liolilove ($96.35 in chips)
Seat 5: Onkinator ($362.15 in chips)
Günni1959 joins the table at seat #3
liolilove: posts small blind $1
jadajadamasa: is sitting out
Onkinator: posts big blind $3
*** HOLE CARDS ***
liolilove: folds
Uncalled bet ($2) returned to Onkinator
Onkinator collected $2 from pot
Onkinator: doesn't show hand
*** SUMMARY ***
Total pot $2 | Rake $0
Seat 2: liolilove (button) (small blind) folded before Flop
Seat 5: Onkinator (big blind) collected ($2)


PokerStars Hand #153205349059:  Hold'em Limit ($3/$6 USD) - 2016/05/12 10:08:29 ET
Table 'Sirius' 6-max Seat #2 is the button
Seat 2: liolilove ($89.35 in chips)
Seat 5: Onkinator ($368.91 in chips)
liolilove: posts small blind $1
Onkinator: posts big blind $3
*** HOLE CARDS ***
liolilove: raises $3 to $6
Onkinator: calls $3
*** FLOP *** [2s Ad Kh]
jadajadamasa leaves the table
Onkinator: checks
liolilove: bets $3
Onkinator: folds
Uncalled bet ($3) returned to liolilove
liolilove collected $11.76 from pot
liolilove: doesn't show hand
*** SUMMARY ***
Total pot $12 | Rake $0.24
Board [2s Ad Kh]
Seat 2: liolilove (button) (small blind) collected ($11.76)
Seat 5: Onkinator (big blind) folded on the Flop


