PokerStars Hand #148297219220:  Hold'em Limit ($3/$6 USD) - 2016/02/05 16:10:54 ET
Table 'Sirius' 2-max Seat #1 is the button
Seat 1: scorpio04 ($72 in chips)
Seat 2: yirkape ($154.98 in chips)
scorpio04: posts small blind $1
yirkape: posts big blind $3
*** HOLE CARDS ***
scorpio04: folds
Uncalled bet ($2) returned to yirkape
yirkape collected $2 from pot
yirkape: doesn't show hand
*** SUMMARY ***
Total pot $2 | Rake $0
Seat 1: scorpio04 (button) (small blind) folded before Flop
Seat 2: yirkape (big blind) collected ($2)


PokerStars Hand #148297264861:  Hold'em Limit ($3/$6 USD) - 2016/02/05 16:11:38 ET
Table 'Sirius' 2-max Seat #1 is the button
Seat 1: scorpio04 ($83.52 in chips)
Seat 2: yirkape ($167.12 in chips)
scorpio04: posts small blind $1
yirkape: posts big blind $3
*** HOLE CARDS ***
scorpio04: folds
Uncalled bet ($2) returned to yirkape
yirkape collected $2 from pot
yirkape: doesn't show hand
*** SUMMARY ***
Total pot $2 | Rake $0
Seat 1: scorpio04 (button) (small blind) folded before Flop
Seat 2: yirkape (big blind) collected ($2)


PokerStars Hand #148297252148:  Hold'em Limit ($3/$6 USD) - 2016/02/05 16:11:26 ET
Table 'Sirius' 2-max Seat #2 is the button
Seat 1: scorpio04 ($72 in chips)
Seat 2: yirkape ($179.12 in chips)
yirkape: posts small blind $1
scorpio04: posts big blind $3
*** HOLE CARDS ***
yirkape: raises $3 to $6
scorpio04: raises $3 to $9
yirkape: calls $3
*** FLOP *** [4d 2s 6d]
scorpio04: bets $3
yirkape: calls $3
*** TURN *** [4d 2s 6d] [9c]
scorpio04: bets $6
yirkape: folds
Uncalled bet ($6) returned to scorpio04
scorpio04 collected $23.52 from pot
scorpio04: doesn't show hand
*** SUMMARY ***
Total pot $24 | Rake $0.48
Board [4d 2s 6d 9c]
Seat 1: scorpio04 (big blind) collected ($23.52)
Seat 2: yirkape (button) (small blind) folded on the Turn


PokerStars Hand #148297239860:  Hold'em Limit ($3/$6 USD) - 2016/02/05 16:11:14 ET
Table 'Sirius' 2-max Seat #1 is the button
Seat 1: scorpio04 ($72 in chips)
Seat 2: yirkape ($170.48 in chips)
scorpio04: posts small blind $1
yirkape: posts big blind $3
*** HOLE CARDS ***
scorpio04: raises $3 to $6
yirkape: calls $3
*** FLOP *** [8d Jd Kh]
yirkape: checks
scorpio04: bets $3
yirkape: raises $3 to $6
scorpio04: folds
Uncalled bet ($3) returned to yirkape
yirkape collected $17.64 from pot
yirkape: doesn't show hand
*** SUMMARY ***
Total pot $18 | Rake $0.36
Board [8d Jd Kh]
Seat 1: scorpio04 (button) (small blind) folded on the Flop
Seat 2: yirkape (big blind) collected ($17.64)


PokerStars Hand #148297224889:  Hold'em Limit ($3/$6 USD) - 2016/02/05 16:10:59 ET
Table 'Sirius' 2-max Seat #2 is the button
Seat 1: scorpio04 ($72 in chips)
Seat 2: yirkape ($155.98 in chips)
yirkape: posts small blind $1
scorpio04: posts big blind $3
*** HOLE CARDS ***
yirkape: raises $3 to $6
scorpio04: raises $3 to $9
yirkape: calls $3
*** FLOP *** [3h Jc Qc]
scorpio04: bets $3
yirkape: raises $3 to $6
scorpio04: calls $3
*** TURN *** [3h Jc Qc] [8h]
scorpio04: checks
yirkape: bets $6
scorpio04: folds
Uncalled bet ($6) returned to yirkape
yirkape collected $29.50 from pot
yirkape: doesn't show hand
*** SUMMARY ***
Total pot $30 | Rake $0.50
Board [3h Jc Qc 8h]
Seat 1: scorpio04 (big blind) folded on the Turn
Seat 2: yirkape (button) (small blind) collected ($29.50)


PokerStars Hand #148297164647:  Hold'em Limit ($3/$6 USD) - 2016/02/05 16:10:01 ET
Table 'Sirius' 2-max Seat #1 is the button
Seat 1: scorpio04 ($72 in chips)
Seat 2: yirkape ($140.58 in chips)
scorpio04: posts small blind $1
yirkape: posts big blind $3
*** HOLE CARDS ***
scorpio04: raises $3 to $6
yirkape: calls $3
*** FLOP *** [3h 9h Ks]
yirkape: checks
scorpio04: bets $3
yirkape: calls $3
*** TURN *** [3h 9h Ks] [Tc]
yirkape: checks
scorpio04: checks
*** RIVER *** [3h 9h Ks Tc] [4d]
yirkape: bets $6
scorpio04: folds
Uncalled bet ($6) returned to yirkape
yirkape collected $17.64 from pot
yirkape: doesn't show hand
*** SUMMARY ***
Total pot $18 | Rake $0.36
Board [3h 9h Ks Tc 4d]
Seat 1: scorpio04 (button) (small blind) folded on the River
Seat 2: yirkape (big blind) collected ($17.64)


PokerStars Hand #148297307109:  Hold'em Limit ($3/$6 USD) - 2016/02/05 16:12:19 ET
Table 'Sirius' 2-max Seat #2 is the button
Seat 1: scorpio04 ($79.52 in chips)
Seat 2: yirkape ($170.88 in chips)
yirkape: posts small blind $1
scorpio04: posts big blind $3
*** HOLE CARDS ***
yirkape: raises $3 to $6
scorpio04: raises $3 to $9
yirkape: calls $3
*** FLOP *** [7c 5h 6s]
scorpio04: bets $3
yirkape: calls $3
*** TURN *** [7c 5h 6s] [8d]
scorpio04: bets $6
yirkape: calls $6
*** RIVER *** [7c 5h 6s 8d] [4d]
scorpio04: bets $6
yirkape: calls $6
*** SHOW DOWN ***
scorpio04: shows [9c Qh] (a straight, Five to Nine)
yirkape: mucks hand
scorpio04 collected $47.50 from pot
*** SUMMARY ***
Total pot $48 | Rake $0.50
Board [7c 5h 6s 8d 4d]
Seat 1: scorpio04 (big blind) showed [9c Qh] and won ($47.50) with a straight, Five to Nine
Seat 2: yirkape (button) (small blind) mucked


PokerStars Hand #148297300064:  Hold'em Limit ($3/$6 USD) - 2016/02/05 16:12:12 ET
Table 'Sirius' 2-max Seat #1 is the button
Seat 1: scorpio04 ($76.52 in chips)
Seat 2: yirkape ($173.88 in chips)
scorpio04: posts small blind $1
yirkape: posts big blind $3
*** HOLE CARDS ***
scorpio04: raises $3 to $6
yirkape: folds
Uncalled bet ($3) returned to scorpio04
scorpio04 collected $6 from pot
scorpio04: doesn't show hand
*** SUMMARY ***
Total pot $6 | Rake $0
Seat 1: scorpio04 (button) (small blind) collected ($6)
Seat 2: yirkape (big blind) folded before Flop


PokerStars Hand #148297270885:  Hold'em Limit ($3/$6 USD) - 2016/02/05 16:11:44 ET
Table 'Sirius' 2-max Seat #2 is the button
Seat 1: scorpio04 ($82.52 in chips)
Seat 2: yirkape ($168.12 in chips)
yirkape: posts small blind $1
scorpio04: posts big blind $3
*** HOLE CARDS ***
yirkape: raises $3 to $6
scorpio04: calls $3
*** FLOP *** [5s Jc Ah]
scorpio04: checks
yirkape said, "ltkb"
yirkape: bets $3
scorpio04: folds
Uncalled bet ($3) returned to yirkape
yirkape collected $11.76 from pot
yirkape: doesn't show hand
*** SUMMARY ***
Total pot $12 | Rake $0.24
Board [5s Jc Ah]
Seat 1: scorpio04 (big blind) folded on the Flop
Seat 2: yirkape (button) (small blind) collected ($11.76)


