PokerStars Hand #158320347927:  Hold'em Limit ($3/$6 USD) - 2016/09/08 6:49:37 ET
Table 'Siri' 6-max Seat #4 is the button
Seat 2: GRAILKO ($186.52 in chips)
Seat 4: megabaitt ($131.90 in chips)
megabaitt: posts small blind $1
GRAILKO: posts big blind $3
*** HOLE CARDS ***
megabaitt: raises $3 to $6
GRAILKO: calls $3
*** FLOP *** [Qs 2h 4d]
GRAILKO: checks
megabaitt: bets $3
GRAILKO: raises $3 to $6
megabaitt: folds
Uncalled bet ($3) returned to GRAILKO
GRAILKO collected $17.64 from pot
GRAILKO: doesn't show hand
*** SUMMARY ***
Total pot $18 | Rake $0.36
Board [Qs 2h 4d]
Seat 2: GRAILKO (big blind) collected ($17.64)
Seat 4: megabaitt (button) (small blind) folded on the Flop


PokerStars Hand #158321199524:  Hold'em Limit ($3/$6 USD) - 2016/09/08 7:22:53 ET
Table 'Siri' 6-max Seat #3 is the button
Seat 3: simper11 ($120 in chips)
Seat 4: szwhite ($65 in chips)
GRAILKO joins the table at seat #5
simper11: posts small blind $1
szwhite: posts big blind $3
*** HOLE CARDS ***
simper11: raises $3 to $6
B_loJkl joins the table at seat #6
szwhite: folds
Uncalled bet ($3) returned to simper11
simper11 collected $6 from pot
simper11: doesn't show hand
*** SUMMARY ***
Total pot $6 | Rake $0
Seat 3: simper11 (button) (small blind) collected ($6)
Seat 4: szwhite (big blind) folded before Flop


