PokerStars Hand #159915829785:  Hold'em Limit ($3/$6 USD) - 2016/10/14 9:34:36 ET
Table 'Sirius' 6-max Seat #6 is the button
Seat 1: BuzovaPro ($72 in chips)
Seat 6: hooverr ($144.32 in chips)
hooverr: posts small blind $1
BuzovaPro: posts big blind $3
*** HOLE CARDS ***
hooverr: folds
Uncalled bet ($2) returned to BuzovaPro
BuzovaPro collected $2 from pot
BuzovaPro: doesn't show hand
*** SUMMARY ***
Total pot $2 | Rake $0
Seat 1: BuzovaPro (big blind) collected ($2)
Seat 6: hooverr (button) (small blind) folded before Flop


PokerStars Hand #159915824093:  Hold'em Limit ($3/$6 USD) - 2016/10/14 9:34:26 ET
Table 'Sirius' 6-max Seat #4 is the button
Seat 4: Zenden28 ($81.69 in chips)
Seat 6: hooverr ($143.32 in chips)
Zenden28: posts small blind $1
TinaTurner72: is sitting out
hooverr: posts big blind $3
*** HOLE CARDS ***
Zenden28: folds
Uncalled bet ($2) returned to hooverr
Zenden28 leaves the table
hooverr collected $2 from pot
hooverr: doesn't show hand
*** SUMMARY ***
Total pot $2 | Rake $0
Seat 4: Zenden28 (button) (small blind) folded before Flop
Seat 6: hooverr (big blind) collected ($2)


PokerStars Hand #159915832958:  Hold'em Limit ($3/$6 USD) - 2016/10/14 9:34:42 ET
Table 'Sirius' 6-max Seat #1 is the button
Seat 1: BuzovaPro ($73 in chips)
Seat 6: hooverr ($143.32 in chips)
BuzovaPro: posts small blind $1
hooverr: posts big blind $3
*** HOLE CARDS ***
TinaTurner72 leaves the table
BuzovaPro: folds
Uncalled bet ($2) returned to hooverr
hooverr collected $2 from pot
hooverr: doesn't show hand
*** SUMMARY ***
Total pot $2 | Rake $0
Seat 1: BuzovaPro (button) (small blind) folded before Flop
Seat 6: hooverr (big blind) collected ($2)


PokerStars Hand #159915837783:  Hold'em Limit ($3/$6 USD) - 2016/10/14 9:34:50 ET
Table 'Sirius' 6-max Seat #6 is the button
Seat 1: BuzovaPro ($72 in chips)
Seat 6: hooverr ($144.32 in chips)
hooverr: posts small blind $1
BuzovaPro: posts big blind $3
*** HOLE CARDS ***
hooverr: raises $3 to $6
BuzovaPro: raises $3 to $9
hooverr: calls $3
*** FLOP *** [Ts Ah Ks]
BuzovaPro: bets $3
hooverr: calls $3
*** TURN *** [Ts Ah Ks] [Qs]
BuzovaPro: checks
hooverr: checks
*** RIVER *** [Ts Ah Ks Qs] [8c]
BuzovaPro: checks
hooverr: bets $6
BuzovaPro: calls $6
*** SHOW DOWN ***
hooverr: shows [Ac 6h] (a pair of Aces)
BuzovaPro: mucks hand
hooverr collected $35.50 from pot
*** SUMMARY ***
Total pot $36 | Rake $0.50
Board [Ts Ah Ks Qs 8c]
Seat 1: BuzovaPro (big blind) mucked
Seat 6: hooverr (button) (small blind) showed [Ac 6h] and won ($35.50) with a pair of Aces


PokerStars Hand #159915849348:  Hold'em Limit ($3/$6 USD) - 2016/10/14 9:35:11 ET
Table 'Sirius' 6-max Seat #1 is the button
Seat 1: BuzovaPro ($72 in chips)
Seat 6: hooverr ($161.82 in chips)
BuzovaPro: posts small blind $1
hooverr: posts big blind $3
*** HOLE CARDS ***
BuzovaPro: folds
Uncalled bet ($2) returned to hooverr
hooverr collected $2 from pot
hooverr: doesn't show hand
*** SUMMARY ***
Total pot $2 | Rake $0
Seat 1: BuzovaPro (button) (small blind) folded before Flop
Seat 6: hooverr (big blind) collected ($2)


PokerStars Hand #159915853512:  Hold'em Limit ($3/$6 USD) - 2016/10/14 9:35:19 ET
Table 'Sirius' 6-max Seat #6 is the button
Seat 1: BuzovaPro ($72 in chips)
Seat 6: hooverr ($162.82 in chips)
hooverr: posts small blind $1
BuzovaPro: posts big blind $3
*** HOLE CARDS ***
hooverr: raises $3 to $6
BuzovaPro: calls $3
*** FLOP *** [4s 7h 3s]
BuzovaPro: checks
hooverr: bets $3
BuzovaPro: calls $3
*** TURN *** [4s 7h 3s] [Kc]
BuzovaPro: checks
Bueffel joins the table at seat #3
hooverr: checks
*** RIVER *** [4s 7h 3s Kc] [4d]
BuzovaPro: bets $6
hooverr: calls $6
*** SHOW DOWN ***
BuzovaPro: shows [8s Kh] (two pair, Kings and Fours)
hooverr: mucks hand
BuzovaPro collected $29.50 from pot
*** SUMMARY ***
Total pot $30 | Rake $0.50
Board [4s 7h 3s Kc 4d]
Seat 1: BuzovaPro (big blind) showed [8s Kh] and won ($29.50) with two pair, Kings and Fours
Seat 6: hooverr (button) (small blind) mucked


PokerStars Hand #159915961513:  Hold'em Limit ($3/$6 USD) - 2016/10/14 9:38:31 ET
Table 'Sirius' 6-max Seat #6 is the button
Seat 3: Bueffel ($44.56 in chips)
Seat 6: hooverr ($97.82 in chips)
hooverr: posts small blind $1
BuzovaPro: is sitting out
Bueffel: posts big blind $3
*** HOLE CARDS ***
hooverr: folds
Uncalled bet ($2) returned to Bueffel
Bueffel collected $2 from pot
Bueffel: doesn't show hand
*** SUMMARY ***
Total pot $2 | Rake $0
Seat 3: Bueffel (big blind) collected ($2)
Seat 6: hooverr (button) (small blind) folded before Flop


PokerStars Hand #159915964393:  Hold'em Limit ($3/$6 USD) - 2016/10/14 9:38:36 ET
Table 'Sirius' 6-max Seat #3 is the button
Seat 3: Bueffel ($45.56 in chips)
Seat 6: hooverr ($96.82 in chips)
Bueffel: posts small blind $1
hooverr: posts big blind $3
*** HOLE CARDS ***
Bueffel: calls $2
hooverr: raises $3 to $6
Bueffel: calls $3
*** FLOP *** [4c 7h 8d]
hooverr: bets $3
Bueffel: calls $3
*** TURN *** [4c 7h 8d] [Th]
hooverr: bets $6
Bueffel: calls $6
*** RIVER *** [4c 7h 8d Th] [Jd]
hooverr: checks
Bueffel: checks
*** SHOW DOWN ***
hooverr: shows [7s Ts] (two pair, Tens and Sevens)
Bueffel: mucks hand
hooverr collected $29.50 from pot
*** SUMMARY ***
Total pot $30 | Rake $0.50
Board [4c 7h 8d Th Jd]
Seat 3: Bueffel (button) (small blind) mucked
Seat 6: hooverr (big blind) showed [7s Ts] and won ($29.50) with two pair, Tens and Sevens


PokerStars Hand #159915981846:  Hold'em Limit ($3/$6 USD) - 2016/10/14 9:39:07 ET
Table 'Sirius' 6-max Seat #6 is the button
Seat 3: Bueffel ($30.56 in chips)
Seat 6: hooverr ($111.32 in chips)
hooverr: posts small blind $1
Bueffel: posts big blind $3
*** HOLE CARDS ***
hooverr: raises $3 to $6
Bueffel: raises $3 to $9
hooverr: calls $3
*** FLOP *** [4h 3d Ah]
Bueffel: bets $3
hooverr: folds
Uncalled bet ($3) returned to Bueffel
Bueffel collected $17.64 from pot
Bueffel: doesn't show hand
*** SUMMARY ***
Total pot $18 | Rake $0.36
Board [4h 3d Ah]
Seat 3: Bueffel (big blind) collected ($17.64)
Seat 6: hooverr (button) (small blind) folded on the Flop


PokerStars Hand #159919310947:  Hold'em Limit ($3/$6 USD) - 2016/10/14 11:12:25 ET
Table 'Sirius' 6-max Seat #4 is the button
Seat 2: 19woody58 ($121.76 in chips)
Seat 4: AzureCaper ($72 in chips)
AzureCaper: posts small blind $1
19woody58: posts big blind $3
*** HOLE CARDS ***
AzureCaper: raises $3 to $6
19woody58: calls $3
*** FLOP *** [6s 5d 5c]
19woody58: checks
AzureCaper: bets $3
19woody58: calls $3
*** TURN *** [6s 5d 5c] [Qh]
19woody58: checks
AzureCaper: checks
*** RIVER *** [6s 5d 5c Qh] [4c]
19woody58: bets $6
AzureCaper: folds
Uncalled bet ($6) returned to 19woody58
19woody58 collected $17.64 from pot
*** SUMMARY ***
Total pot $18 | Rake $0.36
Board [6s 5d 5c Qh 4c]
Seat 2: 19woody58 (big blind) collected ($17.64)
Seat 4: AzureCaper (button) (small blind) folded on the River


PokerStars Hand #159919303205:  Hold'em Limit ($3/$6 USD) - 2016/10/14 11:12:13 ET
Table 'Sirius' 6-max Seat #2 is the button
Seat 2: 19woody58 ($116 in chips)
Seat 4: AzureCaper ($76 in chips)
19woody58: posts small blind $1
AzureCaper: posts big blind $3
*** HOLE CARDS ***
19woody58: raises $3 to $6
AzureCaper: calls $3
*** FLOP *** [4s 2s Tc]
AzureCaper: checks
19woody58: bets $3
AzureCaper: folds
Uncalled bet ($3) returned to 19woody58
19woody58 collected $11.76 from pot
*** SUMMARY ***
Total pot $12 | Rake $0.24
Board [4s 2s Tc]
Seat 2: 19woody58 (button) (small blind) collected ($11.76)
Seat 4: AzureCaper (big blind) folded on the Flop


PokerStars Hand #159919298565:  Hold'em Limit ($3/$6 USD) - 2016/10/14 11:12:05 ET
Table 'Sirius' 6-max Seat #4 is the button
Seat 2: 19woody58 ($119 in chips)
Seat 4: AzureCaper ($73 in chips)
AzureCaper: posts small blind $1
19woody58: posts big blind $3
*** HOLE CARDS ***
AzureCaper: raises $3 to $6
19woody58: folds
Uncalled bet ($3) returned to AzureCaper
AzureCaper collected $6 from pot
AzureCaper: doesn't show hand
*** SUMMARY ***
Total pot $6 | Rake $0
Seat 2: 19woody58 (big blind) folded before Flop
Seat 4: AzureCaper (button) (small blind) collected ($6)


PokerStars Hand #159919358611:  Hold'em Limit ($3/$6 USD) - 2016/10/14 11:13:40 ET
Table 'Sirius' 6-max Seat #2 is the button
Seat 2: 19woody58 ($110.40 in chips)
Seat 4: AzureCaper ($91.50 in chips)
19woody58: posts small blind $1
AzureCaper: posts big blind $3
*** HOLE CARDS ***
19woody58: raises $3 to $6
AzureCaper: folds
Uncalled bet ($3) returned to 19woody58
19woody58 collected $6 from pot
*** SUMMARY ***
Total pot $6 | Rake $0
Seat 2: 19woody58 (button) (small blind) collected ($6)
Seat 4: AzureCaper (big blind) folded before Flop


PokerStars Hand #159919354727:  Hold'em Limit ($3/$6 USD) - 2016/10/14 11:13:34 ET
Table 'Sirius' 6-max Seat #4 is the button
Seat 2: 19woody58 ($113.40 in chips)
Seat 4: AzureCaper ($88.50 in chips)
AzureCaper: posts small blind $1
19woody58: posts big blind $3
*** HOLE CARDS ***
AzureCaper: raises $3 to $6
19woody58: folds
Uncalled bet ($3) returned to AzureCaper
AzureCaper collected $6 from pot
AzureCaper: doesn't show hand
*** SUMMARY ***
Total pot $6 | Rake $0
Seat 2: 19woody58 (big blind) folded before Flop
Seat 4: AzureCaper (button) (small blind) collected ($6)


PokerStars Hand #159919350338:  Hold'em Limit ($3/$6 USD) - 2016/10/14 11:13:27 ET
Table 'Sirius' 6-max Seat #2 is the button
Seat 2: 19woody58 ($114.40 in chips)
Seat 4: AzureCaper ($87.50 in chips)
19woody58: posts small blind $1
AzureCaper: posts big blind $3
*** HOLE CARDS ***
19woody58: folds
Uncalled bet ($2) returned to AzureCaper
AzureCaper collected $2 from pot
AzureCaper: doesn't show hand
*** SUMMARY ***
Total pot $2 | Rake $0
Seat 2: 19woody58 (button) (small blind) folded before Flop
Seat 4: AzureCaper (big blind) collected ($2)


PokerStars Hand #159919346629:  Hold'em Limit ($3/$6 USD) - 2016/10/14 11:13:21 ET
Table 'Sirius' 6-max Seat #4 is the button
Seat 2: 19woody58 ($117.40 in chips)
Seat 4: AzureCaper ($84.50 in chips)
AzureCaper: posts small blind $1
19woody58: posts big blind $3
*** HOLE CARDS ***
AzureCaper: raises $3 to $6
19woody58: folds
Uncalled bet ($3) returned to AzureCaper
AzureCaper collected $6 from pot
AzureCaper: doesn't show hand
*** SUMMARY ***
Total pot $6 | Rake $0
Seat 2: 19woody58 (big blind) folded before Flop
Seat 4: AzureCaper (button) (small blind) collected ($6)


PokerStars Hand #159919342588:  Hold'em Limit ($3/$6 USD) - 2016/10/14 11:13:15 ET
Table 'Sirius' 6-max Seat #2 is the button
Seat 2: 19woody58 ($114.40 in chips)
Seat 4: AzureCaper ($87.50 in chips)
19woody58: posts small blind $1
AzureCaper: posts big blind $3
*** HOLE CARDS ***
19woody58: raises $3 to $6
AzureCaper: folds
Uncalled bet ($3) returned to 19woody58
19woody58 collected $6 from pot
*** SUMMARY ***
Total pot $6 | Rake $0
Seat 2: 19woody58 (button) (small blind) collected ($6)
Seat 4: AzureCaper (big blind) folded before Flop


PokerStars Hand #159919326358:  Hold'em Limit ($3/$6 USD) - 2016/10/14 11:12:49 ET
Table 'Sirius' 6-max Seat #4 is the button
Seat 2: 19woody58 ($129.40 in chips)
Seat 4: AzureCaper ($73 in chips)
AzureCaper: posts small blind $1
19woody58: posts big blind $3
*** HOLE CARDS ***
AzureCaper: raises $3 to $6
19woody58: calls $3
*** FLOP *** [Th 3h 5c]
19woody58: checks
AzureCaper: bets $3
19woody58: calls $3
*** TURN *** [Th 3h 5c] [Jc]
19woody58: checks
AzureCaper: bets $6
19woody58: calls $6
*** RIVER *** [Th 3h 5c Jc] [8s]
19woody58: checks
AzureCaper: bets $6
19woody58: folds
Uncalled bet ($6) returned to AzureCaper
AzureCaper collected $29.50 from pot
AzureCaper: doesn't show hand
*** SUMMARY ***
Total pot $30 | Rake $0.50
Board [Th 3h 5c Jc 8s]
Seat 2: 19woody58 (big blind) folded on the River
Seat 4: AzureCaper (button) (small blind) collected ($29.50)


PokerStars Hand #159919323273:  Hold'em Limit ($3/$6 USD) - 2016/10/14 11:12:45 ET
Table 'Sirius' 6-max Seat #2 is the button
Seat 2: 19woody58 ($130.40 in chips)
Seat 4: AzureCaper ($72 in chips)
19woody58: posts small blind $1
AzureCaper: posts big blind $3
*** HOLE CARDS ***
19woody58: folds
Uncalled bet ($2) returned to AzureCaper
AzureCaper collected $2 from pot
AzureCaper: doesn't show hand
*** SUMMARY ***
Total pot $2 | Rake $0
Seat 2: 19woody58 (button) (small blind) folded before Flop
Seat 4: AzureCaper (big blind) collected ($2)


PokerStars Hand #159919388189:  Hold'em Limit ($3/$6 USD) - 2016/10/14 11:14:26 ET
Table 'Sirius' 6-max Seat #2 is the button
Seat 2: 19woody58 ($119.91 in chips)
Seat 4: AzureCaper ($81.25 in chips)
19woody58: posts small blind $1
AzureCaper: posts big blind $3
*** HOLE CARDS ***
19woody58: raises $3 to $6
AzureCaper: calls $3
*** FLOP *** [8c Ts 2c]
AzureCaper: checks
19woody58: bets $3
AzureCaper: folds
Uncalled bet ($3) returned to 19woody58
19woody58 collected $11.76 from pot
*** SUMMARY ***
Total pot $12 | Rake $0.24
Board [8c Ts 2c]
Seat 2: 19woody58 (button) (small blind) collected ($11.76)
Seat 4: AzureCaper (big blind) folded on the Flop


PokerStars Hand #159919372246:  Hold'em Limit ($3/$6 USD) - 2016/10/14 11:14:01 ET
Table 'Sirius' 6-max Seat #4 is the button
Seat 2: 19woody58 ($120.16 in chips)
Seat 4: AzureCaper ($81.50 in chips)
AzureCaper: posts small blind $1
19woody58: posts big blind $3
*** HOLE CARDS ***
AzureCaper: raises $3 to $6
19woody58: calls $3
*** FLOP *** [Jc 9h Td]
19woody58: checks
AzureCaper: bets $3
19woody58: calls $3
*** TURN *** [Jc 9h Td] [2c]
19woody58: checks
AzureCaper: bets $6
spooky79 joins the table at seat #5
19woody58: calls $6
*** RIVER *** [Jc 9h Td 2c] [Js]
19woody58: checks
AzureCaper: checks
*** SHOW DOWN ***
19woody58: shows [6d 9d] (two pair, Jacks and Nines)
AzureCaper: shows [9s 2d] (two pair, Jacks and Nines)
19woody58 collected $14.75 from pot
AzureCaper collected $14.75 from pot
*** SUMMARY ***
Total pot $30 | Rake $0.50
Board [Jc 9h Td 2c Js]
Seat 2: 19woody58 (big blind) showed [6d 9d] and won ($14.75) with two pair, Jacks and Nines
Seat 4: AzureCaper (button) (small blind) showed [9s 2d] and won ($14.75) with two pair, Jacks and Nines


PokerStars Hand #159919364899:  Hold'em Limit ($3/$6 USD) - 2016/10/14 11:13:50 ET
Table 'Sirius' 6-max Seat #2 is the button
Seat 2: 19woody58 ($114.40 in chips)
Seat 4: AzureCaper ($87.50 in chips)
19woody58: posts small blind $1
AzureCaper: posts big blind $3
*** HOLE CARDS ***
19woody58: raises $3 to $6
AzureCaper: calls $3
*** FLOP *** [6c 5h 9h]
AzureCaper: checks
19woody58: bets $3
AzureCaper: folds
Uncalled bet ($3) returned to 19woody58
19woody58 collected $11.76 from pot
*** SUMMARY ***
Total pot $12 | Rake $0.24
Board [6c 5h 9h]
Seat 2: 19woody58 (button) (small blind) collected ($11.76)
Seat 4: AzureCaper (big blind) folded on the Flop


PokerStars Hand #159919362143:  Hold'em Limit ($3/$6 USD) - 2016/10/14 11:13:45 ET
Table 'Sirius' 6-max Seat #4 is the button
Seat 2: 19woody58 ($113.40 in chips)
Seat 4: AzureCaper ($88.50 in chips)
AzureCaper: posts small blind $1
19woody58: posts big blind $3
*** HOLE CARDS ***
AzureCaper: folds
Uncalled bet ($2) returned to 19woody58
19woody58 collected $2 from pot
*** SUMMARY ***
Total pot $2 | Rake $0
Seat 2: 19woody58 (big blind) collected ($2)
Seat 4: AzureCaper (button) (small blind) folded before Flop


PokerStars Hand #159925376336:  Hold'em Limit ($3/$6 USD) - 2016/10/14 13:37:53 ET
Table 'Sirius' 6-max Seat #2 is the button
Seat 2: AzureCaper ($272.63 in chips)
Seat 4: byrgyi ($108.83 in chips)
AzureCaper: posts small blind $1
Apanage: is sitting out
byrgyi: posts big blind $3
*** HOLE CARDS ***
AzureCaper: raises $3 to $6
byrgyi: calls $3
*** FLOP *** [Ad 3d Tc]
Apanage leaves the table
byrgyi: folds
byrgyi leaves the table
AzureCaper collected $11.76 from pot
AzureCaper: doesn't show hand
*** SUMMARY ***
Total pot $12 | Rake $0.24
Board [Ad 3d Tc]
Seat 2: AzureCaper (button) (small blind) collected ($11.76)
Seat 4: byrgyi (big blind) folded on the Flop


