PokerStars Hand #148259160453:  Hold'em Limit ($3/$6 USD) - 2016/02/04 22:59:33 ET
Table 'Siri II' 10-max Seat #5 is the button
Seat 1: Masqb ($94.50 in chips)
Seat 5: too2ez ($65 in chips)
too2ez: posts small blind $1
Masqb: posts big blind $3
*** HOLE CARDS ***
too2ez: raises $3 to $6
Masqb: calls $3
*** FLOP *** [9c 7c 2s]
Masqb: checks
too2ez: bets $3
Masqb: raises $3 to $6
too2ez: calls $3
*** TURN *** [9c 7c 2s] [Tc]
Masqb: bets $6
too2ez: calls $6
*** RIVER *** [9c 7c 2s Tc] [4h]
Masqb: bets $6
too2ez: calls $6
*** SHOW DOWN ***
Masqb: shows [5c Ac] (a flush, Ace high)
too2ez: mucks hand
Masqb collected $47.50 from pot
*** SUMMARY ***
Total pot $48 | Rake $0.50
Board [9c 7c 2s Tc 4h]
Seat 1: Masqb (big blind) showed [5c Ac] and won ($47.50) with a flush, Ace high
Seat 5: too2ez (button) (small blind) mucked


PokerStars Hand #148259150632:  Hold'em Limit ($3/$6 USD) - 2016/02/04 22:59:00 ET
Table 'Siri II' 10-max Seat #1 is the button
Seat 1: Masqb ($80 in chips)
Seat 5: too2ez ($80 in chips)
Masqb: posts small blind $1
too2ez: posts big blind $3
*** HOLE CARDS ***
Masqb: raises $3 to $6
too2ez: calls $3
*** FLOP *** [5d 2d 3d]
too2ez: checks
Masqb: bets $3
too2ez: calls $3
*** TURN *** [5d 2d 3d] [9c]
too2ez: checks
Masqb: bets $6
too2ez: calls $6
*** RIVER *** [5d 2d 3d 9c] [Jd]
too2ez: checks
Masqb: checks
*** SHOW DOWN ***
too2ez: shows [2s Qh] (a pair of Deuces)
Masqb: shows [6h 5s] (a pair of Fives)
Masqb collected $29.50 from pot
*** SUMMARY ***
Total pot $30 | Rake $0.50
Board [5d 2d 3d 9c Jd]
Seat 1: Masqb (button) (small blind) showed [6h 5s] and won ($29.50) with a pair of Fives
Seat 5: too2ez (big blind) showed [2s Qh] and lost with a pair of Deuces


PokerStars Hand #148259167257:  Hold'em Limit ($3/$6 USD) - 2016/02/04 22:59:55 ET
Table 'Siri II' 10-max Seat #1 is the button
Seat 1: Masqb ($118 in chips)
Seat 5: too2ez ($41 in chips)
Masqb: posts small blind $1
too2ez: posts big blind $3
*** HOLE CARDS ***
Masqb: raises $3 to $6
too2ez: raises $3 to $9
Masqb: calls $3
*** FLOP *** [2s Ad 3c]
too2ez: bets $3
Masqb: folds
Uncalled bet ($3) returned to too2ez
too2ez collected $17.64 from pot
too2ez: doesn't show hand
*** SUMMARY ***
Total pot $18 | Rake $0.36
Board [2s Ad 3c]
Seat 1: Masqb (button) (small blind) folded on the Flop
Seat 5: too2ez (big blind) collected ($17.64)


PokerStars Hand #148259174149:  Hold'em Limit ($3/$6 USD) - 2016/02/04 23:00:17 ET
Table 'Siri II' 10-max Seat #1 is the button
Seat 1: Masqb ($106 in chips)
Seat 5: too2ez ($52.64 in chips)
Masqb: posts small blind $1
too2ez: posts big blind $3
*** HOLE CARDS ***
Masqb: raises $3 to $6
too2ez: raises $3 to $9
Masqb: calls $3
*** FLOP *** [Qd 9d 8d]
too2ez: bets $3
Masqb: folds
Uncalled bet ($3) returned to too2ez
too2ez collected $17.64 from pot
too2ez: doesn't show hand
*** SUMMARY ***
Total pot $18 | Rake $0.36
Board [Qd 9d 8d]
Seat 1: Masqb (button) (small blind) folded on the Flop
Seat 5: too2ez (big blind) collected ($17.64)


PokerStars Hand #148259170938:  Hold'em Limit ($3/$6 USD) - 2016/02/04 23:00:08 ET
Table 'Siri II' 10-max Seat #5 is the button
Seat 1: Masqb ($109 in chips)
Seat 5: too2ez ($49.64 in chips)
too2ez: posts small blind $1
Masqb: posts big blind $3
*** HOLE CARDS ***
too2ez: raises $3 to $6
Masqb: folds
Uncalled bet ($3) returned to too2ez
too2ez collected $6 from pot
too2ez: doesn't show hand
*** SUMMARY ***
Total pot $6 | Rake $0
Seat 1: Masqb (big blind) folded before Flop
Seat 5: too2ez (button) (small blind) collected ($6)


PokerStars Hand #148259189394:  Hold'em Limit ($3/$6 USD) - 2016/02/04 23:01:06 ET
Table 'Siri II' 10-max Seat #1 is the button
Seat 1: Masqb ($88 in chips)
Seat 5: too2ez ($69.92 in chips)
Masqb: posts small blind $1
too2ez: posts big blind $3
*** HOLE CARDS ***
Masqb: raises $3 to $6
too2ez: folds
Uncalled bet ($3) returned to Masqb
Masqb collected $6 from pot
Masqb: doesn't show hand
*** SUMMARY ***
Total pot $6 | Rake $0
Seat 1: Masqb (button) (small blind) collected ($6)
Seat 5: too2ez (big blind) folded before Flop


PokerStars Hand #148259181667:  Hold'em Limit ($3/$6 USD) - 2016/02/04 23:00:41 ET
Table 'Siri II' 10-max Seat #5 is the button
Seat 1: Masqb ($97 in chips)
Seat 5: too2ez ($61.28 in chips)
too2ez: posts small blind $1
Masqb: posts big blind $3
*** HOLE CARDS ***
too2ez: raises $3 to $6
Masqb: calls $3
*** FLOP *** [2h 3d 7h]
Masqb: checks
too2ez: bets $3
Masqb: calls $3
*** TURN *** [2h 3d 7h] [Th]
Masqb: checks
too2ez: bets $6
Masqb: folds
Uncalled bet ($6) returned to too2ez
too2ez collected $17.64 from pot
too2ez: doesn't show hand
*** SUMMARY ***
Total pot $18 | Rake $0.36
Board [2h 3d 7h Th]
Seat 1: Masqb (big blind) folded on the Turn
Seat 5: too2ez (button) (small blind) collected ($17.64)


PokerStars Hand #148259200875:  Hold'em Limit ($3/$6 USD) - 2016/02/04 23:01:40 ET
Table 'Siri II' 10-max Seat #1 is the button
Seat 1: Masqb ($61 in chips)
Seat 5: too2ez ($96.42 in chips)
Masqb: posts small blind $1
too2ez: posts big blind $3
*** HOLE CARDS ***
Masqb: raises $3 to $6
too2ez: calls $3
*** FLOP *** [Tc As 5s]
too2ez: checks
Masqb: bets $3
too2ez: raises $3 to $6
Masqb: folds
Uncalled bet ($3) returned to too2ez
too2ez collected $17.64 from pot
too2ez: doesn't show hand
*** SUMMARY ***
Total pot $18 | Rake $0.36
Board [Tc As 5s]
Seat 1: Masqb (button) (small blind) folded on the Flop
Seat 5: too2ez (big blind) collected ($17.64)


PokerStars Hand #148259191367:  Hold'em Limit ($3/$6 USD) - 2016/02/04 23:01:12 ET
Table 'Siri II' 10-max Seat #5 is the button
Seat 1: Masqb ($91 in chips)
Seat 5: too2ez ($66.92 in chips)
too2ez: posts small blind $1
Masqb: posts big blind $3
*** HOLE CARDS ***
too2ez: raises $3 to $6
Masqb: raises $3 to $9
too2ez: calls $3
*** FLOP *** [9s 2h 6s]
Masqb: bets $3
too2ez: calls $3
*** TURN *** [9s 2h 6s] [5s]
Masqb: bets $6
too2ez: calls $6
*** RIVER *** [9s 2h 6s 5s] [5d]
Masqb: bets $6
too2ez: raises $6 to $12
Masqb: calls $6
*** SHOW DOWN ***
too2ez: shows [2s As] (a flush, Ace high)
Masqb: mucks hand
too2ez collected $59.50 from pot
*** SUMMARY ***
Total pot $60 | Rake $0.50
Board [9s 2h 6s 5s 5d]
Seat 1: Masqb (big blind) mucked
Seat 5: too2ez (button) (small blind) showed [2s As] and won ($59.50) with a flush, Ace high


PokerStars Hand #148259207753:  Hold'em Limit ($3/$6 USD) - 2016/02/04 23:02:01 ET
Table 'Siri II' 10-max Seat #5 is the button
Seat 1: Masqb ($80 in chips)
Seat 5: too2ez ($105.06 in chips)
too2ez: posts small blind $1
Masqb: posts big blind $3
*** HOLE CARDS ***
too2ez: folds
Uncalled bet ($2) returned to Masqb
Masqb collected $2 from pot
Masqb: doesn't show hand
*** SUMMARY ***
Total pot $2 | Rake $0
Seat 1: Masqb (big blind) collected ($2)
Seat 5: too2ez (button) (small blind) folded before Flop


PokerStars Hand #148294430564:  Hold'em Limit ($3/$6 USD) - 2016/02/05 15:24:56 ET
Table 'Siri II' 10-max Seat #2 is the button
Seat 2: Zubasa07 ($457 in chips)
Seat 10: ManuelSikora ($71.88 in chips)
Zubasa07: posts small blind $1
ManuelSikora: posts big blind $3
*** HOLE CARDS ***
Zubasa07: raises $3 to $6
ManuelSikora: raises $3 to $9
Zubasa07: calls $3
*** FLOP *** [9d 4h 6h]
ManuelSikora: bets $3
Zubasa07: calls $3
*** TURN *** [9d 4h 6h] [2c]
ManuelSikora: bets $6
Zubasa07: folds
Uncalled bet ($6) returned to ManuelSikora
ManuelSikora collected $23.52 from pot
ManuelSikora: doesn't show hand
*** SUMMARY ***
Total pot $24 | Rake $0.48
Board [9d 4h 6h 2c]
Seat 2: Zubasa07 (button) (small blind) folded on the Turn
Seat 10: ManuelSikora (big blind) collected ($23.52)


PokerStars Hand #148294397671:  Hold'em Limit ($3/$6 USD) - 2016/02/05 15:24:24 ET
Table 'Siri II' 10-max Seat #10 is the button
Seat 2: Zubasa07 ($472 in chips)
Seat 10: ManuelSikora ($57.38 in chips)
ManuelSikora: posts small blind $1
Zubasa07: posts big blind $3
*** HOLE CARDS ***
ManuelSikora: raises $3 to $6
Zubasa07: calls $3
*** FLOP *** [Ks 3h Js]
Zubasa07: checks
ManuelSikora: bets $3
Zubasa07: calls $3
*** TURN *** [Ks 3h Js] [Kd]
Zubasa07: checks
ManuelSikora: bets $6
Zubasa07: calls $6
*** RIVER *** [Ks 3h Js Kd] [8c]
Zubasa07: checks
ManuelSikora: checks
*** SHOW DOWN ***
Zubasa07: shows [3s Td] (two pair, Kings and Threes)
ManuelSikora: shows [Ts 8h] (two pair, Kings and Eights)
ManuelSikora collected $29.50 from pot
*** SUMMARY ***
Total pot $30 | Rake $0.50
Board [Ks 3h Js Kd 8c]
Seat 2: Zubasa07 (big blind) showed [3s Td] and lost with two pair, Kings and Threes
Seat 10: ManuelSikora (button) (small blind) showed [Ts 8h] and won ($29.50) with two pair, Kings and Eights


PokerStars Hand #148294511176:  Hold'em Limit ($3/$6 USD) - 2016/02/05 15:26:15 ET
Table 'Siri II' 10-max Seat #2 is the button
Seat 2: Zubasa07 ($444.82 in chips)
Seat 10: ManuelSikora ($83.22 in chips)
Zubasa07: posts small blind $1
ManuelSikora: posts big blind $3
*** HOLE CARDS ***
Zubasa07: folds
Uncalled bet ($2) returned to ManuelSikora
ManuelSikora collected $2 from pot
ManuelSikora: doesn't show hand
*** SUMMARY ***
Total pot $2 | Rake $0
Seat 2: Zubasa07 (button) (small blind) folded before Flop
Seat 10: ManuelSikora (big blind) collected ($2)


PokerStars Hand #148294471877:  Hold'em Limit ($3/$6 USD) - 2016/02/05 15:25:37 ET
Table 'Siri II' 10-max Seat #10 is the button
Seat 2: Zubasa07 ($445 in chips)
Seat 10: ManuelSikora ($83.40 in chips)
ManuelSikora: posts small blind $1
Zubasa07: posts big blind $3
*** HOLE CARDS ***
ManuelSikora: raises $3 to $6
Zubasa07: calls $3
*** FLOP *** [Jd 7h 2h]
Zubasa07: checks
ManuelSikora: bets $3
Zubasa07: calls $3
*** TURN *** [Jd 7h 2h] [Qd]
GRAILKO joins the table at seat #1
Zubasa07: checks
ManuelSikora: checks
*** RIVER *** [Jd 7h 2h Qd] [7d]
Zubasa07: checks
ManuelSikora: checks
*** SHOW DOWN ***
Zubasa07: shows [Kh 4d] (a pair of Sevens)
ManuelSikora: shows [4s Kc] (a pair of Sevens)
Zubasa07 collected $8.82 from pot
ManuelSikora collected $8.82 from pot
*** SUMMARY ***
Total pot $18 | Rake $0.36
Board [Jd 7h 2h Qd 7d]
Seat 2: Zubasa07 (big blind) showed [Kh 4d] and won ($8.82) with a pair of Sevens
Seat 10: ManuelSikora (button) (small blind) showed [4s Kc] and won ($8.82) with a pair of Sevens


