PokerStars Hand #148315030734:  Hold'em Limit ($3/$6 USD) - 2016/02/05 23:17:54 ET
Table 'Siri II' 10-max Seat #3 is the button
Seat 1: Masqb ($80 in chips)
Seat 3: gracetime ($50 in chips)
gracetime: posts small blind $1
Masqb: posts big blind $3
*** HOLE CARDS ***
gracetime: raises $3 to $6
Masqb: raises $3 to $9
gracetime: calls $3
*** FLOP *** [8d 5d Ad]
Masqb: bets $3
gracetime: raises $3 to $6
Masqb: calls $3
*** TURN *** [8d 5d Ad] [9h]
Masqb: checks
gracetime: bets $6
Masqb: calls $6
*** RIVER *** [8d 5d Ad 9h] [Qd]
Masqb: checks
gracetime: bets $6
Masqb: folds
Uncalled bet ($6) returned to gracetime
gracetime collected $41.50 from pot
*** SUMMARY ***
Total pot $42 | Rake $0.50
Board [8d 5d Ad 9h Qd]
Seat 1: Masqb (big blind) folded on the River
Seat 3: gracetime (button) (small blind) collected ($41.50)


PokerStars Hand #148315150184:  Hold'em Limit ($3/$6 USD) - 2016/02/05 23:23:38 ET
Table 'Siri II' 10-max Seat #1 is the button
Seat 1: Masqb ($80 in chips)
Seat 10: michehh5 ($64.78 in chips)
Masqb: posts small blind $1
michehh5: posts big blind $3
*** HOLE CARDS ***
Masqb: raises $3 to $6
michehh5: raises $3 to $9
Masqb: calls $3
*** FLOP *** [3c Jc 4h]
michehh5: bets $3
Masqb: calls $3
*** TURN *** [3c Jc 4h] [9h]
michehh5: bets $6
Masqb: folds
Uncalled bet ($6) returned to michehh5
michehh5 collected $23.52 from pot
michehh5: doesn't show hand
*** SUMMARY ***
Total pot $24 | Rake $0.48
Board [3c Jc 4h 9h]
Seat 1: Masqb (button) (small blind) folded on the Turn
Seat 10: michehh5 (big blind) collected ($23.52)


PokerStars Hand #148315166868:  Hold'em Limit ($3/$6 USD) - 2016/02/05 23:24:27 ET
Table 'Siri II' 10-max Seat #10 is the button
Seat 1: Masqb ($68 in chips)
Seat 10: michehh5 ($76.30 in chips)
michehh5: posts small blind $1
Masqb: posts big blind $3
*** HOLE CARDS ***
michehh5: calls $2
Masqb: checks
*** FLOP *** [Qd 3s 5h]
Masqb: checks
michehh5: checks
*** TURN *** [Qd 3s 5h] [9s]
Masqb: bets $6
michehh5: calls $6
*** RIVER *** [Qd 3s 5h 9s] [Qh]
Masqb: bets $6
michehh5: calls $6
*** SHOW DOWN ***
Masqb: shows [5d 7h] (two pair, Queens and Fives)
michehh5: mucks hand
Masqb collected $29.50 from pot
*** SUMMARY ***
Total pot $30 | Rake $0.50
Board [Qd 3s 5h 9s Qh]
Seat 1: Masqb (big blind) showed [5d 7h] and won ($29.50) with two pair, Queens and Fives
Seat 10: michehh5 (button) (small blind) mucked


PokerStars Hand #148315177731:  Hold'em Limit ($3/$6 USD) - 2016/02/05 23:24:58 ET
Table 'Siri II' 10-max Seat #1 is the button
Seat 1: Masqb ($82.50 in chips)
Seat 10: michehh5 ($61.30 in chips)
Masqb: posts small blind $1
michehh5: posts big blind $3
*** HOLE CARDS ***
Masqb: raises $3 to $6
michehh5: folds
Uncalled bet ($3) returned to Masqb
Masqb collected $6 from pot
Masqb: doesn't show hand
*** SUMMARY ***
Total pot $6 | Rake $0
Seat 1: Masqb (button) (small blind) collected ($6)
Seat 10: michehh5 (big blind) folded before Flop


PokerStars Hand #148315180308:  Hold'em Limit ($3/$6 USD) - 2016/02/05 23:25:06 ET
Table 'Siri II' 10-max Seat #10 is the button
Seat 1: Masqb ($85.50 in chips)
Seat 10: michehh5 ($58.30 in chips)
michehh5: posts small blind $1
Masqb: posts big blind $3
*** HOLE CARDS ***
michehh5: raises $3 to $6
Masqb: calls $3
*** FLOP *** [7c 3c 9d]
Masqb: checks
michehh5: bets $3
Masqb: calls $3
*** TURN *** [7c 3c 9d] [As]
Masqb: checks
michehh5: bets $6
Masqb: calls $6
*** RIVER *** [7c 3c 9d As] [Jd]
Masqb: checks
michehh5: bets $6
Masqb: raises $6 to $12
michehh5: calls $6
*** SHOW DOWN ***
Masqb: shows [3s Jh] (two pair, Jacks and Threes)
michehh5: mucks hand
Masqb collected $53.50 from pot
*** SUMMARY ***
Total pot $54 | Rake $0.50
Board [7c 3c 9d As Jd]
Seat 1: Masqb (big blind) showed [3s Jh] and won ($53.50) with two pair, Jacks and Threes
Seat 10: michehh5 (button) (small blind) mucked


PokerStars Hand #148315195109:  Hold'em Limit ($3/$6 USD) - 2016/02/05 23:25:49 ET
Table 'Siri II' 10-max Seat #1 is the button
Seat 1: Masqb ($112 in chips)
Seat 10: michehh5 ($31.30 in chips)
Masqb: posts small blind $1
michehh5: posts big blind $3
*** HOLE CARDS ***
Masqb: raises $3 to $6
michehh5: raises $3 to $9
Masqb: calls $3
*** FLOP *** [5h Jd 7c]
michehh5: bets $3
Masqb: calls $3
*** TURN *** [5h Jd 7c] [Kh]
michehh5: checks
kirste78 joins the table at seat #5
Masqb: checks
*** RIVER *** [5h Jd 7c Kh] [Qd]
michehh5: bets $6
Masqb: folds
Uncalled bet ($6) returned to michehh5
michehh5 collected $23.52 from pot
michehh5: doesn't show hand
*** SUMMARY ***
Total pot $24 | Rake $0.48
Board [5h Jd 7c Kh Qd]
Seat 1: Masqb (button) (small blind) folded on the River
Seat 10: michehh5 (big blind) collected ($23.52)


PokerStars Hand #148315212472:  Hold'em Limit ($3/$6 USD) - 2016/02/05 23:26:39 ET
Table 'Siri II' 10-max Seat #10 is the button
Seat 1: Masqb ($100 in chips)
Seat 10: michehh5 ($42.82 in chips)
michehh5: posts small blind $1
Masqb: posts big blind $3
*** HOLE CARDS ***
michehh5: calls $2
Masqb: raises $3 to $6
michehh5: calls $3
*** FLOP *** [8h 2h Tc]
Masqb: bets $3
michehh5: calls $3
*** TURN *** [8h 2h Tc] [Ts]
Masqb: checks
michehh5: bets $6
Masqb: folds
Uncalled bet ($6) returned to michehh5
michehh5 collected $17.64 from pot
michehh5: doesn't show hand
*** SUMMARY ***
Total pot $18 | Rake $0.36
Board [8h 2h Tc Ts]
Seat 1: Masqb (big blind) folded on the Turn
Seat 10: michehh5 (button) (small blind) collected ($17.64)


