PokerStars Hand #158481165521:  Hold'em Limit ($3/$6 USD) - 2016/09/11 17:43:27 ET
Table 'Siri' 6-max Seat #2 is the button
Seat 1: michi99999 ($126.95 in chips)
Seat 2: c2morin ($105 in chips)
c2morin: posts small blind $1
michi99999: posts big blind $3
*** HOLE CARDS ***
c2morin: raises $3 to $6
michi99999: raises $3 to $9
c2morin: calls $3
*** FLOP *** [2s 6h Ts]
michi99999: bets $3
c2morin: calls $3
*** TURN *** [2s 6h Ts] [Ad]
michi99999: bets $6
c2morin: calls $6
*** RIVER *** [2s 6h Ts Ad] [Kh]
michi99999: bets $6
c2morin: calls $6
*** SHOW DOWN ***
michi99999: shows [7s 7h] (a pair of Sevens)
c2morin: mucks hand
michi99999 collected $47.50 from pot
*** SUMMARY ***
Total pot $48 | Rake $0.50
Board [2s 6h Ts Ad Kh]
Seat 1: michi99999 (big blind) showed [7s 7h] and won ($47.50) with a pair of Sevens
Seat 2: c2morin (button) (small blind) mucked


PokerStars Hand #158481191932:  Hold'em Limit ($3/$6 USD) - 2016/09/11 17:43:59 ET
Table 'Siri' 6-max Seat #2 is the button
Seat 1: michi99999 ($153.45 in chips)
Seat 2: c2morin ($78 in chips)
c2morin: posts small blind $1
michi99999: posts big blind $3
*** HOLE CARDS ***
c2morin: raises $3 to $6
michi99999: raises $3 to $9
c2morin: calls $3
*** FLOP *** [Th 8d 4h]
michi99999: bets $3
c2morin: calls $3
*** TURN *** [Th 8d 4h] [8c]
michi99999: bets $6
c2morin: folds
Uncalled bet ($6) returned to michi99999
michi99999 collected $23.52 from pot
michi99999: doesn't show hand
*** SUMMARY ***
Total pot $24 | Rake $0.48
Board [Th 8d 4h 8c]
Seat 1: michi99999 (big blind) collected ($23.52)
Seat 2: c2morin (button) (small blind) folded on the Turn


PokerStars Hand #158481187629:  Hold'em Limit ($3/$6 USD) - 2016/09/11 17:43:54 ET
Table 'Siri' 6-max Seat #1 is the button
Seat 1: michi99999 ($154.45 in chips)
Seat 2: c2morin ($77 in chips)
michi99999: posts small blind $1
c2morin: posts big blind $3
*** HOLE CARDS ***
michi99999: folds
Uncalled bet ($2) returned to c2morin
c2morin collected $2 from pot
c2morin: doesn't show hand
*** SUMMARY ***
Total pot $2 | Rake $0
Seat 1: michi99999 (button) (small blind) folded before Flop
Seat 2: c2morin (big blind) collected ($2)


PokerStars Hand #158481183199:  Hold'em Limit ($3/$6 USD) - 2016/09/11 17:43:49 ET
Table 'Siri' 6-max Seat #2 is the button
Seat 1: michi99999 ($153.45 in chips)
Seat 2: c2morin ($78 in chips)
c2morin: posts small blind $1
michi99999: posts big blind $3
*** HOLE CARDS ***
c2morin: folds
Uncalled bet ($2) returned to michi99999
michi99999 collected $2 from pot
michi99999: doesn't show hand
*** SUMMARY ***
Total pot $2 | Rake $0
Seat 1: michi99999 (big blind) collected ($2)
Seat 2: c2morin (button) (small blind) folded before Flop


PokerStars Hand #158481177872:  Hold'em Limit ($3/$6 USD) - 2016/09/11 17:43:42 ET
Table 'Siri' 6-max Seat #1 is the button
Seat 1: michi99999 ($150.45 in chips)
Seat 2: c2morin ($81 in chips)
michi99999: posts small blind $1
c2morin: posts big blind $3
*** HOLE CARDS ***
michi99999: raises $3 to $6
c2morin: folds
Uncalled bet ($3) returned to michi99999
michi99999 collected $6 from pot
michi99999: doesn't show hand
*** SUMMARY ***
Total pot $6 | Rake $0
Seat 1: michi99999 (button) (small blind) collected ($6)
Seat 2: c2morin (big blind) folded before Flop


PokerStars Hand #158481202311:  Hold'em Limit ($3/$6 USD) - 2016/09/11 17:44:12 ET
Table 'Siri' 6-max Seat #1 is the button
Seat 1: michi99999 ($164.97 in chips)
Seat 2: c2morin ($66 in chips)
michi99999: posts small blind $1
c2morin: posts big blind $3
*** HOLE CARDS ***
michi99999: raises $3 to $6
c2morin: calls $3
*** FLOP *** [3h 9s Jc]
c2morin: checks
michi99999: bets $3
c2morin: folds
Uncalled bet ($3) returned to michi99999
michi99999 collected $11.76 from pot
michi99999: doesn't show hand
*** SUMMARY ***
Total pot $12 | Rake $0.24
Board [3h 9s Jc]
Seat 1: michi99999 (button) (small blind) collected ($11.76)
Seat 2: c2morin (big blind) folded on the Flop


PokerStars Hand #158481209840:  Hold'em Limit ($3/$6 USD) - 2016/09/11 17:44:22 ET
Table 'Siri' 6-max Seat #2 is the button
Seat 1: michi99999 ($170.73 in chips)
Seat 2: c2morin ($60 in chips)
c2morin: posts small blind $1
michi99999: posts big blind $3
*** HOLE CARDS ***
c2morin: raises $3 to $6
michi99999: raises $3 to $9
c2morin: raises $3 to $12
Betting is capped
michi99999: calls $3
*** FLOP *** [Qd 5h 3c]
michi99999: checks
c2morin: bets $3
michi99999: raises $3 to $6
c2morin: calls $3
*** TURN *** [Qd 5h 3c] [Tc]
michi99999: bets $6
c2morin: calls $6
*** RIVER *** [Qd 5h 3c Tc] [Ah]
michi99999: bets $6
c2morin: calls $6
*** SHOW DOWN ***
michi99999: shows [Ac Qs] (two pair, Aces and Queens)
c2morin: mucks hand
michi99999 collected $59.50 from pot
*** SUMMARY ***
Total pot $60 | Rake $0.50
Board [Qd 5h 3c Tc Ah]
Seat 1: michi99999 (big blind) showed [Ac Qs] and won ($59.50) with two pair, Aces and Queens
Seat 2: c2morin (button) (small blind) mucked


