PokerStars Hand #150841237094:  Hold'em Limit ($3/$6 USD) - 2016/03/24 5:23:30 ET
Table 'Sirona II' 6-max Seat #1 is the button
Seat 1: frazerchi ($19.24 in chips)
Seat 4: Agrotait ($93.50 in chips)
frazerchi: posts small blind $1
Agrotait: posts big blind $3
*** HOLE CARDS ***
frazerchi: folds
Uncalled bet ($2) returned to Agrotait
Agrotait collected $2 from pot
Agrotait: doesn't show hand
*** SUMMARY ***
Total pot $2 | Rake $0
Seat 1: frazerchi (button) (small blind) folded before Flop
Seat 4: Agrotait (big blind) collected ($2)


PokerStars Hand #150841225709:  Hold'em Limit ($3/$6 USD) - 2016/03/24 5:23:01 ET
Table 'Sirona II' 6-max Seat #4 is the button
Seat 1: frazerchi ($40.24 in chips)
Seat 4: Agrotait ($73 in chips)
Agrotait: posts small blind $1
frazerchi: posts big blind $3
*** HOLE CARDS ***
Agrotait: raises $3 to $6
frazerchi: calls $3
*** FLOP *** [Ad 8d 4h]
frazerchi: bets $3
Agrotait: calls $3
*** TURN *** [Ad 8d 4h] [Tc]
frazerchi: bets $6
Agrotait: calls $6
*** RIVER *** [Ad 8d 4h Tc] [Ac]
frazerchi: bets $6
Agrotait: calls $6
*** SHOW DOWN ***
frazerchi: shows [Qd 4d] (two pair, Aces and Fours)
Agrotait: shows [8c Kh] (two pair, Aces and Eights)
Agrotait collected $41.50 from pot
*** SUMMARY ***
Total pot $42 | Rake $0.50
Board [Ad 8d 4h Tc Ac]
Seat 1: frazerchi (big blind) showed [Qd 4d] and lost with two pair, Aces and Fours
Seat 4: Agrotait (button) (small blind) showed [8c Kh] and won ($41.50) with two pair, Aces and Eights


PokerStars Hand #150841222219:  Hold'em Limit ($3/$6 USD) - 2016/03/24 5:22:52 ET
Table 'Sirona II' 6-max Seat #1 is the button
Seat 1: frazerchi ($41.24 in chips)
Seat 4: Agrotait ($72 in chips)
frazerchi: posts small blind $1
Agrotait: posts big blind $3
*** HOLE CARDS ***
frazerchi: folds
Uncalled bet ($2) returned to Agrotait
Agrotait collected $2 from pot
Agrotait: doesn't show hand
*** SUMMARY ***
Total pot $2 | Rake $0
Seat 1: frazerchi (button) (small blind) folded before Flop
Seat 4: Agrotait (big blind) collected ($2)


PokerStars Hand #150841253301:  Hold'em Limit ($3/$6 USD) - 2016/03/24 5:24:11 ET
Table 'Sirona II' 6-max Seat #4 is the button
Seat 1: frazerchi ($32.98 in chips)
Seat 4: Agrotait ($79.14 in chips)
Agrotait: posts small blind $1
frazerchi: posts big blind $3
*** HOLE CARDS ***
Agrotait: raises $3 to $6
frazerchi: folds
Uncalled bet ($3) returned to Agrotait
Agrotait collected $6 from pot
Agrotait: doesn't show hand
*** SUMMARY ***
Total pot $6 | Rake $0
Seat 1: frazerchi (big blind) folded before Flop
Seat 4: Agrotait (button) (small blind) collected ($6)


PokerStars Hand #150841248393:  Hold'em Limit ($3/$6 USD) - 2016/03/24 5:23:58 ET
Table 'Sirona II' 6-max Seat #1 is the button
Seat 1: frazerchi ($35.98 in chips)
Seat 4: Agrotait ($76.26 in chips)
frazerchi: posts small blind $1
Agrotait: posts big blind $3
*** HOLE CARDS ***
frazerchi: calls $2
Agrotait: checks
*** FLOP *** [Js 4c Ks]
Agrotait: bets $3
frazerchi: folds
Uncalled bet ($3) returned to Agrotait
Agrotait collected $5.88 from pot
Agrotait: doesn't show hand
*** SUMMARY ***
Total pot $6 | Rake $0.12
Board [Js 4c Ks]
Seat 1: frazerchi (button) (small blind) folded on the Flop
Seat 4: Agrotait (big blind) collected ($5.88)


PokerStars Hand #150841239174:  Hold'em Limit ($3/$6 USD) - 2016/03/24 5:23:35 ET
Table 'Sirona II' 6-max Seat #4 is the button
Seat 1: frazerchi ($18.24 in chips)
Seat 4: Agrotait ($94.50 in chips)
Agrotait: posts small blind $1
frazerchi: posts big blind $3
*** HOLE CARDS ***
Agrotait: raises $3 to $6
frazerchi: calls $3
*** FLOP *** [Qs 4d 7h]
frazerchi: bets $3
Agrotait: calls $3
*** TURN *** [Qs 4d 7h] [8h]
frazerchi: bets $6
Agrotait: calls $6
*** RIVER *** [Qs 4d 7h 8h] [Qc]
frazerchi: bets $3.24 and is all-in
Agrotait: calls $3.24
*** SHOW DOWN ***
frazerchi: shows [5s 6c] (a straight, Four to Eight)
Agrotait: shows [Ad 7s] (two pair, Queens and Sevens)
frazerchi collected $35.98 from pot
*** SUMMARY ***
Total pot $36.48 | Rake $0.50
Board [Qs 4d 7h 8h Qc]
Seat 1: frazerchi (big blind) showed [5s 6c] and won ($35.98) with a straight, Four to Eight
Seat 4: Agrotait (button) (small blind) showed [Ad 7s] and lost with two pair, Queens and Sevens


PokerStars Hand #150841255868:  Hold'em Limit ($3/$6 USD) - 2016/03/24 5:24:17 ET
Table 'Sirona II' 6-max Seat #1 is the button
Seat 1: frazerchi ($29.98 in chips)
Seat 4: Agrotait ($82.14 in chips)
frazerchi: posts small blind $1
Agrotait: posts big blind $3
*** HOLE CARDS ***
frazerchi: raises $3 to $6
Agrotait: calls $3
*** FLOP *** [8d 3c 3s]
Agrotait: bets $3
frazerchi: folds
Uncalled bet ($3) returned to Agrotait
Agrotait collected $11.76 from pot
Agrotait: doesn't show hand
*** SUMMARY ***
Total pot $12 | Rake $0.24
Board [8d 3c 3s]
Seat 1: frazerchi (button) (small blind) folded on the Flop
Seat 4: Agrotait (big blind) collected ($11.76)


PokerStars Hand #150841269054:  Hold'em Limit ($3/$6 USD) - 2016/03/24 5:24:50 ET
Table 'Sirona II' 6-max Seat #4 is the button
Seat 1: frazerchi ($16.98 in chips)
Seat 4: Agrotait ($94.66 in chips)
Agrotait: posts small blind $1
frazerchi: posts big blind $3
*** HOLE CARDS ***
Agrotait: raises $3 to $6
frazerchi: raises $3 to $9
Agrotait: calls $3
*** FLOP *** [Kc 9d 7d]
frazerchi: bets $3
Agrotait: raises $3 to $6
frazerchi: raises $1.98 to $7.98 and is all-in
Agrotait: calls $1.98
*** TURN *** [Kc 9d 7d] [4c]
*** RIVER *** [Kc 9d 7d 4c] [5h]
*** SHOW DOWN ***
frazerchi: shows [6c As] (high card Ace)
Agrotait: shows [9c Td] (a pair of Nines)
Agrotait collected $33.46 from pot
*** SUMMARY ***
Total pot $33.96 | Rake $0.50
Board [Kc 9d 7d 4c 5h]
Seat 1: frazerchi (big blind) showed [6c As] and lost with high card Ace
Seat 4: Agrotait (button) (small blind) showed [9c Td] and won ($33.46) with a pair of Nines


PokerStars Hand #150841261505:  Hold'em Limit ($3/$6 USD) - 2016/03/24 5:24:31 ET
Table 'Sirona II' 6-max Seat #4 is the button
Seat 1: frazerchi ($23.98 in chips)
Seat 4: Agrotait ($87.90 in chips)
Agrotait: posts small blind $1
frazerchi: posts big blind $3
*** HOLE CARDS ***
Agrotait: raises $3 to $6
frazerchi: calls $3
*** FLOP *** [3d 4c Ks]
frazerchi: checks
Agrotait: bets $3
frazerchi: folds
Uncalled bet ($3) returned to Agrotait
Agrotait collected $11.76 from pot
Agrotait: doesn't show hand
*** SUMMARY ***
Total pot $12 | Rake $0.24
Board [3d 4c Ks]
Seat 1: frazerchi (big blind) folded on the Flop
Seat 4: Agrotait (button) (small blind) collected ($11.76)


PokerStars Hand #150841266732:  Hold'em Limit ($3/$6 USD) - 2016/03/24 5:24:45 ET
Table 'Sirona II' 6-max Seat #1 is the button
Seat 1: frazerchi ($17.98 in chips)
Seat 4: Agrotait ($93.66 in chips)
frazerchi: posts small blind $1
Agrotait: posts big blind $3
*** HOLE CARDS ***
frazerchi: folds
Uncalled bet ($2) returned to Agrotait
Agrotait collected $2 from pot
Agrotait: doesn't show hand
*** SUMMARY ***
Total pot $2 | Rake $0
Seat 1: frazerchi (button) (small blind) folded before Flop
Seat 4: Agrotait (big blind) collected ($2)


