PokerStars Hand #155156186303:  Hold'em Limit ($3/$6 USD) - 2016/06/24 18:00:11 ET
Table 'Sirona' 10-max Seat #5 is the button
Seat 5: simper11 ($121 in chips)
Seat 10: barranqueiro ($232.83 in chips)
simper11: posts small blind $1
barranqueiro: posts big blind $3
*** HOLE CARDS ***
simper11: raises $3 to $6
barranqueiro: calls $3
*** FLOP *** [7s Js Qc]
barranqueiro: checks
simper11: bets $3
barranqueiro: folds
Uncalled bet ($3) returned to simper11
simper11 collected $11.76 from pot
simper11: doesn't show hand
*** SUMMARY ***
Total pot $12 | Rake $0.24
Board [7s Js Qc]
Seat 5: simper11 (button) (small blind) collected ($11.76)
Seat 10: barranqueiro (big blind) folded on the Flop


PokerStars Hand #155156178389:  Hold'em Limit ($3/$6 USD) - 2016/06/24 17:59:57 ET
Table 'Sirona' 10-max Seat #10 is the button
Seat 5: simper11 ($120 in chips)
Seat 10: barranqueiro ($233.83 in chips)
barranqueiro: posts small blind $1
simper11: posts big blind $3
*** HOLE CARDS ***
barranqueiro: folds
Uncalled bet ($2) returned to simper11
simper11 collected $2 from pot
simper11: doesn't show hand
*** SUMMARY ***
Total pot $2 | Rake $0
Seat 5: simper11 (big blind) collected ($2)
Seat 10: barranqueiro (button) (small blind) folded before Flop


PokerStars Hand #155156203140:  Hold'em Limit ($3/$6 USD) - 2016/06/24 18:00:38 ET
Table 'Sirona' 10-max Seat #10 is the button
Seat 5: simper11 ($126.76 in chips)
Seat 10: barranqueiro ($226.83 in chips)
barranqueiro: posts small blind $1
simper11: posts big blind $3
*** HOLE CARDS ***
barranqueiro: raises $3 to $6
simper11: calls $3
*** FLOP *** [Jd 7c 3c]
simper11: checks
barranqueiro: bets $3
simper11: calls $3
*** TURN *** [Jd 7c 3c] [8c]
simper11: checks
barranqueiro: bets $6
simper11: calls $6
*** RIVER *** [Jd 7c 3c 8c] [Qd]
simper11: checks
barranqueiro: checks
*** SHOW DOWN ***
simper11: shows [As 8h] (a pair of Eights)
barranqueiro: mucks hand
simper11 collected $29.50 from pot
*** SUMMARY ***
Total pot $30 | Rake $0.50
Board [Jd 7c 3c 8c Qd]
Seat 5: simper11 (big blind) showed [As 8h] and won ($29.50) with a pair of Eights
Seat 10: barranqueiro (button) (small blind) mucked


PokerStars Hand #155156237588:  Hold'em Limit ($3/$6 USD) - 2016/06/24 18:01:30 ET
Table 'Sirona' 10-max Seat #10 is the button
Seat 5: simper11 ($140.26 in chips)
Seat 10: barranqueiro ($212.83 in chips)
barranqueiro: posts small blind $1
simper11: posts big blind $3
*** HOLE CARDS ***
barranqueiro: folds
Uncalled bet ($2) returned to simper11
simper11 collected $2 from pot
simper11: doesn't show hand
*** SUMMARY ***
Total pot $2 | Rake $0
Seat 5: simper11 (big blind) collected ($2)
Seat 10: barranqueiro (button) (small blind) folded before Flop


PokerStars Hand #155156227875:  Hold'em Limit ($3/$6 USD) - 2016/06/24 18:01:16 ET
Table 'Sirona' 10-max Seat #5 is the button
Seat 5: simper11 ($141.26 in chips)
Seat 10: barranqueiro ($211.83 in chips)
simper11: posts small blind $1
barranqueiro: posts big blind $3
*** HOLE CARDS ***
simper11: folds
Uncalled bet ($2) returned to barranqueiro
barranqueiro collected $2 from pot
*** SUMMARY ***
Total pot $2 | Rake $0
Seat 5: simper11 (button) (small blind) folded before Flop
Seat 10: barranqueiro (big blind) collected ($2)


PokerStars Hand #155156275189:  Hold'em Limit ($3/$6 USD) - 2016/06/24 18:02:25 ET
Table 'Sirona' 10-max Seat #10 is the button
Seat 5: simper11 ($161.76 in chips)
Seat 10: barranqueiro ($190.83 in chips)
barranqueiro: posts small blind $1
simper11: posts big blind $3
*** HOLE CARDS ***
barranqueiro: folds
Uncalled bet ($2) returned to simper11
simper11 collected $2 from pot
simper11: doesn't show hand
*** SUMMARY ***
Total pot $2 | Rake $0
Seat 5: simper11 (big blind) collected ($2)
Seat 10: barranqueiro (button) (small blind) folded before Flop


PokerStars Hand #155156242253:  Hold'em Limit ($3/$6 USD) - 2016/06/24 18:01:37 ET
Table 'Sirona' 10-max Seat #5 is the button
Seat 5: simper11 ($141.26 in chips)
Seat 10: barranqueiro ($211.83 in chips)
simper11: posts small blind $1
barranqueiro: posts big blind $3
*** HOLE CARDS ***
simper11: raises $3 to $6
barranqueiro: calls $3
*** FLOP *** [Th Ac 3c]
barranqueiro: checks
simper11: bets $3
barranqueiro: calls $3
*** TURN *** [Th Ac 3c] [5d]
barranqueiro: checks
simper11: checks
*** RIVER *** [Th Ac 3c 5d] [5s]
barranqueiro: bets $6
simper11: raises $6 to $12
barranqueiro: calls $6
*** SHOW DOWN ***
simper11: shows [5c 7h] (three of a kind, Fives)
barranqueiro: mucks hand
simper11 collected $41.50 from pot
*** SUMMARY ***
Total pot $42 | Rake $0.50
Board [Th Ac 3c 5d 5s]
Seat 5: simper11 (button) (small blind) showed [5c 7h] and won ($41.50) with three of a kind, Fives
Seat 10: barranqueiro (big blind) mucked


PokerStars Hand #155156278944:  Hold'em Limit ($3/$6 USD) - 2016/06/24 18:02:30 ET
Table 'Sirona' 10-max Seat #5 is the button
Seat 5: simper11 ($162.76 in chips)
Seat 10: barranqueiro ($189.83 in chips)
simper11: posts small blind $1
barranqueiro: posts big blind $3
*** HOLE CARDS ***
simper11: folds
Uncalled bet ($2) returned to barranqueiro
barranqueiro collected $2 from pot
*** SUMMARY ***
Total pot $2 | Rake $0
Seat 5: simper11 (button) (small blind) folded before Flop
Seat 10: barranqueiro (big blind) collected ($2)


PokerStars Hand #155156282082:  Hold'em Limit ($3/$6 USD) - 2016/06/24 18:02:34 ET
Table 'Sirona' 10-max Seat #10 is the button
Seat 5: simper11 ($161.76 in chips)
Seat 10: barranqueiro ($190.83 in chips)
barranqueiro: posts small blind $1
simper11: posts big blind $3
*** HOLE CARDS ***
barranqueiro: raises $3 to $6
simper11: calls $3
*** FLOP *** [7d 8h 8d]
simper11: checks
barranqueiro: bets $3
simper11: calls $3
*** TURN *** [7d 8h 8d] [7c]
simper11: checks
barranqueiro: bets $6
simper11: folds
Uncalled bet ($6) returned to barranqueiro
barranqueiro collected $17.64 from pot
*** SUMMARY ***
Total pot $18 | Rake $0.36
Board [7d 8h 8d 7c]
Seat 5: simper11 (big blind) folded on the Turn
Seat 10: barranqueiro (button) (small blind) collected ($17.64)


PokerStars Hand #155156303061:  Hold'em Limit ($3/$6 USD) - 2016/06/24 18:03:04 ET
Table 'Sirona' 10-max Seat #10 is the button
Seat 5: simper11 ($128.76 in chips)
Seat 10: barranqueiro ($222.97 in chips)
barranqueiro: posts small blind $1
simper11: posts big blind $3
*** HOLE CARDS ***
barranqueiro: raises $3 to $6
simper11: calls $3
*** FLOP *** [2s Ts 9s]
simper11: checks
barranqueiro: checks
*** TURN *** [2s Ts 9s] [Ah]
simper11: bets $6
barranqueiro: raises $6 to $12
simper11: raises $6 to $18
barranqueiro: raises $6 to $24
Betting is capped
simper11: calls $6
*** RIVER *** [2s Ts 9s Ah] [3s]
simper11: checks
barranqueiro: bets $6
simper11: folds
Uncalled bet ($6) returned to barranqueiro
barranqueiro collected $59.50 from pot
*** SUMMARY ***
Total pot $60 | Rake $0.50
Board [2s Ts 9s Ah 3s]
Seat 5: simper11 (big blind) folded on the River
Seat 10: barranqueiro (button) (small blind) collected ($59.50)


PokerStars Hand #155156292073:  Hold'em Limit ($3/$6 USD) - 2016/06/24 18:02:48 ET
Table 'Sirona' 10-max Seat #5 is the button
Seat 5: simper11 ($152.76 in chips)
Seat 10: barranqueiro ($199.47 in chips)
simper11: posts small blind $1
barranqueiro: posts big blind $3
*** HOLE CARDS ***
simper11: raises $3 to $6
barranqueiro: raises $3 to $9
simper11: calls $3
*** FLOP *** [4s 6s 3c]
barranqueiro: bets $3
simper11: calls $3
*** TURN *** [4s 6s 3c] [Qh]
barranqueiro: bets $6
simper11: calls $6
*** RIVER *** [4s 6s 3c Qh] [Kc]
barranqueiro: bets $6
simper11: calls $6
*** SHOW DOWN ***
barranqueiro: shows [Qc 5s] (a pair of Queens)
simper11: mucks hand
barranqueiro collected $47.50 from pot
*** SUMMARY ***
Total pot $48 | Rake $0.50
Board [4s 6s 3c Qh Kc]
Seat 5: simper11 (button) (small blind) mucked
Seat 10: barranqueiro (big blind) showed [Qc 5s] and won ($47.50) with a pair of Queens


PokerStars Hand #155156321620:  Hold'em Limit ($3/$6 USD) - 2016/06/24 18:03:30 ET
Table 'Sirona' 10-max Seat #5 is the button
Seat 5: simper11 ($120 in chips)
Seat 10: barranqueiro ($252.47 in chips)
simper11: posts small blind $1
barranqueiro: posts big blind $3
*** HOLE CARDS ***
simper11: raises $3 to $6
barranqueiro: raises $3 to $9
simper11: calls $3
*** FLOP *** [3s 6s 3c]
barranqueiro: bets $3
simper11: calls $3
*** TURN *** [3s 6s 3c] [8d]
barranqueiro: checks
simper11: checks
*** RIVER *** [3s 6s 3c 8d] [Ac]
barranqueiro: checks
simper11: checks
*** SHOW DOWN ***
barranqueiro: shows [5d As] (two pair, Aces and Threes)
simper11: mucks hand
barranqueiro collected $23.52 from pot
*** SUMMARY ***
Total pot $24 | Rake $0.48
Board [3s 6s 3c 8d Ac]
Seat 5: simper11 (button) (small blind) mucked
Seat 10: barranqueiro (big blind) showed [5d As] and won ($23.52) with two pair, Aces and Threes


PokerStars Hand #155156333889:  Hold'em Limit ($3/$6 USD) - 2016/06/24 18:03:48 ET
Table 'Sirona' 10-max Seat #10 is the button
Seat 5: simper11 ($120 in chips)
Seat 10: barranqueiro ($263.99 in chips)
barranqueiro: posts small blind $1
simper11: posts big blind $3
*** HOLE CARDS ***
barranqueiro: raises $3 to $6
simper11: raises $3 to $9
barranqueiro: calls $3
*** FLOP *** [Qd 5s Ts]
simper11: bets $3
barranqueiro: calls $3
*** TURN *** [Qd 5s Ts] [3d]
simper11: bets $6
barranqueiro: folds
Uncalled bet ($6) returned to simper11
simper11 collected $23.52 from pot
simper11: doesn't show hand
*** SUMMARY ***
Total pot $24 | Rake $0.48
Board [Qd 5s Ts 3d]
Seat 5: simper11 (big blind) collected ($23.52)
Seat 10: barranqueiro (button) (small blind) folded on the Turn


PokerStars Hand #155156358189:  Hold'em Limit ($3/$6 USD) - 2016/06/24 18:04:22 ET
Table 'Sirona' 10-max Seat #10 is the button
Seat 5: simper11 ($149.02 in chips)
Seat 10: barranqueiro ($233.99 in chips)
barranqueiro: posts small blind $1
simper11: posts big blind $3
*** HOLE CARDS ***
barranqueiro: folds
Uncalled bet ($2) returned to simper11
simper11 collected $2 from pot
simper11: doesn't show hand
*** SUMMARY ***
Total pot $2 | Rake $0
Seat 5: simper11 (big blind) collected ($2)
Seat 10: barranqueiro (button) (small blind) folded before Flop


PokerStars Hand #155156345841:  Hold'em Limit ($3/$6 USD) - 2016/06/24 18:04:05 ET
Table 'Sirona' 10-max Seat #5 is the button
Seat 5: simper11 ($131.52 in chips)
Seat 10: barranqueiro ($251.99 in chips)
simper11: posts small blind $1
barranqueiro: posts big blind $3
*** HOLE CARDS ***
simper11: raises $3 to $6
barranqueiro: raises $3 to $9
simper11: calls $3
*** FLOP *** [4c 4d Jh]
barranqueiro: bets $3
simper11: calls $3
*** TURN *** [4c 4d Jh] [2s]
barranqueiro: bets $6
simper11: calls $6
*** RIVER *** [4c 4d Jh 2s] [Ts]
barranqueiro: checks
simper11: checks
*** SHOW DOWN ***
barranqueiro: shows [6c Qc] (a pair of Fours)
simper11: shows [Ks 7h] (a pair of Fours - King kicker)
simper11 collected $35.50 from pot
*** SUMMARY ***
Total pot $36 | Rake $0.50
Board [4c 4d Jh 2s Ts]
Seat 5: simper11 (button) (small blind) showed [Ks 7h] and won ($35.50) with a pair of Fours
Seat 10: barranqueiro (big blind) showed [6c Qc] and lost with a pair of Fours


PokerStars Hand #155156366716:  Hold'em Limit ($3/$6 USD) - 2016/06/24 18:04:35 ET
Table 'Sirona' 10-max Seat #10 is the button
Seat 5: simper11 ($153.02 in chips)
Seat 10: barranqueiro ($229.99 in chips)
barranqueiro: posts small blind $1
simper11: posts big blind $3
*** HOLE CARDS ***
barranqueiro: raises $3 to $6
simper11: calls $3
*** FLOP *** [8d As 3s]
simper11: checks
barranqueiro: bets $3
simper11: folds
Uncalled bet ($3) returned to barranqueiro
barranqueiro collected $11.76 from pot
barranqueiro: doesn't show hand
*** SUMMARY ***
Total pot $12 | Rake $0.24
Board [8d As 3s]
Seat 5: simper11 (big blind) folded on the Flop
Seat 10: barranqueiro (button) (small blind) collected ($11.76)


PokerStars Hand #155156362456:  Hold'em Limit ($3/$6 USD) - 2016/06/24 18:04:29 ET
Table 'Sirona' 10-max Seat #5 is the button
Seat 5: simper11 ($150.02 in chips)
Seat 10: barranqueiro ($232.99 in chips)
simper11: posts small blind $1
barranqueiro: posts big blind $3
*** HOLE CARDS ***
simper11: raises $3 to $6
barranqueiro: folds
Uncalled bet ($3) returned to simper11
simper11 collected $6 from pot
simper11: doesn't show hand
*** SUMMARY ***
Total pot $6 | Rake $0
Seat 5: simper11 (button) (small blind) collected ($6)
Seat 10: barranqueiro (big blind) folded before Flop


PokerStars Hand #155156398682:  Hold'em Limit ($3/$6 USD) - 2016/06/24 18:05:20 ET
Table 'Sirona' 10-max Seat #5 is the button
Seat 5: simper11 ($152.53 in chips)
Seat 10: barranqueiro ($229.50 in chips)
simper11: posts small blind $1
barranqueiro: posts big blind $3
*** HOLE CARDS ***
simper11: folds
Uncalled bet ($2) returned to barranqueiro
barranqueiro collected $2 from pot
barranqueiro: doesn't show hand
*** SUMMARY ***
Total pot $2 | Rake $0
Seat 5: simper11 (button) (small blind) folded before Flop
Seat 10: barranqueiro (big blind) collected ($2)


PokerStars Hand #155156386972:  Hold'em Limit ($3/$6 USD) - 2016/06/24 18:05:03 ET
Table 'Sirona' 10-max Seat #10 is the button
Seat 5: simper11 ($146.77 in chips)
Seat 10: barranqueiro ($235.50 in chips)
barranqueiro: posts small blind $1
simper11: posts big blind $3
*** HOLE CARDS ***
Gektoradze joins the table at seat #4
barranqueiro: raises $3 to $6
simper11: calls $3
*** FLOP *** [Td Jc 8h]
simper11: checks
barranqueiro: checks
*** TURN *** [Td Jc 8h] [3d]
simper11: bets $6
barranqueiro: folds
Uncalled bet ($6) returned to simper11
simper11 collected $11.76 from pot
simper11: doesn't show hand
*** SUMMARY ***
Total pot $12 | Rake $0.24
Board [Td Jc 8h 3d]
Seat 5: simper11 (big blind) collected ($11.76)
Seat 10: barranqueiro (button) (small blind) folded on the Turn


PokerStars Hand #155156373583:  Hold'em Limit ($3/$6 USD) - 2016/06/24 18:04:44 ET
Table 'Sirona' 10-max Seat #5 is the button
Seat 5: simper11 ($147.02 in chips)
Seat 10: barranqueiro ($235.75 in chips)
simper11: posts small blind $1
barranqueiro: posts big blind $3
*** HOLE CARDS ***
simper11: raises $3 to $6
barranqueiro: calls $3
*** FLOP *** [5c Ts 4c]
barranqueiro: checks
simper11: bets $3
barranqueiro: raises $3 to $6
simper11: calls $3
*** TURN *** [5c Ts 4c] [7d]
barranqueiro: bets $6
simper11: calls $6
*** RIVER *** [5c Ts 4c 7d] [9c]
barranqueiro: checks
simper11: checks
*** SHOW DOWN ***
barranqueiro: shows [Qd 8c] (high card Queen)
simper11: shows [8s Qh] (high card Queen)
barranqueiro collected $17.75 from pot
simper11 collected $17.75 from pot
*** SUMMARY ***
Total pot $36 | Rake $0.50
Board [5c Ts 4c 7d 9c]
Seat 5: simper11 (button) (small blind) showed [8s Qh] and won ($17.75) with high card Queen
Seat 10: barranqueiro (big blind) showed [Qd 8c] and won ($17.75) with high card Queen


