PokerStars Hand #152021855234:  Hold'em Limit ($3/$6 USD) - 2016/04/16 19:44:23 ET
Table 'Sisyphus' 6-max Seat #5 is the button
Seat 2: bentinck113 ($45.01 in chips)
Seat 5: RaisemyNut$ ($339.30 in chips)
RaisemyNut$: posts small blind $1
MissEKAmouse: is sitting out
bentinck113: posts big blind $3
*** HOLE CARDS ***
RaisemyNut$: folds
Uncalled bet ($2) returned to bentinck113
bentinck113 collected $2 from pot
bentinck113: doesn't show hand
*** SUMMARY ***
Total pot $2 | Rake $0
Seat 2: bentinck113 (big blind) collected ($2)
Seat 5: RaisemyNut$ (button) (small blind) folded before Flop


PokerStars Hand #152021858286:  Hold'em Limit ($3/$6 USD) - 2016/04/16 19:44:28 ET
Table 'Sisyphus' 6-max Seat #2 is the button
Seat 2: bentinck113 ($46.01 in chips)
Seat 5: RaisemyNut$ ($338.30 in chips)
bentinck113: posts small blind $1
RaisemyNut$: posts big blind $3
*** HOLE CARDS ***
bentinck113: raises $3 to $6
RaisemyNut$: calls $3
*** FLOP *** [Jc 7d Kd]
RaisemyNut$: checks
bentinck113: bets $3
RaisemyNut$: folds
Uncalled bet ($3) returned to bentinck113
bentinck113 collected $11.76 from pot
bentinck113: doesn't show hand
*** SUMMARY ***
Total pot $12 | Rake $0.24
Board [Jc 7d Kd]
Seat 2: bentinck113 (button) (small blind) collected ($11.76)
Seat 5: RaisemyNut$ (big blind) folded on the Flop


