PokerStars Hand #147977253305:  Hold'em Limit ($3/$6 USD) - 2016/01/31 3:29:50 ET
Table 'Sitarski' 2-max Seat #2 is the button
Seat 1: hudecam ($39.50 in chips)
Seat 2: krossguard ($109.76 in chips)
krossguard: posts small blind $1
hudecam: posts big blind $3
*** HOLE CARDS ***
krossguard: raises $3 to $6
hudecam: calls $3
*** FLOP *** [9s 5c 2h]
hudecam: checks
krossguard: bets $3
hudecam: folds
Uncalled bet ($3) returned to krossguard
krossguard collected $11.76 from pot
krossguard: doesn't show hand
hudecam leaves the table
*** SUMMARY ***
Total pot $12 | Rake $0.24
Board [9s 5c 2h]
Seat 1: hudecam (big blind) folded on the Flop
Seat 2: krossguard (button) (small blind) collected ($11.76)


PokerStars Hand #147977248018:  Hold'em Limit ($3/$6 USD) - 2016/01/31 3:29:37 ET
Table 'Sitarski' 2-max Seat #1 is the button
Seat 1: hudecam ($20 in chips)
Seat 2: krossguard ($129.76 in chips)
hudecam: posts small blind $1
krossguard: posts big blind $3
*** HOLE CARDS ***
hudecam: raises $3 to $6
krossguard: calls $3
*** FLOP *** [Ts 7d 8d]
krossguard: checks
hudecam: bets $3
krossguard: raises $3 to $6
hudecam: calls $3
*** TURN *** [Ts 7d 8d] [Qh]
krossguard: bets $6
hudecam: calls $6
*** RIVER *** [Ts 7d 8d Qh] [4h]
krossguard: bets $6
hudecam: calls $2 and is all-in
Uncalled bet ($4) returned to krossguard
*** SHOW DOWN ***
krossguard: shows [9c 5s] (high card Queen)
hudecam: shows [6s As] (high card Ace)
hudecam collected $39.50 from pot
*** SUMMARY ***
Total pot $40 | Rake $0.50
Board [Ts 7d 8d Qh 4h]
Seat 1: hudecam (button) (small blind) showed [6s As] and won ($39.50) with high card Ace
Seat 2: krossguard (big blind) showed [9c 5s] and lost with high card Queen


PokerStars Hand #147977245593:  Hold'em Limit ($3/$6 USD) - 2016/01/31 3:29:30 ET
Table 'Sitarski' 2-max Seat #2 is the button
Seat 1: hudecam ($23 in chips)
Seat 2: krossguard ($126.76 in chips)
krossguard: posts small blind $1
hudecam: posts big blind $3
*** HOLE CARDS ***
krossguard: raises $3 to $6
hudecam: folds
Uncalled bet ($3) returned to krossguard
krossguard collected $6 from pot
krossguard: doesn't show hand
*** SUMMARY ***
Total pot $6 | Rake $0
Seat 1: hudecam (big blind) folded before Flop
Seat 2: krossguard (button) (small blind) collected ($6)


PokerStars Hand #147977243940:  Hold'em Limit ($3/$6 USD) - 2016/01/31 3:29:26 ET
Table 'Sitarski' 2-max Seat #1 is the button
Seat 1: hudecam ($24 in chips)
Seat 2: krossguard ($125.76 in chips)
hudecam: posts small blind $1
krossguard: posts big blind $3
*** HOLE CARDS ***
hudecam: folds
Uncalled bet ($2) returned to krossguard
krossguard collected $2 from pot
krossguard: doesn't show hand
*** SUMMARY ***
Total pot $2 | Rake $0
Seat 1: hudecam (button) (small blind) folded before Flop
Seat 2: krossguard (big blind) collected ($2)


PokerStars Hand #147977240142:  Hold'em Limit ($3/$6 USD) - 2016/01/31 3:29:16 ET
Table 'Sitarski' 2-max Seat #2 is the button
Seat 1: hudecam ($30 in chips)
Seat 2: krossguard ($120 in chips)
krossguard: posts small blind $1
hudecam: posts big blind $3
*** HOLE CARDS ***
krossguard: raises $3 to $6
hudecam: calls $3
*** FLOP *** [9h Jd Tc]
hudecam: folds
krossguard collected $11.76 from pot
*** SUMMARY ***
Total pot $12 | Rake $0.24
Board [9h Jd Tc]
Seat 1: hudecam (big blind) folded on the Flop
Seat 2: krossguard (button) (small blind) collected ($11.76)


