PokerStars Hand #146904731123:  Hold'em Limit ($3/$6 USD) - 2016/01/12 6:51:13 ET
Table 'Sita' 6-max Seat #5 is the button
Seat 5: Simpiwe ($121 in chips)
Seat 6: B_loJkl ($149 in chips)
Simpiwe: posts small blind $1
B_loJkl: posts big blind $3
*** HOLE CARDS ***
Simpiwe: raises $3 to $6
B_loJkl: calls $3
*** FLOP *** [3s 5h 7h]
B_loJkl: checks
Simpiwe: checks
*** TURN *** [3s 5h 7h] [Jh]
B_loJkl: checks
Simpiwe: checks
*** RIVER *** [3s 5h 7h Jh] [2h]
B_loJkl: checks
Simpiwe: checks
*** SHOW DOWN ***
B_loJkl: shows [4d 4s] (a pair of Fours)
Simpiwe: mucks hand
B_loJkl collected $11.76 from pot
*** SUMMARY ***
Total pot $12 | Rake $0.24
Board [3s 5h 7h Jh 2h]
Seat 5: Simpiwe (button) (small blind) mucked
Seat 6: B_loJkl (big blind) showed [4d 4s] and won ($11.76) with a pair of Fours


PokerStars Hand #146907178170:  Hold'em Limit ($3/$6 USD) - 2016/01/12 8:01:05 ET
Table 'Sita' 6-max Seat #1 is the button
Seat 1: nicmct ($186.78 in chips)
Seat 4: Rmk1500 ($89.04 in chips)
B_loJkl will be allowed to play after the button
olavike will be allowed to play after the button
nicmct: posts small blind $1
HAL9QQQ: is sitting out
bentinck113: is sitting out
Rmk1500: posts big blind $3
*** HOLE CARDS ***
nicmct: raises $3 to $6
Rmk1500: raises $3 to $9
nicmct: calls $3
*** FLOP *** [7h 9c 7d]
bentinck113 leaves the table
Rmk1500: bets $3
nicmct: calls $3
*** TURN *** [7h 9c 7d] [3h]
Rmk1500: bets $6
nicmct: folds
Uncalled bet ($6) returned to Rmk1500
Rmk1500 collected $23.52 from pot
*** SUMMARY ***
Total pot $24 | Rake $0.48
Board [7h 9c 7d 3h]
Seat 1: nicmct (button) (small blind) folded on the Turn
Seat 4: Rmk1500 (big blind) collected ($23.52)


