PokerStars Hand #150849617908:  Hold'em Limit ($3/$6 USD) - 2016/03/24 9:55:53 ET
Table 'Sita II' 10-max Seat #6 is the button
Seat 1: piklas1971 ($36.53 in chips)
Seat 6: Rus29APX ($119.75 in chips)
Rus29APX: posts small blind $1
piklas1971: posts big blind $3
*** HOLE CARDS ***
Rus29APX: raises $3 to $6
piklas1971: calls $3
*** FLOP *** [5d 7s Kc]
Ale4o joins the table at seat #2
piklas1971: bets $3
Rus29APX: calls $3
*** TURN *** [5d 7s Kc] [8d]
piklas1971: bets $6
Rus29APX: raises $6 to $12
piklas1971: calls $6
*** RIVER *** [5d 7s Kc 8d] [As]
piklas1971: checks
Rus29APX: bets $6
piklas1971: folds
Uncalled bet ($6) returned to Rus29APX
Rus29APX collected $41.50 from pot
Rus29APX: doesn't show hand
*** SUMMARY ***
Total pot $42 | Rake $0.50
Board [5d 7s Kc 8d As]
Seat 1: piklas1971 (big blind) folded on the River
Seat 6: Rus29APX (button) (small blind) collected ($41.50)


PokerStars Hand #150849606709:  Hold'em Limit ($3/$6 USD) - 2016/03/24 9:55:32 ET
Table 'Sita II' 10-max Seat #1 is the button
Seat 1: piklas1971 ($36.78 in chips)
Seat 6: Rus29APX ($120 in chips)
piklas1971: posts small blind $1
Rus29APX: posts big blind $3
*** HOLE CARDS ***
piklas1971: calls $2
Rus29APX: raises $3 to $6
piklas1971: calls $3
*** FLOP *** [Js Ad Qh]
Rus29APX: bets $3
piklas1971: calls $3
*** TURN *** [Js Ad Qh] [Jc]
Rus29APX: checks
piklas1971: checks
*** RIVER *** [Js Ad Qh Jc] [Qd]
Rus29APX: checks
piklas1971: bets $6
Rus29APX: calls $6
*** SHOW DOWN ***
piklas1971: shows [5d 5s] (two pair, Queens and Jacks)
Rus29APX: shows [2h 2s] (two pair, Queens and Jacks)
Rus29APX collected $14.75 from pot
piklas1971 collected $14.75 from pot
*** SUMMARY ***
Total pot $30 | Rake $0.50
Board [Js Ad Qh Jc Qd]
Seat 1: piklas1971 (button) (small blind) showed [5d 5s] and won ($14.75) with two pair, Queens and Jacks
Seat 6: Rus29APX (big blind) showed [2h 2s] and won ($14.75) with two pair, Queens and Jacks


PokerStars Hand #150849634878:  Hold'em Limit ($3/$6 USD) - 2016/03/24 9:56:25 ET
Table 'Sita II' 10-max Seat #2 is the button
Seat 1: piklas1971 ($9.53 in chips)
Seat 2: Ale4o ($125.64 in chips)
Ale4o: posts small blind $1
Rus29APX: is sitting out
piklas1971: posts big blind $3
*** HOLE CARDS ***
Ale4o: raises $3 to $6
piklas1971: raises $3 to $9
Ale4o: raises $3 to $12
Betting is capped
piklas1971: calls $0.53 and is all-in
Uncalled bet ($2.47) returned to Ale4o
*** FLOP *** [Jd 7s Td]
*** TURN *** [Jd 7s Td] [Js]
*** RIVER *** [Jd 7s Td Js] [6d]
*** SHOW DOWN ***
piklas1971: shows [9c 5h] (a pair of Jacks)
Ale4o: shows [6s 7d] (two pair, Jacks and Sevens)
Ale4o collected $18.68 from pot
*** SUMMARY ***
Total pot $19.06 | Rake $0.38
Board [Jd 7s Td Js 6d]
Seat 1: piklas1971 (big blind) showed [9c 5h] and lost with a pair of Jacks
Seat 2: Ale4o (button) (small blind) showed [6s 7d] and won ($18.68) with two pair, Jacks and Sevens


PokerStars Hand #150850422430:  Hold'em Limit ($3/$6 USD) - 2016/03/24 10:17:21 ET
Table 'Sita II' 10-max Seat #5 is the button
Seat 5: freestyler85 ($120 in chips)
Seat 6: Rus29APX ($157.81 in chips)
freestyler85: posts small blind $1
Rus29APX: posts big blind $3
*** HOLE CARDS ***
freestyler85: raises $3 to $6
Rus29APX: calls $3
*** FLOP *** [8h Kd Ah]
Rus29APX: checks
freestyler85: bets $3
Rus29APX: folds
Uncalled bet ($3) returned to freestyler85
freestyler85 collected $11.76 from pot
freestyler85: doesn't show hand
*** SUMMARY ***
Total pot $12 | Rake $0.24
Board [8h Kd Ah]
Seat 5: freestyler85 (button) (small blind) collected ($11.76)
Seat 6: Rus29APX (big blind) folded on the Flop


