PokerStars Hand #153382894130:  Hold'em Limit ($3/$6 USD) - 2016/05/16 0:26:43 ET
Table 'Sita' 6-max Seat #4 is the button
Seat 2: rocky 7 ($184.61 in chips)
Seat 4: JACKan_11 ($226.32 in chips)
JACKan_11: posts small blind $1
$polu4atel*$: is sitting out
rocky 7: posts big blind $3
*** HOLE CARDS ***
$polu4atel*$ leaves the table
JACKan_11: raises $3 to $6
rocky 7: calls $3
*** FLOP *** [Qh 8h 2c]
rocky 7: checks
JACKan_11: bets $3
rocky 7: calls $3
*** TURN *** [Qh 8h 2c] [9c]
rocky 7: checks
JACKan_11: checks
*** RIVER *** [Qh 8h 2c 9c] [Qc]
rocky 7: checks
JACKan_11: bets $6
rocky 7: calls $6
*** SHOW DOWN ***
JACKan_11: shows [6d 8d] (two pair, Queens and Eights)
rocky 7: mucks hand
JACKan_11 collected $29.50 from pot
*** SUMMARY ***
Total pot $30 | Rake $0.50
Board [Qh 8h 2c 9c Qc]
Seat 2: rocky 7 (big blind) mucked
Seat 4: JACKan_11 (button) (small blind) showed [6d 8d] and won ($29.50) with two pair, Queens and Eights


PokerStars Hand #153384466107:  Hold'em Limit ($3/$6 USD) - 2016/05/16 2:19:45 ET
Table 'Sita' 6-max Seat #4 is the button
Seat 3: GGCYBERSTAR ($123.96 in chips)
Seat 4: Agrotait ($72 in chips)
Agrotait: posts small blind $1
GGCYBERSTAR: posts big blind $3
*** HOLE CARDS ***
Agrotait: raises $3 to $6
GGCYBERSTAR: folds
Uncalled bet ($3) returned to Agrotait
Agrotait collected $6 from pot
Agrotait: doesn't show hand
*** SUMMARY ***
Total pot $6 | Rake $0
Seat 3: GGCYBERSTAR (big blind) folded before Flop
Seat 4: Agrotait (button) (small blind) collected ($6)


PokerStars Hand #153384451059:  Hold'em Limit ($3/$6 USD) - 2016/05/16 2:18:42 ET
Table 'Sita' 6-max Seat #3 is the button
Seat 3: GGCYBERSTAR ($103.46 in chips)
Seat 4: Agrotait ($72 in chips)
GGCYBERSTAR: posts small blind $1
Agrotait: posts big blind $3
*** HOLE CARDS ***
GGCYBERSTAR: calls $2
Agrotait: checks
*** FLOP *** [3s 5c As]
Agrotait: bets $3
GGCYBERSTAR: raises $3 to $6
Agrotait: calls $3
*** TURN *** [3s 5c As] [Kc]
Agrotait: checks
GGCYBERSTAR: bets $6
Agrotait: calls $6
*** RIVER *** [3s 5c As Kc] [Qh]
Agrotait: checks
GGCYBERSTAR: bets $6
Agrotait: calls $6
*** SHOW DOWN ***
GGCYBERSTAR: shows [Ad 4d] (a pair of Aces)
Agrotait: mucks hand
GGCYBERSTAR collected $41.50 from pot
*** SUMMARY ***
Total pot $42 | Rake $0.50
Board [3s 5c As Kc Qh]
Seat 3: GGCYBERSTAR (button) (small blind) showed [Ad 4d] and won ($41.50) with a pair of Aces
Seat 4: Agrotait (big blind) mucked


PokerStars Hand #153384467945:  Hold'em Limit ($3/$6 USD) - 2016/05/16 2:19:52 ET
Table 'Sita' 6-max Seat #3 is the button
Seat 3: GGCYBERSTAR ($120.96 in chips)
Seat 4: Agrotait ($75 in chips)
GGCYBERSTAR: posts small blind $1
Agrotait: posts big blind $3
*** HOLE CARDS ***
GGCYBERSTAR: calls $2
Agrotait: raises $3 to $6
GGCYBERSTAR: calls $3
*** FLOP *** [5d 9d Th]
Agrotait: bets $3
GGCYBERSTAR: folds
Uncalled bet ($3) returned to Agrotait
Agrotait collected $11.76 from pot
Agrotait: doesn't show hand
*** SUMMARY ***
Total pot $12 | Rake $0.24
Board [5d 9d Th]
Seat 3: GGCYBERSTAR (button) (small blind) folded on the Flop
Seat 4: Agrotait (big blind) collected ($11.76)


PokerStars Hand #153384488908:  Hold'em Limit ($3/$6 USD) - 2016/05/16 2:21:21 ET
Table 'Sita' 6-max Seat #3 is the button
Seat 3: GGCYBERSTAR ($135.46 in chips)
Seat 4: Agrotait ($72 in chips)
GGCYBERSTAR: posts small blind $1
Agrotait: posts big blind $3
*** HOLE CARDS ***
Ag3r0n joins the table at seat #6
GGCYBERSTAR: folds
Uncalled bet ($2) returned to Agrotait
Agrotait collected $2 from pot
Agrotait: doesn't show hand
GGCYBERSTAR leaves the table
*** SUMMARY ***
Total pot $2 | Rake $0
Seat 3: GGCYBERSTAR (button) (small blind) folded before Flop
Seat 4: Agrotait (big blind) collected ($2)


PokerStars Hand #153384472828:  Hold'em Limit ($3/$6 USD) - 2016/05/16 2:20:13 ET
Table 'Sita' 6-max Seat #4 is the button
Seat 3: GGCYBERSTAR ($114.96 in chips)
Seat 4: Agrotait ($80.76 in chips)
Agrotait: posts small blind $1
GGCYBERSTAR: posts big blind $3
*** HOLE CARDS ***
Agrotait: raises $3 to $6
GGCYBERSTAR: calls $3
*** FLOP *** [Qs 6s 5s]
GGCYBERSTAR: bets $3
Agrotait: calls $3
*** TURN *** [Qs 6s 5s] [5c]
GGCYBERSTAR: bets $6
Agrotait: calls $6
*** RIVER *** [Qs 6s 5s 5c] [6h]
GGCYBERSTAR: checks
Agrotait: bets $6
GGCYBERSTAR: calls $6
*** SHOW DOWN ***
Agrotait: shows [Jd Ts] (two pair, Sixes and Fives)
GGCYBERSTAR: shows [8d Qd] (two pair, Queens and Sixes)
GGCYBERSTAR collected $41.50 from pot
*** SUMMARY ***
Total pot $42 | Rake $0.50
Board [Qs 6s 5s 5c 6h]
Seat 3: GGCYBERSTAR (big blind) showed [8d Qd] and won ($41.50) with two pair, Queens and Sixes
Seat 4: Agrotait (button) (small blind) showed [Jd Ts] and lost with two pair, Sixes and Fives


PokerStars Hand #153384491951:  Hold'em Limit ($3/$6 USD) - 2016/05/16 2:21:33 ET
Table 'Sita' 6-max Seat #6 is the button
Seat 4: Agrotait ($72 in chips)
Seat 6: Ag3r0n ($73 in chips)
Ag3r0n: posts small blind $1
Agrotait: posts big blind $3
*** HOLE CARDS ***
Ag3r0n: folds
Uncalled bet ($2) returned to Agrotait
Agrotait collected $2 from pot
Agrotait: doesn't show hand
*** SUMMARY ***
Total pot $2 | Rake $0
Seat 4: Agrotait (big blind) collected ($2)
Seat 6: Ag3r0n (button) (small blind) folded before Flop


PokerStars Hand #153384490411:  Hold'em Limit ($3/$6 USD) - 2016/05/16 2:21:27 ET
Table 'Sita' 6-max Seat #4 is the button
Seat 4: Agrotait ($73 in chips)
Seat 6: Ag3r0n ($72 in chips)
Agrotait: posts small blind $1
Ag3r0n: posts big blind $3
*** HOLE CARDS ***
Agrotait: folds
Uncalled bet ($2) returned to Ag3r0n
Ag3r0n collected $2 from pot
*** SUMMARY ***
Total pot $2 | Rake $0
Seat 4: Agrotait (button) (small blind) folded before Flop
Seat 6: Ag3r0n (big blind) collected ($2)


