PokerStars Hand #147119839235:  Hold'em Limit ($3/$6 USD) - 2016/01/16 2:23:53 ET
Table 'Sita II' 6-max Seat #1 is the button
Seat 1: Paulllchen ($114.46 in chips)
Seat 3: Masqb ($122.97 in chips)
Paulllchen: posts small blind $1
Masqb: posts big blind $3
*** HOLE CARDS ***
Paulllchen: folds
Uncalled bet ($2) returned to Masqb
Masqb collected $2 from pot
Masqb: doesn't show hand
*** SUMMARY ***
Total pot $2 | Rake $0
Seat 1: Paulllchen (button) (small blind) folded before Flop
Seat 3: Masqb (big blind) collected ($2)


PokerStars Hand #147119842802:  Hold'em Limit ($3/$6 USD) - 2016/01/16 2:24:04 ET
Table 'Sita II' 6-max Seat #3 is the button
Seat 1: Paulllchen ($113.46 in chips)
Seat 3: Masqb ($123.97 in chips)
Masqb: posts small blind $1
Paulllchen: posts big blind $3
*** HOLE CARDS ***
Masqb: raises $3 to $6
Paulllchen: folds
Uncalled bet ($3) returned to Masqb
Masqb collected $6 from pot
Masqb: doesn't show hand
*** SUMMARY ***
Total pot $6 | Rake $0
Seat 1: Paulllchen (big blind) folded before Flop
Seat 3: Masqb (button) (small blind) collected ($6)


PokerStars Hand #147119854297:  Hold'em Limit ($3/$6 USD) - 2016/01/16 2:24:40 ET
Table 'Sita II' 6-max Seat #3 is the button
Seat 1: Paulllchen ($101.46 in chips)
Seat 3: Masqb ($135.61 in chips)
Masqb: posts small blind $1
Paulllchen: posts big blind $3
*** HOLE CARDS ***
Masqb: raises $3 to $6
Paulllchen: folds
Uncalled bet ($3) returned to Masqb
Masqb collected $6 from pot
Masqb: doesn't show hand
*** SUMMARY ***
Total pot $6 | Rake $0
Seat 1: Paulllchen (big blind) folded before Flop
Seat 3: Masqb (button) (small blind) collected ($6)


PokerStars Hand #147119856469:  Hold'em Limit ($3/$6 USD) - 2016/01/16 2:24:47 ET
Table 'Sita II' 6-max Seat #1 is the button
Seat 1: Paulllchen ($98.46 in chips)
Seat 3: Masqb ($138.61 in chips)
Paulllchen: posts small blind $1
Masqb: posts big blind $3
*** HOLE CARDS ***
Paulllchen: folds
Uncalled bet ($2) returned to Masqb
Masqb collected $2 from pot
Masqb: doesn't show hand
*** SUMMARY ***
Total pot $2 | Rake $0
Seat 1: Paulllchen (button) (small blind) folded before Flop
Seat 3: Masqb (big blind) collected ($2)


PokerStars Hand #147119858059:  Hold'em Limit ($3/$6 USD) - 2016/01/16 2:24:52 ET
Table 'Sita II' 6-max Seat #3 is the button
Seat 1: Paulllchen ($97.46 in chips)
Seat 3: Masqb ($139.61 in chips)
Masqb: posts small blind $1
Paulllchen: posts big blind $3
*** HOLE CARDS ***
Masqb: raises $3 to $6
Paulllchen: folds
Uncalled bet ($3) returned to Masqb
Masqb collected $6 from pot
Masqb: doesn't show hand
*** SUMMARY ***
Total pot $6 | Rake $0
Seat 1: Paulllchen (big blind) folded before Flop
Seat 3: Masqb (button) (small blind) collected ($6)


PokerStars Hand #147119872896:  Hold'em Limit ($3/$6 USD) - 2016/01/16 2:25:39 ET
Table 'Sita II' 6-max Seat #3 is the button
Seat 1: Paulllchen ($114.96 in chips)
Seat 3: Masqb ($121.61 in chips)
Masqb: posts small blind $1
Paulllchen: posts big blind $3
*** HOLE CARDS ***
Masqb: raises $3 to $6
Paulllchen: folds
Uncalled bet ($3) returned to Masqb
Masqb collected $6 from pot
Masqb: doesn't show hand
*** SUMMARY ***
Total pot $6 | Rake $0
Seat 1: Paulllchen (big blind) folded before Flop
Seat 3: Masqb (button) (small blind) collected ($6)


PokerStars Hand #147119860485:  Hold'em Limit ($3/$6 USD) - 2016/01/16 2:25:00 ET
Table 'Sita II' 6-max Seat #1 is the button
Seat 1: Paulllchen ($94.46 in chips)
Seat 3: Masqb ($142.61 in chips)
Paulllchen: posts small blind $1
Masqb: posts big blind $3
*** HOLE CARDS ***
Paulllchen: raises $3 to $6
Masqb: raises $3 to $9
Paulllchen: calls $3
*** FLOP *** [3s 4c 8s]
Masqb: bets $3
Paulllchen: raises $3 to $6
Masqb: calls $3
*** TURN *** [3s 4c 8s] [2d]
Masqb: checks
Paulllchen: bets $6
Masqb: calls $6
*** RIVER *** [3s 4c 8s 2d] [Kc]
Masqb: checks
Paulllchen: bets $6
Masqb: folds
Uncalled bet ($6) returned to Paulllchen
Paulllchen collected $41.50 from pot
*** SUMMARY ***
Total pot $42 | Rake $0.50
Board [3s 4c 8s 2d Kc]
Seat 1: Paulllchen (button) (small blind) collected ($41.50)
Seat 3: Masqb (big blind) folded on the River


PokerStars Hand #147119875431:  Hold'em Limit ($3/$6 USD) - 2016/01/16 2:25:47 ET
Table 'Sita II' 6-max Seat #1 is the button
Seat 1: Paulllchen ($111.96 in chips)
Seat 3: Masqb ($124.61 in chips)
Paulllchen: posts small blind $1
Masqb: posts big blind $3
*** HOLE CARDS ***
Paulllchen: calls $2
Masqb: checks
*** FLOP *** [8d 4s Ac]
Masqb: checks
Paulllchen: bets $3
Masqb: folds
Uncalled bet ($3) returned to Paulllchen
Paulllchen collected $5.88 from pot
*** SUMMARY ***
Total pot $6 | Rake $0.12
Board [8d 4s Ac]
Seat 1: Paulllchen (button) (small blind) collected ($5.88)
Seat 3: Masqb (big blind) folded on the Flop


PokerStars Hand #147119883157:  Hold'em Limit ($3/$6 USD) - 2016/01/16 2:26:11 ET
Table 'Sita II' 6-max Seat #1 is the button
Seat 1: Paulllchen ($115.84 in chips)
Seat 3: Masqb ($120.61 in chips)
Paulllchen: posts small blind $1
Masqb: posts big blind $3
*** HOLE CARDS ***
Paulllchen: folds
Uncalled bet ($2) returned to Masqb
Masqb collected $2 from pot
Masqb: doesn't show hand
*** SUMMARY ***
Total pot $2 | Rake $0
Seat 1: Paulllchen (button) (small blind) folded before Flop
Seat 3: Masqb (big blind) collected ($2)


PokerStars Hand #147119881734:  Hold'em Limit ($3/$6 USD) - 2016/01/16 2:26:07 ET
Table 'Sita II' 6-max Seat #3 is the button
Seat 1: Paulllchen ($114.84 in chips)
Seat 3: Masqb ($121.61 in chips)
Masqb: posts small blind $1
Paulllchen: posts big blind $3
*** HOLE CARDS ***
Masqb: folds
Uncalled bet ($2) returned to Paulllchen
Paulllchen collected $2 from pot
*** SUMMARY ***
Total pot $2 | Rake $0
Seat 1: Paulllchen (big blind) collected ($2)
Seat 3: Masqb (button) (small blind) folded before Flop


PokerStars Hand #147119884809:  Hold'em Limit ($3/$6 USD) - 2016/01/16 2:26:17 ET
Table 'Sita II' 6-max Seat #3 is the button
Seat 1: Paulllchen ($114.84 in chips)
Seat 3: Masqb ($121.61 in chips)
Masqb: posts small blind $1
Paulllchen: posts big blind $3
*** HOLE CARDS ***
Masqb: raises $3 to $6
Paulllchen: calls $3
*** FLOP *** [6s 9c 8h]
Paulllchen: checks
Masqb: bets $3
Paulllchen: folds
Uncalled bet ($3) returned to Masqb
Masqb collected $11.76 from pot
Masqb: doesn't show hand
*** SUMMARY ***
Total pot $12 | Rake $0.24
Board [6s 9c 8h]
Seat 1: Paulllchen (big blind) folded on the Flop
Seat 3: Masqb (button) (small blind) collected ($11.76)


PokerStars Hand #147119893491:  Hold'em Limit ($3/$6 USD) - 2016/01/16 2:26:44 ET
Table 'Sita II' 6-max Seat #1 is the button
Seat 1: Paulllchen ($108.84 in chips)
Seat 3: Masqb ($127.37 in chips)
Paulllchen: posts small blind $1
Masqb: posts big blind $3
*** HOLE CARDS ***
Paulllchen: folds
Uncalled bet ($2) returned to Masqb
Masqb collected $2 from pot
Masqb: doesn't show hand
*** SUMMARY ***
Total pot $2 | Rake $0
Seat 1: Paulllchen (button) (small blind) folded before Flop
Seat 3: Masqb (big blind) collected ($2)


PokerStars Hand #147119892024:  Hold'em Limit ($3/$6 USD) - 2016/01/16 2:26:39 ET
Table 'Sita II' 6-max Seat #3 is the button
Seat 1: Paulllchen ($107.84 in chips)
Seat 3: Masqb ($128.37 in chips)
Masqb: posts small blind $1
Paulllchen: posts big blind $3
*** HOLE CARDS ***
Masqb: folds
Uncalled bet ($2) returned to Paulllchen
Paulllchen collected $2 from pot
*** SUMMARY ***
Total pot $2 | Rake $0
Seat 1: Paulllchen (big blind) collected ($2)
Seat 3: Masqb (button) (small blind) folded before Flop


PokerStars Hand #147119890520:  Hold'em Limit ($3/$6 USD) - 2016/01/16 2:26:34 ET
Table 'Sita II' 6-max Seat #1 is the button
Seat 1: Paulllchen ($108.84 in chips)
Seat 3: Masqb ($127.37 in chips)
Paulllchen: posts small blind $1
Masqb: posts big blind $3
*** HOLE CARDS ***
Paulllchen: folds
Uncalled bet ($2) returned to Masqb
Masqb collected $2 from pot
Masqb: doesn't show hand
*** SUMMARY ***
Total pot $2 | Rake $0
Seat 1: Paulllchen (button) (small blind) folded before Flop
Seat 3: Masqb (big blind) collected ($2)


PokerStars Hand #147119895000:  Hold'em Limit ($3/$6 USD) - 2016/01/16 2:26:49 ET
Table 'Sita II' 6-max Seat #3 is the button
Seat 1: Paulllchen ($107.84 in chips)
Seat 3: Masqb ($128.37 in chips)
Masqb: posts small blind $1
Paulllchen: posts big blind $3
*** HOLE CARDS ***
Masqb: raises $3 to $6
Paulllchen: calls $3
*** FLOP *** [Th Td 3s]
Paulllchen: bets $3
Masqb: folds
Uncalled bet ($3) returned to Paulllchen
Paulllchen collected $11.76 from pot
*** SUMMARY ***
Total pot $12 | Rake $0.24
Board [Th Td 3s]
Seat 1: Paulllchen (big blind) collected ($11.76)
Seat 3: Masqb (button) (small blind) folded on the Flop


PokerStars Hand #147119900730:  Hold'em Limit ($3/$6 USD) - 2016/01/16 2:27:07 ET
Table 'Sita II' 6-max Seat #1 is the button
Seat 1: Paulllchen ($113.60 in chips)
Seat 3: Masqb ($122.37 in chips)
Paulllchen: posts small blind $1
Masqb: posts big blind $3
*** HOLE CARDS ***
Paulllchen: raises $3 to $6
Masqb: raises $3 to $9
Paulllchen: calls $3
*** FLOP *** [Td Ks 7c]
Masqb: bets $3
Paulllchen: raises $3 to $6
Masqb: calls $3
*** TURN *** [Td Ks 7c] [As]
Masqb: bets $6
Paulllchen: calls $6
*** RIVER *** [Td Ks 7c As] [9d]
Masqb: bets $6
Paulllchen: folds
Uncalled bet ($6) returned to Masqb
Masqb collected $41.50 from pot
Masqb: doesn't show hand
*** SUMMARY ***
Total pot $42 | Rake $0.50
Board [Td Ks 7c As 9d]
Seat 1: Paulllchen (button) (small blind) folded on the River
Seat 3: Masqb (big blind) collected ($41.50)


PokerStars Hand #147119911363:  Hold'em Limit ($3/$6 USD) - 2016/01/16 2:27:40 ET
Table 'Sita II' 6-max Seat #1 is the button
Seat 1: Paulllchen ($89.60 in chips)
Seat 3: Masqb ($145.87 in chips)
Paulllchen: posts small blind $1
Masqb: posts big blind $3
*** HOLE CARDS ***
Paulllchen: folds
Uncalled bet ($2) returned to Masqb
Masqb collected $2 from pot
Masqb: doesn't show hand
*** SUMMARY ***
Total pot $2 | Rake $0
Seat 1: Paulllchen (button) (small blind) folded before Flop
Seat 3: Masqb (big blind) collected ($2)


PokerStars Hand #147119909501:  Hold'em Limit ($3/$6 USD) - 2016/01/16 2:27:34 ET
Table 'Sita II' 6-max Seat #3 is the button
Seat 1: Paulllchen ($92.60 in chips)
Seat 3: Masqb ($142.87 in chips)
Masqb: posts small blind $1
Paulllchen: posts big blind $3
*** HOLE CARDS ***
Masqb: raises $3 to $6
Paulllchen: folds
Uncalled bet ($3) returned to Masqb
Masqb collected $6 from pot
Masqb: doesn't show hand
*** SUMMARY ***
Total pot $6 | Rake $0
Seat 1: Paulllchen (big blind) folded before Flop
Seat 3: Masqb (button) (small blind) collected ($6)


PokerStars Hand #147119923777:  Hold'em Limit ($3/$6 USD) - 2016/01/16 2:28:19 ET
Table 'Sita II' 6-max Seat #3 is the button
Seat 1: Paulllchen ($91.36 in chips)
Seat 3: Masqb ($143.87 in chips)
Masqb: posts small blind $1
Paulllchen: posts big blind $3
*** HOLE CARDS ***
Masqb: raises $3 to $6
Paulllchen: folds
Uncalled bet ($3) returned to Masqb
Masqb collected $6 from pot
Masqb: doesn't show hand
*** SUMMARY ***
Total pot $6 | Rake $0
Seat 1: Paulllchen (big blind) folded before Flop
Seat 3: Masqb (button) (small blind) collected ($6)


PokerStars Hand #147119915806:  Hold'em Limit ($3/$6 USD) - 2016/01/16 2:27:54 ET
Table 'Sita II' 6-max Seat #1 is the button
Seat 1: Paulllchen ($85.60 in chips)
Seat 3: Masqb ($149.87 in chips)
Paulllchen: posts small blind $1
Masqb: posts big blind $3
*** HOLE CARDS ***
Paulllchen: raises $3 to $6
Masqb: calls $3
*** FLOP *** [3c Th Td]
Masqb: checks
Paulllchen: checks
*** TURN *** [3c Th Td] [4h]
Masqb: checks
Paulllchen: bets $6
Masqb: folds
Uncalled bet ($6) returned to Paulllchen
Paulllchen collected $11.76 from pot
*** SUMMARY ***
Total pot $12 | Rake $0.24
Board [3c Th Td 4h]
Seat 1: Paulllchen (button) (small blind) collected ($11.76)
Seat 3: Masqb (big blind) folded on the Turn


PokerStars Hand #147119913075:  Hold'em Limit ($3/$6 USD) - 2016/01/16 2:27:46 ET
Table 'Sita II' 6-max Seat #3 is the button
Seat 1: Paulllchen ($88.60 in chips)
Seat 3: Masqb ($146.87 in chips)
Masqb: posts small blind $1
Paulllchen: posts big blind $3
*** HOLE CARDS ***
Masqb: raises $3 to $6
Paulllchen: folds
Uncalled bet ($3) returned to Masqb
Masqb collected $6 from pot
Masqb: doesn't show hand
*** SUMMARY ***
Total pot $6 | Rake $0
Seat 1: Paulllchen (big blind) folded before Flop
Seat 3: Masqb (button) (small blind) collected ($6)


PokerStars Hand #147119927449:  Hold'em Limit ($3/$6 USD) - 2016/01/16 2:28:31 ET
Table 'Sita II' 6-max Seat #3 is the button
Seat 1: Paulllchen ($87.36 in chips)
Seat 3: Masqb ($147.87 in chips)
Masqb: posts small blind $1
Paulllchen: posts big blind $3
*** HOLE CARDS ***
Masqb: raises $3 to $6
Paulllchen: calls $3
*** FLOP *** [7c Qs Ac]
Paulllchen: bets $3
Masqb: calls $3
*** TURN *** [7c Qs Ac] [Jh]
Paulllchen: bets $6
Masqb: calls $6
*** RIVER *** [7c Qs Ac Jh] [Ks]
Paulllchen: bets $6
Masqb: calls $6
*** SHOW DOWN ***
Paulllchen: shows [Qc Td] (a straight, Ten to Ace)
Masqb: mucks hand
Paulllchen collected $41.50 from pot
*** SUMMARY ***
Total pot $42 | Rake $0.50
Board [7c Qs Ac Jh Ks]
Seat 1: Paulllchen (big blind) showed [Qc Td] and won ($41.50) with a straight, Ten to Ace
Seat 3: Masqb (button) (small blind) mucked


PokerStars Hand #147119941208:  Hold'em Limit ($3/$6 USD) - 2016/01/16 2:29:14 ET
Table 'Sita II' 6-max Seat #3 is the button
Seat 1: Paulllchen ($113.62 in chips)
Seat 3: Masqb ($120.87 in chips)
Masqb: posts small blind $1
Paulllchen: posts big blind $3
*** HOLE CARDS ***
Masqb: folds
Uncalled bet ($2) returned to Paulllchen
Paulllchen collected $2 from pot
*** SUMMARY ***
Total pot $2 | Rake $0
Seat 1: Paulllchen (big blind) collected ($2)
Seat 3: Masqb (button) (small blind) folded before Flop


PokerStars Hand #147119952494:  Hold'em Limit ($3/$6 USD) - 2016/01/16 2:29:50 ET
Table 'Sita II' 6-max Seat #3 is the button
Seat 1: Paulllchen ($141.12 in chips)
Seat 3: Masqb ($92.87 in chips)
Masqb: posts small blind $1
Paulllchen: posts big blind $3
*** HOLE CARDS ***
Masqb: raises $3 to $6
Paulllchen: calls $3
*** FLOP *** [5d 3h 8s]
Paulllchen: checks
Masqb: bets $3
Paulllchen: folds
Uncalled bet ($3) returned to Masqb
Masqb collected $11.76 from pot
Masqb: doesn't show hand
*** SUMMARY ***
Total pot $12 | Rake $0.24
Board [5d 3h 8s]
Seat 1: Paulllchen (big blind) folded on the Flop
Seat 3: Masqb (button) (small blind) collected ($11.76)


PokerStars Hand #147119942895:  Hold'em Limit ($3/$6 USD) - 2016/01/16 2:29:20 ET
Table 'Sita II' 6-max Seat #1 is the button
Seat 1: Paulllchen ($114.62 in chips)
Seat 3: Masqb ($119.87 in chips)
Paulllchen: posts small blind $1
Masqb: posts big blind $3
*** HOLE CARDS ***
Paulllchen: calls $2
Masqb: raises $3 to $6
Paulllchen: calls $3
*** FLOP *** [8h Qc 8c]
Masqb: bets $3
Paulllchen: raises $3 to $6
Masqb: raises $3 to $9
Paulllchen: calls $3
*** TURN *** [8h Qc 8c] [As]
Masqb: bets $6
Paulllchen: calls $6
*** RIVER *** [8h Qc 8c As] [Qd]
Masqb: checks
Paulllchen: bets $6
Masqb: calls $6
*** SHOW DOWN ***
Paulllchen: shows [Qh 7d] (a full house, Queens full of Eights)
Masqb: mucks hand
Paulllchen collected $53.50 from pot
*** SUMMARY ***
Total pot $54 | Rake $0.50
Board [8h Qc 8c As Qd]
Seat 1: Paulllchen (button) (small blind) showed [Qh 7d] and won ($53.50) with a full house, Queens full of Eights
Seat 3: Masqb (big blind) mucked


PokerStars Hand #147119957620:  Hold'em Limit ($3/$6 USD) - 2016/01/16 2:30:05 ET
Table 'Sita II' 6-max Seat #1 is the button
Seat 1: Paulllchen ($135.12 in chips)
Seat 3: Masqb ($98.63 in chips)
Paulllchen: posts small blind $1
Masqb: posts big blind $3
*** HOLE CARDS ***
Paulllchen: raises $3 to $6
Masqb: raises $3 to $9
Paulllchen: calls $3
*** FLOP *** [3s 6h 5d]
Masqb: bets $3
Paulllchen: calls $3
*** TURN *** [3s 6h 5d] [9h]
Masqb: checks
Paulllchen: bets $6
Masqb: calls $6
*** RIVER *** [3s 6h 5d 9h] [Kd]
Masqb: checks
Paulllchen: checks
*** SHOW DOWN ***
Masqb: shows [Jc Ad] (high card Ace)
Paulllchen: shows [4h 4d] (a pair of Fours)
Paulllchen collected $35.50 from pot
*** SUMMARY ***
Total pot $36 | Rake $0.50
Board [3s 6h 5d 9h Kd]
Seat 1: Paulllchen (button) (small blind) showed [4h 4d] and won ($35.50) with a pair of Fours
Seat 3: Masqb (big blind) showed [Jc Ad] and lost with high card Ace


PokerStars Hand #147119989111:  Hold'em Limit ($3/$6 USD) - 2016/01/16 2:31:44 ET
Table 'Sita II' 6-max Seat #1 is the button
Seat 1: Paulllchen ($128.62 in chips)
Seat 3: Masqb ($104.13 in chips)
Paulllchen: posts small blind $1
Masqb: posts big blind $3
*** HOLE CARDS ***
Paulllchen: raises $3 to $6
Masqb: calls $3
*** FLOP *** [Jh 3h Kh]
Masqb: checks
Paulllchen: bets $3
Masqb: calls $3
*** TURN *** [Jh 3h Kh] [8c]
Masqb: checks
Paulllchen: bets $6
Masqb: raises $6 to $12
Paulllchen: raises $6 to $18
Masqb: calls $6
*** RIVER *** [Jh 3h Kh 8c] [Qc]
Masqb: checks
Paulllchen: bets $6
Masqb: calls $6
*** SHOW DOWN ***
Paulllchen: shows [Kd Kc] (three of a kind, Kings)
Masqb: mucks hand
Paulllchen collected $65.50 from pot
*** SUMMARY ***
Total pot $66 | Rake $0.50
Board [Jh 3h Kh 8c Qc]
Seat 1: Paulllchen (button) (small blind) showed [Kd Kc] and won ($65.50) with three of a kind, Kings
Seat 3: Masqb (big blind) mucked


