PokerStars Hand #170510537137:  Hold'em Limit ($3/$6 USD) - 2017/05/16 16:40:30 ET
Table 'Sita II' 6-max Seat #1 is the button
Seat 1: solomonov.sm ($3.23 in chips)
Seat 4: Actionni13 ($150 in chips)
solomonov.sm: posts small blind $1
vestimokrec: is sitting out
Actionni13: posts big blind $3
*** HOLE CARDS ***
solomonov.sm: raises $0.23 to $3.23 and is all-in
vestimokrec leaves the table
Actionni13: calls $0.23
*** FLOP *** [9s Ts Kd]
*** TURN *** [9s Ts Kd] [2s]
*** RIVER *** [9s Ts Kd 2s] [7s]
*** SHOW DOWN ***
Actionni13: shows [Ah 4d] (high card Ace)
solomonov.sm: shows [8h Ks] (a flush, King high)
solomonov.sm collected $6.33 from pot
*** SUMMARY ***
Total pot $6.46 | Rake $0.13
Board [9s Ts Kd 2s 7s]
Seat 1: solomonov.sm (button) (small blind) showed [8h Ks] and won ($6.33) with a flush, King high
Seat 4: Actionni13 (big blind) showed [Ah 4d] and lost with high card Ace


PokerStars Hand #170510555500:  Hold'em Limit ($3/$6 USD) - 2017/05/16 16:40:50 ET
Table 'Sita II' 6-max Seat #4 is the button
Seat 1: solomonov.sm ($6.33 in chips)
Seat 4: Actionni13 ($150 in chips)
Actionni13: posts small blind $1
solomonov.sm: posts big blind $3
*** HOLE CARDS ***
Actionni13: folds
Uncalled bet ($2) returned to solomonov.sm
solomonov.sm collected $2 from pot
solomonov.sm: doesn't show hand
*** SUMMARY ***
Total pot $2 | Rake $0
Seat 1: solomonov.sm (big blind) collected ($2)
Seat 4: Actionni13 (button) (small blind) folded before Flop


PokerStars Hand #170510560601:  Hold'em Limit ($3/$6 USD) - 2017/05/16 16:40:56 ET
Table 'Sita II' 6-max Seat #1 is the button
Seat 1: solomonov.sm ($7.33 in chips)
Seat 4: Actionni13 ($150 in chips)
solomonov.sm: posts small blind $1
Actionni13: posts big blind $3
*** HOLE CARDS ***
solomonov.sm: raises $3 to $6
Actionni13: calls $3
*** FLOP *** [7d 3c Kd]
Actionni13: checks
solomonov.sm: bets $1.33 and is all-in
Actionni13: calls $1.33
*** TURN *** [7d 3c Kd] [4s]
*** RIVER *** [7d 3c Kd 4s] [3h]
*** SHOW DOWN ***
Actionni13: shows [7s 9d] (two pair, Sevens and Threes)
solomonov.sm: shows [Ah 8h] (a pair of Threes)
Actionni13 collected $14.37 from pot
*** SUMMARY ***
Total pot $14.66 | Rake $0.29
Board [7d 3c Kd 4s 3h]
Seat 1: solomonov.sm (button) (small blind) showed [Ah 8h] and lost with a pair of Threes
Seat 4: Actionni13 (big blind) showed [7s 9d] and won ($14.37) with two pair, Sevens and Threes


PokerStars Hand #170510748184:  Hold'em Limit ($3/$6 USD) - 2017/05/16 16:44:25 ET
Table 'Sita II' 6-max Seat #3 is the button
Seat 3: Jokkez 85 ($46.86 in chips)
Seat 4: Actionni13 ($174.54 in chips)
Jokkez 85: posts small blind $1
Actionni13: posts big blind $3
*** HOLE CARDS ***
Jokkez 85: folds
Uncalled bet ($2) returned to Actionni13
Actionni13 collected $2 from pot
Actionni13: doesn't show hand
*** SUMMARY ***
Total pot $2 | Rake $0
Seat 3: Jokkez 85 (button) (small blind) folded before Flop
Seat 4: Actionni13 (big blind) collected ($2)


PokerStars Hand #170510725574:  Hold'em Limit ($3/$6 USD) - 2017/05/16 16:43:59 ET
Table 'Sita II' 6-max Seat #4 is the button
Seat 3: Jokkez 85 ($64.86 in chips)
Seat 4: Actionni13 ($157.04 in chips)
Actionni13: posts small blind $1
Jokkez 85: posts big blind $3
*** HOLE CARDS ***
Actionni13: raises $3 to $6
Jokkez 85: calls $3
*** FLOP *** [4s 5s 4d]
Jokkez 85: checks
Actionni13: bets $3
Jokkez 85: raises $3 to $6
masterblstr8 joins the table at seat #5
Actionni13: calls $3
*** TURN *** [4s 5s 4d] [Qh]
Jokkez 85: checks
Actionni13: bets $6
Jokkez 85: calls $6
*** RIVER *** [4s 5s 4d Qh] [3c]
Jokkez 85: checks
Actionni13: bets $6
Jokkez 85: folds
Uncalled bet ($6) returned to Actionni13
Actionni13 collected $35.50 from pot
Actionni13: doesn't show hand
*** SUMMARY ***
Total pot $36 | Rake $0.50
Board [4s 5s 4d Qh 3c]
Seat 3: Jokkez 85 (big blind) folded on the River
Seat 4: Actionni13 (button) (small blind) collected ($35.50)


PokerStars Hand #170519072247:  Hold'em Limit ($3/$6 USD) - 2017/05/16 19:53:44 ET
Table 'Sita II' 6-max Seat #1 is the button
Seat 1: masterblstr8 ($94.64 in chips)
Seat 3: kusznak ($182.64 in chips)
masterblstr8: posts small blind $1
uho4186: is sitting out
kusznak: posts big blind $3
*** HOLE CARDS ***
masterblstr8: raises $3 to $6
kusznak: folds
Uncalled bet ($3) returned to masterblstr8
uho4186 leaves the table
masterblstr8 collected $6 from pot
masterblstr8: doesn't show hand
*** SUMMARY ***
Total pot $6 | Rake $0
Seat 1: masterblstr8 (button) (small blind) collected ($6)
Seat 3: kusznak (big blind) folded before Flop


