PokerStars Hand #164070367494:  Hold'em Limit ($3/$6 USD) - 2017/01/05 8:35:29 ET
Table 'Situla II' 6-max Seat #6 is the button
Seat 5: nordschrott ($42 in chips)
Seat 6: B_loJkl ($150 in chips)
B_loJkl: posts small blind $1
nordschrott: posts big blind $3
*** HOLE CARDS ***
B_loJkl: folds
Uncalled bet ($2) returned to nordschrott
nordschrott collected $2 from pot
*** SUMMARY ***
Total pot $2 | Rake $0
Seat 5: nordschrott (big blind) collected ($2)
Seat 6: B_loJkl (button) (small blind) folded before Flop


PokerStars Hand #164070377932:  Hold'em Limit ($3/$6 USD) - 2017/01/05 8:35:45 ET
Table 'Situla II' 6-max Seat #5 is the button
Seat 5: nordschrott ($43 in chips)
Seat 6: B_loJkl ($149 in chips)
nordschrott: posts small blind $1
B_loJkl: posts big blind $3
*** HOLE CARDS ***
nordschrott: calls $2
B_loJkl: raises $3 to $6
nordschrott: calls $3
*** FLOP *** [Qc 3s 6c]
B_loJkl: bets $3
nordschrott: raises $3 to $6
B_loJkl: raises $3 to $9
nordschrott: calls $3
*** TURN *** [Qc 3s 6c] [Ah]
B_loJkl: bets $6
nordschrott: calls $6
*** RIVER *** [Qc 3s 6c Ah] [9c]
B_loJkl: checks
nordschrott: checks
*** SHOW DOWN ***
B_loJkl: shows [Kd Kh] (a pair of Kings)
nordschrott: mucks hand
B_loJkl collected $41.50 from pot
*** SUMMARY ***
Total pot $42 | Rake $0.50
Board [Qc 3s 6c Ah 9c]
Seat 5: nordschrott (button) (small blind) mucked
Seat 6: B_loJkl (big blind) showed [Kd Kh] and won ($41.50) with a pair of Kings


PokerStars Hand #164070491490:  Hold'em Limit ($3/$6 USD) - 2017/01/05 8:38:44 ET
Table 'Situla II' 6-max Seat #3 is the button
Seat 3: sim5sim5 ($72 in chips)
Seat 6: B_loJkl ($222.81 in chips)
sim5sim5: posts small blind $1
B_loJkl: posts big blind $3
*** HOLE CARDS ***
sim5sim5: raises $3 to $6
B_loJkl: folds
Uncalled bet ($3) returned to sim5sim5
sim5sim5 collected $6 from pot
sim5sim5: doesn't show hand
*** SUMMARY ***
Total pot $6 | Rake $0
Seat 3: sim5sim5 (button) (small blind) collected ($6)
Seat 6: B_loJkl (big blind) folded before Flop


PokerStars Hand #164071517960:  Hold'em Limit ($3/$6 USD) - 2017/01/05 9:05:58 ET
Table 'Situla II' 6-max Seat #4 is the button
Seat 1: VolkovDmitri ($160 in chips)
Seat 4: B_loJkl ($163.70 in chips)
B_loJkl: posts small blind $1
VolkovDmitri: posts big blind $3
*** HOLE CARDS ***
B_loJkl: raises $3 to $6
kungsbjörn leaves the table
VolkovDmitri: calls $3
*** FLOP *** [Qd 9c Ac]
VolkovDmitri: checks
B_loJkl: bets $3
VolkovDmitri: calls $3
*** TURN *** [Qd 9c Ac] [7c]
VolkovDmitri: checks
B_loJkl: bets $6
VolkovDmitri: calls $6
*** RIVER *** [Qd 9c Ac 7c] [7h]
VolkovDmitri: checks
jagnaras joins the table at seat #6
B_loJkl: bets $6
VolkovDmitri: calls $6
*** SHOW DOWN ***
B_loJkl: shows [Qh 7s] (a full house, Sevens full of Queens)
VolkovDmitri: mucks hand
B_loJkl collected $41.50 from pot
*** SUMMARY ***
Total pot $42 | Rake $0.50
Board [Qd 9c Ac 7c 7h]
Seat 1: VolkovDmitri (big blind) mucked
Seat 4: B_loJkl (button) (small blind) showed [Qh 7s] and won ($41.50) with a full house, Sevens full of Queens


PokerStars Hand #164071554172:  Hold'em Limit ($3/$6 USD) - 2017/01/05 9:06:52 ET
Table 'Situla II' 6-max Seat #1 is the button
Seat 1: VolkovDmitri ($139 in chips)
Seat 4: B_loJkl ($184.20 in chips)
VolkovDmitri: posts small blind $1
B_loJkl: posts big blind $3
*** HOLE CARDS ***
VolkovDmitri: raises $3 to $6
B_loJkl: calls $3
*** FLOP *** [2s 9d 4s]
B_loJkl: checks
VolkovDmitri: bets $3
B_loJkl: calls $3
*** TURN *** [2s 9d 4s] [As]
B_loJkl: checks
VolkovDmitri: bets $6
RockKillerTY joins the table at seat #2
B_loJkl: raises $6 to $12
VolkovDmitri: calls $6
*** RIVER *** [2s 9d 4s As] [3s]
B_loJkl: checks
VolkovDmitri: checks
*** SHOW DOWN ***
B_loJkl: shows [5d Jd] (a straight, Ace to Five)
VolkovDmitri: mucks hand
B_loJkl collected $41.50 from pot
*** SUMMARY ***
Total pot $42 | Rake $0.50
Board [2s 9d 4s As 3s]
Seat 1: VolkovDmitri (button) (small blind) mucked
Seat 4: B_loJkl (big blind) showed [5d Jd] and won ($41.50) with a straight, Ace to Five


PokerStars Hand #164074000180:  Hold'em Limit ($3/$6 USD) - 2017/01/05 10:05:44 ET
Table 'Situla II' 6-max Seat #2 is the button
Seat 2: tedros404 ($164.56 in chips)
Seat 5: Bcsabi911 ($35.80 in chips)
tedros404: posts small blind $1
B_loJkl: is sitting out
Bcsabi911: posts big blind $3
*** HOLE CARDS ***
B_loJkl leaves the table
tedros404: calls $2
Bcsabi911: checks
*** FLOP *** [3s Qd Qc]
B_loJkl joins the table at seat #6
Bcsabi911: checks
tedros404: checks
*** TURN *** [3s Qd Qc] [Jh]
Bcsabi911: checks
tedros404: bets $6
Bcsabi911: folds
Uncalled bet ($6) returned to tedros404
tedros404 collected $5.88 from pot
tedros404: doesn't show hand
*** SUMMARY ***
Total pot $6 | Rake $0.12
Board [3s Qd Qc Jh]
Seat 2: tedros404 (button) (small blind) collected ($5.88)
Seat 5: Bcsabi911 (big blind) folded on the Turn


PokerStars Hand #164081282129:  Hold'em Limit ($3/$6 USD) - 2017/01/05 12:38:18 ET
Table 'Situla II' 6-max Seat #5 is the button
Seat 3: Great_Kang ($189.05 in chips)
Seat 5: parnishka11 ($35.76 in chips)
parnishka11: posts small blind $1
Apanage: is sitting out
Great_Kang: posts big blind $3
*** HOLE CARDS ***
Apanage leaves the table
parnishka11: folds
Uncalled bet ($2) returned to Great_Kang
Great_Kang collected $2 from pot
Great_Kang: doesn't show hand
*** SUMMARY ***
Total pot $2 | Rake $0
Seat 3: Great_Kang (big blind) collected ($2)
Seat 5: parnishka11 (button) (small blind) folded before Flop


PokerStars Hand #164081318865:  Hold'em Limit ($3/$6 USD) - 2017/01/05 12:39:00 ET
Table 'Situla II' 6-max Seat #5 is the button
Seat 3: Great_Kang ($187.81 in chips)
Seat 5: parnishka11 ($36.40 in chips)
parnishka11: posts small blind $1
Great_Kang: posts big blind $3
*** HOLE CARDS ***
parnishka11: raises $3 to $6
Great_Kang: calls $3
*** FLOP *** [3s Qc Kd]
Great_Kang: checks
parnishka11: bets $3
Great_Kang: calls $3
*** TURN *** [3s Qc Kd] [9c]
Great_Kang: checks
parnishka11: bets $6
Great_Kang: calls $6
*** RIVER *** [3s Qc Kd 9c] [9h]
Great_Kang: checks
parnishka11: bets $6
Great_Kang: calls $6
*** SHOW DOWN ***
parnishka11: shows [5d Ks] (two pair, Kings and Nines)
Great_Kang: mucks hand
parnishka11 collected $41.50 from pot
*** SUMMARY ***
Total pot $42 | Rake $0.50
Board [3s Qc Kd 9c 9h]
Seat 3: Great_Kang (big blind) mucked
Seat 5: parnishka11 (button) (small blind) showed [5d Ks] and won ($41.50) with two pair, Kings and Nines


PokerStars Hand #164081308854:  Hold'em Limit ($3/$6 USD) - 2017/01/05 12:38:49 ET
Table 'Situla II' 6-max Seat #3 is the button
Seat 3: Great_Kang ($182.05 in chips)
Seat 5: parnishka11 ($42.40 in chips)
Great_Kang: posts small blind $1
parnishka11: posts big blind $3
*** HOLE CARDS ***
Great_Kang: raises $3 to $6
parnishka11: calls $3
*** FLOP *** [Jd Qs 5h]
parnishka11: checks
Great_Kang: bets $3
parnishka11: folds
Uncalled bet ($3) returned to Great_Kang
Great_Kang collected $11.76 from pot
Great_Kang: doesn't show hand
*** SUMMARY ***
Total pot $12 | Rake $0.24
Board [Jd Qs 5h]
Seat 3: Great_Kang (button) (small blind) collected ($11.76)
Seat 5: parnishka11 (big blind) folded on the Flop


PokerStars Hand #164081304080:  Hold'em Limit ($3/$6 USD) - 2017/01/05 12:38:43 ET
Table 'Situla II' 6-max Seat #5 is the button
Seat 3: Great_Kang ($181.05 in chips)
Seat 5: parnishka11 ($43.40 in chips)
parnishka11: posts small blind $1
Great_Kang: posts big blind $3
*** HOLE CARDS ***
parnishka11: folds
Uncalled bet ($2) returned to Great_Kang
Great_Kang collected $2 from pot
Great_Kang: doesn't show hand
*** SUMMARY ***
Total pot $2 | Rake $0
Seat 3: Great_Kang (big blind) collected ($2)
Seat 5: parnishka11 (button) (small blind) folded before Flop


PokerStars Hand #164081290171:  Hold'em Limit ($3/$6 USD) - 2017/01/05 12:38:27 ET
Table 'Situla II' 6-max Seat #3 is the button
Seat 3: Great_Kang ($190.05 in chips)
Seat 5: parnishka11 ($34.76 in chips)
Great_Kang: posts small blind $1
parnishka11: posts big blind $3
*** HOLE CARDS ***
Great_Kang: raises $3 to $6
parnishka11: calls $3
*** FLOP *** [Kd 6s Jd]
parnishka11: checks
Great_Kang: bets $3
parnishka11: raises $3 to $6
Great_Kang: folds
Uncalled bet ($3) returned to parnishka11
parnishka11 collected $17.64 from pot
parnishka11: doesn't show hand
*** SUMMARY ***
Total pot $18 | Rake $0.36
Board [Kd 6s Jd]
Seat 3: Great_Kang (button) (small blind) folded on the Flop
Seat 5: parnishka11 (big blind) collected ($17.64)


PokerStars Hand #164081401758:  Hold'em Limit ($3/$6 USD) - 2017/01/05 12:40:23 ET
Table 'Situla II' 6-max Seat #5 is the button
Seat 3: Great_Kang ($164.57 in chips)
Seat 5: parnishka11 ($58.54 in chips)
parnishka11: posts small blind $1
Great_Kang: posts big blind $3
*** HOLE CARDS ***
parnishka11: folds
Uncalled bet ($2) returned to Great_Kang
Great_Kang collected $2 from pot
Great_Kang: doesn't show hand
*** SUMMARY ***
Total pot $2 | Rake $0
Seat 3: Great_Kang (big blind) collected ($2)
Seat 5: parnishka11 (button) (small blind) folded before Flop


PokerStars Hand #164081376192:  Hold'em Limit ($3/$6 USD) - 2017/01/05 12:39:54 ET
Table 'Situla II' 6-max Seat #3 is the button
Seat 3: Great_Kang ($173.57 in chips)
Seat 5: parnishka11 ($49.90 in chips)
Great_Kang: posts small blind $1
parnishka11: posts big blind $3
*** HOLE CARDS ***
Great_Kang: raises $3 to $6
parnishka11: calls $3
*** FLOP *** [Qh 9c 4c]
parnishka11: checks
Great_Kang: bets $3
parnishka11: raises $3 to $6
Great_Kang: folds
Uncalled bet ($3) returned to parnishka11
parnishka11 collected $17.64 from pot
parnishka11: doesn't show hand
*** SUMMARY ***
Total pot $18 | Rake $0.36
Board [Qh 9c 4c]
Seat 3: Great_Kang (button) (small blind) folded on the Flop
Seat 5: parnishka11 (big blind) collected ($17.64)


PokerStars Hand #164081371349:  Hold'em Limit ($3/$6 USD) - 2017/01/05 12:39:48 ET
Table 'Situla II' 6-max Seat #5 is the button
Seat 3: Great_Kang ($172.57 in chips)
Seat 5: parnishka11 ($50.90 in chips)
parnishka11: posts small blind $1
Great_Kang: posts big blind $3
*** HOLE CARDS ***
parnishka11: folds
Uncalled bet ($2) returned to Great_Kang
Great_Kang collected $2 from pot
Great_Kang: doesn't show hand
*** SUMMARY ***
Total pot $2 | Rake $0
Seat 3: Great_Kang (big blind) collected ($2)
Seat 5: parnishka11 (button) (small blind) folded before Flop


PokerStars Hand #164081340481:  Hold'em Limit ($3/$6 USD) - 2017/01/05 12:39:24 ET
Table 'Situla II' 6-max Seat #3 is the button
Seat 3: Great_Kang ($166.81 in chips)
Seat 5: parnishka11 ($56.90 in chips)
Great_Kang: posts small blind $1
parnishka11: posts big blind $3
*** HOLE CARDS ***
Great_Kang: raises $3 to $6
parnishka11: calls $3
*** FLOP *** [As Jd 2h]
parnishka11: checks
Great_Kang: checks
*** TURN *** [As Jd 2h] [9s]
parnishka11: checks
Great_Kang: checks
*** RIVER *** [As Jd 2h 9s] [8s]
parnishka11: checks
Great_Kang: checks
*** SHOW DOWN ***
parnishka11: shows [6c 7c] (high card Ace)
Great_Kang: shows [7h 7s] (a pair of Sevens)
Great_Kang collected $11.76 from pot
*** SUMMARY ***
Total pot $12 | Rake $0.24
Board [As Jd 2h 9s 8s]
Seat 3: Great_Kang (button) (small blind) showed [7h 7s] and won ($11.76) with a pair of Sevens
Seat 5: parnishka11 (big blind) showed [6c 7c] and lost with high card Ace


PokerStars Hand #164081454464:  Hold'em Limit ($3/$6 USD) - 2017/01/05 12:41:23 ET
Table 'Situla II' 6-max Seat #3 is the button
Seat 3: Great_Kang ($165.57 in chips)
Seat 6: MMM 22666 ($72 in chips)
Great_Kang: posts small blind $1
MMM 22666: posts big blind $3
*** HOLE CARDS ***
Great_Kang: raises $3 to $6
MMM 22666: calls $3
*** FLOP *** [5d Jh 2d]
MMM 22666: checks
Great_Kang: bets $3
MMM 22666: calls $3
*** TURN *** [5d Jh 2d] [8s]
MMM 22666: checks
Great_Kang: bets $6
MMM 22666: calls $6
*** RIVER *** [5d Jh 2d 8s] [Kd]
MMM 22666: checks
Great_Kang: bets $6
MMM 22666: calls $6
*** SHOW DOWN ***
Great_Kang: shows [8c Jc] (two pair, Jacks and Eights)
MMM 22666: mucks hand
Great_Kang collected $41.50 from pot
*** SUMMARY ***
Total pot $42 | Rake $0.50
Board [5d Jh 2d 8s Kd]
Seat 3: Great_Kang (button) (small blind) showed [8c Jc] and won ($41.50) with two pair, Jacks and Eights
Seat 6: MMM 22666 (big blind) mucked


PokerStars Hand #164081493707:  Hold'em Limit ($3/$6 USD) - 2017/01/05 12:42:07 ET
Table 'Situla II' 6-max Seat #3 is the button
Seat 3: Great_Kang ($183.07 in chips)
Seat 6: MMM 22666 ($54 in chips)
Great_Kang: posts small blind $1
MMM 22666: posts big blind $3
*** HOLE CARDS ***
Great_Kang: raises $3 to $6
MMM 22666: calls $3
*** FLOP *** [4s Qc 6c]
MMM 22666: checks
Great_Kang: bets $3
MMM 22666: calls $3
*** TURN *** [4s Qc 6c] [Td]
MMM 22666: checks
Great_Kang: checks
*** RIVER *** [4s Qc 6c Td] [2c]
MMM 22666: bets $6
Great_Kang: folds
Uncalled bet ($6) returned to MMM 22666
MMM 22666 collected $17.64 from pot
*** SUMMARY ***
Total pot $18 | Rake $0.36
Board [4s Qc 6c Td 2c]
Seat 3: Great_Kang (button) (small blind) folded on the River
Seat 6: MMM 22666 (big blind) collected ($17.64)


PokerStars Hand #164081488149:  Hold'em Limit ($3/$6 USD) - 2017/01/05 12:42:01 ET
Table 'Situla II' 6-max Seat #6 is the button
Seat 3: Great_Kang ($182.07 in chips)
Seat 6: MMM 22666 ($55 in chips)
MMM 22666: posts small blind $1
Great_Kang: posts big blind $3
*** HOLE CARDS ***
MMM 22666: folds
Uncalled bet ($2) returned to Great_Kang
Great_Kang collected $2 from pot
Great_Kang: doesn't show hand
*** SUMMARY ***
Total pot $2 | Rake $0
Seat 3: Great_Kang (big blind) collected ($2)
Seat 6: MMM 22666 (button) (small blind) folded before Flop


PokerStars Hand #164081482963:  Hold'em Limit ($3/$6 USD) - 2017/01/05 12:41:55 ET
Table 'Situla II' 6-max Seat #3 is the button
Seat 3: Great_Kang ($183.07 in chips)
Seat 6: MMM 22666 ($54 in chips)
Great_Kang: posts small blind $1
MMM 22666: posts big blind $3
*** HOLE CARDS ***
Great_Kang: folds
Uncalled bet ($2) returned to MMM 22666
MMM 22666 collected $2 from pot
*** SUMMARY ***
Total pot $2 | Rake $0
Seat 3: Great_Kang (button) (small blind) folded before Flop
Seat 6: MMM 22666 (big blind) collected ($2)


PokerStars Hand #164081473823:  Hold'em Limit ($3/$6 USD) - 2017/01/05 12:41:45 ET
Table 'Situla II' 6-max Seat #6 is the button
Seat 3: Great_Kang ($186.07 in chips)
Seat 6: MMM 22666 ($51 in chips)
MMM 22666: posts small blind $1
Great_Kang: posts big blind $3
*** HOLE CARDS ***
MMM 22666: raises $3 to $6
Great_Kang: folds
Uncalled bet ($3) returned to MMM 22666
MMM 22666 collected $6 from pot
MMM 22666: doesn't show hand
*** SUMMARY ***
Total pot $6 | Rake $0
Seat 3: Great_Kang (big blind) folded before Flop
Seat 6: MMM 22666 (button) (small blind) collected ($6)


PokerStars Hand #164081511997:  Hold'em Limit ($3/$6 USD) - 2017/01/05 12:42:28 ET
Table 'Situla II' 6-max Seat #6 is the button
Seat 3: Great_Kang ($174.07 in chips)
Seat 6: MMM 22666 ($62.64 in chips)
MMM 22666: posts small blind $1
Great_Kang: posts big blind $3
*** HOLE CARDS ***
MMM 22666: raises $3 to $6
parnishka11 leaves the table
Great_Kang: folds
Uncalled bet ($3) returned to MMM 22666
MMM 22666 collected $6 from pot
MMM 22666: doesn't show hand
*** SUMMARY ***
Total pot $6 | Rake $0
Seat 3: Great_Kang (big blind) folded before Flop
Seat 6: MMM 22666 (button) (small blind) collected ($6)


PokerStars Hand #164081530121:  Hold'em Limit ($3/$6 USD) - 2017/01/05 12:42:49 ET
Table 'Situla II' 6-max Seat #6 is the button
Seat 3: Great_Kang ($170.07 in chips)
Seat 6: MMM 22666 ($66.64 in chips)
MMM 22666: posts small blind $1
Great_Kang: posts big blind $3
*** HOLE CARDS ***
MMM 22666: calls $2
Great_Kang: checks
*** FLOP *** [5s 9d 2s]
Great_Kang: bets $3
MMM 22666: calls $3
*** TURN *** [5s 9d 2s] [Ad]
Great_Kang: bets $6
MMM 22666: calls $6
*** RIVER *** [5s 9d 2s Ad] [9c]
Great_Kang: bets $6
MMM 22666: calls $6
*** SHOW DOWN ***
Great_Kang: shows [9h Jc] (three of a kind, Nines)
MMM 22666: mucks hand
Great_Kang collected $35.50 from pot
*** SUMMARY ***
Total pot $36 | Rake $0.50
Board [5s 9d 2s Ad 9c]
Seat 3: Great_Kang (big blind) showed [9h Jc] and won ($35.50) with three of a kind, Nines
Seat 6: MMM 22666 (button) (small blind) mucked


PokerStars Hand #164081523983:  Hold'em Limit ($3/$6 USD) - 2017/01/05 12:42:42 ET
Table 'Situla II' 6-max Seat #3 is the button
Seat 3: Great_Kang ($171.07 in chips)
Seat 6: MMM 22666 ($65.64 in chips)
Great_Kang: posts small blind $1
MMM 22666: posts big blind $3
*** HOLE CARDS ***
Great_Kang: folds
Uncalled bet ($2) returned to MMM 22666
MMM 22666 collected $2 from pot
*** SUMMARY ***
Total pot $2 | Rake $0
Seat 3: Great_Kang (button) (small blind) folded before Flop
Seat 6: MMM 22666 (big blind) collected ($2)


PokerStars Hand #164081558798:  Hold'em Limit ($3/$6 USD) - 2017/01/05 12:43:21 ET
Table 'Situla II' 6-max Seat #3 is the button
Seat 3: Great_Kang ($187.57 in chips)
Seat 6: MMM 22666 ($48.64 in chips)
Great_Kang: posts small blind $1
MMM 22666: posts big blind $3
*** HOLE CARDS ***
Great_Kang: raises $3 to $6
MMM 22666: calls $3
*** FLOP *** [Qs Th 9d]
MMM 22666: checks
Great_Kang: bets $3
MMM 22666: raises $3 to $6
Great_Kang: calls $3
*** TURN *** [Qs Th 9d] [9h]
MMM 22666: checks
Great_Kang: checks
*** RIVER *** [Qs Th 9d 9h] [3s]
MMM 22666: bets $6
Great_Kang: folds
Uncalled bet ($6) returned to MMM 22666
MMM 22666 collected $23.52 from pot
*** SUMMARY ***
Total pot $24 | Rake $0.48
Board [Qs Th 9d 9h 3s]
Seat 3: Great_Kang (button) (small blind) folded on the River
Seat 6: MMM 22666 (big blind) collected ($23.52)


PokerStars Hand #164081585756:  Hold'em Limit ($3/$6 USD) - 2017/01/05 12:43:52 ET
Table 'Situla II' 6-max Seat #3 is the button
Seat 3: Great_Kang ($176.57 in chips)
Seat 6: MMM 22666 ($59.16 in chips)
Great_Kang: posts small blind $1
MMM 22666: posts big blind $3
*** HOLE CARDS ***
Great_Kang: folds
Uncalled bet ($2) returned to MMM 22666
MMM 22666 collected $2 from pot
*** SUMMARY ***
Total pot $2 | Rake $0
Seat 3: Great_Kang (button) (small blind) folded before Flop
Seat 6: MMM 22666 (big blind) collected ($2)


PokerStars Hand #164081580760:  Hold'em Limit ($3/$6 USD) - 2017/01/05 12:43:46 ET
Table 'Situla II' 6-max Seat #6 is the button
Seat 3: Great_Kang ($175.57 in chips)
Seat 6: MMM 22666 ($60.16 in chips)
MMM 22666: posts small blind $1
Great_Kang: posts big blind $3
*** HOLE CARDS ***
MMM 22666: folds
Uncalled bet ($2) returned to Great_Kang
Great_Kang collected $2 from pot
Great_Kang: doesn't show hand
*** SUMMARY ***
Total pot $2 | Rake $0
Seat 3: Great_Kang (big blind) collected ($2)
Seat 6: MMM 22666 (button) (small blind) folded before Flop


PokerStars Hand #164081590906:  Hold'em Limit ($3/$6 USD) - 2017/01/05 12:43:58 ET
Table 'Situla II' 6-max Seat #6 is the button
Seat 3: Great_Kang ($175.57 in chips)
Seat 6: MMM 22666 ($60.16 in chips)
MMM 22666: posts small blind $1
Great_Kang: posts big blind $3
*** HOLE CARDS ***
MMM 22666: calls $2
Great_Kang: checks
*** FLOP *** [Qd 7h 4s]
Great_Kang: bets $3
MMM 22666: calls $3
*** TURN *** [Qd 7h 4s] [8s]
medi875 joins the table at seat #4
Great_Kang: bets $6
MMM 22666: raises $6 to $12
Great_Kang: calls $6
*** RIVER *** [Qd 7h 4s 8s] [Tc]
RockKillerTY joins the table at seat #5
Great_Kang: checks
MMM 22666: bets $6
Great_Kang: calls $6
*** SHOW DOWN ***
MMM 22666: shows [4c 4h] (three of a kind, Fours)
Great_Kang: mucks hand
MMM 22666 collected $47.50 from pot
*** SUMMARY ***
Total pot $48 | Rake $0.50
Board [Qd 7h 4s 8s Tc]
Seat 3: Great_Kang (big blind) mucked
Seat 6: MMM 22666 (button) (small blind) showed [4c 4h] and won ($47.50) with three of a kind, Fours


PokerStars Hand #164082587467:  Hold'em Limit ($3/$6 USD) - 2017/01/05 13:03:36 ET
Table 'Situla II' 6-max Seat #6 is the button
Seat 3: SWFAZ ($50 in chips)
Seat 6: MMM 22666 ($156.66 in chips)
Kees123 is disconnected
Kees123 has timed out while disconnected
Kees123: is sitting out
MMM 22666: posts small blind $1
SWFAZ: posts big blind $3
*** HOLE CARDS ***
MMM 22666: folds
Uncalled bet ($2) returned to SWFAZ
SWFAZ collected $2 from pot
SWFAZ: doesn't show hand
*** SUMMARY ***
Total pot $2 | Rake $0
Seat 3: SWFAZ (big blind) collected ($2)
Seat 6: MMM 22666 (button) (small blind) folded before Flop


PokerStars Hand #164083084454:  Hold'em Limit ($3/$6 USD) - 2017/01/05 13:12:31 ET
Table 'Situla II' 6-max Seat #1 is the button
Seat 1: MMM 22666 ($72 in chips)
Seat 5: aless284 ($120 in chips)
MMM 22666: posts small blind $1
aless284: posts big blind $3
*** HOLE CARDS ***
MMM 22666: raises $3 to $6
aless284: folds
Uncalled bet ($3) returned to MMM 22666
MMM 22666 collected $6 from pot
MMM 22666: doesn't show hand
*** SUMMARY ***
Total pot $6 | Rake $0
Seat 1: MMM 22666 (button) (small blind) collected ($6)
Seat 5: aless284 (big blind) folded before Flop


PokerStars Hand #164083094763:  Hold'em Limit ($3/$6 USD) - 2017/01/05 13:12:42 ET
Table 'Situla II' 6-max Seat #5 is the button
Seat 1: MMM 22666 ($75 in chips)
Seat 5: aless284 ($117 in chips)
aless284: posts small blind $1
MMM 22666: posts big blind $3
*** HOLE CARDS ***
aless284: raises $3 to $6
MMM 22666: raises $3 to $9
aless284: calls $3
*** FLOP *** [8d Qd 5s]
MMM 22666: bets $3
aless284: calls $3
*** TURN *** [8d Qd 5s] [5c]
MMM 22666: bets $6
aless284: raises $6 to $12
MMM 22666: calls $6
*** RIVER *** [8d Qd 5s 5c] [Th]
MMM 22666: checks
aless284: bets $6
MMM 22666: calls $6
*** SHOW DOWN ***
aless284: shows [7h 5h] (three of a kind, Fives)
MMM 22666: mucks hand
aless284 collected $59.50 from pot
*** SUMMARY ***
Total pot $60 | Rake $0.50
Board [8d Qd 5s 5c Th]
Seat 1: MMM 22666 (big blind) mucked
Seat 5: aless284 (button) (small blind) showed [7h 5h] and won ($59.50) with three of a kind, Fives


PokerStars Hand #164083388229:  Hold'em Limit ($3/$6 USD) - 2017/01/05 13:17:55 ET
Table 'Situla II' 6-max Seat #4 is the button
Seat 4: rascal_319 ($111.41 in chips)
Seat 5: aless284 ($142.21 in chips)
rascal_319: posts small blind $1
aless284: posts big blind $3
*** HOLE CARDS ***
rascal_319: folds
Uncalled bet ($2) returned to aless284
SWFAZ leaves the table
aless284 collected $2 from pot
aless284: doesn't show hand
*** SUMMARY ***
Total pot $2 | Rake $0
Seat 4: rascal_319 (button) (small blind) folded before Flop
Seat 5: aless284 (big blind) collected ($2)


PokerStars Hand #164083378799:  Hold'em Limit ($3/$6 USD) - 2017/01/05 13:17:45 ET
Table 'Situla II' 6-max Seat #5 is the button
Seat 4: rascal_319 ($114.41 in chips)
Seat 5: aless284 ($139.21 in chips)
aless284: posts small blind $1
rascal_319: posts big blind $3
*** HOLE CARDS ***
aless284: raises $3 to $6
MMM 22666 leaves the table
rascal_319: folds
Uncalled bet ($3) returned to aless284
aless284 collected $6 from pot
aless284: doesn't show hand
*** SUMMARY ***
Total pot $6 | Rake $0
Seat 4: rascal_319 (big blind) folded before Flop
Seat 5: aless284 (button) (small blind) collected ($6)


PokerStars Hand #164085625289:  Hold'em Limit ($3/$6 USD) - 2017/01/05 13:58:02 ET
Table 'Situla II' 6-max Seat #4 is the button
Seat 3: ionellu ($102 in chips)
Seat 4: GRAILKO ($217.50 in chips)
GRAILKO: posts small blind $1
ionellu: posts big blind $3
*** HOLE CARDS ***
GRAILKO: folds
Uncalled bet ($2) returned to ionellu
ionellu collected $2 from pot
*** SUMMARY ***
Total pot $2 | Rake $0
Seat 3: ionellu (big blind) collected ($2)
Seat 4: GRAILKO (button) (small blind) folded before Flop


PokerStars Hand #164085621090:  Hold'em Limit ($3/$6 USD) - 2017/01/05 13:57:57 ET
Table 'Situla II' 6-max Seat #3 is the button
Seat 3: ionellu ($103 in chips)
Seat 4: GRAILKO ($216.50 in chips)
ionellu: posts small blind $1
GRAILKO: posts big blind $3
*** HOLE CARDS ***
ionellu: folds
Uncalled bet ($2) returned to GRAILKO
GRAILKO collected $2 from pot
GRAILKO: doesn't show hand
*** SUMMARY ***
Total pot $2 | Rake $0
Seat 3: ionellu (button) (small blind) folded before Flop
Seat 4: GRAILKO (big blind) collected ($2)


PokerStars Hand #164085617170:  Hold'em Limit ($3/$6 USD) - 2017/01/05 13:57:52 ET
Table 'Situla II' 6-max Seat #4 is the button
Seat 3: ionellu ($102 in chips)
Seat 4: GRAILKO ($217.50 in chips)
GRAILKO: posts small blind $1
ionellu: posts big blind $3
*** HOLE CARDS ***
GRAILKO: folds
Uncalled bet ($2) returned to ionellu
ionellu collected $2 from pot
*** SUMMARY ***
Total pot $2 | Rake $0
Seat 3: ionellu (big blind) collected ($2)
Seat 4: GRAILKO (button) (small blind) folded before Flop


PokerStars Hand #164085586039:  Hold'em Limit ($3/$6 USD) - 2017/01/05 13:57:11 ET
Table 'Situla II' 6-max Seat #3 is the button
Seat 3: ionellu ($120 in chips)
Seat 4: GRAILKO ($200 in chips)
ionellu: posts small blind $1
GRAILKO: posts big blind $3
*** HOLE CARDS ***
ionellu: calls $2
GRAILKO: checks
*** FLOP *** [4d 3h Js]
GRAILKO: bets $3
ionellu: calls $3
*** TURN *** [4d 3h Js] [Td]
GRAILKO: bets $6
ionellu: calls $6
*** RIVER *** [4d 3h Js Td] [As]
GRAILKO: checks
ionellu: bets $6
GRAILKO: calls $6
*** SHOW DOWN ***
ionellu: shows [6d 2d] (high card Ace)
GRAILKO: shows [4c 5d] (a pair of Fours)
GRAILKO collected $35.50 from pot
*** SUMMARY ***
Total pot $36 | Rake $0.50
Board [4d 3h Js Td As]
Seat 3: ionellu (button) (small blind) showed [6d 2d] and lost with high card Ace
Seat 4: GRAILKO (big blind) showed [4c 5d] and won ($35.50) with a pair of Fours


PokerStars Hand #164085670773:  Hold'em Limit ($3/$6 USD) - 2017/01/05 13:59:01 ET
Table 'Situla II' 6-max Seat #3 is the button
Seat 3: ionellu ($138.14 in chips)
Seat 4: GRAILKO ($180.50 in chips)
ionellu: posts small blind $1
GRAILKO: posts big blind $3
*** HOLE CARDS ***
ionellu: folds
Uncalled bet ($2) returned to GRAILKO
GRAILKO collected $2 from pot
GRAILKO: doesn't show hand
*** SUMMARY ***
Total pot $2 | Rake $0
Seat 3: ionellu (button) (small blind) folded before Flop
Seat 4: GRAILKO (big blind) collected ($2)


PokerStars Hand #164085653860:  Hold'em Limit ($3/$6 USD) - 2017/01/05 13:58:40 ET
Table 'Situla II' 6-max Seat #4 is the button
Seat 3: ionellu ($129.50 in chips)
Seat 4: GRAILKO ($189.50 in chips)
GRAILKO: posts small blind $1
ionellu: posts big blind $3
*** HOLE CARDS ***
GRAILKO: raises $3 to $6
ionellu: calls $3
*** FLOP *** [Th 9h Jh]
ionellu: checks
GRAILKO: bets $3
ionellu: calls $3
*** TURN *** [Th 9h Jh] [8s]
ionellu: checks
GRAILKO: checks
*** RIVER *** [Th 9h Jh 8s] [4s]
ionellu: bets $6
GRAILKO: folds
Uncalled bet ($6) returned to ionellu
ionellu collected $17.64 from pot
*** SUMMARY ***
Total pot $18 | Rake $0.36
Board [Th 9h Jh 8s 4s]
Seat 3: ionellu (big blind) collected ($17.64)
Seat 4: GRAILKO (button) (small blind) folded on the River


PokerStars Hand #164085629558:  Hold'em Limit ($3/$6 USD) - 2017/01/05 13:58:08 ET
Table 'Situla II' 6-max Seat #3 is the button
Seat 3: ionellu ($103 in chips)
Seat 4: GRAILKO ($216.50 in chips)
ionellu: posts small blind $1
GRAILKO: posts big blind $3
*** HOLE CARDS ***
ionellu: raises $3 to $6
GRAILKO: calls $3
*** FLOP *** [5c 2d Tc]
GRAILKO: checks
ionellu: bets $3
GRAILKO: raises $3 to $6
ionellu: raises $3 to $9
GRAILKO: calls $3
*** TURN *** [5c 2d Tc] [9c]
GRAILKO: checks
ionellu: bets $6
GRAILKO: calls $6
*** RIVER *** [5c 2d Tc 9c] [Jh]
GRAILKO: checks
ionellu: bets $6
GRAILKO: calls $6
*** SHOW DOWN ***
ionellu: shows [Td Kd] (a pair of Tens)
GRAILKO: mucks hand
ionellu collected $53.50 from pot
*** SUMMARY ***
Total pot $54 | Rake $0.50
Board [5c 2d Tc 9c Jh]
Seat 3: ionellu (button) (small blind) showed [Td Kd] and won ($53.50) with a pair of Tens
Seat 4: GRAILKO (big blind) mucked


PokerStars Hand #164085718415:  Hold'em Limit ($3/$6 USD) - 2017/01/05 14:00:03 ET
Table 'Situla II' 6-max Seat #3 is the button
Seat 3: ionellu ($129.90 in chips)
Seat 4: GRAILKO ($187.90 in chips)
ionellu: posts small blind $1
GRAILKO: posts big blind $3
*** HOLE CARDS ***
ionellu: calls $2
GRAILKO: checks
*** FLOP *** [5s Ac 2c]
napol joins the table at seat #2
GRAILKO: bets $3
ionellu: folds
Uncalled bet ($3) returned to GRAILKO
GRAILKO collected $5.88 from pot
GRAILKO: doesn't show hand
*** SUMMARY ***
Total pot $6 | Rake $0.12
Board [5s Ac 2c]
Seat 3: ionellu (button) (small blind) folded on the Flop
Seat 4: GRAILKO (big blind) collected ($5.88)


PokerStars Hand #164085714720:  Hold'em Limit ($3/$6 USD) - 2017/01/05 13:59:59 ET
Table 'Situla II' 6-max Seat #4 is the button
Seat 3: ionellu ($128.90 in chips)
Seat 4: GRAILKO ($188.90 in chips)
GRAILKO: posts small blind $1
ionellu: posts big blind $3
*** HOLE CARDS ***
GRAILKO: folds
Uncalled bet ($2) returned to ionellu
ionellu collected $2 from pot
*** SUMMARY ***
Total pot $2 | Rake $0
Seat 3: ionellu (big blind) collected ($2)
Seat 4: GRAILKO (button) (small blind) folded before Flop


PokerStars Hand #164085701585:  Hold'em Limit ($3/$6 USD) - 2017/01/05 13:59:41 ET
Table 'Situla II' 6-max Seat #3 is the button
Seat 3: ionellu ($123.14 in chips)
Seat 4: GRAILKO ($194.90 in chips)
ionellu: posts small blind $1
GRAILKO: posts big blind $3
*** HOLE CARDS ***
ionellu: raises $3 to $6
GRAILKO: calls $3
*** FLOP *** [3s Th 7s]
GRAILKO: checks
ionellu: checks
*** TURN *** [3s Th 7s] [Kc]
GRAILKO: checks
ionellu: bets $6
GRAILKO: folds
Uncalled bet ($6) returned to ionellu
ionellu collected $11.76 from pot
*** SUMMARY ***
Total pot $12 | Rake $0.24
Board [3s Th 7s Kc]
Seat 3: ionellu (button) (small blind) collected ($11.76)
Seat 4: GRAILKO (big blind) folded on the Turn


PokerStars Hand #164085697777:  Hold'em Limit ($3/$6 USD) - 2017/01/05 13:59:37 ET
Table 'Situla II' 6-max Seat #4 is the button
Seat 3: ionellu ($122.14 in chips)
Seat 4: GRAILKO ($195.90 in chips)
GRAILKO: posts small blind $1
ionellu: posts big blind $3
*** HOLE CARDS ***
GRAILKO: folds
Uncalled bet ($2) returned to ionellu
ionellu collected $2 from pot
*** SUMMARY ***
Total pot $2 | Rake $0
Seat 3: ionellu (big blind) collected ($2)
Seat 4: GRAILKO (button) (small blind) folded before Flop


PokerStars Hand #164085688528:  Hold'em Limit ($3/$6 USD) - 2017/01/05 13:59:25 ET
Table 'Situla II' 6-max Seat #3 is the button
Seat 3: ionellu ($131.14 in chips)
Seat 4: GRAILKO ($187.26 in chips)
ionellu: posts small blind $1
GRAILKO: posts big blind $3
*** HOLE CARDS ***
ionellu: raises $3 to $6
GRAILKO: raises $3 to $9
ionellu: calls $3
*** FLOP *** [Kc 7c 8d]
GRAILKO: bets $3
ionellu: folds
Uncalled bet ($3) returned to GRAILKO
GRAILKO collected $17.64 from pot
GRAILKO: doesn't show hand
*** SUMMARY ***
Total pot $18 | Rake $0.36
Board [Kc 7c 8d]
Seat 3: ionellu (button) (small blind) folded on the Flop
Seat 4: GRAILKO (big blind) collected ($17.64)


PokerStars Hand #164089464192:  Hold'em Limit ($3/$6 USD) - 2017/01/05 15:04:59 ET
Table 'Situla II' 6-max Seat #2 is the button
Seat 2: Krazy90 ($124.27 in chips)
Seat 3: ionellu ($221.75 in chips)
Krazy90: posts small blind $1
ionellu: posts big blind $3
*** HOLE CARDS ***
Krazy90: raises $3 to $6
ionellu: calls $3
*** FLOP *** [9s 8h 2h]
ionellu: checks
mcleb1987 joins the table at seat #1
Krazy90: checks
*** TURN *** [9s 8h 2h] [2c]
ionellu: checks
Krazy90: checks
*** RIVER *** [9s 8h 2h 2c] [4d]
ionellu: checks
Krazy90: checks
*** SHOW DOWN ***
ionellu: shows [Th 5d] (a pair of Deuces)
Krazy90: shows [Qs Kd] (a pair of Deuces - King kicker)
Krazy90 collected $11.76 from pot
*** SUMMARY ***
Total pot $12 | Rake $0.24
Board [9s 8h 2h 2c 4d]
Seat 2: Krazy90 (button) (small blind) showed [Qs Kd] and won ($11.76) with a pair of Deuces
Seat 3: ionellu (big blind) showed [Th 5d] and lost with a pair of Deuces


PokerStars Hand #164089456479:  Hold'em Limit ($3/$6 USD) - 2017/01/05 15:04:52 ET
Table 'Situla II' 6-max Seat #3 is the button
Seat 2: Krazy90 ($123.27 in chips)
Seat 3: ionellu ($222.75 in chips)
ionellu: posts small blind $1
Sleeper007: is sitting out
Krazy90: posts big blind $3
*** HOLE CARDS ***
Sleeper007 leaves the table
ionellu: folds
Uncalled bet ($2) returned to Krazy90
Krazy90 collected $2 from pot
Krazy90: doesn't show hand
*** SUMMARY ***
Total pot $2 | Rake $0
Seat 2: Krazy90 (big blind) collected ($2)
Seat 3: ionellu (button) (small blind) folded before Flop


PokerStars Hand #164092185367:  Hold'em Limit ($3/$6 USD) - 2017/01/05 15:49:58 ET
Table 'Situla II' 6-max Seat #1 is the button
Seat 1: mcleb1987 ($83.77 in chips)
Seat 5: RaisemyNut$ ($151.06 in chips)
mcleb1987: posts small blind $1
Koraseg: is sitting out
RaisemyNut$: posts big blind $3
*** HOLE CARDS ***
hubschi leaves the table
Koraseg leaves the table
mcleb1987: folds
Uncalled bet ($2) returned to RaisemyNut$
RaisemyNut$ collected $2 from pot
mcleb1987 leaves the table
RaisemyNut$: doesn't show hand
*** SUMMARY ***
Total pot $2 | Rake $0
Seat 1: mcleb1987 (button) (small blind) folded before Flop
Seat 5: RaisemyNut$ (big blind) collected ($2)


PokerStars Hand #164092221728:  Hold'em Limit ($3/$6 USD) - 2017/01/05 15:50:34 ET
Table 'Situla II' 6-max Seat #4 is the button
Seat 4: dblmystack ($66.91 in chips)
Seat 5: RaisemyNut$ ($151.06 in chips)
dblmystack: posts small blind $1
RaisemyNut$: posts big blind $3
*** HOLE CARDS ***
dblmystack: folds
Uncalled bet ($2) returned to RaisemyNut$
RaisemyNut$ collected $2 from pot
RaisemyNut$: doesn't show hand
*** SUMMARY ***
Total pot $2 | Rake $0
Seat 4: dblmystack (button) (small blind) folded before Flop
Seat 5: RaisemyNut$ (big blind) collected ($2)


PokerStars Hand #164092209483:  Hold'em Limit ($3/$6 USD) - 2017/01/05 15:50:22 ET
Table 'Situla II' 6-max Seat #5 is the button
Seat 4: dblmystack ($65.91 in chips)
Seat 5: RaisemyNut$ ($152.06 in chips)
RaisemyNut$: posts small blind $1
dblmystack: posts big blind $3
*** HOLE CARDS ***
RaisemyNut$: folds
Uncalled bet ($2) returned to dblmystack
dblmystack collected $2 from pot
dblmystack: doesn't show hand
*** SUMMARY ***
Total pot $2 | Rake $0
Seat 4: dblmystack (big blind) collected ($2)
Seat 5: RaisemyNut$ (button) (small blind) folded before Flop


PokerStars Hand #164092227008:  Hold'em Limit ($3/$6 USD) - 2017/01/05 15:50:40 ET
Table 'Situla II' 6-max Seat #5 is the button
Seat 4: dblmystack ($65.91 in chips)
Seat 5: RaisemyNut$ ($152.06 in chips)
RaisemyNut$: posts small blind $1
dblmystack: posts big blind $3
*** HOLE CARDS ***
RaisemyNut$: raises $3 to $6
dblmystack: calls $3
*** FLOP *** [Jh 2c 9h]
dblmystack: bets $3
RaisemyNut$: calls $3
*** TURN *** [Jh 2c 9h] [4c]
dblmystack: bets $6
RaisemyNut$: calls $6
*** RIVER *** [Jh 2c 9h 4c] [4d]
dblmystack: bets $6
RaisemyNut$: raises $6 to $12
dblmystack: calls $6
*** SHOW DOWN ***
RaisemyNut$: shows [Qd Th] (a pair of Fours)
dblmystack: shows [9c Jd] (two pair, Jacks and Nines)
dblmystack collected $53.50 from pot
*** SUMMARY ***
Total pot $54 | Rake $0.50
Board [Jh 2c 9h 4c 4d]
Seat 4: dblmystack (big blind) showed [9c Jd] and won ($53.50) with two pair, Jacks and Nines
Seat 5: RaisemyNut$ (button) (small blind) showed [Qd Th] and lost with a pair of Fours


PokerStars Hand #164092268377:  Hold'em Limit ($3/$6 USD) - 2017/01/05 15:51:21 ET
Table 'Situla II' 6-max Seat #5 is the button
Seat 4: dblmystack ($103.93 in chips)
Seat 5: RaisemyNut$ ($113.06 in chips)
RaisemyNut$: posts small blind $1
dblmystack: posts big blind $3
*** HOLE CARDS ***
RaisemyNut$: folds
Uncalled bet ($2) returned to dblmystack
dblmystack collected $2 from pot
dblmystack: doesn't show hand
*** SUMMARY ***
Total pot $2 | Rake $0
Seat 4: dblmystack (big blind) collected ($2)
Seat 5: RaisemyNut$ (button) (small blind) folded before Flop


PokerStars Hand #164092248615:  Hold'em Limit ($3/$6 USD) - 2017/01/05 15:51:01 ET
Table 'Situla II' 6-max Seat #4 is the button
Seat 4: dblmystack ($92.41 in chips)
Seat 5: RaisemyNut$ ($125.06 in chips)
dblmystack: posts small blind $1
RaisemyNut$: posts big blind $3
*** HOLE CARDS ***
dblmystack: raises $3 to $6
RaisemyNut$: calls $3
*** FLOP *** [9s 5c 7c]
RaisemyNut$: checks
dblmystack: checks
*** TURN *** [9s 5c 7c] [Kd]
RaisemyNut$: bets $6
dblmystack: calls $6
*** RIVER *** [9s 5c 7c Kd] [7d]
RaisemyNut$: checks
dblmystack: checks
*** SHOW DOWN ***
RaisemyNut$: shows [Qd 6d] (a pair of Sevens)
dblmystack: shows [Tc As] (a pair of Sevens - Ace kicker)
dblmystack collected $23.52 from pot
*** SUMMARY ***
Total pot $24 | Rake $0.48
Board [9s 5c 7c Kd 7d]
Seat 4: dblmystack (button) (small blind) showed [Tc As] and won ($23.52) with a pair of Sevens
Seat 5: RaisemyNut$ (big blind) showed [Qd 6d] and lost with a pair of Sevens


PokerStars Hand #164092288808:  Hold'em Limit ($3/$6 USD) - 2017/01/05 15:51:42 ET
Table 'Situla II' 6-max Seat #5 is the button
Seat 4: dblmystack ($107.93 in chips)
Seat 5: RaisemyNut$ ($109.06 in chips)
RaisemyNut$: posts small blind $1
dblmystack: posts big blind $3
*** HOLE CARDS ***
RaisemyNut$: folds
Uncalled bet ($2) returned to dblmystack
dblmystack collected $2 from pot
dblmystack: doesn't show hand
*** SUMMARY ***
Total pot $2 | Rake $0
Seat 4: dblmystack (big blind) collected ($2)
Seat 5: RaisemyNut$ (button) (small blind) folded before Flop


PokerStars Hand #164092275134:  Hold'em Limit ($3/$6 USD) - 2017/01/05 15:51:28 ET
Table 'Situla II' 6-max Seat #4 is the button
Seat 4: dblmystack ($104.93 in chips)
Seat 5: RaisemyNut$ ($112.06 in chips)
dblmystack: posts small blind $1
RaisemyNut$: posts big blind $3
*** HOLE CARDS ***
dblmystack: raises $3 to $6
RaisemyNut$: folds
Uncalled bet ($3) returned to dblmystack
dblmystack collected $6 from pot
dblmystack: doesn't show hand
*** SUMMARY ***
Total pot $6 | Rake $0
Seat 4: dblmystack (button) (small blind) collected ($6)
Seat 5: RaisemyNut$ (big blind) folded before Flop


PokerStars Hand #164092294389:  Hold'em Limit ($3/$6 USD) - 2017/01/05 15:51:47 ET
Table 'Situla II' 6-max Seat #4 is the button
Seat 4: dblmystack ($108.93 in chips)
Seat 5: RaisemyNut$ ($108.06 in chips)
dblmystack: posts small blind $1
RaisemyNut$: posts big blind $3
*** HOLE CARDS ***
dblmystack: folds
Uncalled bet ($2) returned to RaisemyNut$
RaisemyNut$ collected $2 from pot
RaisemyNut$: doesn't show hand
*** SUMMARY ***
Total pot $2 | Rake $0
Seat 4: dblmystack (button) (small blind) folded before Flop
Seat 5: RaisemyNut$ (big blind) collected ($2)


PokerStars Hand #164092301109:  Hold'em Limit ($3/$6 USD) - 2017/01/05 15:51:54 ET
Table 'Situla II' 6-max Seat #5 is the button
Seat 4: dblmystack ($107.93 in chips)
Seat 5: RaisemyNut$ ($109.06 in chips)
RaisemyNut$: posts small blind $1
dblmystack: posts big blind $3
*** HOLE CARDS ***
RaisemyNut$: raises $3 to $6
dblmystack: calls $3
*** FLOP *** [Jc 4s Qd]
dblmystack: checks
RaisemyNut$: bets $3
dblmystack: raises $3 to $6
RaisemyNut$: calls $3
*** TURN *** [Jc 4s Qd] [8d]
dblmystack: bets $6
RaisemyNut$: calls $6
*** RIVER *** [Jc 4s Qd 8d] [5d]
dblmystack: bets $6
RaisemyNut$: folds
Uncalled bet ($6) returned to dblmystack
dblmystack collected $35.50 from pot
dblmystack: doesn't show hand
*** SUMMARY ***
Total pot $36 | Rake $0.50
Board [Jc 4s Qd 8d 5d]
Seat 4: dblmystack (big blind) collected ($35.50)
Seat 5: RaisemyNut$ (button) (small blind) folded on the River


PokerStars Hand #164092333828:  Hold'em Limit ($3/$6 USD) - 2017/01/05 15:52:26 ET
Table 'Situla II' 6-max Seat #4 is the button
Seat 4: dblmystack ($125.43 in chips)
Seat 5: RaisemyNut$ ($91.06 in chips)
dblmystack: posts small blind $1
RaisemyNut$: posts big blind $3
*** HOLE CARDS ***
dblmystack: raises $3 to $6
RaisemyNut$: calls $3
*** FLOP *** [8d 2s 2h]
RaisemyNut$: checks
Hannibal2211 joins the table at seat #6
dblmystack: bets $3
RaisemyNut$: folds
Uncalled bet ($3) returned to dblmystack
dblmystack collected $11.76 from pot
dblmystack: doesn't show hand
*** SUMMARY ***
Total pot $12 | Rake $0.24
Board [8d 2s 2h]
Seat 4: dblmystack (button) (small blind) collected ($11.76)
Seat 5: RaisemyNut$ (big blind) folded on the Flop


PokerStars Hand #164100951385:  Hold'em Limit ($3/$6 USD) - 2017/01/05 18:25:06 ET
Table 'Situla II' 6-max Seat #5 is the button
Seat 3: hairy1961 ($50 in chips)
Seat 5: RaisemyNut$ ($387.59 in chips)
RaisemyNut$: posts small blind $1
hairy1961: posts big blind $3
*** HOLE CARDS ***
RaisemyNut$: raises $3 to $6
hairy1961: raises $3 to $9
RaisemyNut$: calls $3
*** FLOP *** [Qh 4h 9d]
Dunkyboy1970 joins the table at seat #2
hairy1961: bets $3
napol joins the table at seat #6
RaisemyNut$: calls $3
*** TURN *** [Qh 4h 9d] [7d]
hairy1961: bets $6
RaisemyNut$: calls $6
*** RIVER *** [Qh 4h 9d 7d] [3s]
hairy1961: bets $6
RaisemyNut$: calls $6
*** SHOW DOWN ***
hairy1961: shows [9h 5c] (a pair of Nines)
RaisemyNut$: mucks hand
hairy1961 collected $47.50 from pot
*** SUMMARY ***
Total pot $48 | Rake $0.50
Board [Qh 4h 9d 7d 3s]
Seat 3: hairy1961 (big blind) showed [9h 5c] and won ($47.50) with a pair of Nines
Seat 5: RaisemyNut$ (button) (small blind) mucked


PokerStars Hand #164100982628:  Hold'em Limit ($3/$6 USD) - 2017/01/05 18:25:42 ET
Table 'Situla II' 6-max Seat #3 is the button
Seat 3: hairy1961 ($73.50 in chips)
Seat 5: RaisemyNut$ ($363.59 in chips)
hairy1961: posts small blind $1
RaisemyNut$: posts big blind $3
*** HOLE CARDS ***
hairy1961: folds
Uncalled bet ($2) returned to RaisemyNut$
RaisemyNut$ collected $2 from pot
RaisemyNut$: doesn't show hand
*** SUMMARY ***
Total pot $2 | Rake $0
Seat 3: hairy1961 (button) (small blind) folded before Flop
Seat 5: RaisemyNut$ (big blind) collected ($2)


