PokerStars Hand #171351112463:  Hold'em Limit ($3/$6 USD) - 2017/06/04 17:49:34 ET
Table 'Siva' 10-max Seat #10 is the button
Seat 1: LifeisagameX ($84 in chips)
Seat 10: MForce007 ($50 in chips)
MForce007: posts small blind $1
LifeisagameX: posts big blind $3
*** HOLE CARDS ***
MForce007: raises $3 to $6
LifeisagameX: calls $3
*** FLOP *** [5d 7c Kc]
LifeisagameX: checks
MForce007: bets $3
LifeisagameX: raises $3 to $6
MForce007: folds
Uncalled bet ($3) returned to LifeisagameX
LifeisagameX collected $17.64 from pot
LifeisagameX: doesn't show hand
*** SUMMARY ***
Total pot $18 | Rake $0.36
Board [5d 7c Kc]
Seat 1: LifeisagameX (big blind) collected ($17.64)
Seat 10: MForce007 (button) (small blind) folded on the Flop


PokerStars Hand #171351079758:  Hold'em Limit ($3/$6 USD) - 2017/06/04 17:48:53 ET
Table 'Siva' 10-max Seat #10 is the button
Seat 1: LifeisagameX ($84 in chips)
Seat 10: MForce007 ($50 in chips)
MForce007: posts small blind $1
LifeisagameX: posts big blind $3
*** HOLE CARDS ***
MForce007: folds
Uncalled bet ($2) returned to LifeisagameX
LifeisagameX collected $2 from pot
LifeisagameX: doesn't show hand
*** SUMMARY ***
Total pot $2 | Rake $0
Seat 1: LifeisagameX (big blind) collected ($2)
Seat 10: MForce007 (button) (small blind) folded before Flop


PokerStars Hand #171351096901:  Hold'em Limit ($3/$6 USD) - 2017/06/04 17:49:15 ET
Table 'Siva' 10-max Seat #1 is the button
Seat 1: LifeisagameX ($85 in chips)
Seat 10: MForce007 ($49 in chips)
LifeisagameX: posts small blind $1
MForce007: posts big blind $3
*** HOLE CARDS ***
Zubasa07 joins the table at seat #2
LifeisagameX: folds
Uncalled bet ($2) returned to MForce007
MForce007 collected $2 from pot
MForce007: doesn't show hand
*** SUMMARY ***
Total pot $2 | Rake $0
Seat 1: LifeisagameX (button) (small blind) folded before Flop
Seat 10: MForce007 (big blind) collected ($2)


PokerStars Hand #171351184636:  Hold'em Limit ($3/$6 USD) - 2017/06/04 17:51:02 ET
Table 'Siva' 10-max Seat #10 is the button
Seat 2: Zubasa07 ($313.10 in chips)
Seat 10: MForce007 ($42 in chips)
MForce007: posts small blind $1
Zubasa07: posts big blind $3
*** HOLE CARDS ***
MForce007: folds
Uncalled bet ($2) returned to Zubasa07
Zubasa07 collected $2 from pot
Zubasa07: doesn't show hand
*** SUMMARY ***
Total pot $2 | Rake $0
Seat 2: Zubasa07 (big blind) collected ($2)
Seat 10: MForce007 (button) (small blind) folded before Flop


PokerStars Hand #171351178722:  Hold'em Limit ($3/$6 USD) - 2017/06/04 17:50:55 ET
Table 'Siva' 10-max Seat #2 is the button
Seat 2: Zubasa07 ($314.10 in chips)
Seat 10: MForce007 ($41 in chips)
Zubasa07: posts small blind $1
MForce007: posts big blind $3
*** HOLE CARDS ***
Zubasa07: folds
Uncalled bet ($2) returned to MForce007
MForce007 collected $2 from pot
MForce007: doesn't show hand
LifeisagameX leaves the table
*** SUMMARY ***
Total pot $2 | Rake $0
Seat 2: Zubasa07 (button) (small blind) folded before Flop
Seat 10: MForce007 (big blind) collected ($2)


PokerStars Hand #171351219977:  Hold'em Limit ($3/$6 USD) - 2017/06/04 17:51:46 ET
Table 'Siva' 10-max Seat #10 is the button
Seat 2: Zubasa07 ($305.10 in chips)
Seat 10: MForce007 ($49.64 in chips)
MForce007: posts small blind $1
Zubasa07: posts big blind $3
*** HOLE CARDS ***
MForce007: folds
Uncalled bet ($2) returned to Zubasa07
Zubasa07 collected $2 from pot
Zubasa07: doesn't show hand
*** SUMMARY ***
Total pot $2 | Rake $0
Seat 2: Zubasa07 (big blind) collected ($2)
Seat 10: MForce007 (button) (small blind) folded before Flop


PokerStars Hand #171351188920:  Hold'em Limit ($3/$6 USD) - 2017/06/04 17:51:08 ET
Table 'Siva' 10-max Seat #2 is the button
Seat 2: Zubasa07 ($314.10 in chips)
Seat 10: MForce007 ($41 in chips)
Zubasa07: posts small blind $1
MForce007: posts big blind $3
*** HOLE CARDS ***
Zubasa07: raises $3 to $6
MForce007: calls $3
*** FLOP *** [4s Qc 9c]
MForce007: checks
Zubasa07: bets $3
MForce007: calls $3
*** TURN *** [4s Qc 9c] [Th]
MForce007: checks
Zubasa07: checks
*** RIVER *** [4s Qc 9c Th] [Ac]
MForce007: bets $6
Zubasa07: folds
Uncalled bet ($6) returned to MForce007
MForce007 collected $17.64 from pot
MForce007: doesn't show hand
*** SUMMARY ***
Total pot $18 | Rake $0.36
Board [4s Qc 9c Th Ac]
Seat 2: Zubasa07 (button) (small blind) folded on the River
Seat 10: MForce007 (big blind) collected ($17.64)


PokerStars Hand #171351249240:  Hold'em Limit ($3/$6 USD) - 2017/06/04 17:52:22 ET
Table 'Siva' 10-max Seat #10 is the button
Seat 2: Zubasa07 ($314.74 in chips)
Seat 10: MForce007 ($39.64 in chips)
MForce007: posts small blind $1
Zubasa07: posts big blind $3
*** HOLE CARDS ***
MForce007: folds
Uncalled bet ($2) returned to Zubasa07
Zubasa07 collected $2 from pot
Zubasa07: doesn't show hand
*** SUMMARY ***
Total pot $2 | Rake $0
Seat 2: Zubasa07 (big blind) collected ($2)
Seat 10: MForce007 (button) (small blind) folded before Flop


PokerStars Hand #171351254925:  Hold'em Limit ($3/$6 USD) - 2017/06/04 17:52:29 ET
Table 'Siva' 10-max Seat #2 is the button
Seat 2: Zubasa07 ($315.74 in chips)
Seat 10: MForce007 ($38.64 in chips)
Zubasa07: posts small blind $1
MForce007: posts big blind $3
*** HOLE CARDS ***
Zubasa07: raises $3 to $6
MForce007: calls $3
*** FLOP *** [Qc 5d Ts]
MForce007: checks
Zubasa07: bets $3
MForce007: folds
Uncalled bet ($3) returned to Zubasa07
Zubasa07 collected $11.76 from pot
Zubasa07: doesn't show hand
*** SUMMARY ***
Total pot $12 | Rake $0.24
Board [Qc 5d Ts]
Seat 2: Zubasa07 (button) (small blind) collected ($11.76)
Seat 10: MForce007 (big blind) folded on the Flop


PokerStars Hand #171351223677:  Hold'em Limit ($3/$6 USD) - 2017/06/04 17:51:51 ET
Table 'Siva' 10-max Seat #2 is the button
Seat 2: Zubasa07 ($306.10 in chips)
Seat 10: MForce007 ($48.64 in chips)
Zubasa07: posts small blind $1
MForce007: posts big blind $3
*** HOLE CARDS ***
Zubasa07: raises $3 to $6
MForce007: calls $3
*** FLOP *** [9c 2c 5c]
MForce007: bets $3
Zubasa07: raises $3 to $6
MForce007: folds
Uncalled bet ($3) returned to Zubasa07
Zubasa07 collected $17.64 from pot
Zubasa07: doesn't show hand
*** SUMMARY ***
Total pot $18 | Rake $0.36
Board [9c 2c 5c]
Seat 2: Zubasa07 (button) (small blind) collected ($17.64)
Seat 10: MForce007 (big blind) folded on the Flop


PokerStars Hand #171351302579:  Hold'em Limit ($3/$6 USD) - 2017/06/04 17:53:28 ET
Table 'Siva' 10-max Seat #2 is the button
Seat 2: Zubasa07 ($331.26 in chips)
Seat 10: MForce007 ($22.64 in chips)
Zubasa07: posts small blind $1
MForce007: posts big blind $3
*** HOLE CARDS ***
Zubasa07: raises $3 to $6
MForce007: calls $3
*** FLOP *** [2d Qc 4c]
MForce007: checks
Zubasa07: bets $3
MForce007: calls $3
*** TURN *** [2d Qc 4c] [7c]
MForce007: checks
Zubasa07: bets $6
MForce007: calls $6
*** RIVER *** [2d Qc 4c 7c] [Jc]
MForce007: bets $6
Zubasa07: folds
Uncalled bet ($6) returned to MForce007
MForce007 collected $29.50 from pot
MForce007: doesn't show hand
*** SUMMARY ***
Total pot $30 | Rake $0.50
Board [2d Qc 4c 7c Jc]
Seat 2: Zubasa07 (button) (small blind) folded on the River
Seat 10: MForce007 (big blind) collected ($29.50)


PokerStars Hand #171351298916:  Hold'em Limit ($3/$6 USD) - 2017/06/04 17:53:23 ET
Table 'Siva' 10-max Seat #10 is the button
Seat 2: Zubasa07 ($330.26 in chips)
Seat 10: MForce007 ($23.64 in chips)
MForce007: posts small blind $1
Zubasa07: posts big blind $3
*** HOLE CARDS ***
MForce007: folds
Uncalled bet ($2) returned to Zubasa07
Zubasa07 collected $2 from pot
Zubasa07: doesn't show hand
*** SUMMARY ***
Total pot $2 | Rake $0
Seat 2: Zubasa07 (big blind) collected ($2)
Seat 10: MForce007 (button) (small blind) folded before Flop


PokerStars Hand #171351293803:  Hold'em Limit ($3/$6 USD) - 2017/06/04 17:53:17 ET
Table 'Siva' 10-max Seat #2 is the button
Seat 2: Zubasa07 ($327.26 in chips)
Seat 10: MForce007 ($26.64 in chips)
Zubasa07: posts small blind $1
MForce007: posts big blind $3
*** HOLE CARDS ***
Zubasa07: raises $3 to $6
MForce007: folds
Uncalled bet ($3) returned to Zubasa07
Zubasa07 collected $6 from pot
Zubasa07: doesn't show hand
*** SUMMARY ***
Total pot $6 | Rake $0
Seat 2: Zubasa07 (button) (small blind) collected ($6)
Seat 10: MForce007 (big blind) folded before Flop


PokerStars Hand #171351270825:  Hold'em Limit ($3/$6 USD) - 2017/06/04 17:52:49 ET
Table 'Siva' 10-max Seat #10 is the button
Seat 2: Zubasa07 ($321.50 in chips)
Seat 10: MForce007 ($32.64 in chips)
MForce007: posts small blind $1
Zubasa07: posts big blind $3
*** HOLE CARDS ***
MForce007: calls $2
Zubasa07: checks
*** FLOP *** [2s Qs 6s]
Zubasa07: bets $3
MForce007: calls $3
*** TURN *** [2s Qs 6s] [5s]
Zubasa07: bets $6
MForce007: folds
Uncalled bet ($6) returned to Zubasa07
Zubasa07 collected $11.76 from pot
Zubasa07: doesn't show hand
*** SUMMARY ***
Total pot $12 | Rake $0.24
Board [2s Qs 6s 5s]
Seat 2: Zubasa07 (big blind) collected ($11.76)
Seat 10: MForce007 (button) (small blind) folded on the Turn


PokerStars Hand #171351360808:  Hold'em Limit ($3/$6 USD) - 2017/06/04 17:54:40 ET
Table 'Siva' 10-max Seat #2 is the button
Seat 2: Zubasa07 ($301.26 in chips)
Seat 10: MForce007 ($51.64 in chips)
Zubasa07: posts small blind $1
MForce007: posts big blind $3
*** HOLE CARDS ***
Zubasa07: raises $3 to $6
MForce007: folds
Uncalled bet ($3) returned to Zubasa07
Zubasa07 collected $6 from pot
Zubasa07: doesn't show hand
*** SUMMARY ***
Total pot $6 | Rake $0
Seat 2: Zubasa07 (button) (small blind) collected ($6)
Seat 10: MForce007 (big blind) folded before Flop


PokerStars Hand #171351327994:  Hold'em Limit ($3/$6 USD) - 2017/06/04 17:53:59 ET
Table 'Siva' 10-max Seat #10 is the button
Seat 2: Zubasa07 ($316.26 in chips)
Seat 10: MForce007 ($37.14 in chips)
MForce007: posts small blind $1
Zubasa07: posts big blind $3
*** HOLE CARDS ***
MForce007: calls $2
Zubasa07: raises $3 to $6
MForce007: calls $3
*** FLOP *** [5c 4c 5h]
Zubasa07: bets $3
MForce007: calls $3
*** TURN *** [5c 4c 5h] [3s]
Zubasa07: bets $6
MForce007: calls $6
*** RIVER *** [5c 4c 5h 3s] [Tc]
Zubasa07: checks
MForce007: bets $6
Zubasa07: folds
Uncalled bet ($6) returned to MForce007
MForce007 collected $29.50 from pot
MForce007: doesn't show hand
*** SUMMARY ***
Total pot $30 | Rake $0.50
Board [5c 4c 5h 3s Tc]
Seat 2: Zubasa07 (big blind) folded on the River
Seat 10: MForce007 (button) (small blind) collected ($29.50)


PokerStars Hand #171351390629:  Hold'em Limit ($3/$6 USD) - 2017/06/04 17:55:19 ET
Table 'Siva' 10-max Seat #2 is the button
Seat 2: Zubasa07 ($310.02 in chips)
Seat 10: MForce007 ($42.64 in chips)
Zubasa07: posts small blind $1
MForce007: posts big blind $3
*** HOLE CARDS ***
Zubasa07: raises $3 to $6
MForce007: calls $3
*** FLOP *** [Th Qd Jd]
MForce007: checks
Zubasa07: bets $3
MForce007: folds
Uncalled bet ($3) returned to Zubasa07
Zubasa07 collected $11.76 from pot
Zubasa07: doesn't show hand
*** SUMMARY ***
Total pot $12 | Rake $0.24
Board [Th Qd Jd]
Seat 2: Zubasa07 (button) (small blind) collected ($11.76)
Seat 10: MForce007 (big blind) folded on the Flop


PokerStars Hand #171351374515:  Hold'em Limit ($3/$6 USD) - 2017/06/04 17:54:57 ET
Table 'Siva' 10-max Seat #10 is the button
Seat 2: Zubasa07 ($304.26 in chips)
Seat 10: MForce007 ($48.64 in chips)
MForce007: posts small blind $1
Zubasa07: posts big blind $3
*** HOLE CARDS ***
MForce007: calls $2
Zubasa07: raises $3 to $6
MForce007: calls $3
*** FLOP *** [Ah Td Kd]
Zubasa07: bets $3
MForce007: folds
Uncalled bet ($3) returned to Zubasa07
Zubasa07 collected $11.76 from pot
Zubasa07: doesn't show hand
*** SUMMARY ***
Total pot $12 | Rake $0.24
Board [Ah Td Kd]
Seat 2: Zubasa07 (big blind) collected ($11.76)
Seat 10: MForce007 (button) (small blind) folded on the Flop


PokerStars Hand #171351437389:  Hold'em Limit ($3/$6 USD) - 2017/06/04 17:56:34 ET
Table 'Siva' 10-max Seat #10 is the button
Seat 2: Zubasa07 ($315.42 in chips)
Seat 10: MForce007 ($36.28 in chips)
MForce007: posts small blind $1
Zubasa07: posts big blind $3
*** HOLE CARDS ***
Jack_Wu1985 joins the table at seat #6
MForce007: folds
Uncalled bet ($2) returned to Zubasa07
Zubasa07 collected $2 from pot
Zubasa07: doesn't show hand
*** SUMMARY ***
Total pot $2 | Rake $0
Seat 2: Zubasa07 (big blind) collected ($2)
Seat 10: MForce007 (button) (small blind) folded before Flop


PokerStars Hand #171351418768:  Hold'em Limit ($3/$6 USD) - 2017/06/04 17:56:05 ET
Table 'Siva' 10-max Seat #2 is the button
Seat 2: Zubasa07 ($306.78 in chips)
Seat 10: MForce007 ($45.28 in chips)
Zubasa07: posts small blind $1
MForce007: posts big blind $3
*** HOLE CARDS ***
Zubasa07: raises $3 to $6
MForce007: calls $3
*** FLOP *** [Jh 2h 9d]
MForce007: bets $3
Zubasa07: raises $3 to $6
MForce007: folds
Uncalled bet ($3) returned to Zubasa07
Zubasa07 collected $17.64 from pot
Zubasa07: doesn't show hand
*** SUMMARY ***
Total pot $18 | Rake $0.36
Board [Jh 2h 9d]
Seat 2: Zubasa07 (button) (small blind) collected ($17.64)
Seat 10: MForce007 (big blind) folded on the Flop


PokerStars Hand #171351984568:  Hold'em Limit ($3/$6 USD) - 2017/06/04 18:08:57 ET
Table 'Siva' 10-max Seat #4 is the button
Seat 4: belik555 ($133.84 in chips)
Seat 7: Scheubi88 ($83.82 in chips)
belik555: posts small blind $1
Scheubi88: posts big blind $3
*** HOLE CARDS ***
belik555: raises $3 to $6
Scheubi88: calls $3
*** FLOP *** [5h Tc 2h]
Scheubi88: checks
belik555: bets $3
MForce007 leaves the table
Scheubi88: raises $3 to $6
belik555: calls $3
*** TURN *** [5h Tc 2h] [Qd]
Scheubi88: bets $6
belik555: raises $6 to $12
Scheubi88: calls $6
*** RIVER *** [5h Tc 2h Qd] [9c]
Scheubi88: checks
belik555: bets $6
Scheubi88: calls $6
*** SHOW DOWN ***
belik555: shows [Ac Qc] (a pair of Queens)
Scheubi88: mucks hand
belik555 collected $59.50 from pot
*** SUMMARY ***
Total pot $60 | Rake $0.50
Board [5h Tc 2h Qd 9c]
Seat 4: belik555 (button) (small blind) showed [Ac Qc] and won ($59.50) with a pair of Queens
Seat 7: Scheubi88 (big blind) mucked


