PokerStars Hand #161441266251:  Hold'em Limit ($3/$6 USD) - 2016/11/15 10:57:36 ET
Table 'Siwa' 6-max Seat #1 is the button
Seat 1: halicpac ($66.88 in chips)
Seat 4: assitoni ($72 in chips)
halicpac: posts small blind $1
assitoni: posts big blind $3
*** HOLE CARDS ***
B_loJkl joins the table at seat #2
halicpac: raises $3 to $6
assitoni: calls $3
*** FLOP *** [5h Kh Js]
assitoni: checks
halicpac: bets $3
assitoni: folds
Uncalled bet ($3) returned to halicpac
halicpac collected $11.76 from pot
halicpac: doesn't show hand
*** SUMMARY ***
Total pot $12 | Rake $0.24
Board [5h Kh Js]
Seat 1: halicpac (button) (small blind) collected ($11.76)
Seat 4: assitoni (big blind) folded on the Flop


PokerStars Hand #161441279794:  Hold'em Limit ($3/$6 USD) - 2016/11/15 10:57:57 ET
Table 'Siwa' 6-max Seat #4 is the button
Seat 1: halicpac ($72.64 in chips)
Seat 4: assitoni ($72 in chips)
assitoni: posts small blind $1
halicpac: posts big blind $3
*** HOLE CARDS ***
assitoni: folds
Uncalled bet ($2) returned to halicpac
halicpac collected $2 from pot
halicpac: doesn't show hand
*** SUMMARY ***
Total pot $2 | Rake $0
Seat 1: halicpac (big blind) collected ($2)
Seat 4: assitoni (button) (small blind) folded before Flop


