PokerStars Hand #146955237837:  Hold'em Limit ($3/$6 USD) - 2016/01/13 3:15:38 ET
Table 'Skadi II' 6-max Seat #4 is the button
Seat 4: Agrotait ($72 in chips)
Seat 5: poker lance ($58.44 in chips)
Agrotait: posts small blind $1
poker lance: posts big blind $3
*** HOLE CARDS ***
Agrotait: raises $3 to $6
poker lance: raises $3 to $9
Agrotait: calls $3
*** FLOP *** [Jh 3c 4c]
poker lance: bets $3
Agrotait: calls $3
*** TURN *** [Jh 3c 4c] [6h]
poker lance: checks
Agrotait: checks
*** RIVER *** [Jh 3c 4c 6h] [9h]
poker lance: bets $6
Agrotait: calls $6
*** SHOW DOWN ***
poker lance: shows [9c Jc] (two pair, Jacks and Nines)
Agrotait: mucks hand
poker lance collected $35.50 from pot
*** SUMMARY ***
Total pot $36 | Rake $0.50
Board [Jh 3c 4c 6h 9h]
Seat 4: Agrotait (button) (small blind) mucked
Seat 5: poker lance (big blind) showed [9c Jc] and won ($35.50) with two pair, Jacks and Nines


PokerStars Hand #146955255968:  Hold'em Limit ($3/$6 USD) - 2016/01/13 3:16:33 ET
Table 'Skadi II' 6-max Seat #4 is the button
Seat 4: Agrotait ($73 in chips)
Seat 5: poker lance ($74.94 in chips)
Agrotait: posts small blind $1
poker lance: posts big blind $3
*** HOLE CARDS ***
Agrotait: folds
Uncalled bet ($2) returned to poker lance
poker lance collected $2 from pot
*** SUMMARY ***
Total pot $2 | Rake $0
Seat 4: Agrotait (button) (small blind) folded before Flop
Seat 5: poker lance (big blind) collected ($2)


PokerStars Hand #146955250446:  Hold'em Limit ($3/$6 USD) - 2016/01/13 3:16:16 ET
Table 'Skadi II' 6-max Seat #5 is the button
Seat 4: Agrotait ($72 in chips)
Seat 5: poker lance ($75.94 in chips)
poker lance: posts small blind $1
Agrotait: posts big blind $3
*** HOLE CARDS ***
WSpieler joins the table at seat #6
Masqb joins the table at seat #1
poker lance: folds
Uncalled bet ($2) returned to Agrotait
Agrotait collected $2 from pot
Agrotait: doesn't show hand
*** SUMMARY ***
Total pot $2 | Rake $0
Seat 4: Agrotait (big blind) collected ($2)
Seat 5: poker lance (button) (small blind) folded before Flop


