PokerStars Hand #156474768067:  Hold'em Limit ($3/$6 USD) - 2016/07/26 14:05:45 ET
Table 'Skadi II' 6-max Seat #4 is the button
Seat 4: BuzovaPro ($72 in chips)
Seat 5: RabbitNrAS ($36 in chips)
kolaz03 joins the table at seat #6
BuzovaPro: posts small blind $1
RabbitNrAS: posts big blind $3
*** HOLE CARDS ***
BuzovaPro: raises $3 to $6
RabbitNrAS: calls $3
*** FLOP *** [6h 5s Th]
RabbitNrAS: checks
BuzovaPro: bets $3
RabbitNrAS: folds
Uncalled bet ($3) returned to BuzovaPro
BuzovaPro collected $11.76 from pot
BuzovaPro: doesn't show hand
*** SUMMARY ***
Total pot $12 | Rake $0.24
Board [6h 5s Th]
Seat 4: BuzovaPro (button) (small blind) collected ($11.76)
Seat 5: RabbitNrAS (big blind) folded on the Flop


PokerStars Hand #156475525964:  Hold'em Limit ($3/$6 USD) - 2016/07/26 14:22:48 ET
Table 'Skadi II' 6-max Seat #6 is the button
Seat 2: skanQ ($142.60 in chips)
Seat 6: Fabulous108 ($77.99 in chips)
Fabulous108: posts small blind $1
skanQ: posts big blind $3
*** HOLE CARDS ***
Fabulous108: raises $3 to $6
skanQ: calls $3
*** FLOP *** [Jd Qd 8d]
skanQ: checks
Fabulous108: bets $3
Chessnok leaves the table
skanQ: calls $3
*** TURN *** [Jd Qd 8d] [Ac]
skanQ: checks
Fabulous108: checks
*** RIVER *** [Jd Qd 8d Ac] [2s]
skanQ: bets $6
Fabulous108: folds
Uncalled bet ($6) returned to skanQ
skanQ collected $17.64 from pot
skanQ: doesn't show hand
*** SUMMARY ***
Total pot $18 | Rake $0.36
Board [Jd Qd 8d Ac 2s]
Seat 2: skanQ (big blind) collected ($17.64)
Seat 6: Fabulous108 (button) (small blind) folded on the River


