PokerStars Hand #144249547602:  Hold'em Limit ($3/$6 USD) - 2015/11/23 0:50:13 ET
Table 'Skadi' 2-max Seat #2 is the button
Seat 1: Kurganski ($76.76 in chips)
Seat 2: Kosova1968 ($64.50 in chips)
Kosova1968: posts small blind $1
Kurganski: posts big blind $3
*** HOLE CARDS ***
Kosova1968: calls $2
Kurganski: checks
*** FLOP *** [7d 8c 7h]
Kurganski: bets $3
Kosova1968: calls $3
*** TURN *** [7d 8c 7h] [5d]
Kurganski: bets $6
Kosova1968: calls $6
*** RIVER *** [7d 8c 7h 5d] [9d]
Kurganski: bets $6
Kosova1968: calls $6
*** SHOW DOWN ***
Kurganski: shows [7s 3d] (three of a kind, Sevens)
Kosova1968: mucks hand
Kurganski collected $35.50 from pot
*** SUMMARY ***
Total pot $36 | Rake $0.50
Board [7d 8c 7h 5d 9d]
Seat 1: Kurganski (big blind) showed [7s 3d] and won ($35.50) with three of a kind, Sevens
Seat 2: Kosova1968 (button) (small blind) mucked


PokerStars Hand #144249546404:  Hold'em Limit ($3/$6 USD) - 2015/11/23 0:50:08 ET
Table 'Skadi' 2-max Seat #1 is the button
Seat 1: Kurganski ($77.76 in chips)
Seat 2: Kosova1968 ($63.50 in chips)
Kurganski: posts small blind $1
Kosova1968: posts big blind $3
*** HOLE CARDS ***
Kurganski: folds
Uncalled bet ($2) returned to Kosova1968
Kosova1968 collected $2 from pot
*** SUMMARY ***
Total pot $2 | Rake $0
Seat 1: Kurganski (button) (small blind) folded before Flop
Seat 2: Kosova1968 (big blind) collected ($2)


PokerStars Hand #144249537828:  Hold'em Limit ($3/$6 USD) - 2015/11/23 0:49:31 ET
Table 'Skadi' 2-max Seat #2 is the button
Seat 1: Kurganski ($72 in chips)
Seat 2: Kosova1968 ($69.50 in chips)
Kosova1968: posts small blind $1
Kurganski: posts big blind $3
*** HOLE CARDS ***
Kosova1968: raises $3 to $6
Kurganski: calls $3
*** FLOP *** [4d 5d Jh]
Kurganski: checks
Kosova1968: checks
*** TURN *** [4d 5d Jh] [9d]
Kurganski: bets $6
Kosova1968: folds [As]
Uncalled bet ($6) returned to Kurganski
Kurganski collected $11.76 from pot
*** SUMMARY ***
Total pot $12 | Rake $0.24
Board [4d 5d Jh 9d]
Seat 1: Kurganski (big blind) collected ($11.76)
Seat 2: Kosova1968 (button) (small blind) folded on the Turn


PokerStars Hand #144249560417:  Hold'em Limit ($3/$6 USD) - 2015/11/23 0:51:09 ET
Table 'Skadi' 2-max Seat #1 is the button
Seat 1: Kurganski ($89.26 in chips)
Seat 2: Kosova1968 ($51.26 in chips)
Kurganski: posts small blind $1
Kosova1968: posts big blind $3
*** HOLE CARDS ***
Kurganski: raises $3 to $6
Kosova1968: calls $3
*** FLOP *** [3d Kc 2h]
Kosova1968: bets $3
Kurganski: folds
Uncalled bet ($3) returned to Kosova1968
Kosova1968 collected $11.76 from pot
*** SUMMARY ***
Total pot $12 | Rake $0.24
Board [3d Kc 2h]
Seat 1: Kurganski (button) (small blind) folded on the Flop
Seat 2: Kosova1968 (big blind) collected ($11.76)


PokerStars Hand #144249558990:  Hold'em Limit ($3/$6 USD) - 2015/11/23 0:51:03 ET
Table 'Skadi' 2-max Seat #2 is the button
Seat 1: Kurganski ($88.26 in chips)
Seat 2: Kosova1968 ($52.26 in chips)
Kosova1968: posts small blind $1
Kurganski: posts big blind $3
*** HOLE CARDS ***
Kosova1968: folds
Uncalled bet ($2) returned to Kurganski
Kurganski collected $2 from pot
*** SUMMARY ***
Total pot $2 | Rake $0
Seat 1: Kurganski (big blind) collected ($2)
Seat 2: Kosova1968 (button) (small blind) folded before Flop


PokerStars Hand #144249553701:  Hold'em Limit ($3/$6 USD) - 2015/11/23 0:50:40 ET
Table 'Skadi' 2-max Seat #1 is the button
Seat 1: Kurganski ($94.26 in chips)
Seat 2: Kosova1968 ($46.50 in chips)
Kurganski: posts small blind $1
Kosova1968: posts big blind $3
*** HOLE CARDS ***
Kurganski: raises $3 to $6
Kosova1968: calls $3
*** FLOP *** [8s 9c 4h]
Kosova1968: bets $3
Kurganski: folds
Uncalled bet ($3) returned to Kosova1968
Kosova1968 collected $11.76 from pot
*** SUMMARY ***
Total pot $12 | Rake $0.24
Board [8s 9c 4h]
Seat 1: Kurganski (button) (small blind) folded on the Flop
Seat 2: Kosova1968 (big blind) collected ($11.76)


PokerStars Hand #144249563665:  Hold'em Limit ($3/$6 USD) - 2015/11/23 0:51:23 ET
Table 'Skadi' 2-max Seat #2 is the button
Seat 1: Kurganski ($83.26 in chips)
Seat 2: Kosova1968 ($57.02 in chips)
Kosova1968: posts small blind $1
Kurganski: posts big blind $3
*** HOLE CARDS ***
Kosova1968: calls $2
Kurganski: checks
*** FLOP *** [2h Kc 6d]
Kurganski: bets $3
Kosova1968: calls $3
*** TURN *** [2h Kc 6d] [Ts]
Kurganski: bets $6
Kosova1968: calls $6
*** RIVER *** [2h Kc 6d Ts] [2c]
Kurganski: bets $6
Kosova1968: calls $6
*** SHOW DOWN ***
Kurganski: shows [Kd 5d] (two pair, Kings and Deuces)
Kosova1968: mucks hand
Kurganski collected $35.50 from pot
*** SUMMARY ***
Total pot $36 | Rake $0.50
Board [2h Kc 6d Ts 2c]
Seat 1: Kurganski (big blind) showed [Kd 5d] and won ($35.50) with two pair, Kings and Deuces
Seat 2: Kosova1968 (button) (small blind) mucked


PokerStars Hand #144249581006:  Hold'em Limit ($3/$6 USD) - 2015/11/23 0:52:40 ET
Table 'Skadi' 2-max Seat #2 is the button
Seat 1: Kurganski ($88.76 in chips)
Seat 2: Kosova1968 ($50.54 in chips)
Kosova1968: posts small blind $1
Kurganski: posts big blind $3
*** HOLE CARDS ***
Kosova1968: raises $3 to $6
Kurganski: folds
Uncalled bet ($3) returned to Kosova1968
Kosova1968 collected $6 from pot
*** SUMMARY ***
Total pot $6 | Rake $0
Seat 1: Kurganski (big blind) folded before Flop
Seat 2: Kosova1968 (button) (small blind) collected ($6)


PokerStars Hand #144249589193:  Hold'em Limit ($3/$6 USD) - 2015/11/23 0:53:15 ET
Table 'Skadi' 2-max Seat #1 is the button
Seat 1: Kurganski ($80.76 in chips)
Seat 2: Kosova1968 ($58.30 in chips)
Kurganski: posts small blind $1
Kosova1968: posts big blind $3
*** HOLE CARDS ***
Kurganski: raises $3 to $6
Kosova1968: raises $3 to $9
Kurganski: calls $3
*** FLOP *** [3s Ts 8c]
Kosova1968: bets $3
Kurganski: calls $3
*** TURN *** [3s Ts 8c] [7h]
Kosova1968: bets $6
Kurganski: calls $6
*** RIVER *** [3s Ts 8c 7h] [Qh]
Kosova1968: bets $6
Kurganski: calls $6
*** SHOW DOWN ***
Kosova1968: shows [4c 2h] (high card Queen)
Kurganski: shows [7s Ac] (a pair of Sevens)
Kurganski collected $47.50 from pot
*** SUMMARY ***
Total pot $48 | Rake $0.50
Board [3s Ts 8c 7h Qh]
Seat 1: Kurganski (button) (small blind) showed [7s Ac] and won ($47.50) with a pair of Sevens
Seat 2: Kosova1968 (big blind) showed [4c 2h] and lost with high card Queen


PokerStars Hand #144249595730:  Hold'em Limit ($3/$6 USD) - 2015/11/23 0:53:44 ET
Table 'Skadi' 2-max Seat #2 is the button
Seat 1: Kurganski ($104.26 in chips)
Seat 2: Kosova1968 ($34.30 in chips)
Kosova1968: posts small blind $1
Kurganski: posts big blind $3
*** HOLE CARDS ***
Kosova1968: raises $3 to $6
Kurganski: calls $3
*** FLOP *** [8s 9s 9c]
Kurganski: checks
Kosova1968: bets $3
Kurganski: folds
Uncalled bet ($3) returned to Kosova1968
Kosova1968 collected $11.76 from pot
*** SUMMARY ***
Total pot $12 | Rake $0.24
Board [8s 9s 9c]
Seat 1: Kurganski (big blind) folded on the Flop
Seat 2: Kosova1968 (button) (small blind) collected ($11.76)


PokerStars Hand #144249587954:  Hold'em Limit ($3/$6 USD) - 2015/11/23 0:53:10 ET
Table 'Skadi' 2-max Seat #2 is the button
Seat 1: Kurganski ($79.76 in chips)
Seat 2: Kosova1968 ($59.30 in chips)
Kosova1968: posts small blind $1
Kurganski: posts big blind $3
*** HOLE CARDS ***
Kosova1968: folds
Uncalled bet ($2) returned to Kurganski
Kurganski collected $2 from pot
*** SUMMARY ***
Total pot $2 | Rake $0
Seat 1: Kurganski (big blind) collected ($2)
Seat 2: Kosova1968 (button) (small blind) folded before Flop


PokerStars Hand #144249605305:  Hold'em Limit ($3/$6 USD) - 2015/11/23 0:54:27 ET
Table 'Skadi' 2-max Seat #2 is the button
Seat 1: Kurganski ($112.76 in chips)
Seat 2: Kosova1968 ($25.06 in chips)
Kosova1968: posts small blind $1
Kurganski: posts big blind $3
*** HOLE CARDS ***
Kosova1968: raises $3 to $6
Kurganski: raises $3 to $9
Kosova1968: calls $3
*** FLOP *** [9s 7s Js]
Kurganski: bets $3
Kosova1968: folds
Uncalled bet ($3) returned to Kurganski
Kurganski collected $17.64 from pot
*** SUMMARY ***
Total pot $18 | Rake $0.36
Board [9s 7s Js]
Seat 1: Kurganski (big blind) collected ($17.64)
Seat 2: Kosova1968 (button) (small blind) folded on the Flop


PokerStars Hand #144249598210:  Hold'em Limit ($3/$6 USD) - 2015/11/23 0:53:55 ET
Table 'Skadi' 2-max Seat #1 is the button
Seat 1: Kurganski ($98.26 in chips)
Seat 2: Kosova1968 ($40.06 in chips)
Kurganski: posts small blind $1
Kosova1968: posts big blind $3
*** HOLE CARDS ***
Kurganski: raises $3 to $6
Kosova1968: calls $3
*** FLOP *** [Qh 8d 9s]
Kosova1968: checks
Kurganski: bets $3
Kosova1968: calls $3
*** TURN *** [Qh 8d 9s] [Qc]
Kosova1968: checks
Kurganski: bets $6
Kosova1968: calls $6
*** RIVER *** [Qh 8d 9s Qc] [3d]
Kosova1968: checks
Kurganski: bets $6
Kosova1968: folds
Uncalled bet ($6) returned to Kurganski
Kurganski collected $29.50 from pot
*** SUMMARY ***
Total pot $30 | Rake $0.50
Board [Qh 8d 9s Qc 3d]
Seat 1: Kurganski (button) (small blind) collected ($29.50)
Seat 2: Kosova1968 (big blind) folded on the River


PokerStars Hand #144249609446:  Hold'em Limit ($3/$6 USD) - 2015/11/23 0:54:45 ET
Table 'Skadi' 2-max Seat #2 is the button
Seat 1: Kurganski ($120.40 in chips)
Seat 2: Kosova1968 ($17.06 in chips)
Kosova1968: posts small blind $1
Kurganski: posts big blind $3
*** HOLE CARDS ***
Kosova1968: raises $3 to $6
Kurganski: raises $3 to $9
Kosova1968: calls $3
*** FLOP *** [Kc Qh Jc]
Kurganski: bets $3
Kosova1968: raises $3 to $6
Kurganski: raises $3 to $9
Kosova1968: calls $2.06 and is all-in
Uncalled bet ($0.94) returned to Kurganski
*** TURN *** [Kc Qh Jc] [Ks]
*** RIVER *** [Kc Qh Jc Ks] [4h]
*** SHOW DOWN ***
Kurganski: shows [6s Ah] (a pair of Kings)
Kosova1968: shows [Jd Qc] (two pair, Kings and Queens)
Kosova1968 collected $33.62 from pot
*** SUMMARY ***
Total pot $34.12 | Rake $0.50
Board [Kc Qh Jc Ks 4h]
Seat 1: Kurganski (big blind) showed [6s Ah] and lost with a pair of Kings
Seat 2: Kosova1968 (button) (small blind) showed [Jd Qc] and won ($33.62) with two pair, Kings and Queens


PokerStars Hand #144249622940:  Hold'em Limit ($3/$6 USD) - 2015/11/23 0:55:51 ET
Table 'Skadi' 2-max Seat #2 is the button
Seat 1: Kurganski ($129.84 in chips)
Seat 2: Kosova1968 ($6.62 in chips)
Kosova1968: posts small blind $1
Kurganski: posts big blind $3
*** HOLE CARDS ***
Kosova1968: folds
Uncalled bet ($2) returned to Kurganski
Kurganski collected $2 from pot
*** SUMMARY ***
Total pot $2 | Rake $0
Seat 1: Kurganski (big blind) collected ($2)
Seat 2: Kosova1968 (button) (small blind) folded before Flop


PokerStars Hand #144249614872:  Hold'em Limit ($3/$6 USD) - 2015/11/23 0:55:09 ET
Table 'Skadi' 2-max Seat #1 is the button
Seat 1: Kurganski ($103.34 in chips)
Seat 2: Kosova1968 ($33.62 in chips)
Kurganski: posts small blind $1
Kosova1968: posts big blind $3
*** HOLE CARDS ***
Kurganski: raises $3 to $6
Kosova1968: calls $3
*** FLOP *** [Jd Jh 2s]
Kosova1968: checks
Kurganski: bets $3
Kosova1968: calls $3
*** TURN *** [Jd Jh 2s] [6c]
Kosova1968: checks
Kurganski: bets $6
Kosova1968: raises $6 to $12
Kurganski: calls $6
*** RIVER *** [Jd Jh 2s 6c] [5c]
Kosova1968: bets $6
Kurganski: calls $6
*** SHOW DOWN ***
Kosova1968: shows [Ad 2c] (two pair, Jacks and Deuces)
Kurganski: shows [3d 3s] (two pair, Jacks and Threes)
Kurganski collected $53.50 from pot
*** SUMMARY ***
Total pot $54 | Rake $0.50
Board [Jd Jh 2s 6c 5c]
Seat 1: Kurganski (button) (small blind) showed [3d 3s] and won ($53.50) with two pair, Jacks and Threes
Seat 2: Kosova1968 (big blind) showed [Ad 2c] and lost with two pair, Jacks and Deuces


PokerStars Hand #144249624310:  Hold'em Limit ($3/$6 USD) - 2015/11/23 0:55:58 ET
Table 'Skadi' 2-max Seat #1 is the button
Seat 1: Kurganski ($130.84 in chips)
Seat 2: Kosova1968 ($5.62 in chips)
Kurganski: posts small blind $1
Kosova1968: posts big blind $3
*** HOLE CARDS ***
Kurganski: raises $3 to $6
Kosova1968: calls $2.62 and is all-in
Uncalled bet ($0.38) returned to Kurganski
*** FLOP *** [2s 5c 4s]
*** TURN *** [2s 5c 4s] [Js]
*** RIVER *** [2s 5c 4s Js] [6s]
*** SHOW DOWN ***
Kosova1968: shows [Ac Th] (high card Ace)
Kurganski: shows [Qs Ah] (a flush, Queen high)
Kurganski collected $11.02 from pot
*** SUMMARY ***
Total pot $11.24 | Rake $0.22
Board [2s 5c 4s Js 6s]
Seat 1: Kurganski (button) (small blind) showed [Qs Ah] and won ($11.02) with a flush, Queen high
Seat 2: Kosova1968 (big blind) showed [Ac Th] and lost with high card Ace


PokerStars Hand #144255249248:  Hold'em Limit ($3/$6 USD) - 2015/11/23 6:08:17 ET
Table 'Skadi' 2-max Seat #2 is the button
Seat 1: Kurganski ($136.24 in chips)
Seat 2: Kosova1968 ($72 in chips)
Kosova1968: posts small blind $1
Kurganski: posts big blind $3
*** HOLE CARDS ***
Kosova1968: raises $3 to $6
Kurganski: raises $3 to $9
Kosova1968: calls $3
*** FLOP *** [8s Kh Kc]
Kurganski: bets $3
Kosova1968: calls $3
*** TURN *** [8s Kh Kc] [4d]
Kurganski: bets $6
Kosova1968: calls $6
*** RIVER *** [8s Kh Kc 4d] [2c]
Kurganski: bets $6
Kosova1968: raises $6 to $12
Kurganski: calls $6
*** SHOW DOWN ***
Kosova1968: shows [8d Ks] (a full house, Kings full of Eights)
Kurganski: mucks hand
Kosova1968 collected $59.50 from pot
*** SUMMARY ***
Total pot $60 | Rake $0.50
Board [8s Kh Kc 4d 2c]
Seat 1: Kurganski (big blind) mucked
Seat 2: Kosova1968 (button) (small blind) showed [8d Ks] and won ($59.50) with a full house, Kings full of Eights


PokerStars Hand #144255278491:  Hold'em Limit ($3/$6 USD) - 2015/11/23 6:09:25 ET
Table 'Skadi' 2-max Seat #1 is the button
Seat 1: Kurganski ($131.74 in chips)
Seat 2: Kosova1968 ($75.50 in chips)
Kurganski: posts small blind $1
Kosova1968: posts big blind $3
*** HOLE CARDS ***
Kurganski: raises $3 to $6
Kosova1968: folds
Uncalled bet ($3) returned to Kurganski
Kurganski collected $6 from pot
*** SUMMARY ***
Total pot $6 | Rake $0
Seat 1: Kurganski (button) (small blind) collected ($6)
Seat 2: Kosova1968 (big blind) folded before Flop


PokerStars Hand #144255265879:  Hold'em Limit ($3/$6 USD) - 2015/11/23 6:08:56 ET
Table 'Skadi' 2-max Seat #1 is the button
Seat 1: Kurganski ($106.24 in chips)
Seat 2: Kosova1968 ($101.50 in chips)
Kurganski: posts small blind $1
Kosova1968: posts big blind $3
*** HOLE CARDS ***
Kurganski: folds
Uncalled bet ($2) returned to Kosova1968
Kosova1968 collected $2 from pot
*** SUMMARY ***
Total pot $2 | Rake $0
Seat 1: Kurganski (button) (small blind) folded before Flop
Seat 2: Kosova1968 (big blind) collected ($2)


PokerStars Hand #144255267744:  Hold'em Limit ($3/$6 USD) - 2015/11/23 6:09:00 ET
Table 'Skadi' 2-max Seat #2 is the button
Seat 1: Kurganski ($105.24 in chips)
Seat 2: Kosova1968 ($102.50 in chips)
Kosova1968: posts small blind $1
Kurganski: posts big blind $3
*** HOLE CARDS ***
Kosova1968: raises $3 to $6
Kurganski: calls $3
*** FLOP *** [7d 5d 7h]
Kurganski: checks
Kosova1968: bets $3
Kurganski: calls $3
*** TURN *** [7d 5d 7h] [2h]
Kurganski: checks
Kosova1968: bets $6
Kurganski: calls $6
*** RIVER *** [7d 5d 7h 2h] [Ks]
Kurganski: checks
Kosova1968: bets $6
Kurganski: raises $6 to $12
Kosova1968: calls $6
*** SHOW DOWN ***
Kurganski: shows [4s Kc] (two pair, Kings and Sevens)
Kosova1968: shows [5c 2s] (two pair, Sevens and Fives)
Kurganski collected $53.50 from pot
*** SUMMARY ***
Total pot $54 | Rake $0.50
Board [7d 5d 7h 2h Ks]
Seat 1: Kurganski (big blind) showed [4s Kc] and won ($53.50) with two pair, Kings and Sevens
Seat 2: Kosova1968 (button) (small blind) showed [5c 2s] and lost with two pair, Sevens and Fives


PokerStars Hand #144255283814:  Hold'em Limit ($3/$6 USD) - 2015/11/23 6:09:37 ET
Table 'Skadi' 2-max Seat #2 is the button
Seat 1: Kurganski ($134.74 in chips)
Seat 2: Kosova1968 ($72.50 in chips)
Kosova1968: posts small blind $1
Kurganski: posts big blind $3
*** HOLE CARDS ***
Kosova1968: folds
Uncalled bet ($2) returned to Kurganski
Kurganski collected $2 from pot
*** SUMMARY ***
Total pot $2 | Rake $0
Seat 1: Kurganski (big blind) collected ($2)
Seat 2: Kosova1968 (button) (small blind) folded before Flop


PokerStars Hand #144255299347:  Hold'em Limit ($3/$6 USD) - 2015/11/23 6:10:13 ET
Table 'Skadi' 2-max Seat #2 is the button
Seat 1: Kurganski ($111.74 in chips)
Seat 2: Kosova1968 ($95 in chips)
Kosova1968: posts small blind $1
Kurganski: posts big blind $3
*** HOLE CARDS ***
Kosova1968: folds
Uncalled bet ($2) returned to Kurganski
Kurganski collected $2 from pot
*** SUMMARY ***
Total pot $2 | Rake $0
Seat 1: Kurganski (big blind) collected ($2)
Seat 2: Kosova1968 (button) (small blind) folded before Flop


PokerStars Hand #144255285769:  Hold'em Limit ($3/$6 USD) - 2015/11/23 6:09:41 ET
Table 'Skadi' 2-max Seat #1 is the button
Seat 1: Kurganski ($135.74 in chips)
Seat 2: Kosova1968 ($71.50 in chips)
Kurganski: posts small blind $1
Kosova1968: posts big blind $3
*** HOLE CARDS ***
Kurganski: raises $3 to $6
Kosova1968: raises $3 to $9
Kurganski: calls $3
*** FLOP *** [Ad Jh Qd]
Kosova1968: bets $3
Kurganski: calls $3
*** TURN *** [Ad Jh Qd] [5d]
Kosova1968: bets $6
Kurganski: calls $6
*** RIVER *** [Ad Jh Qd 5d] [4h]
Kosova1968: bets $6
Kurganski: calls $6
*** SHOW DOWN ***
Kosova1968: shows [As Jd] (two pair, Aces and Jacks)
Kurganski: mucks hand
Kosova1968 collected $47.50 from pot
*** SUMMARY ***
Total pot $48 | Rake $0.50
Board [Ad Jh Qd 5d 4h]
Seat 1: Kurganski (button) (small blind) mucked
Seat 2: Kosova1968 (big blind) showed [As Jd] and won ($47.50) with two pair, Aces and Jacks


PokerStars Hand #144255308443:  Hold'em Limit ($3/$6 USD) - 2015/11/23 6:10:35 ET
Table 'Skadi' 2-max Seat #2 is the button
Seat 1: Kurganski ($118.50 in chips)
Seat 2: Kosova1968 ($88 in chips)
Kosova1968: posts small blind $1
Kurganski: posts big blind $3
*** HOLE CARDS ***
Kosova1968: folds
Uncalled bet ($2) returned to Kurganski
Kurganski collected $2 from pot
*** SUMMARY ***
Total pot $2 | Rake $0
Seat 1: Kurganski (big blind) collected ($2)
Seat 2: Kosova1968 (button) (small blind) folded before Flop


PokerStars Hand #144255330015:  Hold'em Limit ($3/$6 USD) - 2015/11/23 6:11:25 ET
Table 'Skadi' 2-max Seat #1 is the button
Seat 1: Kurganski ($143 in chips)
Seat 2: Kosova1968 ($62.76 in chips)
Kurganski: posts small blind $1
Kosova1968: posts big blind $3
*** HOLE CARDS ***
Kurganski: raises $3 to $6
Kosova1968: raises $3 to $9
Kurganski: calls $3
*** FLOP *** [Ah 9h Js]
Kosova1968: bets $3
Kurganski: folds
Uncalled bet ($3) returned to Kosova1968
Kosova1968 collected $17.64 from pot
*** SUMMARY ***
Total pot $18 | Rake $0.36
Board [Ah 9h Js]
Seat 1: Kurganski (button) (small blind) folded on the Flop
Seat 2: Kosova1968 (big blind) collected ($17.64)


PokerStars Hand #144255310568:  Hold'em Limit ($3/$6 USD) - 2015/11/23 6:10:40 ET
Table 'Skadi' 2-max Seat #1 is the button
Seat 1: Kurganski ($119.50 in chips)
Seat 2: Kosova1968 ($87 in chips)
Kurganski: posts small blind $1
Kosova1968: posts big blind $3
*** HOLE CARDS ***
Kurganski: raises $3 to $6
Kosova1968: calls $3
*** FLOP *** [9c 3d 3h]
Kosova1968: checks
Kurganski: bets $3
Kosova1968: raises $3 to $6
Kurganski: calls $3
*** TURN *** [9c 3d 3h] [Jc]
Kosova1968: bets $6
Kurganski: raises $6 to $12
Kosova1968: calls $6
*** RIVER *** [9c 3d 3h Jc] [7d]
Kosova1968: checks
Kurganski: bets $6
Kosova1968: calls $6
*** SHOW DOWN ***
Kurganski: shows [Th 8c] (a straight, Seven to Jack)
Kosova1968: shows [Jh 4c] (two pair, Jacks and Threes)
Kurganski collected $59.50 from pot
*** SUMMARY ***
Total pot $60 | Rake $0.50
Board [9c 3d 3h Jc 7d]
Seat 1: Kurganski (button) (small blind) showed [Th 8c] and won ($59.50) with a straight, Seven to Jack
Seat 2: Kosova1968 (big blind) showed [Jh 4c] and lost with two pair, Jacks and Threes


PokerStars Hand #144255334970:  Hold'em Limit ($3/$6 USD) - 2015/11/23 6:11:37 ET
Table 'Skadi' 2-max Seat #2 is the button
Seat 1: Kurganski ($134 in chips)
Seat 2: Kosova1968 ($71.40 in chips)
Kosova1968: posts small blind $1
Kurganski: posts big blind $3
*** HOLE CARDS ***
Kosova1968: folds
Uncalled bet ($2) returned to Kurganski
Kurganski collected $2 from pot
*** SUMMARY ***
Total pot $2 | Rake $0
Seat 1: Kurganski (big blind) collected ($2)
Seat 2: Kosova1968 (button) (small blind) folded before Flop


PokerStars Hand #144255337801:  Hold'em Limit ($3/$6 USD) - 2015/11/23 6:11:43 ET
Table 'Skadi' 2-max Seat #1 is the button
Seat 1: Kurganski ($135 in chips)
Seat 2: Kosova1968 ($70.40 in chips)
Kurganski: posts small blind $1
Kosova1968: posts big blind $3
*** HOLE CARDS ***
Kurganski: raises $3 to $6
Kosova1968: raises $3 to $9
Kurganski: calls $3
*** FLOP *** [Ad 5h Jc]
Kosova1968: checks
Kurganski: checks
*** TURN *** [Ad 5h Jc] [4d]
Kosova1968: bets $6
Kurganski: calls $6
*** RIVER *** [Ad 5h Jc 4d] [Jh]
Kosova1968: bets $6
Kurganski: folds
Uncalled bet ($6) returned to Kosova1968
Kosova1968 collected $29.50 from pot
*** SUMMARY ***
Total pot $30 | Rake $0.50
Board [Ad 5h Jc 4d Jh]
Seat 1: Kurganski (button) (small blind) folded on the River
Seat 2: Kosova1968 (big blind) collected ($29.50)


PokerStars Hand #144255352068:  Hold'em Limit ($3/$6 USD) - 2015/11/23 6:12:17 ET
Table 'Skadi' 2-max Seat #1 is the button
Seat 1: Kurganski ($114 in chips)
Seat 2: Kosova1968 ($90.66 in chips)
Kurganski: posts small blind $1
Kosova1968: posts big blind $3
*** HOLE CARDS ***
Kurganski: raises $3 to $6
Kosova1968: raises $3 to $9
Kurganski: calls $3
*** FLOP *** [Qh 4h 3h]
Kosova1968: bets $3
Kurganski: calls $3
*** TURN *** [Qh 4h 3h] [8s]
Kosova1968: bets $6
Kurganski: calls $6
*** RIVER *** [Qh 4h 3h 8s] [2s]
Kosova1968: bets $6
Kurganski: calls $6
*** SHOW DOWN ***
Kosova1968: shows [7c 8c] (a pair of Eights)
Kurganski: mucks hand
Kosova1968 collected $47.50 from pot
*** SUMMARY ***
Total pot $48 | Rake $0.50
Board [Qh 4h 3h 8s 2s]
Seat 1: Kurganski (button) (small blind) mucked
Seat 2: Kosova1968 (big blind) showed [7c 8c] and won ($47.50) with a pair of Eights


PokerStars Hand #144255373757:  Hold'em Limit ($3/$6 USD) - 2015/11/23 6:13:07 ET
Table 'Skadi' 2-max Seat #1 is the button
Seat 1: Kurganski ($77 in chips)
Seat 2: Kosova1968 ($126.68 in chips)
Kurganski: posts small blind $1
Kosova1968: posts big blind $3
*** HOLE CARDS ***
Kurganski: raises $3 to $6
Kosova1968: calls $3
*** FLOP *** [4d 7d 8d]
Kosova1968: bets $3
Kurganski: calls $3
*** TURN *** [4d 7d 8d] [9s]
Kosova1968: bets $6
Kurganski: calls $6
*** RIVER *** [4d 7d 8d 9s] [5d]
Kosova1968: checks
Kurganski: checks
*** SHOW DOWN ***
Kosova1968: shows [Ac 6c] (a straight, Five to Nine)
Kurganski: mucks hand
Kosova1968 collected $29.50 from pot
*** SUMMARY ***
Total pot $30 | Rake $0.50
Board [4d 7d 8d 9s 5d]
Seat 1: Kurganski (button) (small blind) mucked
Seat 2: Kosova1968 (big blind) showed [Ac 6c] and won ($29.50) with a straight, Five to Nine


PokerStars Hand #144255382873:  Hold'em Limit ($3/$6 USD) - 2015/11/23 6:13:28 ET
Table 'Skadi' 2-max Seat #2 is the button
Seat 1: Kurganski ($72 in chips)
Seat 2: Kosova1968 ($141.18 in chips)
Kosova1968: posts small blind $1
Kurganski: posts big blind $3
*** HOLE CARDS ***
Kosova1968: raises $3 to $6
Kurganski: calls $3
*** FLOP *** [4d 5d Ts]
Kurganski: checks
Kosova1968: bets $3
Kurganski: folds
Uncalled bet ($3) returned to Kosova1968
Kosova1968 collected $11.76 from pot
*** SUMMARY ***
Total pot $12 | Rake $0.24
Board [4d 5d Ts]
Seat 1: Kurganski (big blind) folded on the Flop
Seat 2: Kosova1968 (button) (small blind) collected ($11.76)


PokerStars Hand #144255367715:  Hold'em Limit ($3/$6 USD) - 2015/11/23 6:12:53 ET
Table 'Skadi' 2-max Seat #1 is the button
Seat 1: Kurganski ($84 in chips)
Seat 2: Kosova1968 ($119.92 in chips)
Kurganski: posts small blind $1
Kosova1968: posts big blind $3
*** HOLE CARDS ***
Kurganski: folds
Uncalled bet ($2) returned to Kosova1968
Kosova1968 collected $2 from pot
*** SUMMARY ***
Total pot $2 | Rake $0
Seat 1: Kurganski (button) (small blind) folded before Flop
Seat 2: Kosova1968 (big blind) collected ($2)


PokerStars Hand #144255363233:  Hold'em Limit ($3/$6 USD) - 2015/11/23 6:12:42 ET
Table 'Skadi' 2-max Seat #2 is the button
Seat 1: Kurganski ($90 in chips)
Seat 2: Kosova1968 ($114.16 in chips)
Kosova1968: posts small blind $1
Kurganski: posts big blind $3
*** HOLE CARDS ***
Kosova1968: raises $3 to $6
Kurganski: calls $3
*** FLOP *** [Td Ac 5d]
Kurganski: checks
Kosova1968: bets $3
Kurganski: folds
Uncalled bet ($3) returned to Kosova1968
Kosova1968 collected $11.76 from pot
*** SUMMARY ***
Total pot $12 | Rake $0.24
Board [Td Ac 5d]
Seat 1: Kurganski (big blind) folded on the Flop
Seat 2: Kosova1968 (button) (small blind) collected ($11.76)


PokerStars Hand #144255396552:  Hold'em Limit ($3/$6 USD) - 2015/11/23 6:13:59 ET
Table 'Skadi' 2-max Seat #2 is the button
Seat 1: Kurganski ($72 in chips)
Seat 2: Kosova1968 ($155.58 in chips)
Kosova1968: posts small blind $1
Kurganski: posts big blind $3
*** HOLE CARDS ***
Kosova1968: raises $3 to $6
Kurganski: calls $3
*** FLOP *** [Qs 5h 8h]
Kurganski: checks
Kosova1968: bets $3
Kurganski: raises $3 to $6
Kosova1968: calls $3
*** TURN *** [Qs 5h 8h] [As]
Kurganski: bets $6
Kosova1968: raises $6 to $12
Kurganski: raises $6 to $18
Kosova1968: calls $6
*** RIVER *** [Qs 5h 8h As] [4d]
Kurganski: checks
Kosova1968: checks
*** SHOW DOWN ***
Kurganski: shows [6h 4h] (a pair of Fours)
Kosova1968: shows [4s 2c] (a pair of Fours)
Kurganski collected $29.75 from pot
Kosova1968 collected $29.75 from pot
*** SUMMARY ***
Total pot $60 | Rake $0.50
Board [Qs 5h 8h As 4d]
Seat 1: Kurganski (big blind) showed [6h 4h] and won ($29.75) with a pair of Fours
Seat 2: Kosova1968 (button) (small blind) showed [4s 2c] and won ($29.75) with a pair of Fours


PokerStars Hand #144255387441:  Hold'em Limit ($3/$6 USD) - 2015/11/23 6:13:38 ET
Table 'Skadi' 2-max Seat #1 is the button
Seat 1: Kurganski ($72 in chips)
Seat 2: Kosova1968 ($146.94 in chips)
Kurganski: posts small blind $1
Kosova1968: posts big blind $3
*** HOLE CARDS ***
Kurganski: raises $3 to $6
Kosova1968: calls $3
*** FLOP *** [Ad 6h 9c]
Kosova1968: checks
Kurganski: bets $3
Kosova1968: calls $3
*** TURN *** [Ad 6h 9c] [2s]
Kosova1968: checks
Kurganski: checks
*** RIVER *** [Ad 6h 9c 2s] [Qd]
Kosova1968: checks
Kurganski: checks
*** SHOW DOWN ***
Kosova1968: shows [6d 5s] (a pair of Sixes)
Kurganski: mucks hand
Kosova1968 collected $17.64 from pot
*** SUMMARY ***
Total pot $18 | Rake $0.36
Board [Ad 6h 9c 2s Qd]
Seat 1: Kurganski (button) (small blind) mucked
Seat 2: Kosova1968 (big blind) showed [6d 5s] and won ($17.64) with a pair of Sixes


PokerStars Hand #144255407689:  Hold'em Limit ($3/$6 USD) - 2015/11/23 6:14:24 ET
Table 'Skadi' 2-max Seat #1 is the button
Seat 1: Kurganski ($72 in chips)
Seat 2: Kosova1968 ($155.33 in chips)
Kurganski: posts small blind $1
Kosova1968: posts big blind $3
*** HOLE CARDS ***
Kurganski: raises $3 to $6
Kosova1968: raises $3 to $9
Kurganski: calls $3
*** FLOP *** [Td Ah Th]
Kosova1968: bets $3
Kurganski: calls $3
*** TURN *** [Td Ah Th] [8c]
Kosova1968: bets $6
Kurganski: calls $6
*** RIVER *** [Td Ah Th 8c] [Jh]
Kosova1968: bets $6
Kurganski: raises $6 to $12
Kosova1968: folds
Uncalled bet ($6) returned to Kurganski
Kurganski collected $47.50 from pot
*** SUMMARY ***
Total pot $48 | Rake $0.50
Board [Td Ah Th 8c Jh]
Seat 1: Kurganski (button) (small blind) collected ($47.50)
Seat 2: Kosova1968 (big blind) folded on the River


PokerStars Hand #144255422193:  Hold'em Limit ($3/$6 USD) - 2015/11/23 6:14:57 ET
Table 'Skadi' 2-max Seat #2 is the button
Seat 1: Kurganski ($95.50 in chips)
Seat 2: Kosova1968 ($131.33 in chips)
Kosova1968: posts small blind $1
Kurganski: posts big blind $3
*** HOLE CARDS ***
Kosova1968: folds
Uncalled bet ($2) returned to Kurganski
Kurganski collected $2 from pot
*** SUMMARY ***
Total pot $2 | Rake $0
Seat 1: Kurganski (big blind) collected ($2)
Seat 2: Kosova1968 (button) (small blind) folded before Flop


PokerStars Hand #144255437434:  Hold'em Limit ($3/$6 USD) - 2015/11/23 6:15:32 ET
Table 'Skadi' 2-max Seat #2 is the button
Seat 1: Kurganski ($117 in chips)
Seat 2: Kosova1968 ($109.33 in chips)
Kosova1968: posts small blind $1
Kurganski: posts big blind $3
*** HOLE CARDS ***
Kosova1968: raises $3 to $6
Kurganski: calls $3
*** FLOP *** [3h Qs Jd]
Kurganski: checks
Kosova1968: bets $3
Kurganski: folds
Uncalled bet ($3) returned to Kosova1968
Kosova1968 collected $11.76 from pot
*** SUMMARY ***
Total pot $12 | Rake $0.24
Board [3h Qs Jd]
Seat 1: Kurganski (big blind) folded on the Flop
Seat 2: Kosova1968 (button) (small blind) collected ($11.76)


PokerStars Hand #144255424287:  Hold'em Limit ($3/$6 USD) - 2015/11/23 6:15:02 ET
Table 'Skadi' 2-max Seat #1 is the button
Seat 1: Kurganski ($96.50 in chips)
Seat 2: Kosova1968 ($130.33 in chips)
Kurganski: posts small blind $1
Kosova1968: posts big blind $3
*** HOLE CARDS ***
Kurganski: raises $3 to $6
Kosova1968: calls $3
*** FLOP *** [Jd 6d Kh]
Kosova1968: bets $3
Kurganski: calls $3
*** TURN *** [Jd 6d Kh] [Th]
Kosova1968: checks
Kurganski: bets $6
Kosova1968: calls $6
*** RIVER *** [Jd 6d Kh Th] [4h]
Kosova1968: checks
Kurganski: bets $6
Kosova1968: calls $6
*** SHOW DOWN ***
Kurganski: shows [6c Kd] (two pair, Kings and Sixes)
Kosova1968: mucks hand
Kurganski collected $41.50 from pot
*** SUMMARY ***
Total pot $42 | Rake $0.50
Board [Jd 6d Kh Th 4h]
Seat 1: Kurganski (button) (small blind) showed [6c Kd] and won ($41.50) with two pair, Kings and Sixes
Seat 2: Kosova1968 (big blind) mucked


PokerStars Hand #144255449714:  Hold'em Limit ($3/$6 USD) - 2015/11/23 6:15:59 ET
Table 'Skadi' 2-max Seat #2 is the button
Seat 1: Kurganski ($102 in chips)
Seat 2: Kosova1968 ($123.73 in chips)
Kosova1968: posts small blind $1
Kurganski: posts big blind $3
*** HOLE CARDS ***
Kosova1968: raises $3 to $6
Kurganski: calls $3
*** FLOP *** [Jh 7c 3d]
Kurganski: checks
Kosova1968: checks
*** TURN *** [Jh 7c 3d] [8s]
Kurganski: bets $6
Kosova1968: calls $6
*** RIVER *** [Jh 7c 3d 8s] [4c]
Kurganski: bets $6
Kosova1968: calls $6
*** SHOW DOWN ***
Kurganski: shows [Tc 8h] (a pair of Eights)
Kosova1968: mucks hand
Kurganski collected $35.50 from pot
*** SUMMARY ***
Total pot $36 | Rake $0.50
Board [Jh 7c 3d 8s 4c]
Seat 1: Kurganski (big blind) showed [Tc 8h] and won ($35.50) with a pair of Eights
Seat 2: Kosova1968 (button) (small blind) mucked


PokerStars Hand #144255456637:  Hold'em Limit ($3/$6 USD) - 2015/11/23 6:16:15 ET
Table 'Skadi' 2-max Seat #1 is the button
Seat 1: Kurganski ($119.50 in chips)
Seat 2: Kosova1968 ($105.73 in chips)
Kurganski: posts small blind $1
Kosova1968: posts big blind $3
*** HOLE CARDS ***
Kurganski: raises $3 to $6
Kosova1968: folds
Uncalled bet ($3) returned to Kurganski
Kurganski collected $6 from pot
*** SUMMARY ***
Total pot $6 | Rake $0
Seat 1: Kurganski (button) (small blind) collected ($6)
Seat 2: Kosova1968 (big blind) folded before Flop


PokerStars Hand #144255461946:  Hold'em Limit ($3/$6 USD) - 2015/11/23 6:16:27 ET
Table 'Skadi' 2-max Seat #2 is the button
Seat 1: Kurganski ($122.50 in chips)
Seat 2: Kosova1968 ($102.73 in chips)
Kosova1968: posts small blind $1
Kurganski: posts big blind $3
*** HOLE CARDS ***
Kosova1968: raises $3 to $6
Kurganski: folds
Uncalled bet ($3) returned to Kosova1968
Kosova1968 collected $6 from pot
*** SUMMARY ***
Total pot $6 | Rake $0
Seat 1: Kurganski (big blind) folded before Flop
Seat 2: Kosova1968 (button) (small blind) collected ($6)


PokerStars Hand #144255442581:  Hold'em Limit ($3/$6 USD) - 2015/11/23 6:15:43 ET
Table 'Skadi' 2-max Seat #1 is the button
Seat 1: Kurganski ($111 in chips)
Seat 2: Kosova1968 ($115.09 in chips)
Kurganski: posts small blind $1
Kosova1968: posts big blind $3
*** HOLE CARDS ***
Kurganski: raises $3 to $6
Kosova1968: raises $3 to $9
Kurganski: calls $3
*** FLOP *** [4s Jd Jh]
Kosova1968: checks
Kurganski: checks
*** TURN *** [4s Jd Jh] [3d]
Kosova1968: bets $6
Kurganski: folds
Uncalled bet ($6) returned to Kosova1968
Kosova1968 collected $17.64 from pot
*** SUMMARY ***
Total pot $18 | Rake $0.36
Board [4s Jd Jh 3d]
Seat 1: Kurganski (button) (small blind) folded on the Turn
Seat 2: Kosova1968 (big blind) collected ($17.64)


PokerStars Hand #144255477259:  Hold'em Limit ($3/$6 USD) - 2015/11/23 6:17:02 ET
Table 'Skadi' 2-max Seat #2 is the button
Seat 1: Kurganski ($134 in chips)
Seat 2: Kosova1968 ($90.73 in chips)
Kosova1968: posts small blind $1
Kurganski: posts big blind $3
*** HOLE CARDS ***
Kosova1968: raises $3 to $6
Kurganski: raises $3 to $9
Kosova1968: calls $3
*** FLOP *** [2c 5c 3h]
Kurganski: bets $3
Kosova1968: calls $3
*** TURN *** [2c 5c 3h] [Js]
Kurganski: bets $6
Kosova1968: raises $6 to $12
Kurganski: calls $6
*** RIVER *** [2c 5c 3h Js] [Kc]
Kurganski: checks
Kosova1968: bets $6
Kurganski: calls $6
*** SHOW DOWN ***
Kosova1968: shows [6h Jd] (a pair of Jacks)
Kurganski: mucks hand
Kosova1968 collected $59.50 from pot
*** SUMMARY ***
Total pot $60 | Rake $0.50
Board [2c 5c 3h Js Kc]
Seat 1: Kurganski (big blind) mucked
Seat 2: Kosova1968 (button) (small blind) showed [6h Jd] and won ($59.50) with a pair of Jacks


PokerStars Hand #144255489975:  Hold'em Limit ($3/$6 USD) - 2015/11/23 6:17:31 ET
Table 'Skadi' 2-max Seat #1 is the button
Seat 1: Kurganski ($104 in chips)
Seat 2: Kosova1968 ($120.23 in chips)
Kurganski: posts small blind $1
Kosova1968: posts big blind $3
*** HOLE CARDS ***
Kurganski: raises $3 to $6
Kosova1968: calls $3
*** FLOP *** [Kd 9h 5s]
Kosova1968: bets $3
Kurganski: calls $3
*** TURN *** [Kd 9h 5s] [9d]
Kosova1968: bets $6
Kurganski: folds
Uncalled bet ($6) returned to Kosova1968
Kosova1968 collected $17.64 from pot
*** SUMMARY ***
Total pot $18 | Rake $0.36
Board [Kd 9h 5s 9d]
Seat 1: Kurganski (button) (small blind) folded on the Turn
Seat 2: Kosova1968 (big blind) collected ($17.64)


PokerStars Hand #144255464469:  Hold'em Limit ($3/$6 USD) - 2015/11/23 6:16:33 ET
Table 'Skadi' 2-max Seat #1 is the button
Seat 1: Kurganski ($119.50 in chips)
Seat 2: Kosova1968 ($105.73 in chips)
Kurganski: posts small blind $1
Kosova1968: posts big blind $3
*** HOLE CARDS ***
Kurganski: raises $3 to $6
Kosova1968: calls $3
*** FLOP *** [Tc 4d 9c]
Kosova1968: bets $3
Kurganski: calls $3
*** TURN *** [Tc 4d 9c] [2d]
Kosova1968: checks
Kurganski: bets $6
Kosova1968: calls $6
*** RIVER *** [Tc 4d 9c 2d] [Ts]
Kosova1968: checks
Kurganski: checks
*** SHOW DOWN ***
Kosova1968: shows [3c Js] (a pair of Tens)
Kurganski: shows [Jd Ad] (a pair of Tens - Ace kicker)
Kurganski collected $29.50 from pot
*** SUMMARY ***
Total pot $30 | Rake $0.50
Board [Tc 4d 9c 2d Ts]
Seat 1: Kurganski (button) (small blind) showed [Jd Ad] and won ($29.50) with a pair of Tens
Seat 2: Kosova1968 (big blind) showed [3c Js] and lost with a pair of Tens


PokerStars Hand #144255506404:  Hold'em Limit ($3/$6 USD) - 2015/11/23 6:18:08 ET
Table 'Skadi' 2-max Seat #1 is the button
Seat 1: Kurganski ($109.50 in chips)
Seat 2: Kosova1968 ($113.87 in chips)
Kurganski: posts small blind $1
Kosova1968: posts big blind $3
*** HOLE CARDS ***
Kurganski: raises $3 to $6
Kosova1968: raises $3 to $9
Kurganski: calls $3
*** FLOP *** [8s As 6s]
Kosova1968: bets $3
Kurganski: calls $3
*** TURN *** [8s As 6s] [7c]
Kosova1968: bets $6
Kurganski: calls $6
*** RIVER *** [8s As 6s 7c] [2s]
Kosova1968: bets $6
Kurganski: raises $6 to $12
Kosova1968: folds [2d 5h]
Uncalled bet ($6) returned to Kurganski
Kurganski collected $47.50 from pot
*** SUMMARY ***
Total pot $48 | Rake $0.50
Board [8s As 6s 7c 2s]
Seat 1: Kurganski (button) (small blind) collected ($47.50)
Seat 2: Kosova1968 (big blind) folded on the River


PokerStars Hand #144255496328:  Hold'em Limit ($3/$6 USD) - 2015/11/23 6:17:45 ET
Table 'Skadi' 2-max Seat #2 is the button
Seat 1: Kurganski ($95 in chips)
Seat 2: Kosova1968 ($128.87 in chips)
Kosova1968: posts small blind $1
Kurganski: posts big blind $3
*** HOLE CARDS ***
Kosova1968: raises $3 to $6
Kurganski: calls $3
*** FLOP *** [5h 4s 3h]
Kurganski: checks
Kosova1968: bets $3
Kurganski: calls $3
*** TURN *** [5h 4s 3h] [2d]
Kurganski: checks
Kosova1968: checks
*** RIVER *** [5h 4s 3h 2d] [Qc]
Kurganski: bets $6
Kosova1968: calls $6
*** SHOW DOWN ***
Kurganski: shows [9d 6c] (a straight, Deuce to Six)
Kosova1968: shows [8c 5s] (a pair of Fives)
Kurganski collected $29.50 from pot
*** SUMMARY ***
Total pot $30 | Rake $0.50
Board [5h 4s 3h 2d Qc]
Seat 1: Kurganski (big blind) showed [9d 6c] and won ($29.50) with a straight, Deuce to Six
Seat 2: Kosova1968 (button) (small blind) showed [8c 5s] and lost with a pair of Fives


PokerStars Hand #144255528671:  Hold'em Limit ($3/$6 USD) - 2015/11/23 6:18:58 ET
Table 'Skadi' 2-max Seat #1 is the button
Seat 1: Kurganski ($112 in chips)
Seat 2: Kosova1968 ($110.37 in chips)
Kurganski: posts small blind $1
Kosova1968: posts big blind $3
*** HOLE CARDS ***
Kurganski: raises $3 to $6
Kosova1968: folds
Uncalled bet ($3) returned to Kurganski
Kurganski collected $6 from pot
*** SUMMARY ***
Total pot $6 | Rake $0
Seat 1: Kurganski (button) (small blind) collected ($6)
Seat 2: Kosova1968 (big blind) folded before Flop


PokerStars Hand #144255531186:  Hold'em Limit ($3/$6 USD) - 2015/11/23 6:19:04 ET
Table 'Skadi' 2-max Seat #2 is the button
Seat 1: Kurganski ($115 in chips)
Seat 2: Kosova1968 ($107.37 in chips)
Kosova1968: posts small blind $1
Kurganski: posts big blind $3
*** HOLE CARDS ***
Kosova1968: raises $3 to $6
Kurganski: calls $3
*** FLOP *** [3s Kd 8d]
Kurganski: checks
Kosova1968: checks
*** TURN *** [3s Kd 8d] [Jc]
Kurganski: bets $6
Kosova1968: calls $6
*** RIVER *** [3s Kd 8d Jc] [Th]
Kurganski: checks
Kosova1968: bets $6
Kurganski: calls $6
*** SHOW DOWN ***
Kosova1968: shows [Ah Qh] (a straight, Ten to Ace)
Kurganski: mucks hand
Kosova1968 collected $35.50 from pot
*** SUMMARY ***
Total pot $36 | Rake $0.50
Board [3s Kd 8d Jc Th]
Seat 1: Kurganski (big blind) mucked
Seat 2: Kosova1968 (button) (small blind) showed [Ah Qh] and won ($35.50) with a straight, Ten to Ace


PokerStars Hand #144255539906:  Hold'em Limit ($3/$6 USD) - 2015/11/23 6:19:23 ET
Table 'Skadi' 2-max Seat #1 is the button
Seat 1: Kurganski ($97 in chips)
Seat 2: Kosova1968 ($124.87 in chips)
Kurganski: posts small blind $1
Kosova1968: posts big blind $3
*** HOLE CARDS ***
Kurganski: raises $3 to $6
Kosova1968: raises $3 to $9
Kurganski: calls $3
*** FLOP *** [As 7d 7s]
Kosova1968: bets $3
Kurganski: calls $3
*** TURN *** [As 7d 7s] [2s]
Kosova1968: checks
Kurganski: checks
*** RIVER *** [As 7d 7s 2s] [Kh]
Kosova1968: bets $6
Kurganski: calls $6
*** SHOW DOWN ***
Kosova1968: shows [6s Ks] (a flush, Ace high)
Kurganski: mucks hand
Kosova1968 collected $35.50 from pot
*** SUMMARY ***
Total pot $36 | Rake $0.50
Board [As 7d 7s 2s Kh]
Seat 1: Kurganski (button) (small blind) mucked
Seat 2: Kosova1968 (big blind) showed [6s Ks] and won ($35.50) with a flush, Ace high


PokerStars Hand #144255548199:  Hold'em Limit ($3/$6 USD) - 2015/11/23 6:19:42 ET
Table 'Skadi' 2-max Seat #2 is the button
Seat 1: Kurganski ($79 in chips)
Seat 2: Kosova1968 ($142.37 in chips)
Kosova1968: posts small blind $1
Kurganski: posts big blind $3
*** HOLE CARDS ***
Kosova1968: raises $3 to $6
Kurganski: calls $3
*** FLOP *** [Kh 3s As]
Kurganski: checks
Kosova1968: bets $3
Kurganski: folds
Uncalled bet ($3) returned to Kosova1968
Kosova1968 collected $11.76 from pot
*** SUMMARY ***
Total pot $12 | Rake $0.24
Board [Kh 3s As]
Seat 1: Kurganski (big blind) folded on the Flop
Seat 2: Kosova1968 (button) (small blind) collected ($11.76)


PokerStars Hand #144255520316:  Hold'em Limit ($3/$6 USD) - 2015/11/23 6:18:39 ET
Table 'Skadi' 2-max Seat #2 is the button
Seat 1: Kurganski ($133 in chips)
Seat 2: Kosova1968 ($89.87 in chips)
Kosova1968: posts small blind $1
Kurganski: posts big blind $3
*** HOLE CARDS ***
Kosova1968: raises $3 to $6
Kurganski: calls $3
*** FLOP *** [2h Kc 7d]
Kurganski: checks
Kosova1968: bets $3
Kurganski: calls $3
*** TURN *** [2h Kc 7d] [6s]
Kurganski: checks
Kosova1968: bets $6
Kurganski: calls $6
*** RIVER *** [2h Kc 7d 6s] [Ts]
Kurganski: checks
Kosova1968: bets $6
Kurganski: calls $6
*** SHOW DOWN ***
Kosova1968: shows [7c 8c] (a pair of Sevens)
Kurganski: mucks hand
Kosova1968 collected $41.50 from pot
*** SUMMARY ***
Total pot $42 | Rake $0.50
Board [2h Kc 7d 6s Ts]
Seat 1: Kurganski (big blind) mucked
Seat 2: Kosova1968 (button) (small blind) showed [7c 8c] and won ($41.50) with a pair of Sevens


PokerStars Hand #144255564959:  Hold'em Limit ($3/$6 USD) - 2015/11/23 6:20:20 ET
Table 'Skadi' 2-max Seat #2 is the button
Seat 1: Kurganski ($96.50 in chips)
Seat 2: Kosova1968 ($124.13 in chips)
Kosova1968: posts small blind $1
Kurganski: posts big blind $3
*** HOLE CARDS ***
Kosova1968: raises $3 to $6
Kurganski: calls $3
*** FLOP *** [9h Jh Ad]
Kurganski: checks
Kosova1968: bets $3
Kurganski: calls $3
*** TURN *** [9h Jh Ad] [Kc]
Kurganski: checks
Kosova1968: bets $6
Kurganski: calls $6
*** RIVER *** [9h Jh Ad Kc] [Js]
Kurganski: checks
Kosova1968: bets $6
Kurganski: calls $6
*** SHOW DOWN ***
Kosova1968: shows [Kd 6s] (two pair, Kings and Jacks)
Kurganski: mucks hand
Kosova1968 collected $41.50 from pot
*** SUMMARY ***
Total pot $42 | Rake $0.50
Board [9h Jh Ad Kc Js]
Seat 1: Kurganski (big blind) mucked
Seat 2: Kosova1968 (button) (small blind) showed [Kd 6s] and won ($41.50) with two pair, Kings and Jacks


PokerStars Hand #144255573674:  Hold'em Limit ($3/$6 USD) - 2015/11/23 6:20:39 ET
Table 'Skadi' 2-max Seat #1 is the button
Seat 1: Kurganski ($75.50 in chips)
Seat 2: Kosova1968 ($144.63 in chips)
Kurganski: posts small blind $1
Kosova1968: posts big blind $3
*** HOLE CARDS ***
Kurganski: calls $2
Kosova1968: checks
*** FLOP *** [Qc 5s Jd]
Kosova1968: bets $3
Kurganski: folds
Uncalled bet ($3) returned to Kosova1968
Kosova1968 collected $5.88 from pot
*** SUMMARY ***
Total pot $6 | Rake $0.12
Board [Qc 5s Jd]
Seat 1: Kurganski (button) (small blind) folded on the Flop
Seat 2: Kosova1968 (big blind) collected ($5.88)


PokerStars Hand #144255552706:  Hold'em Limit ($3/$6 USD) - 2015/11/23 6:19:52 ET
Table 'Skadi' 2-max Seat #1 is the button
Seat 1: Kurganski ($73 in chips)
Seat 2: Kosova1968 ($148.13 in chips)
Kurganski: posts small blind $1
Kosova1968: posts big blind $3
*** HOLE CARDS ***
Kurganski: calls $2
Kosova1968: checks
*** FLOP *** [3h 9s 5s]
Kosova1968: bets $3
Kurganski: calls $3
*** TURN *** [3h 9s 5s] [5d]
Kosova1968: bets $6
Kurganski: raises $6 to $12
Kosova1968: calls $6
*** RIVER *** [3h 9s 5s 5d] [Td]
Kosova1968: checks
Kurganski: bets $6
Kosova1968: calls $6
*** SHOW DOWN ***
Kurganski: shows [5c 8s] (three of a kind, Fives)
Kosova1968: mucks hand
Kurganski collected $47.50 from pot
*** SUMMARY ***
Total pot $48 | Rake $0.50
Board [3h 9s 5s 5d Td]
Seat 1: Kurganski (button) (small blind) showed [5c 8s] and won ($47.50) with three of a kind, Fives
Seat 2: Kosova1968 (big blind) mucked


PokerStars Hand #144255586135:  Hold'em Limit ($3/$6 USD) - 2015/11/23 6:21:07 ET
Table 'Skadi' 2-max Seat #1 is the button
Seat 1: Kurganski ($72 in chips)
Seat 2: Kosova1968 ($162.01 in chips)
Kurganski: posts small blind $1
Kosova1968: posts big blind $3
*** HOLE CARDS ***
Kurganski: folds
Uncalled bet ($2) returned to Kosova1968
Kosova1968 collected $2 from pot
*** SUMMARY ***
Total pot $2 | Rake $0
Seat 1: Kurganski (button) (small blind) folded before Flop
Seat 2: Kosova1968 (big blind) collected ($2)


PokerStars Hand #144255577555:  Hold'em Limit ($3/$6 USD) - 2015/11/23 6:20:48 ET
Table 'Skadi' 2-max Seat #2 is the button
Seat 1: Kurganski ($72.50 in chips)
Seat 2: Kosova1968 ($147.51 in chips)
Kosova1968: posts small blind $1
Kurganski: posts big blind $3
*** HOLE CARDS ***
Kosova1968: raises $3 to $6
Kurganski: calls $3
*** FLOP *** [2h Jc 5c]
Kurganski: checks
Kosova1968: bets $3
Kurganski: calls $3
*** TURN *** [2h Jc 5c] [2c]
Kurganski: checks
Kosova1968: checks
*** RIVER *** [2h Jc 5c 2c] [Ah]
Kurganski: checks
Kosova1968: bets $6
Kurganski: calls $6
*** SHOW DOWN ***
Kosova1968: shows [Jd 8h] (two pair, Jacks and Deuces)
Kurganski: mucks hand
Kosova1968 collected $29.50 from pot
*** SUMMARY ***
Total pot $30 | Rake $0.50
Board [2h Jc 5c 2c Ah]
Seat 1: Kurganski (big blind) mucked
Seat 2: Kosova1968 (button) (small blind) showed [Jd 8h] and won ($29.50) with two pair, Jacks and Deuces


PokerStars Hand #144255599496:  Hold'em Limit ($3/$6 USD) - 2015/11/23 6:21:38 ET
Table 'Skadi' 2-max Seat #1 is the button
Seat 1: Kurganski ($72 in chips)
Seat 2: Kosova1968 ($175.53 in chips)
Kurganski: posts small blind $1
Kosova1968: posts big blind $3
*** HOLE CARDS ***
Kurganski: folds
Uncalled bet ($2) returned to Kosova1968
Kosova1968 collected $2 from pot
*** SUMMARY ***
Total pot $2 | Rake $0
Seat 1: Kurganski (button) (small blind) folded before Flop
Seat 2: Kosova1968 (big blind) collected ($2)


PokerStars Hand #144255594973:  Hold'em Limit ($3/$6 USD) - 2015/11/23 6:21:27 ET
Table 'Skadi' 2-max Seat #2 is the button
Seat 1: Kurganski ($72 in chips)
Seat 2: Kosova1968 ($169.77 in chips)
Kosova1968: posts small blind $1
Kurganski: posts big blind $3
*** HOLE CARDS ***
Kosova1968: raises $3 to $6
Kurganski: calls $3
*** FLOP *** [Kh 3s Ks]
Kurganski: checks
Kosova1968: bets $3
Kurganski: folds
Uncalled bet ($3) returned to Kosova1968
Kosova1968 collected $11.76 from pot
Kosova1968: shows [2d Jh] (a pair of Kings)
*** SUMMARY ***
Total pot $12 | Rake $0.24
Board [Kh 3s Ks]
Seat 1: Kurganski (big blind) folded on the Flop
Seat 2: Kosova1968 (button) (small blind) collected ($11.76)


PokerStars Hand #144255593208:  Hold'em Limit ($3/$6 USD) - 2015/11/23 6:21:23 ET
Table 'Skadi' 2-max Seat #1 is the button
Seat 1: Kurganski ($72 in chips)
Seat 2: Kosova1968 ($168.77 in chips)
Kurganski: posts small blind $1
Kosova1968: posts big blind $3
*** HOLE CARDS ***
Kurganski: folds
Uncalled bet ($2) returned to Kosova1968
Kosova1968 collected $2 from pot
*** SUMMARY ***
Total pot $2 | Rake $0
Seat 1: Kurganski (button) (small blind) folded before Flop
Seat 2: Kosova1968 (big blind) collected ($2)


PokerStars Hand #144255588079:  Hold'em Limit ($3/$6 USD) - 2015/11/23 6:21:12 ET
Table 'Skadi' 2-max Seat #2 is the button
Seat 1: Kurganski ($72 in chips)
Seat 2: Kosova1968 ($163.01 in chips)
Kosova1968: posts small blind $1
Kurganski: posts big blind $3
*** HOLE CARDS ***
Kosova1968: raises $3 to $6
Kurganski: calls $3
*** FLOP *** [6s Kc Ac]
Kurganski: checks
Kosova1968: checks
*** TURN *** [6s Kc Ac] [Td]
Kurganski: checks
Kosova1968: bets $6
Kurganski: folds
Uncalled bet ($6) returned to Kosova1968
Kosova1968 collected $11.76 from pot
*** SUMMARY ***
Total pot $12 | Rake $0.24
Board [6s Kc Ac Td]
Seat 1: Kurganski (big blind) folded on the Turn
Seat 2: Kosova1968 (button) (small blind) collected ($11.76)


PokerStars Hand #144255611613:  Hold'em Limit ($3/$6 USD) - 2015/11/23 6:22:05 ET
Table 'Skadi' 2-max Seat #2 is the button
Seat 1: Kurganski ($92.50 in chips)
Seat 2: Kosova1968 ($155.53 in chips)
Kosova1968: posts small blind $1
Kurganski: posts big blind $3
*** HOLE CARDS ***
Kosova1968: raises $3 to $6
Kurganski: calls $3
*** FLOP *** [9d Ks Td]
Kurganski: checks
Kosova1968: bets $3
Kurganski: calls $3
*** TURN *** [9d Ks Td] [2s]
Kurganski: checks
Kosova1968: bets $6
Kurganski: calls $6
*** RIVER *** [9d Ks Td 2s] [6h]
Kurganski: checks
Kosova1968: checks
*** SHOW DOWN ***
Kurganski: shows [7d 9c] (a pair of Nines)
Kosova1968: shows [Jd 2d] (a pair of Deuces)
Kurganski collected $29.50 from pot
*** SUMMARY ***
Total pot $30 | Rake $0.50
Board [9d Ks Td 2s 6h]
Seat 1: Kurganski (big blind) showed [7d 9c] and won ($29.50) with a pair of Nines
Seat 2: Kosova1968 (button) (small blind) showed [Jd 2d] and lost with a pair of Deuces


PokerStars Hand #144255617870:  Hold'em Limit ($3/$6 USD) - 2015/11/23 6:22:19 ET
Table 'Skadi' 2-max Seat #1 is the button
Seat 1: Kurganski ($107 in chips)
Seat 2: Kosova1968 ($140.53 in chips)
Kurganski: posts small blind $1
Kosova1968: posts big blind $3
*** HOLE CARDS ***
Kurganski: raises $3 to $6
Kosova1968: folds
Uncalled bet ($3) returned to Kurganski
Kurganski collected $6 from pot
*** SUMMARY ***
Total pot $6 | Rake $0
Seat 1: Kurganski (button) (small blind) collected ($6)
Seat 2: Kosova1968 (big blind) folded before Flop


PokerStars Hand #144255601394:  Hold'em Limit ($3/$6 USD) - 2015/11/23 6:21:42 ET
Table 'Skadi' 2-max Seat #2 is the button
Seat 1: Kurganski ($72 in chips)
Seat 2: Kosova1968 ($176.53 in chips)
Kosova1968: posts small blind $1
Kurganski: posts big blind $3
*** HOLE CARDS ***
Kosova1968: raises $3 to $6
Kurganski: calls $3
*** FLOP *** [Kd Jc Ad]
Kurganski: checks
Kosova1968: checks
*** TURN *** [Kd Jc Ad] [2d]
Kurganski: bets $6
Kosova1968: calls $6
*** RIVER *** [Kd Jc Ad 2d] [5d]
Kurganski: bets $6
Kosova1968: calls $6
*** SHOW DOWN ***
Kurganski: shows [Td 7d] (a flush, Ace high)
Kosova1968: shows [6d 8h] (a flush, Ace high - lower cards)
Kurganski collected $35.50 from pot
*** SUMMARY ***
Total pot $36 | Rake $0.50
Board [Kd Jc Ad 2d 5d]
Seat 1: Kurganski (big blind) showed [Td 7d] and won ($35.50) with a flush, Ace high
Seat 2: Kosova1968 (button) (small blind) showed [6d 8h] and lost with a flush, Ace high


PokerStars Hand #144255622612:  Hold'em Limit ($3/$6 USD) - 2015/11/23 6:22:30 ET
Table 'Skadi' 2-max Seat #1 is the button
Seat 1: Kurganski ($111 in chips)
Seat 2: Kosova1968 ($136.53 in chips)
Kurganski: posts small blind $1
Kosova1968: posts big blind $3
*** HOLE CARDS ***
Kurganski: raises $3 to $6
Kosova1968: calls $3
*** FLOP *** [Qs 5d 5h]
Kosova1968: bets $3
Kurganski: folds
Uncalled bet ($3) returned to Kosova1968
Kosova1968 collected $11.76 from pot
*** SUMMARY ***
Total pot $12 | Rake $0.24
Board [Qs 5d 5h]
Seat 1: Kurganski (button) (small blind) folded on the Flop
Seat 2: Kosova1968 (big blind) collected ($11.76)


PokerStars Hand #144255609039:  Hold'em Limit ($3/$6 USD) - 2015/11/23 6:21:59 ET
Table 'Skadi' 2-max Seat #1 is the button
Seat 1: Kurganski ($89.50 in chips)
Seat 2: Kosova1968 ($158.53 in chips)
Kurganski: posts small blind $1
Kosova1968: posts big blind $3
*** HOLE CARDS ***
Kurganski: raises $3 to $6
Kosova1968: folds
Uncalled bet ($3) returned to Kurganski
Kurganski collected $6 from pot
*** SUMMARY ***
Total pot $6 | Rake $0
Seat 1: Kurganski (button) (small blind) collected ($6)
Seat 2: Kosova1968 (big blind) folded before Flop


PokerStars Hand #144255627065:  Hold'em Limit ($3/$6 USD) - 2015/11/23 6:22:40 ET
Table 'Skadi' 2-max Seat #2 is the button
Seat 1: Kurganski ($105 in chips)
Seat 2: Kosova1968 ($142.29 in chips)
Kosova1968: posts small blind $1
Kurganski: posts big blind $3
*** HOLE CARDS ***
Kosova1968: calls $2
Kurganski: checks
*** FLOP *** [3h 3d Jd]
Kurganski: checks
Kosova1968: checks
*** TURN *** [3h 3d Jd] [2s]
Kurganski: checks
Kosova1968: bets $6
Kurganski: folds
Uncalled bet ($6) returned to Kosova1968
Kosova1968 collected $5.88 from pot
*** SUMMARY ***
Total pot $6 | Rake $0.12
Board [3h 3d Jd 2s]
Seat 1: Kurganski (big blind) folded on the Turn
Seat 2: Kosova1968 (button) (small blind) collected ($5.88)


PokerStars Hand #144255634616:  Hold'em Limit ($3/$6 USD) - 2015/11/23 6:22:57 ET
Table 'Skadi' 2-max Seat #1 is the button
Seat 1: Kurganski ($102 in chips)
Seat 2: Kosova1968 ($145.17 in chips)
Kurganski: posts small blind $1
Kosova1968: posts big blind $3
*** HOLE CARDS ***
Kurganski: raises $3 to $6
Kosova1968: raises $3 to $9
Kurganski: calls $3
*** FLOP *** [Qc 6c 6s]
Kosova1968: bets $3
Kurganski: calls $3
*** TURN *** [Qc 6c 6s] [2c]
Kosova1968: bets $6
Kurganski: calls $6
*** RIVER *** [Qc 6c 6s 2c] [Tc]
Kosova1968: bets $6
Kurganski: calls $6
*** SHOW DOWN ***
Kosova1968: shows [7c 8c] (a flush, Queen high)
Kurganski: mucks hand
Kosova1968 collected $47.50 from pot
*** SUMMARY ***
Total pot $48 | Rake $0.50
Board [Qc 6c 6s 2c Tc]
Seat 1: Kurganski (button) (small blind) mucked
Seat 2: Kosova1968 (big blind) showed [7c 8c] and won ($47.50) with a flush, Queen high


PokerStars Hand #144255647954:  Hold'em Limit ($3/$6 USD) - 2015/11/23 6:23:27 ET
Table 'Skadi' 2-max Seat #2 is the button
Seat 1: Kurganski ($78 in chips)
Seat 2: Kosova1968 ($168.67 in chips)
Kosova1968: posts small blind $1
Kurganski: posts big blind $3
*** HOLE CARDS ***
Kosova1968: raises $3 to $6
Kurganski: folds
Uncalled bet ($3) returned to Kosova1968
Kosova1968 collected $6 from pot
*** SUMMARY ***
Total pot $6 | Rake $0
Seat 1: Kurganski (big blind) folded before Flop
Seat 2: Kosova1968 (button) (small blind) collected ($6)


PokerStars Hand #144255678089:  Hold'em Limit ($3/$6 USD) - 2015/11/23 6:24:35 ET
Table 'Skadi' 2-max Seat #1 is the button
Seat 1: Kurganski ($92.50 in chips)
Seat 2: Kosova1968 ($153.67 in chips)
Kurganski: posts small blind $1
Kosova1968: posts big blind $3
*** HOLE CARDS ***
Kurganski: raises $3 to $6
Kosova1968: calls $3
*** FLOP *** [Js 8s Qh]
Kosova1968: bets $3
Kurganski: calls $3
*** TURN *** [Js 8s Qh] [Kc]
Kosova1968: bets $6
Kurganski: calls $6
*** RIVER *** [Js 8s Qh Kc] [3d]
Kosova1968: bets $6
Kurganski: calls $6
*** SHOW DOWN ***
Kosova1968: shows [Kd 2d] (a pair of Kings)
Kurganski: mucks hand
Kosova1968 collected $41.50 from pot
*** SUMMARY ***
Total pot $42 | Rake $0.50
Board [Js 8s Qh Kc 3d]
Seat 1: Kurganski (button) (small blind) mucked
Seat 2: Kosova1968 (big blind) showed [Kd 2d] and won ($41.50) with a pair of Kings


PokerStars Hand #144255675495:  Hold'em Limit ($3/$6 USD) - 2015/11/23 6:24:29 ET
Table 'Skadi' 2-max Seat #2 is the button
Seat 1: Kurganski ($91.50 in chips)
Seat 2: Kosova1968 ($154.67 in chips)
Kosova1968: posts small blind $1
Kurganski: posts big blind $3
*** HOLE CARDS ***
Kosova1968: folds
Uncalled bet ($2) returned to Kurganski
Kurganski collected $2 from pot
*** SUMMARY ***
Total pot $2 | Rake $0
Seat 1: Kurganski (big blind) collected ($2)
Seat 2: Kosova1968 (button) (small blind) folded before Flop


PokerStars Hand #144255673590:  Hold'em Limit ($3/$6 USD) - 2015/11/23 6:24:25 ET
Table 'Skadi' 2-max Seat #1 is the button
Seat 1: Kurganski ($92.50 in chips)
Seat 2: Kosova1968 ($153.67 in chips)
Kurganski: posts small blind $1
Kosova1968: posts big blind $3
*** HOLE CARDS ***
Kurganski: folds
Uncalled bet ($2) returned to Kosova1968
Kosova1968 collected $2 from pot
*** SUMMARY ***
Total pot $2 | Rake $0
Seat 1: Kurganski (button) (small blind) folded before Flop
Seat 2: Kosova1968 (big blind) collected ($2)


PokerStars Hand #144255663969:  Hold'em Limit ($3/$6 USD) - 2015/11/23 6:24:03 ET
Table 'Skadi' 2-max Seat #2 is the button
Seat 1: Kurganski ($95.50 in chips)
Seat 2: Kosova1968 ($150.67 in chips)
Kosova1968: posts small blind $1
Kurganski: posts big blind $3
*** HOLE CARDS ***
Kosova1968: raises $3 to $6
Kurganski: folds
Uncalled bet ($3) returned to Kosova1968
Kosova1968 collected $6 from pot
*** SUMMARY ***
Total pot $6 | Rake $0
Seat 1: Kurganski (big blind) folded before Flop
Seat 2: Kosova1968 (button) (small blind) collected ($6)


PokerStars Hand #144255651269:  Hold'em Limit ($3/$6 USD) - 2015/11/23 6:23:35 ET
Table 'Skadi' 2-max Seat #1 is the button
Seat 1: Kurganski ($75 in chips)
Seat 2: Kosova1968 ($171.67 in chips)
Kurganski: posts small blind $1
Kosova1968: posts big blind $3
*** HOLE CARDS ***
Kurganski: raises $3 to $6
Kosova1968: raises $3 to $9
Kurganski: calls $3
*** FLOP *** [Qh 4s Ac]
Kosova1968: checks
Kurganski: checks
*** TURN *** [Qh 4s Ac] [3h]
Kosova1968: bets $6
Kurganski: calls $6
*** RIVER *** [Qh 4s Ac 3h] [5h]
Kosova1968: bets $6
Kurganski: raises $6 to $12
Kosova1968: folds [8h 8d]
Uncalled bet ($6) returned to Kurganski
Kurganski collected $41.50 from pot
*** SUMMARY ***
Total pot $42 | Rake $0.50
Board [Qh 4s Ac 3h 5h]
Seat 1: Kurganski (button) (small blind) collected ($41.50)
Seat 2: Kosova1968 (big blind) folded on the River


PokerStars Hand #144255701365:  Hold'em Limit ($3/$6 USD) - 2015/11/23 6:25:28 ET
Table 'Skadi' 2-max Seat #2 is the button
Seat 1: Kurganski ($89.50 in chips)
Seat 2: Kosova1968 ($161.93 in chips)
Kosova1968: posts small blind $1
Kurganski: posts big blind $3
*** HOLE CARDS ***
Kosova1968: raises $3 to $6
Kurganski: calls $3
*** FLOP *** [6s 6d Ts]
Kurganski: checks
Kosova1968: checks
*** TURN *** [6s 6d Ts] [4h]
Kurganski: checks
Kosova1968: checks
*** RIVER *** [6s 6d Ts 4h] [2h]
Kurganski: checks
Kosova1968: checks
*** SHOW DOWN ***
Kurganski: shows [3s Jc] (a pair of Sixes)
Kosova1968: shows [8s Jd] (a pair of Sixes - Jack+Ten+Eight kicker)
Kosova1968 collected $11.76 from pot
*** SUMMARY ***
Total pot $12 | Rake $0.24
Board [6s 6d Ts 4h 2h]
Seat 1: Kurganski (big blind) showed [3s Jc] and lost with a pair of Sixes
Seat 2: Kosova1968 (button) (small blind) showed [8s Jd] and won ($11.76) with a pair of Sixes


PokerStars Hand #144255692378:  Hold'em Limit ($3/$6 USD) - 2015/11/23 6:25:07 ET
Table 'Skadi' 2-max Seat #1 is the button
Seat 1: Kurganski ($72 in chips)
Seat 2: Kosova1968 ($179.93 in chips)
Kurganski: posts small blind $1
Kosova1968: posts big blind $3
*** HOLE CARDS ***
Kurganski: raises $3 to $6
Kosova1968: calls $3
*** FLOP *** [Ac Qd 4c]
Kosova1968: bets $3
Kurganski: raises $3 to $6
Kosova1968: calls $3
*** TURN *** [Ac Qd 4c] [8c]
Kosova1968: bets $6
Kurganski: calls $6
*** RIVER *** [Ac Qd 4c 8c] [9h]
Kosova1968: checks
Kurganski: checks
*** SHOW DOWN ***
Kosova1968: shows [2d Jd] (high card Ace)
Kurganski: shows [Ks 4h] (a pair of Fours)
Kurganski collected $35.50 from pot
*** SUMMARY ***
Total pot $36 | Rake $0.50
Board [Ac Qd 4c 8c 9h]
Seat 1: Kurganski (button) (small blind) showed [Ks 4h] and won ($35.50) with a pair of Fours
Seat 2: Kosova1968 (big blind) showed [2d Jd] and lost with high card Ace


PokerStars Hand #144255685228:  Hold'em Limit ($3/$6 USD) - 2015/11/23 6:24:51 ET
Table 'Skadi' 2-max Seat #2 is the button
Seat 1: Kurganski ($72 in chips)
Seat 2: Kosova1968 ($174.17 in chips)
Kosova1968: posts small blind $1
Kurganski: posts big blind $3
*** HOLE CARDS ***
Kosova1968: raises $3 to $6
Kurganski: calls $3
*** FLOP *** [3d 8h Qh]
Kurganski: checks
Kosova1968: checks
*** TURN *** [3d 8h Qh] [2d]
Kurganski: checks
Kosova1968: bets $6
Kurganski: folds
Uncalled bet ($6) returned to Kosova1968
Kosova1968 collected $11.76 from pot
*** SUMMARY ***
Total pot $12 | Rake $0.24
Board [3d 8h Qh 2d]
Seat 1: Kurganski (big blind) folded on the Turn
Seat 2: Kosova1968 (button) (small blind) collected ($11.76)


PokerStars Hand #144255727701:  Hold'em Limit ($3/$6 USD) - 2015/11/23 6:26:26 ET
Table 'Skadi' 2-max Seat #1 is the button
Seat 1: Kurganski ($86.50 in chips)
Seat 2: Kosova1968 ($170.19 in chips)
Kurganski: posts small blind $1
Kosova1968: posts big blind $3
*** HOLE CARDS ***
Kurganski: raises $3 to $6
Kosova1968: calls $3
*** FLOP *** [8s Ac 7d]
Kosova1968: bets $3
Kurganski: calls $3
*** TURN *** [8s Ac 7d] [Th]
Kosova1968: checks
Kurganski: bets $6
Kosova1968: raises $6 to $12
Kurganski: raises $6 to $18
Kosova1968: calls $6
*** RIVER *** [8s Ac 7d Th] [Ah]
Kosova1968: bets $6
Kurganski: raises $6 to $12
Kosova1968: calls $6
*** SHOW DOWN ***
Kurganski: shows [6h 9d] (a straight, Six to Ten)
Kosova1968: mucks hand
Kurganski collected $77.50 from pot
*** SUMMARY ***
Total pot $78 | Rake $0.50
Board [8s Ac 7d Th Ah]
Seat 1: Kurganski (button) (small blind) showed [6h 9d] and won ($77.50) with a straight, Six to Ten
Seat 2: Kosova1968 (big blind) mucked


PokerStars Hand #144255717119:  Hold'em Limit ($3/$6 USD) - 2015/11/23 6:26:03 ET
Table 'Skadi' 2-max Seat #2 is the button
Seat 1: Kurganski ($72 in chips)
Seat 2: Kosova1968 ($185.19 in chips)
Kosova1968: posts small blind $1
Kurganski: posts big blind $3
*** HOLE CARDS ***
Kosova1968: raises $3 to $6
Kurganski: raises $3 to $9
Kosova1968: calls $3
*** FLOP *** [4d As 8s]
Kurganski: bets $3
Kosova1968: raises $3 to $6
Kurganski: raises $3 to $9
Kosova1968: folds
Uncalled bet ($3) returned to Kurganski
Kurganski collected $29.50 from pot
*** SUMMARY ***
Total pot $30 | Rake $0.50
Board [4d As 8s]
Seat 1: Kurganski (big blind) collected ($29.50)
Seat 2: Kosova1968 (button) (small blind) folded on the Flop


PokerStars Hand #144255708511:  Hold'em Limit ($3/$6 USD) - 2015/11/23 6:25:44 ET
Table 'Skadi' 2-max Seat #1 is the button
Seat 1: Kurganski ($83.50 in chips)
Seat 2: Kosova1968 ($167.69 in chips)
Kurganski: posts small blind $1
Kosova1968: posts big blind $3
*** HOLE CARDS ***
Kurganski: raises $3 to $6
Kosova1968: raises $3 to $9
Kurganski: calls $3
*** FLOP *** [4s 3c 4d]
Kosova1968: bets $3
Kurganski: calls $3
*** TURN *** [4s 3c 4d] [Ah]
Kosova1968: checks
Kurganski: checks
*** RIVER *** [4s 3c 4d Ah] [Jh]
Kosova1968: bets $6
Kurganski: calls $6
*** SHOW DOWN ***
Kosova1968: shows [Ks Jd] (two pair, Jacks and Fours)
Kurganski: mucks hand
Kosova1968 collected $35.50 from pot
*** SUMMARY ***
Total pot $36 | Rake $0.50
Board [4s 3c 4d Ah Jh]
Seat 1: Kurganski (button) (small blind) mucked
Seat 2: Kosova1968 (big blind) showed [Ks Jd] and won ($35.50) with two pair, Jacks and Fours


PokerStars Hand #144255749750:  Hold'em Limit ($3/$6 USD) - 2015/11/23 6:27:16 ET
Table 'Skadi' 2-max Seat #2 is the button
Seat 1: Kurganski ($149.50 in chips)
Seat 2: Kosova1968 ($106.19 in chips)
Kosova1968: posts small blind $1
Kurganski: posts big blind $3
*** HOLE CARDS ***
Kosova1968: folds
Uncalled bet ($2) returned to Kurganski
Kurganski collected $2 from pot
*** SUMMARY ***
Total pot $2 | Rake $0
Seat 1: Kurganski (big blind) collected ($2)
Seat 2: Kosova1968 (button) (small blind) folded before Flop


PokerStars Hand #144255740740:  Hold'em Limit ($3/$6 USD) - 2015/11/23 6:26:56 ET
Table 'Skadi' 2-max Seat #1 is the button
Seat 1: Kurganski ($126 in chips)
Seat 2: Kosova1968 ($130.19 in chips)
Kurganski: posts small blind $1
Kosova1968: posts big blind $3
*** HOLE CARDS ***
Kurganski: raises $3 to $6
Kosova1968: raises $3 to $9
Kurganski: calls $3
*** FLOP *** [Ks 2d 6d]
Kosova1968: bets $3
Kurganski: calls $3
*** TURN *** [Ks 2d 6d] [Jd]
Kosova1968: bets $6
Kurganski: calls $6
*** RIVER *** [Ks 2d 6d Jd] [3h]
Kosova1968: bets $6
Kurganski: calls $6
*** SHOW DOWN ***
Kosova1968: shows [9c 8h] (high card King)
Kurganski: shows [6s 9s] (a pair of Sixes)
Kurganski collected $47.50 from pot
*** SUMMARY ***
Total pot $48 | Rake $0.50
Board [Ks 2d 6d Jd 3h]
Seat 1: Kurganski (button) (small blind) showed [6s 9s] and won ($47.50) with a pair of Sixes
Seat 2: Kosova1968 (big blind) showed [9c 8h] and lost with high card King


PokerStars Hand #144255752073:  Hold'em Limit ($3/$6 USD) - 2015/11/23 6:27:21 ET
Table 'Skadi' 2-max Seat #1 is the button
Seat 1: Kurganski ($150.50 in chips)
Seat 2: Kosova1968 ($105.19 in chips)
Kurganski: posts small blind $1
Kosova1968: posts big blind $3
*** HOLE CARDS ***
Kurganski: raises $3 to $6
Kosova1968: calls $3
*** FLOP *** [3h Ah 6d]
Kosova1968: checks
Kurganski: bets $3
Kosova1968: calls $3
*** TURN *** [3h Ah 6d] [6h]
Kosova1968: checks
Kurganski: checks
*** RIVER *** [3h Ah 6d 6h] [8c]
Kosova1968: bets $6
Kurganski: calls $6
*** SHOW DOWN ***
Kosova1968: shows [Ad 5h] (two pair, Aces and Sixes)
Kurganski: mucks hand
Kosova1968 collected $29.50 from pot
*** SUMMARY ***
Total pot $30 | Rake $0.50
Board [3h Ah 6d 6h 8c]
Seat 1: Kurganski (button) (small blind) mucked
Seat 2: Kosova1968 (big blind) showed [Ad 5h] and won ($29.50) with two pair, Aces and Sixes


PokerStars Hand #144255786948:  Hold'em Limit ($3/$6 USD) - 2015/11/23 6:28:39 ET
Table 'Skadi' 2-max Seat #1 is the button
Seat 1: Kurganski ($118.14 in chips)
Seat 2: Kosova1968 ($135.83 in chips)
Kurganski: posts small blind $1
Kosova1968: posts big blind $3
*** HOLE CARDS ***
Kurganski: folds
Uncalled bet ($2) returned to Kosova1968
Kosova1968 collected $2 from pot
*** SUMMARY ***
Total pot $2 | Rake $0
Seat 1: Kurganski (button) (small blind) folded before Flop
Seat 2: Kosova1968 (big blind) collected ($2)


PokerStars Hand #144255782143:  Hold'em Limit ($3/$6 USD) - 2015/11/23 6:28:28 ET
Table 'Skadi' 2-max Seat #2 is the button
Seat 1: Kurganski ($109.50 in chips)
Seat 2: Kosova1968 ($144.83 in chips)
Kosova1968: posts small blind $1
Kurganski: posts big blind $3
*** HOLE CARDS ***
Kosova1968: raises $3 to $6
Kurganski: raises $3 to $9
Kosova1968: calls $3
*** FLOP *** [4d 8s Qd]
Kurganski: bets $3
Kosova1968: folds
Uncalled bet ($3) returned to Kurganski
Kurganski collected $17.64 from pot
*** SUMMARY ***
Total pot $18 | Rake $0.36
Board [4d 8s Qd]
Seat 1: Kurganski (big blind) collected ($17.64)
Seat 2: Kosova1968 (button) (small blind) folded on the Flop


PokerStars Hand #144255780437:  Hold'em Limit ($3/$6 USD) - 2015/11/23 6:28:24 ET
Table 'Skadi' 2-max Seat #1 is the button
Seat 1: Kurganski ($110.50 in chips)
Seat 2: Kosova1968 ($143.83 in chips)
Kurganski: posts small blind $1
Kosova1968: posts big blind $3
*** HOLE CARDS ***
Kurganski: folds
Uncalled bet ($2) returned to Kosova1968
Kosova1968 collected $2 from pot
*** SUMMARY ***
Total pot $2 | Rake $0
Seat 1: Kurganski (button) (small blind) folded before Flop
Seat 2: Kosova1968 (big blind) collected ($2)


PokerStars Hand #144255772046:  Hold'em Limit ($3/$6 USD) - 2015/11/23 6:28:06 ET
Table 'Skadi' 2-max Seat #2 is the button
Seat 1: Kurganski ($125.50 in chips)
Seat 2: Kosova1968 ($129.33 in chips)
Kosova1968: posts small blind $1
Kurganski: posts big blind $3
*** HOLE CARDS ***
Kosova1968: raises $3 to $6
Kurganski: calls $3
*** FLOP *** [7c 2c 5s]
Kurganski: checks
Kosova1968: bets $3
Kurganski: calls $3
*** TURN *** [7c 2c 5s] [Ac]
Kurganski: checks
Kosova1968: checks
*** RIVER *** [7c 2c 5s Ac] [Js]
Kurganski: checks
Kosova1968: bets $6
Kurganski: calls $6
*** SHOW DOWN ***
Kosova1968: shows [4h 2d] (a pair of Deuces)
Kurganski: mucks hand
Kosova1968 collected $29.50 from pot
*** SUMMARY ***
Total pot $30 | Rake $0.50
Board [7c 2c 5s Ac Js]
Seat 1: Kurganski (big blind) mucked
Seat 2: Kosova1968 (button) (small blind) showed [4h 2d] and won ($29.50) with a pair of Deuces


PokerStars Hand #144255762977:  Hold'em Limit ($3/$6 USD) - 2015/11/23 6:27:45 ET
Table 'Skadi' 2-max Seat #2 is the button
Seat 1: Kurganski ($135.50 in chips)
Seat 2: Kosova1968 ($119.69 in chips)
Kosova1968: posts small blind $1
Kurganski: posts big blind $3
*** HOLE CARDS ***
Kosova1968: raises $3 to $6
Kurganski: calls $3
*** FLOP *** [Jd 2h 2c]
Kurganski: checks
Kosova1968: bets $3
Kurganski: calls $3
*** TURN *** [Jd 2h 2c] [4d]
Kurganski: checks
Kosova1968: bets $6
Kurganski: folds
Uncalled bet ($6) returned to Kosova1968
Kosova1968 collected $17.64 from pot
*** SUMMARY ***
Total pot $18 | Rake $0.36
Board [Jd 2h 2c 4d]
Seat 1: Kurganski (big blind) folded on the Turn
Seat 2: Kosova1968 (button) (small blind) collected ($17.64)


PokerStars Hand #144255770091:  Hold'em Limit ($3/$6 USD) - 2015/11/23 6:28:01 ET
Table 'Skadi' 2-max Seat #1 is the button
Seat 1: Kurganski ($126.50 in chips)
Seat 2: Kosova1968 ($128.33 in chips)
Kurganski: posts small blind $1
Kosova1968: posts big blind $3
*** HOLE CARDS ***
Kurganski: folds
Uncalled bet ($2) returned to Kosova1968
Kosova1968 collected $2 from pot
*** SUMMARY ***
Total pot $2 | Rake $0
Seat 1: Kurganski (button) (small blind) folded before Flop
Seat 2: Kosova1968 (big blind) collected ($2)


PokerStars Hand #144255802483:  Hold'em Limit ($3/$6 USD) - 2015/11/23 6:29:14 ET
Table 'Skadi' 2-max Seat #2 is the button
Seat 1: Kurganski ($133.64 in chips)
Seat 2: Kosova1968 ($119.83 in chips)
Kosova1968: posts small blind $1
Kurganski: posts big blind $3
*** HOLE CARDS ***
Kosova1968: raises $3 to $6
Kurganski: calls $3
*** FLOP *** [5h Kh 3d]
Kurganski: checks
Kosova1968: bets $3
Kurganski: calls $3
*** TURN *** [5h Kh 3d] [7h]
Kurganski: checks
Kosova1968: checks
*** RIVER *** [5h Kh 3d 7h] [Js]
Kurganski: bets $6
Kosova1968: raises $6 to $12
Kurganski: calls $6
*** SHOW DOWN ***
Kosova1968: shows [4d Jh] (a pair of Jacks)
Kurganski: shows [Qh Jc] (a pair of Jacks - King+Queen kicker)
Kurganski collected $41.50 from pot
*** SUMMARY ***
Total pot $42 | Rake $0.50
Board [5h Kh 3d 7h Js]
Seat 1: Kurganski (big blind) showed [Qh Jc] and won ($41.50) with a pair of Jacks
Seat 2: Kosova1968 (button) (small blind) showed [4d Jh] and lost with a pair of Jacks


PokerStars Hand #144255796572:  Hold'em Limit ($3/$6 USD) - 2015/11/23 6:29:00 ET
Table 'Skadi' 2-max Seat #1 is the button
Seat 1: Kurganski ($134.64 in chips)
Seat 2: Kosova1968 ($118.83 in chips)
Kurganski: posts small blind $1
Kosova1968: posts big blind $3
*** HOLE CARDS ***
Kurganski: folds
Uncalled bet ($2) returned to Kosova1968
Kosova1968 collected $2 from pot
*** SUMMARY ***
Total pot $2 | Rake $0
Seat 1: Kurganski (button) (small blind) folded before Flop
Seat 2: Kosova1968 (big blind) collected ($2)


PokerStars Hand #144255788988:  Hold'em Limit ($3/$6 USD) - 2015/11/23 6:28:43 ET
Table 'Skadi' 2-max Seat #2 is the button
Seat 1: Kurganski ($117.14 in chips)
Seat 2: Kosova1968 ($136.83 in chips)
Kosova1968: posts small blind $1
Kurganski: posts big blind $3
*** HOLE CARDS ***
Kosova1968: raises $3 to $6
Kurganski: calls $3
*** FLOP *** [4h 7h Kd]
Kurganski: checks
Kosova1968: checks
*** TURN *** [4h 7h Kd] [7d]
Kurganski: bets $6
Kosova1968: calls $6
*** RIVER *** [4h 7h Kd 7d] [7c]
Kurganski: bets $6
Kosova1968: calls $6
*** SHOW DOWN ***
Kurganski: shows [Kh 2c] (a full house, Sevens full of Kings)
Kosova1968: shows [Jh Ac] (three of a kind, Sevens)
Kurganski collected $35.50 from pot
*** SUMMARY ***
Total pot $36 | Rake $0.50
Board [4h 7h Kd 7d 7c]
Seat 1: Kurganski (big blind) showed [Kh 2c] and won ($35.50) with a full house, Sevens full of Kings
Seat 2: Kosova1968 (button) (small blind) showed [Jh Ac] and lost with three of a kind, Sevens


PokerStars Hand #144255798382:  Hold'em Limit ($3/$6 USD) - 2015/11/23 6:29:04 ET
Table 'Skadi' 2-max Seat #2 is the button
Seat 1: Kurganski ($133.64 in chips)
Seat 2: Kosova1968 ($119.83 in chips)
Kosova1968: posts small blind $1
Kurganski: posts big blind $3
*** HOLE CARDS ***
Kosova1968: folds
Uncalled bet ($2) returned to Kurganski
Kurganski collected $2 from pot
*** SUMMARY ***
Total pot $2 | Rake $0
Seat 1: Kurganski (big blind) collected ($2)
Seat 2: Kosova1968 (button) (small blind) folded before Flop


PokerStars Hand #144255838207:  Hold'em Limit ($3/$6 USD) - 2015/11/23 6:30:31 ET
Table 'Skadi' 2-max Seat #2 is the button
Seat 1: Kurganski ($112.14 in chips)
Seat 2: Kosova1968 ($139.83 in chips)
Kosova1968: posts small blind $1
Kurganski: posts big blind $3
*** HOLE CARDS ***
Kosova1968: raises $3 to $6
Kurganski: raises $3 to $9
Kosova1968: calls $3
*** FLOP *** [9s Jh Js]
Kurganski: bets $3
Kosova1968: calls $3
*** TURN *** [9s Jh Js] [Jc]
Kurganski: bets $6
Kosova1968: calls $6
*** RIVER *** [9s Jh Js Jc] [6s]
Kurganski: bets $6
Kosova1968: folds
Uncalled bet ($6) returned to Kurganski
Kurganski collected $35.50 from pot
*** SUMMARY ***
Total pot $36 | Rake $0.50
Board [9s Jh Js Jc 6s]
Seat 1: Kurganski (big blind) collected ($35.50)
Seat 2: Kosova1968 (button) (small blind) folded on the River


PokerStars Hand #144255836355:  Hold'em Limit ($3/$6 USD) - 2015/11/23 6:30:27 ET
Table 'Skadi' 2-max Seat #1 is the button
Seat 1: Kurganski ($113.14 in chips)
Seat 2: Kosova1968 ($138.83 in chips)
Kurganski: posts small blind $1
Kosova1968: posts big blind $3
*** HOLE CARDS ***
Kurganski: folds
Uncalled bet ($2) returned to Kosova1968
Kosova1968 collected $2 from pot
*** SUMMARY ***
Total pot $2 | Rake $0
Seat 1: Kurganski (button) (small blind) folded before Flop
Seat 2: Kosova1968 (big blind) collected ($2)


PokerStars Hand #144255824013:  Hold'em Limit ($3/$6 USD) - 2015/11/23 6:30:01 ET
Table 'Skadi' 2-max Seat #2 is the button
Seat 1: Kurganski ($134.14 in chips)
Seat 2: Kosova1968 ($118.33 in chips)
Kosova1968: posts small blind $1
Kurganski: posts big blind $3
*** HOLE CARDS ***
Kosova1968: raises $3 to $6
Kurganski: calls $3
*** FLOP *** [3c 6h 9d]
Kurganski: checks
Kosova1968: bets $3
Kurganski: calls $3
*** TURN *** [3c 6h 9d] [6d]
Kurganski: checks
Kosova1968: checks
*** RIVER *** [3c 6h 9d 6d] [3s]
Kurganski: bets $6
Kosova1968: raises $6 to $12
Kurganski: calls $6
*** SHOW DOWN ***
Kosova1968: shows [Jc 3h] (a full house, Threes full of Sixes)
Kurganski: mucks hand
Kosova1968 collected $41.50 from pot
*** SUMMARY ***
Total pot $42 | Rake $0.50
Board [3c 6h 9d 6d 3s]
Seat 1: Kurganski (big blind) mucked
Seat 2: Kosova1968 (button) (small blind) showed [Jc 3h] and won ($41.50) with a full house, Threes full of Sixes


PokerStars Hand #144255814557:  Hold'em Limit ($3/$6 USD) - 2015/11/23 6:29:40 ET
Table 'Skadi' 2-max Seat #2 is the button
Seat 1: Kurganski ($153.14 in chips)
Seat 2: Kosova1968 ($99.83 in chips)
Kosova1968: posts small blind $1
Kurganski: posts big blind $3
*** HOLE CARDS ***
Kosova1968: raises $3 to $6
Kurganski: calls $3
*** FLOP *** [5c Th Jd]
Kurganski: checks
Kosova1968: checks
*** TURN *** [5c Th Jd] [Qd]
Kurganski: checks
Kosova1968: bets $6
Kurganski: calls $6
*** RIVER *** [5c Th Jd Qd] [Ks]
Kurganski: checks
Kosova1968: bets $6
Kurganski: calls $6
*** SHOW DOWN ***
Kosova1968: shows [7d Ah] (a straight, Ten to Ace)
Kurganski: mucks hand
Kosova1968 collected $35.50 from pot
*** SUMMARY ***
Total pot $36 | Rake $0.50
Board [5c Th Jd Qd Ks]
Seat 1: Kurganski (big blind) mucked
Seat 2: Kosova1968 (button) (small blind) showed [7d Ah] and won ($35.50) with a straight, Ten to Ace


PokerStars Hand #144255860031:  Hold'em Limit ($3/$6 USD) - 2015/11/23 6:31:17 ET
Table 'Skadi' 2-max Seat #1 is the button
Seat 1: Kurganski ($176.14 in chips)
Seat 2: Kosova1968 ($74.83 in chips)
Kurganski: posts small blind $1
Kosova1968: posts big blind $3
*** HOLE CARDS ***
Kurganski: calls $2
Kosova1968: checks
*** FLOP *** [8h 8d 7c]
Kosova1968: bets $3
Kurganski: raises $3 to $6
Kosova1968: calls $3
*** TURN *** [8h 8d 7c] [Jd]
Kosova1968: checks
Kurganski: bets $6
Kosova1968: folds
Uncalled bet ($6) returned to Kurganski
Kurganski collected $17.64 from pot
*** SUMMARY ***
Total pot $18 | Rake $0.36
Board [8h 8d 7c Jd]
Seat 1: Kurganski (button) (small blind) collected ($17.64)
Seat 2: Kosova1968 (big blind) folded on the Turn


PokerStars Hand #144255850149:  Hold'em Limit ($3/$6 USD) - 2015/11/23 6:30:56 ET
Table 'Skadi' 2-max Seat #2 is the button
Seat 1: Kurganski ($128.64 in chips)
Seat 2: Kosova1968 ($122.83 in chips)
Kosova1968: posts small blind $1
Kurganski: posts big blind $3
*** HOLE CARDS ***
Kosova1968: raises $3 to $6
Kurganski: calls $3
*** FLOP *** [7s As 2c]
Kurganski: checks
Kosova1968: bets $3
Kurganski: raises $3 to $6
Kosova1968: calls $3
*** TURN *** [7s As 2c] [5d]
Kurganski: bets $6
Kosova1968: raises $6 to $12
Kurganski: raises $6 to $18
Kosova1968: raises $6 to $24
Betting is capped
Kurganski: calls $6
*** RIVER *** [7s As 2c 5d] [Jh]
Kurganski: bets $6
Kosova1968: raises $6 to $12
Kurganski: calls $6
*** SHOW DOWN ***
Kosova1968: shows [5c 7c] (two pair, Sevens and Fives)
Kurganski: shows [7d Ac] (two pair, Aces and Sevens)
Kurganski collected $95.50 from pot
*** SUMMARY ***
Total pot $96 | Rake $0.50
Board [7s As 2c 5d Jh]
Seat 1: Kurganski (big blind) showed [7d Ac] and won ($95.50) with two pair, Aces and Sevens
Seat 2: Kosova1968 (button) (small blind) showed [5c 7c] and lost with two pair, Sevens and Fives


PokerStars Hand #144255867505:  Hold'em Limit ($3/$6 USD) - 2015/11/23 6:31:33 ET
Table 'Skadi' 2-max Seat #2 is the button
Seat 1: Kurganski ($184.78 in chips)
Seat 2: Kosova1968 ($65.83 in chips)
Kosova1968: posts small blind $1
Kurganski: posts big blind $3
*** HOLE CARDS ***
Kosova1968: raises $3 to $6
Kurganski: folds
Uncalled bet ($3) returned to Kosova1968
Kosova1968 collected $6 from pot
*** SUMMARY ***
Total pot $6 | Rake $0
Seat 1: Kurganski (big blind) folded before Flop
Seat 2: Kosova1968 (button) (small blind) collected ($6)


PokerStars Hand #144255848273:  Hold'em Limit ($3/$6 USD) - 2015/11/23 6:30:52 ET
Table 'Skadi' 2-max Seat #1 is the button
Seat 1: Kurganski ($129.64 in chips)
Seat 2: Kosova1968 ($121.83 in chips)
Kurganski: posts small blind $1
Kosova1968: posts big blind $3
*** HOLE CARDS ***
Kurganski: folds
Uncalled bet ($2) returned to Kosova1968
Kosova1968 collected $2 from pot
*** SUMMARY ***
Total pot $2 | Rake $0
Seat 1: Kurganski (button) (small blind) folded before Flop
Seat 2: Kosova1968 (big blind) collected ($2)


PokerStars Hand #144255890523:  Hold'em Limit ($3/$6 USD) - 2015/11/23 6:32:22 ET
Table 'Skadi' 2-max Seat #2 is the button
Seat 1: Kurganski ($192.28 in chips)
Seat 2: Kosova1968 ($57.47 in chips)
Kosova1968: posts small blind $1
Kurganski: posts big blind $3
*** HOLE CARDS ***
Kosova1968: folds
Uncalled bet ($2) returned to Kurganski
Kurganski collected $2 from pot
*** SUMMARY ***
Total pot $2 | Rake $0
Seat 1: Kurganski (big blind) collected ($2)
Seat 2: Kosova1968 (button) (small blind) folded before Flop


PokerStars Hand #144255888570:  Hold'em Limit ($3/$6 USD) - 2015/11/23 6:32:18 ET
Table 'Skadi' 2-max Seat #1 is the button
Seat 1: Kurganski ($193.28 in chips)
Seat 2: Kosova1968 ($56.47 in chips)
Kurganski: posts small blind $1
Kosova1968: posts big blind $3
*** HOLE CARDS ***
Kurganski: folds
Uncalled bet ($2) returned to Kosova1968
Kosova1968 collected $2 from pot
*** SUMMARY ***
Total pot $2 | Rake $0
Seat 1: Kurganski (button) (small blind) folded before Flop
Seat 2: Kosova1968 (big blind) collected ($2)


PokerStars Hand #144255881608:  Hold'em Limit ($3/$6 USD) - 2015/11/23 6:32:03 ET
Table 'Skadi' 2-max Seat #2 is the button
Seat 1: Kurganski ($202.28 in chips)
Seat 2: Kosova1968 ($47.83 in chips)
Kosova1968: posts small blind $1
Kurganski: posts big blind $3
*** HOLE CARDS ***
Kosova1968: raises $3 to $6
Kurganski: calls $3
*** FLOP *** [Qh Js Th]
Kurganski: checks
Kosova1968: bets $3
Kurganski: calls $3
*** TURN *** [Qh Js Th] [8d]
Kurganski: checks
Kosova1968: checks
*** RIVER *** [Qh Js Th 8d] [2c]
Kurganski: checks
Kosova1968: checks
*** SHOW DOWN ***
Kurganski: shows [7s Ks] (high card King)
Kosova1968: shows [2h 3s] (a pair of Deuces)
Kosova1968 collected $17.64 from pot
*** SUMMARY ***
Total pot $18 | Rake $0.36
Board [Qh Js Th 8d 2c]
Seat 1: Kurganski (big blind) showed [7s Ks] and lost with high card King
Seat 2: Kosova1968 (button) (small blind) showed [2h 3s] and won ($17.64) with a pair of Deuces


PokerStars Hand #144255870247:  Hold'em Limit ($3/$6 USD) - 2015/11/23 6:31:39 ET
Table 'Skadi' 2-max Seat #1 is the button
Seat 1: Kurganski ($181.78 in chips)
Seat 2: Kosova1968 ($68.83 in chips)
Kurganski: posts small blind $1
Kosova1968: posts big blind $3
*** HOLE CARDS ***
Kurganski: raises $3 to $6
Kosova1968: calls $3
*** FLOP *** [Td 3h Ac]
Kosova1968: checks
Kurganski: bets $3
Kosova1968: calls $3
*** TURN *** [Td 3h Ac] [2c]
Kosova1968: checks
Kurganski: bets $6
Kosova1968: calls $6
*** RIVER *** [Td 3h Ac 2c] [8h]
Kosova1968: checks
Kurganski: bets $6
Kosova1968: calls $6
*** SHOW DOWN ***
Kurganski: shows [8d Kd] (a pair of Eights)
Kosova1968: shows [5d 2d] (a pair of Deuces)
Kurganski collected $41.50 from pot
*** SUMMARY ***
Total pot $42 | Rake $0.50
Board [Td 3h Ac 2c 8h]
Seat 1: Kurganski (button) (small blind) showed [8d Kd] and won ($41.50) with a pair of Eights
Seat 2: Kosova1968 (big blind) showed [5d 2d] and lost with a pair of Deuces


PokerStars Hand #144255892877:  Hold'em Limit ($3/$6 USD) - 2015/11/23 6:32:27 ET
Table 'Skadi' 2-max Seat #1 is the button
Seat 1: Kurganski ($193.28 in chips)
Seat 2: Kosova1968 ($56.47 in chips)
Kurganski: posts small blind $1
Kosova1968: posts big blind $3
*** HOLE CARDS ***
Kurganski: raises $3 to $6
Kosova1968: calls $3
*** FLOP *** [7h 5s 9d]
Kosova1968: checks
Kurganski: bets $3
Kosova1968: calls $3
*** TURN *** [7h 5s 9d] [3d]
Kosova1968: bets $6
Kurganski: calls $6
*** RIVER *** [7h 5s 9d 3d] [Kh]
Kosova1968: checks
Kurganski: checks
*** SHOW DOWN ***
Kosova1968: shows [4h 3s] (a pair of Threes)
Kurganski: mucks hand
Kosova1968 collected $29.50 from pot
*** SUMMARY ***
Total pot $30 | Rake $0.50
Board [7h 5s 9d 3d Kh]
Seat 1: Kurganski (button) (small blind) mucked
Seat 2: Kosova1968 (big blind) showed [4h 3s] and won ($29.50) with a pair of Threes


PokerStars Hand #144255917027:  Hold'em Limit ($3/$6 USD) - 2015/11/23 6:33:19 ET
Table 'Skadi' 2-max Seat #1 is the button
Seat 1: Kurganski ($169.28 in chips)
Seat 2: Kosova1968 ($79.61 in chips)
Kurganski: posts small blind $1
Kosova1968: posts big blind $3
*** HOLE CARDS ***
Kurganski: raises $3 to $6
Kosova1968: calls $3
*** FLOP *** [2c Ah 8d]
Kosova1968: bets $3
Kurganski: folds
Uncalled bet ($3) returned to Kosova1968
Kosova1968 collected $11.76 from pot
*** SUMMARY ***
Total pot $12 | Rake $0.24
Board [2c Ah 8d]
Seat 1: Kurganski (button) (small blind) folded on the Flop
Seat 2: Kosova1968 (big blind) collected ($11.76)


PokerStars Hand #144255904562:  Hold'em Limit ($3/$6 USD) - 2015/11/23 6:32:52 ET
Table 'Skadi' 2-max Seat #2 is the button
Seat 1: Kurganski ($178.28 in chips)
Seat 2: Kosova1968 ($70.97 in chips)
Kosova1968: posts small blind $1
Kurganski: posts big blind $3
*** HOLE CARDS ***
Kosova1968: raises $3 to $6
Kurganski: calls $3
*** FLOP *** [8d Qd 7d]
Kurganski: checks
Kosova1968: bets $3
Kurganski: calls $3
*** TURN *** [8d Qd 7d] [2c]
Kurganski: checks
Kosova1968: bets $6
Kurganski: folds
Uncalled bet ($6) returned to Kosova1968
Kosova1968 collected $17.64 from pot
*** SUMMARY ***
Total pot $18 | Rake $0.36
Board [8d Qd 7d 2c]
Seat 1: Kurganski (big blind) folded on the Turn
Seat 2: Kosova1968 (button) (small blind) collected ($17.64)


PokerStars Hand #144255921752:  Hold'em Limit ($3/$6 USD) - 2015/11/23 6:33:29 ET
Table 'Skadi' 2-max Seat #2 is the button
Seat 1: Kurganski ($163.28 in chips)
Seat 2: Kosova1968 ($85.37 in chips)
Kosova1968: posts small blind $1
Kurganski: posts big blind $3
*** HOLE CARDS ***
Kosova1968: raises $3 to $6
Kurganski: calls $3
*** FLOP *** [Ad 9s Qs]
Kurganski: checks
Kosova1968: bets $3
Kurganski: calls $3
*** TURN *** [Ad 9s Qs] [6c]
Kurganski: checks
Kosova1968: bets $6
Kurganski: calls $6
*** RIVER *** [Ad 9s Qs 6c] [9c]
Kurganski: checks
Kosova1968: bets $6
Kurganski: calls $6
*** SHOW DOWN ***
Kosova1968: shows [Ah 8c] (two pair, Aces and Nines)
Kurganski: mucks hand
Kosova1968 collected $41.50 from pot
*** SUMMARY ***
Total pot $42 | Rake $0.50
Board [Ad 9s Qs 6c 9c]
Seat 1: Kurganski (big blind) mucked
Seat 2: Kosova1968 (button) (small blind) showed [Ah 8c] and won ($41.50) with two pair, Aces and Nines


PokerStars Hand #144255952070:  Hold'em Limit ($3/$6 USD) - 2015/11/23 6:34:33 ET
Table 'Skadi' 2-max Seat #1 is the button
Seat 1: Kurganski ($147.78 in chips)
Seat 2: Kosova1968 ($99.37 in chips)
Kurganski: posts small blind $1
Kosova1968: posts big blind $3
*** HOLE CARDS ***
Kurganski: folds
Uncalled bet ($2) returned to Kosova1968
Kosova1968 collected $2 from pot
*** SUMMARY ***
Total pot $2 | Rake $0
Seat 1: Kurganski (button) (small blind) folded before Flop
Seat 2: Kosova1968 (big blind) collected ($2)


PokerStars Hand #144255940961:  Hold'em Limit ($3/$6 USD) - 2015/11/23 6:34:09 ET
Table 'Skadi' 2-max Seat #2 is the button
Seat 1: Kurganski ($127.28 in chips)
Seat 2: Kosova1968 ($120.37 in chips)
Kosova1968: posts small blind $1
Kurganski: posts big blind $3
*** HOLE CARDS ***
Kosova1968: raises $3 to $6
Kurganski: calls $3
*** FLOP *** [2d 6s Qd]
Kurganski: checks
Kosova1968: bets $3
Kurganski: calls $3
*** TURN *** [2d 6s Qd] [8d]
Kurganski: checks
Kosova1968: bets $6
Kurganski: raises $6 to $12
Kosova1968: calls $6
*** RIVER *** [2d 6s Qd 8d] [4s]
Kurganski: bets $6
Kosova1968: folds
Uncalled bet ($6) returned to Kurganski
Kurganski collected $41.50 from pot
*** SUMMARY ***
Total pot $42 | Rake $0.50
Board [2d 6s Qd 8d 4s]
Seat 1: Kurganski (big blind) collected ($41.50)
Seat 2: Kosova1968 (button) (small blind) folded on the River


PokerStars Hand #144255932060:  Hold'em Limit ($3/$6 USD) - 2015/11/23 6:33:51 ET
Table 'Skadi' 2-max Seat #1 is the button
Seat 1: Kurganski ($142.28 in chips)
Seat 2: Kosova1968 ($105.87 in chips)
Kurganski: posts small blind $1
Kosova1968: posts big blind $3
*** HOLE CARDS ***
Kurganski: raises $3 to $6
Kosova1968: calls $3
*** FLOP *** [7h 2c 4s]
Kosova1968: bets $3
Kurganski: calls $3
*** TURN *** [7h 2c 4s] [As]
Kosova1968: checks
Kurganski: checks
*** RIVER *** [7h 2c 4s As] [Qc]
Kosova1968: checks
Kurganski: bets $6
Kosova1968: calls $6
*** SHOW DOWN ***
Kurganski: shows [Js Kh] (high card Ace)
Kosova1968: shows [7d 6h] (a pair of Sevens)
Kosova1968 collected $29.50 from pot
*** SUMMARY ***
Total pot $30 | Rake $0.50
Board [7h 2c 4s As Qc]
Seat 1: Kurganski (button) (small blind) showed [Js Kh] and lost with high card Ace
Seat 2: Kosova1968 (big blind) showed [7d 6h] and won ($29.50) with a pair of Sevens


PokerStars Hand #144255966213:  Hold'em Limit ($3/$6 USD) - 2015/11/23 6:35:02 ET
Table 'Skadi' 2-max Seat #1 is the button
Seat 1: Kurganski ($131.78 in chips)
Seat 2: Kosova1968 ($114.87 in chips)
Kurganski: posts small blind $1
Kosova1968: posts big blind $3
*** HOLE CARDS ***
Kurganski: raises $3 to $6
Kosova1968: raises $3 to $9
Kurganski: calls $3
*** FLOP *** [Jh 4c Qs]
Kosova1968: bets $3
Kurganski: calls $3
*** TURN *** [Jh 4c Qs] [8h]
Kosova1968: bets $6
Kurganski: calls $6
*** RIVER *** [Jh 4c Qs 8h] [2c]
Kosova1968: checks
Kurganski: bets $6
Kosova1968: calls $6
*** SHOW DOWN ***
Kurganski: shows [Jd 6c] (a pair of Jacks)
Kosova1968: shows [5s 2s] (a pair of Deuces)
Kurganski collected $47.50 from pot
*** SUMMARY ***
Total pot $48 | Rake $0.50
Board [Jh 4c Qs 8h 2c]
Seat 1: Kurganski (button) (small blind) showed [Jd 6c] and won ($47.50) with a pair of Jacks
Seat 2: Kosova1968 (big blind) showed [5s 2s] and lost with a pair of Deuces


PokerStars Hand #144255954069:  Hold'em Limit ($3/$6 USD) - 2015/11/23 6:34:37 ET
Table 'Skadi' 2-max Seat #2 is the button
Seat 1: Kurganski ($146.78 in chips)
Seat 2: Kosova1968 ($100.37 in chips)
Kosova1968: posts small blind $1
Kurganski: posts big blind $3
*** HOLE CARDS ***
Kosova1968: raises $3 to $6
Kurganski: calls $3
*** FLOP *** [2c 8d 9c]
Kurganski: checks
Kosova1968: bets $3
Kurganski: calls $3
*** TURN *** [2c 8d 9c] [3d]
Kurganski: checks
Kosova1968: bets $6
Kurganski: calls $6
*** RIVER *** [2c 8d 9c 3d] [Th]
Kurganski: checks
Kosova1968: checks
*** SHOW DOWN ***
Kurganski: shows [Qs Kh] (high card King)
Kosova1968: shows [4d 2d] (a pair of Deuces)
Kosova1968 collected $29.50 from pot
*** SUMMARY ***
Total pot $30 | Rake $0.50
Board [2c 8d 9c 3d Th]
Seat 1: Kurganski (big blind) showed [Qs Kh] and lost with high card King
Seat 2: Kosova1968 (button) (small blind) showed [4d 2d] and won ($29.50) with a pair of Deuces


PokerStars Hand #144255980268:  Hold'em Limit ($3/$6 USD) - 2015/11/23 6:35:32 ET
Table 'Skadi' 2-max Seat #1 is the button
Seat 1: Kurganski ($156.28 in chips)
Seat 2: Kosova1968 ($89.87 in chips)
Kurganski: posts small blind $1
Kosova1968: posts big blind $3
*** HOLE CARDS ***
Kurganski: folds
Uncalled bet ($2) returned to Kosova1968
Kosova1968 collected $2 from pot
*** SUMMARY ***
Total pot $2 | Rake $0
Seat 1: Kurganski (button) (small blind) folded before Flop
Seat 2: Kosova1968 (big blind) collected ($2)


PokerStars Hand #144255976575:  Hold'em Limit ($3/$6 USD) - 2015/11/23 6:35:25 ET
Table 'Skadi' 2-max Seat #2 is the button
Seat 1: Kurganski ($155.28 in chips)
Seat 2: Kosova1968 ($90.87 in chips)
Kosova1968: posts small blind $1
Kurganski: posts big blind $3
*** HOLE CARDS ***
Kosova1968: folds
Uncalled bet ($2) returned to Kurganski
Kurganski collected $2 from pot
*** SUMMARY ***
Total pot $2 | Rake $0
Seat 1: Kurganski (big blind) collected ($2)
Seat 2: Kosova1968 (button) (small blind) folded before Flop


PokerStars Hand #144256001315:  Hold'em Limit ($3/$6 USD) - 2015/11/23 6:36:17 ET
Table 'Skadi' 2-max Seat #1 is the button
Seat 1: Kurganski ($149.28 in chips)
Seat 2: Kosova1968 ($96.63 in chips)
Kurganski: posts small blind $1
Kosova1968: posts big blind $3
*** HOLE CARDS ***
Kurganski: raises $3 to $6
Kosova1968: calls $3
*** FLOP *** [Qh Ah Th]
Kosova1968: checks
Kurganski: bets $3
Kosova1968: raises $3 to $6
Kurganski: calls $3
*** TURN *** [Qh Ah Th] [5c]
Kosova1968: checks
Kurganski: checks
*** RIVER *** [Qh Ah Th 5c] [5s]
Kosova1968: bets $6
Kurganski: folds
Uncalled bet ($6) returned to Kosova1968
Kosova1968 collected $23.52 from pot
Kosova1968: shows [8s 4d] (a pair of Fives)
*** SUMMARY ***
Total pot $24 | Rake $0.48
Board [Qh Ah Th 5c 5s]
Seat 1: Kurganski (button) (small blind) folded on the River
Seat 2: Kosova1968 (big blind) collected ($23.52)


PokerStars Hand #144255982358:  Hold'em Limit ($3/$6 USD) - 2015/11/23 6:35:37 ET
Table 'Skadi' 2-max Seat #2 is the button
Seat 1: Kurganski ($155.28 in chips)
Seat 2: Kosova1968 ($90.87 in chips)
Kosova1968: posts small blind $1
Kurganski: posts big blind $3
*** HOLE CARDS ***
Kosova1968: raises $3 to $6
Kurganski: calls $3
*** FLOP *** [5c 5d 6c]
Kurganski: checks
Kosova1968: checks
*** TURN *** [5c 5d 6c] [Qc]
Kurganski: checks
Kosova1968: bets $6
Kurganski: folds
Uncalled bet ($6) returned to Kosova1968
Kosova1968 collected $11.76 from pot
*** SUMMARY ***
Total pot $12 | Rake $0.24
Board [5c 5d 6c Qc]
Seat 1: Kurganski (big blind) folded on the Turn
Seat 2: Kosova1968 (button) (small blind) collected ($11.76)


PokerStars Hand #144256025406:  Hold'em Limit ($3/$6 USD) - 2015/11/23 6:37:08 ET
Table 'Skadi' 2-max Seat #2 is the button
Seat 1: Kurganski ($130.28 in chips)
Seat 2: Kosova1968 ($114.91 in chips)
Kosova1968: posts small blind $1
Kurganski: posts big blind $3
*** HOLE CARDS ***
Kosova1968: folds
Uncalled bet ($2) returned to Kurganski
Kurganski collected $2 from pot
*** SUMMARY ***
Total pot $2 | Rake $0
Seat 1: Kurganski (big blind) collected ($2)
Seat 2: Kosova1968 (button) (small blind) folded before Flop


PokerStars Hand #144256014173:  Hold'em Limit ($3/$6 USD) - 2015/11/23 6:36:44 ET
Table 'Skadi' 2-max Seat #2 is the button
Seat 1: Kurganski ($137.28 in chips)
Seat 2: Kosova1968 ($108.15 in chips)
Kosova1968: posts small blind $1
Kurganski: posts big blind $3
*** HOLE CARDS ***
Kosova1968: raises $3 to $6
Kurganski: calls $3
*** FLOP *** [7c Qc Qh]
Kurganski: checks
Kosova1968: checks
*** TURN *** [7c Qc Qh] [Kd]
Kurganski: checks
Kosova1968: bets $6
Kurganski: folds
Uncalled bet ($6) returned to Kosova1968
Kosova1968 collected $11.76 from pot
*** SUMMARY ***
Total pot $12 | Rake $0.24
Board [7c Qc Qh Kd]
Seat 1: Kurganski (big blind) folded on the Turn
Seat 2: Kosova1968 (button) (small blind) collected ($11.76)


PokerStars Hand #144256183202:  Hold'em Limit ($3/$6 USD) - 2015/11/23 6:42:40 ET
Table 'Skadi' 2-max Seat #1 is the button
Seat 1: Kurganski ($131.28 in chips)
Seat 2: Kosova1968 ($72 in chips)
Kurganski: posts small blind $1
Kosova1968: posts big blind $3
*** HOLE CARDS ***
Kurganski: folds
Uncalled bet ($2) returned to Kosova1968
Kosova1968 collected $2 from pot
*** SUMMARY ***
Total pot $2 | Rake $0
Seat 1: Kurganski (button) (small blind) folded before Flop
Seat 2: Kosova1968 (big blind) collected ($2)


PokerStars Hand #144256186508:  Hold'em Limit ($3/$6 USD) - 2015/11/23 6:42:47 ET
Table 'Skadi' 2-max Seat #2 is the button
Seat 1: Kurganski ($130.28 in chips)
Seat 2: Kosova1968 ($73 in chips)
Kosova1968: posts small blind $1
Kurganski: posts big blind $3
*** HOLE CARDS ***
Kosova1968: raises $3 to $6
Kurganski: calls $3
*** FLOP *** [4h 5s Ts]
Kurganski: checks
Kosova1968: bets $3
Kurganski: calls $3
*** TURN *** [4h 5s Ts] [Jc]
Kurganski: checks
Kosova1968: checks
*** RIVER *** [4h 5s Ts Jc] [Ks]
Kurganski: checks
Kosova1968: bets $6
Kurganski: calls $6
*** SHOW DOWN ***
Kosova1968: shows [6s 6d] (a pair of Sixes)
Kurganski: mucks hand
Kosova1968 collected $29.50 from pot
*** SUMMARY ***
Total pot $30 | Rake $0.50
Board [4h 5s Ts Jc Ks]
Seat 1: Kurganski (big blind) mucked
Seat 2: Kosova1968 (button) (small blind) showed [6s 6d] and won ($29.50) with a pair of Sixes


PokerStars Hand #144256225834:  Hold'em Limit ($3/$6 USD) - 2015/11/23 6:44:07 ET
Table 'Skadi' 2-max Seat #2 is the button
Seat 1: Kurganski ($114.28 in chips)
Seat 2: Kosova1968 ($88.50 in chips)
Kosova1968: posts small blind $1
Kurganski: posts big blind $3
*** HOLE CARDS ***
Kosova1968: folds
Uncalled bet ($2) returned to Kurganski
Kurganski collected $2 from pot
*** SUMMARY ***
Total pot $2 | Rake $0
Seat 1: Kurganski (big blind) collected ($2)
Seat 2: Kosova1968 (button) (small blind) folded before Flop


PokerStars Hand #144256228951:  Hold'em Limit ($3/$6 USD) - 2015/11/23 6:44:14 ET
Table 'Skadi' 2-max Seat #1 is the button
Seat 1: Kurganski ($115.28 in chips)
Seat 2: Kosova1968 ($87.50 in chips)
Kurganski: posts small blind $1
Kosova1968: posts big blind $3
*** HOLE CARDS ***
Kurganski: raises $3 to $6
Kosova1968: raises $3 to $9
Kurganski: calls $3
*** FLOP *** [6s Tc 9h]
Kosova1968: checks
Kurganski: bets $3
Kosova1968: raises $3 to $6
Kurganski: calls $3
*** TURN *** [6s Tc 9h] [3h]
Kosova1968: checks
Kurganski: checks
*** RIVER *** [6s Tc 9h 3h] [Kc]
Kosova1968: bets $6
Kurganski: calls $6
*** SHOW DOWN ***
Kosova1968: shows [8d 8s] (a pair of Eights)
Kurganski: mucks hand
Kosova1968 collected $41.50 from pot
*** SUMMARY ***
Total pot $42 | Rake $0.50
Board [6s Tc 9h 3h Kc]
Seat 1: Kurganski (button) (small blind) mucked
Seat 2: Kosova1968 (big blind) showed [8d 8s] and won ($41.50) with a pair of Eights


PokerStars Hand #144256223036:  Hold'em Limit ($3/$6 USD) - 2015/11/23 6:44:01 ET
Table 'Skadi' 2-max Seat #1 is the button
Seat 1: Kurganski ($115.28 in chips)
Seat 2: Kosova1968 ($87.50 in chips)
Kurganski: posts small blind $1
Kosova1968: posts big blind $3
*** HOLE CARDS ***
Kurganski: folds
Uncalled bet ($2) returned to Kosova1968
Kosova1968 collected $2 from pot
*** SUMMARY ***
Total pot $2 | Rake $0
Seat 1: Kurganski (button) (small blind) folded before Flop
Seat 2: Kosova1968 (big blind) collected ($2)


PokerStars Hand #144256243709:  Hold'em Limit ($3/$6 USD) - 2015/11/23 6:44:44 ET
Table 'Skadi' 2-max Seat #2 is the button
Seat 1: Kurganski ($94.28 in chips)
Seat 2: Kosova1968 ($108 in chips)
Kosova1968: posts small blind $1
Kurganski: posts big blind $3
*** HOLE CARDS ***
Kosova1968: raises $3 to $6
Kurganski: calls $3
*** FLOP *** [3h Jd 5h]
Kurganski: bets $3
Kosova1968: calls $3
*** TURN *** [3h Jd 5h] [7s]
Kurganski: bets $6
Kosova1968: calls $6
*** RIVER *** [3h Jd 5h 7s] [9d]
Kurganski: bets $6
Kosova1968: calls $6
*** SHOW DOWN ***
Kurganski: shows [5c Kh] (a pair of Fives)
Kosova1968: shows [4d Ah] (high card Ace)
Kurganski collected $41.50 from pot
*** SUMMARY ***
Total pot $42 | Rake $0.50
Board [3h Jd 5h 7s 9d]
Seat 1: Kurganski (big blind) showed [5c Kh] and won ($41.50) with a pair of Fives
Seat 2: Kosova1968 (button) (small blind) showed [4d Ah] and lost with high card Ace


PokerStars Hand #144256264604:  Hold'em Limit ($3/$6 USD) - 2015/11/23 6:45:27 ET
Table 'Skadi' 2-max Seat #1 is the button
Seat 1: Kurganski ($114.78 in chips)
Seat 2: Kosova1968 ($87 in chips)
Kurganski: posts small blind $1
Kosova1968: posts big blind $3
*** HOLE CARDS ***
Kurganski: raises $3 to $6
Kosova1968: calls $3
*** FLOP *** [6c 8c 6d]
Kosova1968: bets $3
Kurganski: calls $3
*** TURN *** [6c 8c 6d] [Td]
Kosova1968: bets $6
Kurganski: calls $6
*** RIVER *** [6c 8c 6d Td] [4c]
Kosova1968: bets $6
Kurganski: folds
Uncalled bet ($6) returned to Kosova1968
Kosova1968 collected $29.50 from pot
*** SUMMARY ***
Total pot $30 | Rake $0.50
Board [6c 8c 6d Td 4c]
Seat 1: Kurganski (button) (small blind) folded on the River
Seat 2: Kosova1968 (big blind) collected ($29.50)


PokerStars Hand #144256275965:  Hold'em Limit ($3/$6 USD) - 2015/11/23 6:45:50 ET
Table 'Skadi' 2-max Seat #2 is the button
Seat 1: Kurganski ($99.78 in chips)
Seat 2: Kosova1968 ($101.50 in chips)
Kosova1968: posts small blind $1
Kurganski: posts big blind $3
*** HOLE CARDS ***
Kosova1968: raises $3 to $6
Kurganski: calls $3
*** FLOP *** [Jc 6s 9s]
Kurganski: checks
Kosova1968: bets $3
Kurganski: raises $3 to $6
Kosova1968: calls $3
*** TURN *** [Jc 6s 9s] [9c]
Kurganski: bets $6
Kosova1968: raises $6 to $12
Kurganski: calls $6
*** RIVER *** [Jc 6s 9s 9c] [8c]
Kurganski: checks
Kosova1968: bets $6
Kurganski: calls $6
*** SHOW DOWN ***
Kosova1968: shows [9d Th] (three of a kind, Nines)
Kurganski: mucks hand
Kosova1968 collected $59.50 from pot
*** SUMMARY ***
Total pot $60 | Rake $0.50
Board [Jc 6s 9s 9c 8c]
Seat 1: Kurganski (big blind) mucked
Seat 2: Kosova1968 (button) (small blind) showed [9d Th] and won ($59.50) with three of a kind, Nines


PokerStars Hand #144256341309:  Hold'em Limit ($3/$6 USD) - 2015/11/23 6:48:05 ET
Table 'Skadi' 2-max Seat #2 is the button
Seat 1: Kurganski ($72 in chips)
Seat 2: Kosova1968 ($154.50 in chips)
Kosova1968: posts small blind $1
Kurganski: posts big blind $3
*** HOLE CARDS ***
Kosova1968: raises $3 to $6
Kurganski: raises $3 to $9
Kosova1968: calls $3
*** FLOP *** [2d 4d 2c]
Kurganski: bets $3
Kosova1968: calls $3
*** TURN *** [2d 4d 2c] [Jd]
Kurganski: bets $6
Kosova1968: calls $6
*** RIVER *** [2d 4d 2c Jd] [9c]
Kurganski: bets $6
Kosova1968: calls $6
*** SHOW DOWN ***
Kurganski: shows [6h 6d] (two pair, Sixes and Deuces)
Kosova1968: shows [9d Tc] (two pair, Nines and Deuces)
Kosova1968 collected $47.50 from pot
*** SUMMARY ***
Total pot $48 | Rake $0.50
Board [2d 4d 2c Jd 9c]
Seat 1: Kurganski (big blind) showed [6h 6d] and lost with two pair, Sixes and Deuces
Seat 2: Kosova1968 (button) (small blind) showed [9d Tc] and won ($47.50) with two pair, Nines and Deuces


PokerStars Hand #144256352148:  Hold'em Limit ($3/$6 USD) - 2015/11/23 6:48:27 ET
Table 'Skadi' 2-max Seat #1 is the button
Seat 1: Kurganski ($72 in chips)
Seat 2: Kosova1968 ($178 in chips)
Kurganski: posts small blind $1
Kosova1968: posts big blind $3
*** HOLE CARDS ***
Kurganski: raises $3 to $6
Kosova1968: calls $3
*** FLOP *** [5s 6s 5h]
Kosova1968: bets $3
Kurganski: raises $3 to $6
Kosova1968: calls $3
*** TURN *** [5s 6s 5h] [2c]
Kosova1968: checks
Kurganski: bets $6
Kosova1968: calls $6
*** RIVER *** [5s 6s 5h 2c] [Jd]
Kosova1968: bets $6
Kurganski: calls $6
*** SHOW DOWN ***
Kosova1968: shows [Jh 3h] (two pair, Jacks and Fives)
Kurganski: mucks hand
Kosova1968 collected $47.50 from pot
*** SUMMARY ***
Total pot $48 | Rake $0.50
Board [5s 6s 5h 2c Jd]
Seat 1: Kurganski (button) (small blind) mucked
Seat 2: Kosova1968 (big blind) showed [Jh 3h] and won ($47.50) with two pair, Jacks and Fives


PokerStars Hand #144256325293:  Hold'em Limit ($3/$6 USD) - 2015/11/23 6:47:32 ET
Table 'Skadi' 2-max Seat #1 is the button
Seat 1: Kurganski ($72 in chips)
Seat 2: Kosova1968 ($131 in chips)
Kurganski: posts small blind $1
Kosova1968: posts big blind $3
*** HOLE CARDS ***
Kurganski: raises $3 to $6
Kosova1968: calls $3
*** FLOP *** [Qh 5s 8h]
Kosova1968: bets $3
Kurganski: raises $3 to $6
Kosova1968: calls $3
*** TURN *** [Qh 5s 8h] [2h]
Kosova1968: checks
Kurganski: bets $6
Kosova1968: calls $6
*** RIVER *** [Qh 5s 8h 2h] [7h]
Kosova1968: bets $6
Kurganski: calls $6
*** SHOW DOWN ***
Kosova1968: shows [9d 5h] (a flush, Queen high)
Kurganski: mucks hand
Kosova1968 collected $47.50 from pot
*** SUMMARY ***
Total pot $48 | Rake $0.50
Board [Qh 5s 8h 2h 7h]
Seat 1: Kurganski (button) (small blind) mucked
Seat 2: Kosova1968 (big blind) showed [9d 5h] and won ($47.50) with a flush, Queen high


PokerStars Hand #144256371402:  Hold'em Limit ($3/$6 USD) - 2015/11/23 6:49:07 ET
Table 'Skadi' 2-max Seat #1 is the button
Seat 1: Kurganski ($95.50 in chips)
Seat 2: Kosova1968 ($177.50 in chips)
Kurganski: posts small blind $1
Kosova1968: posts big blind $3
*** HOLE CARDS ***
Kurganski: raises $3 to $6
Kosova1968: calls $3
*** FLOP *** [Kh Jh 3s]
Kosova1968: checks
Kurganski: bets $3
Kosova1968: calls $3
*** TURN *** [Kh Jh 3s] [As]
Kosova1968: checks
Kurganski: bets $6
Kosova1968: folds
Uncalled bet ($6) returned to Kurganski
Kurganski collected $17.64 from pot
*** SUMMARY ***
Total pot $18 | Rake $0.36
Board [Kh Jh 3s As]
Seat 1: Kurganski (button) (small blind) collected ($17.64)
Seat 2: Kosova1968 (big blind) folded on the Turn


PokerStars Hand #144256380395:  Hold'em Limit ($3/$6 USD) - 2015/11/23 6:49:26 ET
Table 'Skadi' 2-max Seat #2 is the button
Seat 1: Kurganski ($104.14 in chips)
Seat 2: Kosova1968 ($168.50 in chips)
Kosova1968: posts small blind $1
Kurganski: posts big blind $3
*** HOLE CARDS ***
Kosova1968: raises $3 to $6
Kurganski: calls $3
*** FLOP *** [8s 9d Qs]
Kurganski: checks
Kosova1968: bets $3
Kurganski: calls $3
*** TURN *** [8s 9d Qs] [5s]
Kurganski: checks
Kosova1968: bets $6
Kurganski: calls $6
*** RIVER *** [8s 9d Qs 5s] [Ks]
Kurganski: bets $6
Kosova1968: calls $6
*** SHOW DOWN ***
Kurganski: shows [8d 7s] (a flush, King high)
Kosova1968: shows [Js 9s] (a flush, King high - Jack higher)
Kosova1968 collected $41.50 from pot
*** SUMMARY ***
Total pot $42 | Rake $0.50
Board [8s 9d Qs 5s Ks]
Seat 1: Kurganski (big blind) showed [8d 7s] and lost with a flush, King high
Seat 2: Kosova1968 (button) (small blind) showed [Js 9s] and won ($41.50) with a flush, King high


PokerStars Hand #144256364015:  Hold'em Limit ($3/$6 USD) - 2015/11/23 6:48:51 ET
Table 'Skadi' 2-max Seat #2 is the button
Seat 1: Kurganski ($72 in chips)
Seat 2: Kosova1968 ($201.50 in chips)
Kosova1968: posts small blind $1
Kurganski: posts big blind $3
*** HOLE CARDS ***
Kosova1968: raises $3 to $6
Kurganski: raises $3 to $9
Kosova1968: calls $3
*** FLOP *** [Ks Th 9c]
Kurganski: bets $3
Kosova1968: calls $3
*** TURN *** [Ks Th 9c] [Jd]
Kurganski: bets $6
Kosova1968: calls $6
*** RIVER *** [Ks Th 9c Jd] [6c]
Kurganski: bets $6
Kosova1968: calls $6
*** SHOW DOWN ***
Kurganski: shows [Js Jc] (three of a kind, Jacks)
Kosova1968: shows [9h 4s] (a pair of Nines)
Kurganski collected $47.50 from pot
*** SUMMARY ***
Total pot $48 | Rake $0.50
Board [Ks Th 9c Jd 6c]
Seat 1: Kurganski (big blind) showed [Js Jc] and won ($47.50) with three of a kind, Jacks
Seat 2: Kosova1968 (button) (small blind) showed [9h 4s] and lost with a pair of Nines


