PokerStars Hand #171171876910:  Hold'em Limit ($3/$6 USD) - 2017/05/31 16:24:38 ET
Table 'Skadi II' 6-max Seat #4 is the button
Seat 3: sienvan ($26.64 in chips)
Seat 4: Actionni13 ($166.50 in chips)
Actionni13: posts small blind $1
sienvan: posts big blind $3
*** HOLE CARDS ***
Actionni13: raises $3 to $6
sienvan: folds
Uncalled bet ($3) returned to Actionni13
Actionni13 collected $6 from pot
Actionni13: doesn't show hand
*** SUMMARY ***
Total pot $6 | Rake $0
Seat 3: sienvan (big blind) folded before Flop
Seat 4: Actionni13 (button) (small blind) collected ($6)


PokerStars Hand #171171858933:  Hold'em Limit ($3/$6 USD) - 2017/05/31 16:24:18 ET
Table 'Skadi II' 6-max Seat #4 is the button
Seat 3: sienvan ($42.64 in chips)
Seat 4: Actionni13 ($151 in chips)
Actionni13: posts small blind $1
sienvan: posts big blind $3
*** HOLE CARDS ***
Actionni13: raises $3 to $6
sienvan: calls $3
*** FLOP *** [2h Ts 6s]
sienvan: checks
Actionni13: bets $3
sienvan: calls $3
*** TURN *** [2h Ts 6s] [7d]
sienvan: checks
Actionni13: bets $6
sienvan: calls $6
*** RIVER *** [2h Ts 6s 7d] [9s]
sienvan: checks
Actionni13: checks
*** SHOW DOWN ***
sienvan: shows [Qs 6d] (a pair of Sixes)
Actionni13: shows [7c As] (a pair of Sevens)
Actionni13 collected $29.50 from pot
*** SUMMARY ***
Total pot $30 | Rake $0.50
Board [2h Ts 6s 7d 9s]
Seat 3: sienvan (big blind) showed [Qs 6d] and lost with a pair of Sixes
Seat 4: Actionni13 (button) (small blind) showed [7c As] and won ($29.50) with a pair of Sevens


PokerStars Hand #171171830500:  Hold'em Limit ($3/$6 USD) - 2017/05/31 16:23:45 ET
Table 'Skadi II' 6-max Seat #4 is the button
Seat 3: sienvan ($35 in chips)
Seat 4: Actionni13 ($151 in chips)
Actionni13: posts small blind $1
sienvan: posts big blind $3
*** HOLE CARDS ***
Actionni13: raises $3 to $6
sienvan: calls $3
*** FLOP *** [6h Kd 2h]
sienvan: checks
Actionni13: bets $3
sienvan: raises $3 to $6
Actionni13: folds
Uncalled bet ($3) returned to sienvan
sienvan collected $17.64 from pot
sienvan: doesn't show hand
*** SUMMARY ***
Total pot $18 | Rake $0.36
Board [6h Kd 2h]
Seat 3: sienvan (big blind) collected ($17.64)
Seat 4: Actionni13 (button) (small blind) folded on the Flop


PokerStars Hand #171171854511:  Hold'em Limit ($3/$6 USD) - 2017/05/31 16:24:13 ET
Table 'Skadi II' 6-max Seat #3 is the button
Seat 3: sienvan ($43.64 in chips)
Seat 4: Actionni13 ($150 in chips)
sienvan: posts small blind $1
Actionni13: posts big blind $3
*** HOLE CARDS ***
sienvan: folds
Uncalled bet ($2) returned to Actionni13
Actionni13 collected $2 from pot
Actionni13: doesn't show hand
*** SUMMARY ***
Total pot $2 | Rake $0
Seat 3: sienvan (button) (small blind) folded before Flop
Seat 4: Actionni13 (big blind) collected ($2)


PokerStars Hand #171171881053:  Hold'em Limit ($3/$6 USD) - 2017/05/31 16:24:43 ET
Table 'Skadi II' 6-max Seat #3 is the button
Seat 3: sienvan ($23.64 in chips)
Seat 4: Actionni13 ($169.50 in chips)
sienvan: posts small blind $1
Actionni13: posts big blind $3
*** HOLE CARDS ***
sienvan: raises $3 to $6
Zubasa07 joins the table at seat #5
Actionni13: calls $3
*** FLOP *** [Ks 8d Tc]
Actionni13: checks
sienvan: checks
*** TURN *** [Ks 8d Tc] [2h]
Actionni13: bets $6
sienvan: folds
Uncalled bet ($6) returned to Actionni13
Actionni13 collected $11.76 from pot
Actionni13: doesn't show hand
*** SUMMARY ***
Total pot $12 | Rake $0.24
Board [Ks 8d Tc 2h]
Seat 3: sienvan (button) (small blind) folded on the Turn
Seat 4: Actionni13 (big blind) collected ($11.76)


PokerStars Hand #171171893684:  Hold'em Limit ($3/$6 USD) - 2017/05/31 16:24:57 ET
Table 'Skadi II' 6-max Seat #4 is the button
Seat 3: sienvan ($17.64 in chips)
Seat 4: Actionni13 ($175.26 in chips)
Actionni13: posts small blind $1
sienvan: posts big blind $3
*** HOLE CARDS ***
Actionni13: raises $3 to $6
sienvan: folds
Uncalled bet ($3) returned to Actionni13
Actionni13 collected $6 from pot
Actionni13: doesn't show hand
*** SUMMARY ***
Total pot $6 | Rake $0
Seat 3: sienvan (big blind) folded before Flop
Seat 4: Actionni13 (button) (small blind) collected ($6)


PokerStars Hand #171171873255:  Hold'em Limit ($3/$6 USD) - 2017/05/31 16:24:34 ET
Table 'Skadi II' 6-max Seat #3 is the button
Seat 3: sienvan ($27.64 in chips)
Seat 4: Actionni13 ($165.50 in chips)
sienvan: posts small blind $1
Actionni13: posts big blind $3
*** HOLE CARDS ***
sienvan: folds
Uncalled bet ($2) returned to Actionni13
Actionni13 collected $2 from pot
Actionni13: doesn't show hand
*** SUMMARY ***
Total pot $2 | Rake $0
Seat 3: sienvan (button) (small blind) folded before Flop
Seat 4: Actionni13 (big blind) collected ($2)


PokerStars Hand #171171910294:  Hold'em Limit ($3/$6 USD) - 2017/05/31 16:25:16 ET
Table 'Skadi II' 6-max Seat #3 is the button
Seat 3: sienvan ($14.64 in chips)
Seat 4: Actionni13 ($178.26 in chips)
sienvan: posts small blind $1
Actionni13: posts big blind $3
*** HOLE CARDS ***
sienvan: raises $3 to $6
Actionni13: calls $3
*** FLOP *** [6d 8c As]
Actionni13: checks
sienvan: bets $3
Actionni13: calls $3
*** TURN *** [6d 8c As] [3d]
Actionni13: checks
sienvan: bets $5.64 and is all-in
Actionni13: calls $5.64
*** RIVER *** [6d 8c As 3d] [7d]
*** SHOW DOWN ***
Actionni13: shows [Ks 6s] (a pair of Sixes)
sienvan: shows [Jc Jd] (a pair of Jacks)
sienvan collected $28.78 from pot
*** SUMMARY ***
Total pot $29.28 | Rake $0.50
Board [6d 8c As 3d 7d]
Seat 3: sienvan (button) (small blind) showed [Jc Jd] and won ($28.78) with a pair of Jacks
Seat 4: Actionni13 (big blind) showed [Ks 6s] and lost with a pair of Sixes


PokerStars Hand #171171927822:  Hold'em Limit ($3/$6 USD) - 2017/05/31 16:25:36 ET
Table 'Skadi II' 6-max Seat #4 is the button
Seat 3: sienvan ($28.78 in chips)
Seat 4: Actionni13 ($163.62 in chips)
Actionni13: posts small blind $1
sienvan: posts big blind $3
*** HOLE CARDS ***
Actionni13: raises $3 to $6
sienvan: calls $3
*** FLOP *** [2s 8c Tc]
sienvan: checks
Actionni13: bets $3
sienvan: calls $3
*** TURN *** [2s 8c Tc] [Ah]
sienvan: checks
Actionni13: checks
*** RIVER *** [2s 8c Tc Ah] [Ks]
sienvan: bets $6
Actionni13: calls $6
*** SHOW DOWN ***
sienvan: shows [6c Td] (a pair of Tens)
Actionni13: mucks hand
sienvan collected $29.50 from pot
*** SUMMARY ***
Total pot $30 | Rake $0.50
Board [2s 8c Tc Ah Ks]
Seat 3: sienvan (big blind) showed [6c Td] and won ($29.50) with a pair of Tens
Seat 4: Actionni13 (button) (small blind) mucked


PokerStars Hand #171171943211:  Hold'em Limit ($3/$6 USD) - 2017/05/31 16:25:54 ET
Table 'Skadi II' 6-max Seat #3 is the button
Seat 3: sienvan ($43.28 in chips)
Seat 4: Actionni13 ($150 in chips)
sienvan: posts small blind $1
Actionni13: posts big blind $3
*** HOLE CARDS ***
sienvan: raises $3 to $6
Actionni13: calls $3
*** FLOP *** [Ac 5c 3d]
Actionni13: checks
sienvan: bets $3
Actionni13: calls $3
*** TURN *** [Ac 5c 3d] [5d]
Actionni13: checks
sienvan: bets $6
Actionni13: calls $6
*** RIVER *** [Ac 5c 3d 5d] [2c]
Actionni13: checks
sienvan: bets $6
Actionni13: calls $6
*** SHOW DOWN ***
sienvan: shows [Ad 9h] (two pair, Aces and Fives)
Actionni13: mucks hand
sienvan collected $41.50 from pot
*** SUMMARY ***
Total pot $42 | Rake $0.50
Board [Ac 5c 3d 5d 2c]
Seat 3: sienvan (button) (small blind) showed [Ad 9h] and won ($41.50) with two pair, Aces and Fives
Seat 4: Actionni13 (big blind) mucked


PokerStars Hand #171173873736:  Hold'em Limit ($3/$6 USD) - 2017/05/31 17:04:20 ET
Table 'Skadi II' 6-max Seat #4 is the button
Seat 3: belik555 ($94 in chips)
Seat 4: Actionni13 ($181.35 in chips)
Actionni13: posts small blind $1
belik555: posts big blind $3
*** HOLE CARDS ***
vestimokrec leaves the table
Actionni13: raises $3 to $6
belik555: calls $3
*** FLOP *** [7s Qd 9s]
belik555: checks
Actionni13: bets $3
belik555: folds
Uncalled bet ($3) returned to Actionni13
Actionni13 collected $11.76 from pot
Actionni13: doesn't show hand
*** SUMMARY ***
Total pot $12 | Rake $0.24
Board [7s Qd 9s]
Seat 3: belik555 (big blind) folded on the Flop
Seat 4: Actionni13 (button) (small blind) collected ($11.76)


