PokerStars Hand #145001628900:  Hold'em Limit ($3/$6 USD) - 2015/12/07 21:15:28 ET
Table 'Skadi' 2-max Seat #2 is the button
Seat 1: Miss Baxter ($120 in chips)
Seat 2: Necromadx ($120 in chips)
Necromadx: posts small blind $1
Miss Baxter: posts big blind $3
*** HOLE CARDS ***
Necromadx: raises $3 to $6
Miss Baxter: calls $3
*** FLOP *** [7h Kd 9d]
Miss Baxter: checks
Necromadx: checks
*** TURN *** [7h Kd 9d] [2h]
Miss Baxter: bets $6
Necromadx: folds
Uncalled bet ($6) returned to Miss Baxter
Miss Baxter collected $11.76 from pot
Miss Baxter: doesn't show hand
*** SUMMARY ***
Total pot $12 | Rake $0.24
Board [7h Kd 9d 2h]
Seat 1: Miss Baxter (big blind) collected ($11.76)
Seat 2: Necromadx (button) (small blind) folded on the Turn


PokerStars Hand #145001636559:  Hold'em Limit ($3/$6 USD) - 2015/12/07 21:15:43 ET
Table 'Skadi' 2-max Seat #1 is the button
Seat 1: Miss Baxter ($125.76 in chips)
Seat 2: Necromadx ($120 in chips)
Miss Baxter: posts small blind $1
Necromadx: posts big blind $3
*** HOLE CARDS ***
Miss Baxter: raises $3 to $6
Necromadx: calls $3
*** FLOP *** [3h 5s 6s]
Necromadx: checks
Miss Baxter: checks
*** TURN *** [3h 5s 6s] [Th]
Necromadx: checks
Miss Baxter: bets $6
Necromadx: calls $6
*** RIVER *** [3h 5s 6s Th] [5d]
Necromadx: checks
Miss Baxter: checks
*** SHOW DOWN ***
Necromadx: shows [As 5h] (three of a kind, Fives)
Miss Baxter: mucks hand
Necromadx collected $23.52 from pot
*** SUMMARY ***
Total pot $24 | Rake $0.48
Board [3h 5s 6s Th 5d]
Seat 1: Miss Baxter (button) (small blind) mucked
Seat 2: Necromadx (big blind) showed [As 5h] and won ($23.52) with three of a kind, Fives


PokerStars Hand #145001669754:  Hold'em Limit ($3/$6 USD) - 2015/12/07 21:16:53 ET
Table 'Skadi' 2-max Seat #1 is the button
Seat 1: Miss Baxter ($130.78 in chips)
Seat 2: Necromadx ($120 in chips)
Miss Baxter: posts small blind $1
Necromadx: posts big blind $3
*** HOLE CARDS ***
Miss Baxter: folds
Uncalled bet ($2) returned to Necromadx
Necromadx collected $2 from pot
Necromadx: doesn't show hand
*** SUMMARY ***
Total pot $2 | Rake $0
Seat 1: Miss Baxter (button) (small blind) folded before Flop
Seat 2: Necromadx (big blind) collected ($2)


PokerStars Hand #145001664442:  Hold'em Limit ($3/$6 USD) - 2015/12/07 21:16:42 ET
Table 'Skadi' 2-max Seat #2 is the button
Seat 1: Miss Baxter ($122.14 in chips)
Seat 2: Necromadx ($125.64 in chips)
Necromadx: posts small blind $1
Miss Baxter: posts big blind $3
*** HOLE CARDS ***
Necromadx: raises $3 to $6
Miss Baxter: calls $3
*** FLOP *** [Ks 4c 2d]
Miss Baxter: checks
Necromadx: bets $3
Miss Baxter: calls $3
*** TURN *** [Ks 4c 2d] [Td]
Miss Baxter: checks
Necromadx: checks
*** RIVER *** [Ks 4c 2d Td] [3c]
Miss Baxter: bets $6
Necromadx: folds
Uncalled bet ($6) returned to Miss Baxter
Miss Baxter collected $17.64 from pot
Miss Baxter: doesn't show hand
*** SUMMARY ***
Total pot $18 | Rake $0.36
Board [Ks 4c 2d Td 3c]
Seat 1: Miss Baxter (big blind) collected ($17.64)
Seat 2: Necromadx (button) (small blind) folded on the River


PokerStars Hand #145001658825:  Hold'em Limit ($3/$6 USD) - 2015/12/07 21:16:30 ET
Table 'Skadi' 2-max Seat #1 is the button
Seat 1: Miss Baxter ($122.26 in chips)
Seat 2: Necromadx ($125.76 in chips)
Miss Baxter: posts small blind $1
Necromadx: posts big blind $3
*** HOLE CARDS ***
Miss Baxter: raises $3 to $6
Necromadx: calls $3
*** FLOP *** [2d 3c Ks]
Necromadx: checks
Miss Baxter: checks
*** TURN *** [2d 3c Ks] [3h]
Necromadx: checks
Miss Baxter: checks
*** RIVER *** [2d 3c Ks 3h] [8c]
Necromadx: checks
Miss Baxter: checks
*** SHOW DOWN ***
Necromadx: shows [4h Jd] (a pair of Threes)
Miss Baxter: shows [7h Jc] (a pair of Threes)
Necromadx collected $5.88 from pot
Miss Baxter collected $5.88 from pot
*** SUMMARY ***
Total pot $12 | Rake $0.24
Board [2d 3c Ks 3h 8c]
Seat 1: Miss Baxter (button) (small blind) showed [7h Jc] and won ($5.88) with a pair of Threes
Seat 2: Necromadx (big blind) showed [4h Jd] and won ($5.88) with a pair of Threes


PokerStars Hand #145001653848:  Hold'em Limit ($3/$6 USD) - 2015/12/07 21:16:19 ET
Table 'Skadi' 2-max Seat #2 is the button
Seat 1: Miss Baxter ($128.26 in chips)
Seat 2: Necromadx ($120 in chips)
Necromadx: posts small blind $1
Miss Baxter: posts big blind $3
*** HOLE CARDS ***
Necromadx: raises $3 to $6
Miss Baxter: calls $3
*** FLOP *** [7c 5d 6c]
Miss Baxter: checks
Necromadx: checks
*** TURN *** [7c 5d 6c] [As]
Miss Baxter: checks
Necromadx: bets $6
Miss Baxter: folds
Uncalled bet ($6) returned to Necromadx
Necromadx collected $11.76 from pot
Necromadx: doesn't show hand
*** SUMMARY ***
Total pot $12 | Rake $0.24
Board [7c 5d 6c As]
Seat 1: Miss Baxter (big blind) folded on the Turn
Seat 2: Necromadx (button) (small blind) collected ($11.76)


PokerStars Hand #145001646622:  Hold'em Limit ($3/$6 USD) - 2015/12/07 21:16:05 ET
Table 'Skadi' 2-max Seat #1 is the button
Seat 1: Miss Baxter ($107.76 in chips)
Seat 2: Necromadx ($137.28 in chips)
Miss Baxter: posts small blind $1
Necromadx: posts big blind $3
*** HOLE CARDS ***
Miss Baxter: raises $3 to $6
Necromadx: calls $3
*** FLOP *** [Jh Ts 6s]
Necromadx: checks
Miss Baxter: bets $3
Necromadx: calls $3
*** TURN *** [Jh Ts 6s] [9h]
Necromadx: checks
Miss Baxter: bets $6
Necromadx: calls $6
*** RIVER *** [Jh Ts 6s 9h] [Qh]
Necromadx: bets $6
Miss Baxter: raises $6 to $12
Necromadx: folds
Uncalled bet ($6) returned to Miss Baxter
Miss Baxter collected $41.50 from pot
Miss Baxter: doesn't show hand
*** SUMMARY ***
Total pot $42 | Rake $0.50
Board [Jh Ts 6s 9h Qh]
Seat 1: Miss Baxter (button) (small blind) collected ($41.50)
Seat 2: Necromadx (big blind) folded on the River


PokerStars Hand #145001642665:  Hold'em Limit ($3/$6 USD) - 2015/12/07 21:15:56 ET
Table 'Skadi' 2-max Seat #2 is the button
Seat 1: Miss Baxter ($113.76 in chips)
Seat 2: Necromadx ($131.52 in chips)
Necromadx: posts small blind $1
Miss Baxter: posts big blind $3
*** HOLE CARDS ***
Necromadx: raises $3 to $6
Miss Baxter: calls $3
*** FLOP *** [6s Ts Qs]
Miss Baxter: checks
Necromadx: bets $3
Miss Baxter: folds
Uncalled bet ($3) returned to Necromadx
Necromadx collected $11.76 from pot
Necromadx: doesn't show hand
*** SUMMARY ***
Total pot $12 | Rake $0.24
Board [6s Ts Qs]
Seat 1: Miss Baxter (big blind) folded on the Flop
Seat 2: Necromadx (button) (small blind) collected ($11.76)


PokerStars Hand #145001685028:  Hold'em Limit ($3/$6 USD) - 2015/12/07 21:17:25 ET
Table 'Skadi' 2-max Seat #1 is the button
Seat 1: Miss Baxter ($112.53 in chips)
Seat 2: Necromadx ($137.25 in chips)
Miss Baxter: posts small blind $1
Necromadx: posts big blind $3
*** HOLE CARDS ***
Miss Baxter: raises $3 to $6
Necromadx: raises $3 to $9
Miss Baxter: calls $3
*** FLOP *** [Ks 4h 3d]
Necromadx: bets $3
Miss Baxter: folds
Uncalled bet ($3) returned to Necromadx
Necromadx collected $17.64 from pot
Necromadx: doesn't show hand
*** SUMMARY ***
Total pot $18 | Rake $0.36
Board [Ks 4h 3d]
Seat 1: Miss Baxter (button) (small blind) folded on the Flop
Seat 2: Necromadx (big blind) collected ($17.64)


PokerStars Hand #145001678659:  Hold'em Limit ($3/$6 USD) - 2015/12/07 21:17:11 ET
Table 'Skadi' 2-max Seat #2 is the button
Seat 1: Miss Baxter ($112.78 in chips)
Seat 2: Necromadx ($137.50 in chips)
Necromadx: posts small blind $1
Miss Baxter: posts big blind $3
*** HOLE CARDS ***
Necromadx: raises $3 to $6
Miss Baxter: raises $3 to $9
Necromadx: calls $3
*** FLOP *** [6s 8s 7s]
Miss Baxter: bets $3
Necromadx: calls $3
*** TURN *** [6s 8s 7s] [5d]
Miss Baxter: bets $6
Necromadx: raises $6 to $12
Miss Baxter: calls $6
*** RIVER *** [6s 8s 7s 5d] [9d]
Miss Baxter: checks
Necromadx: checks
*** SHOW DOWN ***
Miss Baxter: shows [4c 4s] (a straight, Five to Nine)
Necromadx: shows [5h 9c] (a straight, Five to Nine)
Miss Baxter collected $23.75 from pot
Necromadx collected $23.75 from pot
*** SUMMARY ***
Total pot $48 | Rake $0.50
Board [6s 8s 7s 5d 9d]
Seat 1: Miss Baxter (big blind) showed [4c 4s] and won ($23.75) with a straight, Five to Nine
Seat 2: Necromadx (button) (small blind) showed [5h 9c] and won ($23.75) with a straight, Five to Nine


PokerStars Hand #145001671872:  Hold'em Limit ($3/$6 USD) - 2015/12/07 21:16:57 ET
Table 'Skadi' 2-max Seat #2 is the button
Seat 1: Miss Baxter ($129.78 in chips)
Seat 2: Necromadx ($121 in chips)
Necromadx: posts small blind $1
Miss Baxter: posts big blind $3
*** HOLE CARDS ***
Necromadx: folds
Uncalled bet ($2) returned to Miss Baxter
Miss Baxter collected $2 from pot
Miss Baxter: doesn't show hand
*** SUMMARY ***
Total pot $2 | Rake $0
Seat 1: Miss Baxter (big blind) collected ($2)
Seat 2: Necromadx (button) (small blind) folded before Flop


PokerStars Hand #145002134853:  Hold'em Limit ($3/$6 USD) - 2015/12/07 21:33:36 ET
Table 'Skadi' 2-max Seat #2 is the button
Seat 1: BornToShove ($92.35 in chips)
Seat 2: Necromadx ($137.89 in chips)
Necromadx: posts small blind $1
BornToShove: posts big blind $3
*** HOLE CARDS ***
Necromadx: raises $3 to $6
BornToShove: calls $3
*** FLOP *** [7h 2h 3d]
BornToShove: checks
Necromadx: bets $3
BornToShove: calls $3
*** TURN *** [7h 2h 3d] [Qh]
BornToShove: checks
Necromadx: checks
*** RIVER *** [7h 2h 3d Qh] [3s]
BornToShove: checks
Necromadx: checks
*** SHOW DOWN ***
BornToShove: shows [Kd 5c] (a pair of Threes)
Necromadx: shows [5s Ks] (a pair of Threes)
BornToShove collected $8.82 from pot
Necromadx collected $8.82 from pot
*** SUMMARY ***
Total pot $18 | Rake $0.36
Board [7h 2h 3d Qh 3s]
Seat 1: BornToShove (big blind) showed [Kd 5c] and won ($8.82) with a pair of Threes
Seat 2: Necromadx (button) (small blind) showed [5s Ks] and won ($8.82) with a pair of Threes


PokerStars Hand #145002131931:  Hold'em Limit ($3/$6 USD) - 2015/12/07 21:33:30 ET
Table 'Skadi' 2-max Seat #1 is the button
Seat 1: BornToShove ($93.35 in chips)
Seat 2: Necromadx ($136.89 in chips)
BornToShove: posts small blind $1
Necromadx: posts big blind $3
*** HOLE CARDS ***
BornToShove: folds
Uncalled bet ($2) returned to Necromadx
Necromadx collected $2 from pot
Necromadx: doesn't show hand
*** SUMMARY ***
Total pot $2 | Rake $0
Seat 1: BornToShove (button) (small blind) folded before Flop
Seat 2: Necromadx (big blind) collected ($2)


PokerStars Hand #145002112953:  Hold'em Limit ($3/$6 USD) - 2015/12/07 21:32:48 ET
Table 'Skadi' 2-max Seat #2 is the button
Seat 1: BornToShove ($84.71 in chips)
Seat 2: Necromadx ($145.89 in chips)
Necromadx: posts small blind $1
BornToShove: posts big blind $3
*** HOLE CARDS ***
Necromadx: raises $3 to $6
BornToShove: calls $3
*** FLOP *** [9h 4d 2h]
BornToShove: checks
Necromadx: bets $3
BornToShove: calls $3
*** TURN *** [9h 4d 2h] [9s]
BornToShove: checks
Necromadx: checks
*** RIVER *** [9h 4d 2h 9s] [4c]
BornToShove: checks
Necromadx: checks
*** SHOW DOWN ***
BornToShove: shows [Jd Qh] (two pair, Nines and Fours)
Necromadx: mucks hand
BornToShove collected $17.64 from pot
*** SUMMARY ***
Total pot $18 | Rake $0.36
Board [9h 4d 2h 9s 4c]
Seat 1: BornToShove (big blind) showed [Jd Qh] and won ($17.64) with two pair, Nines and Fours
Seat 2: Necromadx (button) (small blind) mucked


PokerStars Hand #145002170407:  Hold'em Limit ($3/$6 USD) - 2015/12/07 21:34:55 ET
Table 'Skadi' 2-max Seat #1 is the button
Seat 1: BornToShove ($77.17 in chips)
Seat 2: Necromadx ($152.11 in chips)
BornToShove: posts small blind $1
Necromadx: posts big blind $3
*** HOLE CARDS ***
BornToShove: raises $3 to $6
Necromadx: calls $3
*** FLOP *** [Ac 4s 7s]
Necromadx: checks
BornToShove: bets $3
Necromadx: calls $3
*** TURN *** [Ac 4s 7s] [4h]
Necromadx: checks
BornToShove: bets $6
Necromadx: raises $6 to $12
BornToShove: calls $6
*** RIVER *** [Ac 4s 7s 4h] [6c]
Necromadx: bets $6
BornToShove: folds
Uncalled bet ($6) returned to Necromadx
Necromadx collected $41.50 from pot
Necromadx: doesn't show hand
*** SUMMARY ***
Total pot $42 | Rake $0.50
Board [Ac 4s 7s 4h 6c]
Seat 1: BornToShove (button) (small blind) folded on the River
Seat 2: Necromadx (big blind) collected ($41.50)


PokerStars Hand #145002162252:  Hold'em Limit ($3/$6 USD) - 2015/12/07 21:34:37 ET
Table 'Skadi' 2-max Seat #2 is the button
Seat 1: BornToShove ($83.17 in chips)
Seat 2: Necromadx ($146.35 in chips)
Necromadx: posts small blind $1
BornToShove: posts big blind $3
*** HOLE CARDS ***
Necromadx: raises $3 to $6
BornToShove: calls $3
*** FLOP *** [3d 3c Qh]
BornToShove: checks
Necromadx: bets $3
BornToShove: folds
Uncalled bet ($3) returned to Necromadx
Necromadx collected $11.76 from pot
Necromadx: doesn't show hand
*** SUMMARY ***
Total pot $12 | Rake $0.24
Board [3d 3c Qh]
Seat 1: BornToShove (big blind) folded on the Flop
Seat 2: Necromadx (button) (small blind) collected ($11.76)


PokerStars Hand #145002144317:  Hold'em Limit ($3/$6 USD) - 2015/12/07 21:33:57 ET
Table 'Skadi' 2-max Seat #1 is the button
Seat 1: BornToShove ($92.17 in chips)
Seat 2: Necromadx ($137.71 in chips)
BornToShove: posts small blind $1
Necromadx: posts big blind $3
*** HOLE CARDS ***
BornToShove: raises $3 to $6
Necromadx: calls $3
*** FLOP *** [Tc 2d 4s]
Necromadx: checks
BornToShove: bets $3
Necromadx: calls $3
*** TURN *** [Tc 2d 4s] [2s]
Necromadx: checks
BornToShove: checks
*** RIVER *** [Tc 2d 4s 2s] [3c]
Necromadx: bets $6
BornToShove: folds
Uncalled bet ($6) returned to Necromadx
Necromadx collected $17.64 from pot
Necromadx: doesn't show hand
*** SUMMARY ***
Total pot $18 | Rake $0.36
Board [Tc 2d 4s 2s 3c]
Seat 1: BornToShove (button) (small blind) folded on the River
Seat 2: Necromadx (big blind) collected ($17.64)


PokerStars Hand #145002201069:  Hold'em Limit ($3/$6 USD) - 2015/12/07 21:36:04 ET
Table 'Skadi' 2-max Seat #2 is the button
Seat 1: BornToShove ($76.33 in chips)
Seat 2: Necromadx ($151.61 in chips)
Necromadx: posts small blind $1
BornToShove: posts big blind $3
*** HOLE CARDS ***
Necromadx: raises $3 to $6
BornToShove: folds
Uncalled bet ($3) returned to Necromadx
Necromadx collected $6 from pot
Necromadx: doesn't show hand
*** SUMMARY ***
Total pot $6 | Rake $0
Seat 1: BornToShove (big blind) folded before Flop
Seat 2: Necromadx (button) (small blind) collected ($6)


PokerStars Hand #145002190439:  Hold'em Limit ($3/$6 USD) - 2015/12/07 21:35:41 ET
Table 'Skadi' 2-max Seat #1 is the button
Seat 1: BornToShove ($64.81 in chips)
Seat 2: Necromadx ($163.61 in chips)
BornToShove: posts small blind $1
Necromadx: posts big blind $3
*** HOLE CARDS ***
BornToShove: raises $3 to $6
Necromadx: calls $3
*** FLOP *** [9s 2c Js]
Necromadx: checks
BornToShove: checks
*** TURN *** [9s 2c Js] [6c]
Necromadx: checks
BornToShove: bets $6
Necromadx: calls $6
*** RIVER *** [9s 2c Js 6c] [8d]
Necromadx: checks
BornToShove: bets $6
Necromadx: folds
Uncalled bet ($6) returned to BornToShove
BornToShove collected $23.52 from pot
*** SUMMARY ***
Total pot $24 | Rake $0.48
Board [9s 2c Js 6c 8d]
Seat 1: BornToShove (button) (small blind) collected ($23.52)
Seat 2: Necromadx (big blind) folded on the River


PokerStars Hand #145002180977:  Hold'em Limit ($3/$6 USD) - 2015/12/07 21:35:19 ET
Table 'Skadi' 2-max Seat #2 is the button
Seat 1: BornToShove ($56.17 in chips)
Seat 2: Necromadx ($172.61 in chips)
Necromadx: posts small blind $1
BornToShove: posts big blind $3
*** HOLE CARDS ***
Necromadx: raises $3 to $6
BornToShove: calls $3
*** FLOP *** [Qs 4c 8h]
BornToShove: checks
Necromadx: bets $3
BornToShove: calls $3
*** TURN *** [Qs 4c 8h] [Td]
BornToShove: checks
Necromadx: checks
*** RIVER *** [Qs 4c 8h Td] [3d]
BornToShove: bets $6
Necromadx: folds
Uncalled bet ($6) returned to BornToShove
BornToShove collected $17.64 from pot
*** SUMMARY ***
Total pot $18 | Rake $0.36
Board [Qs 4c 8h Td 3d]
Seat 1: BornToShove (big blind) collected ($17.64)
Seat 2: Necromadx (button) (small blind) folded on the River


PokerStars Hand #145002236589:  Hold'em Limit ($3/$6 USD) - 2015/12/07 21:37:24 ET
Table 'Skadi' 2-max Seat #2 is the button
Seat 1: BornToShove ($129.33 in chips)
Seat 2: Necromadx ($120 in chips)
Necromadx: posts small blind $1
BornToShove: posts big blind $3
*** HOLE CARDS ***
Necromadx: raises $3 to $6
BornToShove: folds
Uncalled bet ($3) returned to Necromadx
Necromadx collected $6 from pot
Necromadx: doesn't show hand
*** SUMMARY ***
Total pot $6 | Rake $0
Seat 1: BornToShove (big blind) folded before Flop
Seat 2: Necromadx (button) (small blind) collected ($6)


PokerStars Hand #145002221400:  Hold'em Limit ($3/$6 USD) - 2015/12/07 21:36:50 ET
Table 'Skadi' 2-max Seat #1 is the button
Seat 1: BornToShove ($99.83 in chips)
Seat 2: Necromadx ($127.61 in chips)
BornToShove: posts small blind $1
Necromadx: posts big blind $3
*** HOLE CARDS ***
BornToShove: raises $3 to $6
Necromadx: calls $3
*** FLOP *** [5h Js 4d]
Necromadx: checks
BornToShove: bets $3
Necromadx: raises $3 to $6
BornToShove: calls $3
*** TURN *** [5h Js 4d] [Ks]
Necromadx: bets $6
BornToShove: calls $6
*** RIVER *** [5h Js 4d Ks] [7h]
Necromadx: bets $6
BornToShove: raises $6 to $12
Necromadx: calls $6
*** SHOW DOWN ***
BornToShove: shows [Kc 5s] (two pair, Kings and Fives)
Necromadx: mucks hand
BornToShove collected $59.50 from pot
*** SUMMARY ***
Total pot $60 | Rake $0.50
Board [5h Js 4d Ks 7h]
Seat 1: BornToShove (button) (small blind) showed [Kc 5s] and won ($59.50) with two pair, Kings and Fives
Seat 2: Necromadx (big blind) mucked


PokerStars Hand #145002218356:  Hold'em Limit ($3/$6 USD) - 2015/12/07 21:36:43 ET
Table 'Skadi' 2-max Seat #2 is the button
Seat 1: BornToShove ($102.83 in chips)
Seat 2: Necromadx ($124.61 in chips)
Necromadx: posts small blind $1
BornToShove: posts big blind $3
*** HOLE CARDS ***
Necromadx: raises $3 to $6
BornToShove: folds
Uncalled bet ($3) returned to Necromadx
Necromadx collected $6 from pot
Necromadx: doesn't show hand
*** SUMMARY ***
Total pot $6 | Rake $0
Seat 1: BornToShove (big blind) folded before Flop
Seat 2: Necromadx (button) (small blind) collected ($6)


PokerStars Hand #145002203712:  Hold'em Limit ($3/$6 USD) - 2015/12/07 21:36:10 ET
Table 'Skadi' 2-max Seat #1 is the button
Seat 1: BornToShove ($73.33 in chips)
Seat 2: Necromadx ($154.61 in chips)
BornToShove: posts small blind $1
Necromadx: posts big blind $3
*** HOLE CARDS ***
BornToShove: raises $3 to $6
Necromadx: raises $3 to $9
BornToShove: calls $3
*** FLOP *** [Kc 6s 9c]
Necromadx: bets $3
BornToShove: calls $3
*** TURN *** [Kc 6s 9c] [5d]
Necromadx: bets $6
BornToShove: raises $6 to $12
Necromadx: calls $6
*** RIVER *** [Kc 6s 9c 5d] [6h]
Necromadx: checks
BornToShove: bets $6
Necromadx: calls $6
*** SHOW DOWN ***
BornToShove: shows [9h Kh] (two pair, Kings and Nines)
Necromadx: mucks hand
BornToShove collected $59.50 from pot
*** SUMMARY ***
Total pot $60 | Rake $0.50
Board [Kc 6s 9c 5d 6h]
Seat 1: BornToShove (button) (small blind) showed [9h Kh] and won ($59.50) with two pair, Kings and Nines
Seat 2: Necromadx (big blind) mucked


PokerStars Hand #145002248997:  Hold'em Limit ($3/$6 USD) - 2015/12/07 21:37:51 ET
Table 'Skadi' 2-max Seat #1 is the button
Seat 1: BornToShove ($135.97 in chips)
Seat 2: Necromadx ($120 in chips)
BornToShove: posts small blind $1
Necromadx: posts big blind $3
*** HOLE CARDS ***
BornToShove: raises $3 to $6
Necromadx: calls $3
*** FLOP *** [2d Th 7c]
Necromadx: checks
BornToShove: bets $3
Necromadx: raises $3 to $6
BornToShove: calls $3
*** TURN *** [2d Th 7c] [6d]
Necromadx: bets $6
BornToShove: calls $6
*** RIVER *** [2d Th 7c 6d] [Jh]
Necromadx: bets $6
BornToShove: calls $6
*** SHOW DOWN ***
Necromadx: shows [7h Kd] (a pair of Sevens)
BornToShove: shows [Jd 5d] (a pair of Jacks)
BornToShove collected $47.50 from pot
*** SUMMARY ***
Total pot $48 | Rake $0.50
Board [2d Th 7c 6d Jh]
Seat 1: BornToShove (button) (small blind) showed [Jd 5d] and won ($47.50) with a pair of Jacks
Seat 2: Necromadx (big blind) showed [7h Kd] and lost with a pair of Sevens


PokerStars Hand #145002246848:  Hold'em Limit ($3/$6 USD) - 2015/12/07 21:37:46 ET
Table 'Skadi' 2-max Seat #2 is the button
Seat 1: BornToShove ($134.97 in chips)
Seat 2: Necromadx ($120 in chips)
Necromadx: posts small blind $1
BornToShove: posts big blind $3
*** HOLE CARDS ***
Necromadx: folds
Uncalled bet ($2) returned to BornToShove
BornToShove collected $2 from pot
*** SUMMARY ***
Total pot $2 | Rake $0
Seat 1: BornToShove (big blind) collected ($2)
Seat 2: Necromadx (button) (small blind) folded before Flop


PokerStars Hand #145002239568:  Hold'em Limit ($3/$6 USD) - 2015/12/07 21:37:30 ET
Table 'Skadi' 2-max Seat #1 is the button
Seat 1: BornToShove ($126.33 in chips)
Seat 2: Necromadx ($123 in chips)
BornToShove: posts small blind $1
Necromadx: posts big blind $3
*** HOLE CARDS ***
BornToShove: raises $3 to $6
Necromadx: calls $3
*** FLOP *** [2d 5d 8h]
Necromadx: checks
BornToShove: bets $3
Necromadx: calls $3
*** TURN *** [2d 5d 8h] [9d]
Necromadx: checks
BornToShove: checks
*** RIVER *** [2d 5d 8h 9d] [9h]
Necromadx: checks
BornToShove: checks
*** SHOW DOWN ***
Necromadx: shows [Jc 6d] (a pair of Nines)
BornToShove: shows [Jh Ac] (a pair of Nines - Ace kicker)
BornToShove collected $17.64 from pot
*** SUMMARY ***
Total pot $18 | Rake $0.36
Board [2d 5d 8h 9d 9h]
Seat 1: BornToShove (button) (small blind) showed [Jh Ac] and won ($17.64) with a pair of Nines
Seat 2: Necromadx (big blind) showed [Jc 6d] and lost with a pair of Nines


PokerStars Hand #145002286798:  Hold'em Limit ($3/$6 USD) - 2015/12/07 21:39:16 ET
Table 'Skadi' 2-max Seat #1 is the button
Seat 1: BornToShove ($135.11 in chips)
Seat 2: Necromadx ($143.50 in chips)
BornToShove: posts small blind $1
Necromadx: posts big blind $3
*** HOLE CARDS ***
BornToShove: raises $3 to $6
Necromadx: raises $3 to $9
BornToShove: calls $3
*** FLOP *** [Jc 5h 3s]
Necromadx: bets $3
BornToShove: calls $3
*** TURN *** [Jc 5h 3s] [9c]
Necromadx: bets $6
BornToShove: folds
Uncalled bet ($6) returned to Necromadx
Necromadx collected $23.52 from pot
Necromadx: doesn't show hand
*** SUMMARY ***
Total pot $24 | Rake $0.48
Board [Jc 5h 3s 9c]
Seat 1: BornToShove (button) (small blind) folded on the Turn
Seat 2: Necromadx (big blind) collected ($23.52)


PokerStars Hand #145002283068:  Hold'em Limit ($3/$6 USD) - 2015/12/07 21:39:08 ET
Table 'Skadi' 2-max Seat #2 is the button
Seat 1: BornToShove ($138.11 in chips)
Seat 2: Necromadx ($140.50 in chips)
Necromadx: posts small blind $1
BornToShove: posts big blind $3
*** HOLE CARDS ***
Necromadx: raises $3 to $6
BornToShove: folds
Uncalled bet ($3) returned to Necromadx
Necromadx collected $6 from pot
Necromadx: doesn't show hand
*** SUMMARY ***
Total pot $6 | Rake $0
Seat 1: BornToShove (big blind) folded before Flop
Seat 2: Necromadx (button) (small blind) collected ($6)


PokerStars Hand #145002274344:  Hold'em Limit ($3/$6 USD) - 2015/12/07 21:38:48 ET
Table 'Skadi' 2-max Seat #1 is the button
Seat 1: BornToShove ($129.47 in chips)
Seat 2: Necromadx ($149.50 in chips)
BornToShove: posts small blind $1
Necromadx: posts big blind $3
*** HOLE CARDS ***
BornToShove: raises $3 to $6
Necromadx: calls $3
*** FLOP *** [6d 6h 3h]
Necromadx: checks
BornToShove: bets $3
Necromadx: calls $3
*** TURN *** [6d 6h 3h] [Ks]
Necromadx: checks
BornToShove: bets $6
Necromadx: folds
Uncalled bet ($6) returned to BornToShove
BornToShove collected $17.64 from pot
*** SUMMARY ***
Total pot $18 | Rake $0.36
Board [6d 6h 3h Ks]
Seat 1: BornToShove (button) (small blind) collected ($17.64)
Seat 2: Necromadx (big blind) folded on the Turn


PokerStars Hand #145002261089:  Hold'em Limit ($3/$6 USD) - 2015/12/07 21:38:19 ET
Table 'Skadi' 2-max Seat #2 is the button
Seat 1: BornToShove ($159.47 in chips)
Seat 2: Necromadx ($120 in chips)
Necromadx: posts small blind $1
BornToShove: posts big blind $3
*** HOLE CARDS ***
Necromadx: raises $3 to $6
BornToShove: raises $3 to $9
Necromadx: calls $3
*** FLOP *** [9d 8h 6d]
BornToShove: bets $3
Necromadx: raises $3 to $6
BornToShove: raises $3 to $9
Necromadx: calls $3
*** TURN *** [9d 8h 6d] [9c]
BornToShove: bets $6
Necromadx: calls $6
*** RIVER *** [9d 8h 6d 9c] [3c]
BornToShove: checks
Necromadx: bets $6
BornToShove: calls $6
*** SHOW DOWN ***
Necromadx: shows [Qd Qc] (two pair, Queens and Nines)
BornToShove: mucks hand
Necromadx collected $59.50 from pot
*** SUMMARY ***
Total pot $60 | Rake $0.50
Board [9d 8h 6d 9c 3c]
Seat 1: BornToShove (big blind) mucked
Seat 2: Necromadx (button) (small blind) showed [Qd Qc] and won ($59.50) with two pair, Queens and Nines


PokerStars Hand #145002313631:  Hold'em Limit ($3/$6 USD) - 2015/12/07 21:40:17 ET
Table 'Skadi' 2-max Seat #2 is the button
Seat 1: BornToShove ($164.11 in chips)
Seat 2: Necromadx ($120 in chips)
Necromadx: posts small blind $1
BornToShove: posts big blind $3
*** HOLE CARDS ***
Necromadx: folds
Uncalled bet ($2) returned to BornToShove
BornToShove collected $2 from pot
*** SUMMARY ***
Total pot $2 | Rake $0
Seat 1: BornToShove (big blind) collected ($2)
Seat 2: Necromadx (button) (small blind) folded before Flop


PokerStars Hand #145002305435:  Hold'em Limit ($3/$6 USD) - 2015/12/07 21:39:58 ET
Table 'Skadi' 2-max Seat #1 is the button
Seat 1: BornToShove ($146.61 in chips)
Seat 2: Necromadx ($131.02 in chips)
BornToShove: posts small blind $1
Necromadx: posts big blind $3
*** HOLE CARDS ***
BornToShove: raises $3 to $6
Necromadx: calls $3
*** FLOP *** [2c 7d Qs]
Necromadx: checks
BornToShove: checks
*** TURN *** [2c 7d Qs] [Kh]
Necromadx: bets $6
BornToShove: calls $6
*** RIVER *** [2c 7d Qs Kh] [As]
Necromadx: checks
BornToShove: bets $6
Necromadx: calls $6
*** SHOW DOWN ***
BornToShove: shows [Ks Jd] (a pair of Kings)
Necromadx: mucks hand
BornToShove collected $35.50 from pot
*** SUMMARY ***
Total pot $36 | Rake $0.50
Board [2c 7d Qs Kh As]
Seat 1: BornToShove (button) (small blind) showed [Ks Jd] and won ($35.50) with a pair of Kings
Seat 2: Necromadx (big blind) mucked


PokerStars Hand #145002292887:  Hold'em Limit ($3/$6 USD) - 2015/12/07 21:39:30 ET
Table 'Skadi' 2-max Seat #2 is the button
Seat 1: BornToShove ($123.11 in chips)
Seat 2: Necromadx ($155.02 in chips)
Necromadx: posts small blind $1
BornToShove: posts big blind $3
*** HOLE CARDS ***
Necromadx: raises $3 to $6
BornToShove: calls $3
*** FLOP *** [4d 7s 4s]
BornToShove: checks
Necromadx: bets $3
BornToShove: raises $3 to $6
Necromadx: calls $3
*** TURN *** [4d 7s 4s] [6h]
BornToShove: bets $6
Necromadx: calls $6
*** RIVER *** [4d 7s 4s 6h] [8s]
BornToShove: bets $6
Necromadx: calls $6
*** SHOW DOWN ***
BornToShove: shows [Ts 8h] (two pair, Eights and Fours)
Necromadx: mucks hand
BornToShove collected $47.50 from pot
*** SUMMARY ***
Total pot $48 | Rake $0.50
Board [4d 7s 4s 6h 8s]
Seat 1: BornToShove (big blind) showed [Ts 8h] and won ($47.50) with two pair, Eights and Fours
Seat 2: Necromadx (button) (small blind) mucked


PokerStars Hand #145002338516:  Hold'em Limit ($3/$6 USD) - 2015/12/07 21:41:13 ET
Table 'Skadi' 2-max Seat #2 is the button
Seat 1: BornToShove ($167.61 in chips)
Seat 2: Necromadx ($120 in chips)
Necromadx: posts small blind $1
BornToShove: posts big blind $3
*** HOLE CARDS ***
Necromadx: raises $3 to $6
BornToShove: calls $3
*** FLOP *** [2d 3h Kc]
BornToShove: checks
Necromadx: bets $3
BornToShove: folds
Uncalled bet ($3) returned to Necromadx
Necromadx collected $11.76 from pot
Necromadx: doesn't show hand
*** SUMMARY ***
Total pot $12 | Rake $0.24
Board [2d 3h Kc]
Seat 1: BornToShove (big blind) folded on the Flop
Seat 2: Necromadx (button) (small blind) collected ($11.76)


PokerStars Hand #145002330790:  Hold'em Limit ($3/$6 USD) - 2015/12/07 21:40:55 ET
Table 'Skadi' 2-max Seat #1 is the button
Seat 1: BornToShove ($153.11 in chips)
Seat 2: Necromadx ($131.64 in chips)
BornToShove: posts small blind $1
Necromadx: posts big blind $3
*** HOLE CARDS ***
BornToShove: raises $3 to $6
Necromadx: calls $3
*** FLOP *** [Ad 6d 9h]
Necromadx: checks
BornToShove: bets $3
Necromadx: calls $3
*** TURN *** [Ad 6d 9h] [3d]
Necromadx: checks
BornToShove: bets $6
Necromadx: calls $6
*** RIVER *** [Ad 6d 9h 3d] [Kh]
Necromadx: checks
BornToShove: checks
*** SHOW DOWN ***
Necromadx: shows [7d Th] (high card Ace)
BornToShove: shows [6h Qc] (a pair of Sixes)
BornToShove collected $29.50 from pot
*** SUMMARY ***
Total pot $30 | Rake $0.50
Board [Ad 6d 9h 3d Kh]
Seat 1: BornToShove (button) (small blind) showed [6h Qc] and won ($29.50) with a pair of Sixes
Seat 2: Necromadx (big blind) showed [7d Th] and lost with high card Ace


PokerStars Hand #145002327530:  Hold'em Limit ($3/$6 USD) - 2015/12/07 21:40:48 ET
Table 'Skadi' 2-max Seat #2 is the button
Seat 1: BornToShove ($156.11 in chips)
Seat 2: Necromadx ($128.64 in chips)
Necromadx: posts small blind $1
BornToShove: posts big blind $3
*** HOLE CARDS ***
Necromadx: raises $3 to $6
BornToShove: folds
Uncalled bet ($3) returned to Necromadx
Necromadx collected $6 from pot
Necromadx: doesn't show hand
*** SUMMARY ***
Total pot $6 | Rake $0
Seat 1: BornToShove (big blind) folded before Flop
Seat 2: Necromadx (button) (small blind) collected ($6)


PokerStars Hand #145002324555:  Hold'em Limit ($3/$6 USD) - 2015/12/07 21:40:41 ET
Table 'Skadi' 2-max Seat #1 is the button
Seat 1: BornToShove ($157.11 in chips)
Seat 2: Necromadx ($127.64 in chips)
BornToShove: posts small blind $1
Necromadx: posts big blind $3
*** HOLE CARDS ***
BornToShove: folds
Uncalled bet ($2) returned to Necromadx
Necromadx collected $2 from pot
Necromadx: doesn't show hand
*** SUMMARY ***
Total pot $2 | Rake $0
Seat 1: BornToShove (button) (small blind) folded before Flop
Seat 2: Necromadx (big blind) collected ($2)


PokerStars Hand #145002321834:  Hold'em Limit ($3/$6 USD) - 2015/12/07 21:40:35 ET
Table 'Skadi' 2-max Seat #2 is the button
Seat 1: BornToShove ($156.11 in chips)
Seat 2: Necromadx ($128.64 in chips)
Necromadx: posts small blind $1
BornToShove: posts big blind $3
*** HOLE CARDS ***
Necromadx: folds
Uncalled bet ($2) returned to BornToShove
BornToShove collected $2 from pot
*** SUMMARY ***
Total pot $2 | Rake $0
Seat 1: BornToShove (big blind) collected ($2)
Seat 2: Necromadx (button) (small blind) folded before Flop


PokerStars Hand #145002315568:  Hold'em Limit ($3/$6 USD) - 2015/12/07 21:40:21 ET
Table 'Skadi' 2-max Seat #1 is the button
Seat 1: BornToShove ($165.11 in chips)
Seat 2: Necromadx ($120 in chips)
BornToShove: posts small blind $1
Necromadx: posts big blind $3
*** HOLE CARDS ***
BornToShove: raises $3 to $6
Necromadx: calls $3
*** FLOP *** [3s Qc 2c]
Necromadx: checks
BornToShove: bets $3
Necromadx: raises $3 to $6
BornToShove: folds
Uncalled bet ($3) returned to Necromadx
Necromadx collected $17.64 from pot
Necromadx: doesn't show hand
*** SUMMARY ***
Total pot $18 | Rake $0.36
Board [3s Qc 2c]
Seat 1: BornToShove (button) (small blind) folded on the Flop
Seat 2: Necromadx (big blind) collected ($17.64)


PokerStars Hand #145002362810:  Hold'em Limit ($3/$6 USD) - 2015/12/07 21:42:08 ET
Table 'Skadi' 2-max Seat #2 is the button
Seat 1: BornToShove ($184.77 in chips)
Seat 2: Necromadx ($120 in chips)
Necromadx: posts small blind $1
BornToShove: posts big blind $3
*** HOLE CARDS ***
Necromadx: raises $3 to $6
BornToShove: calls $3
*** FLOP *** [Td 2s 6c]
BornToShove: checks
Necromadx: bets $3
BornToShove: calls $3
*** TURN *** [Td 2s 6c] [3d]
BornToShove: checks
Necromadx: checks
*** RIVER *** [Td 2s 6c 3d] [9c]
BornToShove: bets $6
Necromadx: folds
Uncalled bet ($6) returned to BornToShove
BornToShove collected $17.64 from pot
*** SUMMARY ***
Total pot $18 | Rake $0.36
Board [Td 2s 6c 3d 9c]
Seat 1: BornToShove (big blind) collected ($17.64)
Seat 2: Necromadx (button) (small blind) folded on the River


PokerStars Hand #145002345002:  Hold'em Limit ($3/$6 USD) - 2015/12/07 21:41:28 ET
Table 'Skadi' 2-max Seat #1 is the button
Seat 1: BornToShove ($161.61 in chips)
Seat 2: Necromadx ($125.76 in chips)
BornToShove: posts small blind $1
Necromadx: posts big blind $3
*** HOLE CARDS ***
BornToShove: raises $3 to $6
Necromadx: raises $3 to $9
BornToShove: calls $3
*** FLOP *** [9c 2c Qd]
Necromadx: bets $3
BornToShove: calls $3
*** TURN *** [9c 2c Qd] [Ah]
Necromadx: checks
BornToShove: checks
*** RIVER *** [9c 2c Qd Ah] [3c]
Necromadx: checks
BornToShove: checks
*** SHOW DOWN ***
Necromadx: shows [Kc Td] (high card Ace)
BornToShove: shows [4h 9d] (a pair of Nines)
BornToShove collected $23.52 from pot
*** SUMMARY ***
Total pot $24 | Rake $0.48
Board [9c 2c Qd Ah 3c]
Seat 1: BornToShove (button) (small blind) showed [4h 9d] and won ($23.52) with a pair of Nines
Seat 2: Necromadx (big blind) showed [Kc Td] and lost with high card Ace


PokerStars Hand #145002359940:  Hold'em Limit ($3/$6 USD) - 2015/12/07 21:42:01 ET
Table 'Skadi' 2-max Seat #1 is the button
Seat 1: BornToShove ($181.77 in chips)
Seat 2: Necromadx ($120 in chips)
BornToShove: posts small blind $1
Necromadx: posts big blind $3
*** HOLE CARDS ***
BornToShove: raises $3 to $6
Necromadx: folds
Uncalled bet ($3) returned to BornToShove
BornToShove collected $6 from pot
*** SUMMARY ***
Total pot $6 | Rake $0
Seat 1: BornToShove (button) (small blind) collected ($6)
Seat 2: Necromadx (big blind) folded before Flop


PokerStars Hand #145002351698:  Hold'em Limit ($3/$6 USD) - 2015/12/07 21:41:43 ET
Table 'Skadi' 2-max Seat #2 is the button
Seat 1: BornToShove ($173.13 in chips)
Seat 2: Necromadx ($120 in chips)
Necromadx: posts small blind $1
BornToShove: posts big blind $3
*** HOLE CARDS ***
Necromadx: raises $3 to $6
BornToShove: calls $3
*** FLOP *** [5h Td 5c]
BornToShove: checks
Necromadx: bets $3
BornToShove: calls $3
*** TURN *** [5h Td 5c] [Ah]
BornToShove: checks
Necromadx: checks
*** RIVER *** [5h Td 5c Ah] [2c]
BornToShove: checks
Necromadx: checks
*** SHOW DOWN ***
BornToShove: shows [Qs 9s] (a pair of Fives)
Necromadx: mucks hand
BornToShove collected $17.64 from pot
*** SUMMARY ***
Total pot $18 | Rake $0.36
Board [5h Td 5c Ah 2c]
Seat 1: BornToShove (big blind) showed [Qs 9s] and won ($17.64) with a pair of Fives
Seat 2: Necromadx (button) (small blind) mucked


PokerStars Hand #145002390240:  Hold'em Limit ($3/$6 USD) - 2015/12/07 21:43:10 ET
Table 'Skadi' 2-max Seat #1 is the button
Seat 1: BornToShove ($216.43 in chips)
Seat 2: Necromadx ($123 in chips)
BornToShove: posts small blind $1
Necromadx: posts big blind $3
*** HOLE CARDS ***
BornToShove: raises $3 to $6
Necromadx: raises $3 to $9
BornToShove: calls $3
*** FLOP *** [4h 8d 3d]
Necromadx: bets $3
BornToShove: folds
Uncalled bet ($3) returned to Necromadx
Necromadx collected $17.64 from pot
Necromadx: doesn't show hand
*** SUMMARY ***
Total pot $18 | Rake $0.36
Board [4h 8d 3d]
Seat 1: BornToShove (button) (small blind) folded on the Flop
Seat 2: Necromadx (big blind) collected ($17.64)


PokerStars Hand #145002369345:  Hold'em Limit ($3/$6 USD) - 2015/12/07 21:42:23 ET
Table 'Skadi' 2-max Seat #1 is the button
Seat 1: BornToShove ($193.41 in chips)
Seat 2: Necromadx ($120 in chips)
BornToShove: posts small blind $1
Necromadx: posts big blind $3
*** HOLE CARDS ***
BornToShove: raises $3 to $6
Necromadx: calls $3
*** FLOP *** [Kd 7d 4d]
Necromadx: checks
BornToShove: checks
*** TURN *** [Kd 7d 4d] [8d]
Necromadx: checks
BornToShove: checks
*** RIVER *** [Kd 7d 4d 8d] [9d]
Necromadx: bets $6
BornToShove: calls $6
*** SHOW DOWN ***
Necromadx: shows [5c Jc] (a flush, King high)
BornToShove: shows [9s 5d] (a flush, King high - Five higher)
BornToShove collected $23.52 from pot
*** SUMMARY ***
Total pot $24 | Rake $0.48
Board [Kd 7d 4d 8d 9d]
Seat 1: BornToShove (button) (small blind) showed [9s 5d] and won ($23.52) with a flush, King high
Seat 2: Necromadx (big blind) showed [5c Jc] and lost with a flush, King high


PokerStars Hand #145002375840:  Hold'em Limit ($3/$6 USD) - 2015/12/07 21:42:38 ET
Table 'Skadi' 2-max Seat #2 is the button
Seat 1: BornToShove ($204.93 in chips)
Seat 2: Necromadx ($120 in chips)
Necromadx: posts small blind $1
BornToShove: posts big blind $3
*** HOLE CARDS ***
Necromadx: raises $3 to $6
BornToShove: folds
Uncalled bet ($3) returned to Necromadx
Necromadx collected $6 from pot
Necromadx: doesn't show hand
*** SUMMARY ***
Total pot $6 | Rake $0
Seat 1: BornToShove (big blind) folded before Flop
Seat 2: Necromadx (button) (small blind) collected ($6)


PokerStars Hand #145002387555:  Hold'em Limit ($3/$6 USD) - 2015/12/07 21:43:04 ET
Table 'Skadi' 2-max Seat #2 is the button
Seat 1: BornToShove ($219.43 in chips)
Seat 2: Necromadx ($120 in chips)
Necromadx: posts small blind $1
BornToShove: posts big blind $3
*** HOLE CARDS ***
Necromadx: raises $3 to $6
BornToShove: folds
Uncalled bet ($3) returned to Necromadx
Necromadx collected $6 from pot
Necromadx: doesn't show hand
*** SUMMARY ***
Total pot $6 | Rake $0
Seat 1: BornToShove (big blind) folded before Flop
Seat 2: Necromadx (button) (small blind) collected ($6)


PokerStars Hand #145002378692:  Hold'em Limit ($3/$6 USD) - 2015/12/07 21:42:44 ET
Table 'Skadi' 2-max Seat #1 is the button
Seat 1: BornToShove ($201.93 in chips)
Seat 2: Necromadx ($123 in chips)
BornToShove: posts small blind $1
Necromadx: posts big blind $3
*** HOLE CARDS ***
BornToShove: raises $3 to $6
Necromadx: raises $3 to $9
BornToShove: calls $3
*** FLOP *** [2h Ac 8d]
Necromadx: bets $3
BornToShove: calls $3
*** TURN *** [2h Ac 8d] [7c]
Necromadx: checks
BornToShove: bets $6
Necromadx: calls $6
*** RIVER *** [2h Ac 8d 7c] [Ah]
Necromadx: checks
BornToShove: bets $6
Necromadx: folds
Uncalled bet ($6) returned to BornToShove
BornToShove collected $35.50 from pot
*** SUMMARY ***
Total pot $36 | Rake $0.50
Board [2h Ac 8d 7c Ah]
Seat 1: BornToShove (button) (small blind) collected ($35.50)
Seat 2: Necromadx (big blind) folded on the River


PokerStars Hand #145002396538:  Hold'em Limit ($3/$6 USD) - 2015/12/07 21:43:25 ET
Table 'Skadi' 2-max Seat #2 is the button
Seat 1: BornToShove ($207.43 in chips)
Seat 2: Necromadx ($131.64 in chips)
Necromadx: posts small blind $1
BornToShove: posts big blind $3
*** HOLE CARDS ***
Necromadx: raises $3 to $6
BornToShove: folds
Uncalled bet ($3) returned to Necromadx
Necromadx collected $6 from pot
Necromadx: doesn't show hand
*** SUMMARY ***
Total pot $6 | Rake $0
Seat 1: BornToShove (big blind) folded before Flop
Seat 2: Necromadx (button) (small blind) collected ($6)


PokerStars Hand #145002409042:  Hold'em Limit ($3/$6 USD) - 2015/12/07 21:43:53 ET
Table 'Skadi' 2-max Seat #2 is the button
Seat 1: BornToShove ($195.43 in chips)
Seat 2: Necromadx ($143.28 in chips)
Necromadx: posts small blind $1
BornToShove: posts big blind $3
*** HOLE CARDS ***
Necromadx: raises $3 to $6
BornToShove: folds
Uncalled bet ($3) returned to Necromadx
Necromadx collected $6 from pot
Necromadx: doesn't show hand
*** SUMMARY ***
Total pot $6 | Rake $0
Seat 1: BornToShove (big blind) folded before Flop
Seat 2: Necromadx (button) (small blind) collected ($6)


PokerStars Hand #145002399599:  Hold'em Limit ($3/$6 USD) - 2015/12/07 21:43:32 ET
Table 'Skadi' 2-max Seat #1 is the button
Seat 1: BornToShove ($204.43 in chips)
Seat 2: Necromadx ($134.64 in chips)
BornToShove: posts small blind $1
Necromadx: posts big blind $3
*** HOLE CARDS ***
BornToShove: raises $3 to $6
Necromadx: calls $3
*** FLOP *** [3h Kh 8c]
Necromadx: checks
BornToShove: bets $3
Necromadx: calls $3
*** TURN *** [3h Kh 8c] [7c]
Necromadx: checks
BornToShove: checks
*** RIVER *** [3h Kh 8c 7c] [Jd]
Necromadx: checks
BornToShove: checks
*** SHOW DOWN ***
Necromadx: shows [Ts 3s] (a pair of Threes)
BornToShove: mucks hand
Necromadx collected $17.64 from pot
*** SUMMARY ***
Total pot $18 | Rake $0.36
Board [3h Kh 8c 7c Jd]
Seat 1: BornToShove (button) (small blind) mucked
Seat 2: Necromadx (big blind) showed [Ts 3s] and won ($17.64) with a pair of Threes


PokerStars Hand #145002411738:  Hold'em Limit ($3/$6 USD) - 2015/12/07 21:43:59 ET
Table 'Skadi' 2-max Seat #1 is the button
Seat 1: BornToShove ($192.43 in chips)
Seat 2: Necromadx ($146.28 in chips)
BornToShove: posts small blind $1
Necromadx: posts big blind $3
*** HOLE CARDS ***
BornToShove: raises $3 to $6
Necromadx: calls $3
*** FLOP *** [2h 4c Th]
Necromadx: checks
BornToShove: checks
*** TURN *** [2h 4c Th] [9s]
Necromadx: checks
BornToShove: bets $6
Necromadx: calls $6
*** RIVER *** [2h 4c Th 9s] [7c]
Necromadx: checks
BornToShove: bets $6
Necromadx: folds
Uncalled bet ($6) returned to BornToShove
BornToShove collected $23.52 from pot
*** SUMMARY ***
Total pot $24 | Rake $0.48
Board [2h 4c Th 9s 7c]
Seat 1: BornToShove (button) (small blind) collected ($23.52)
Seat 2: Necromadx (big blind) folded on the River


PokerStars Hand #145002420542:  Hold'em Limit ($3/$6 USD) - 2015/12/07 21:44:19 ET
Table 'Skadi' 2-max Seat #2 is the button
Seat 1: BornToShove ($203.95 in chips)
Seat 2: Necromadx ($134.28 in chips)
Necromadx: posts small blind $1
BornToShove: posts big blind $3
*** HOLE CARDS ***
Necromadx: raises $3 to $6
BornToShove: calls $3
*** FLOP *** [2s 2d Th]
BornToShove: checks
Necromadx: bets $3
BornToShove: raises $3 to $6
Necromadx: calls $3
*** TURN *** [2s 2d Th] [Td]
BornToShove: bets $6
Necromadx: folds
Uncalled bet ($6) returned to BornToShove
BornToShove collected $23.52 from pot
*** SUMMARY ***
Total pot $24 | Rake $0.48
Board [2s 2d Th Td]
Seat 1: BornToShove (big blind) collected ($23.52)
Seat 2: Necromadx (button) (small blind) folded on the Turn


PokerStars Hand #145002429419:  Hold'em Limit ($3/$6 USD) - 2015/12/07 21:44:40 ET
Table 'Skadi' 2-max Seat #1 is the button
Seat 1: BornToShove ($215.47 in chips)
Seat 2: Necromadx ($122.28 in chips)
BornToShove: posts small blind $1
Necromadx: posts big blind $3
*** HOLE CARDS ***
BornToShove: folds
Uncalled bet ($2) returned to Necromadx
Necromadx collected $2 from pot
Necromadx: doesn't show hand
*** SUMMARY ***
Total pot $2 | Rake $0
Seat 1: BornToShove (button) (small blind) folded before Flop
Seat 2: Necromadx (big blind) collected ($2)


PokerStars Hand #145002431926:  Hold'em Limit ($3/$6 USD) - 2015/12/07 21:44:45 ET
Table 'Skadi' 2-max Seat #2 is the button
Seat 1: BornToShove ($214.47 in chips)
Seat 2: Necromadx ($123.28 in chips)
Necromadx: posts small blind $1
BornToShove: posts big blind $3
*** HOLE CARDS ***
Necromadx: raises $3 to $6
BornToShove: calls $3
*** FLOP *** [5h Qd 6c]
BornToShove: checks
Necromadx: bets $3
BornToShove: raises $3 to $6
Necromadx: calls $3
*** TURN *** [5h Qd 6c] [4c]
BornToShove: bets $6
Necromadx: calls $6
*** RIVER *** [5h Qd 6c 4c] [9c]
BornToShove: checks
Necromadx: bets $6
BornToShove: folds
Uncalled bet ($6) returned to Necromadx
Necromadx collected $35.50 from pot
Necromadx: doesn't show hand
*** SUMMARY ***
Total pot $36 | Rake $0.50
Board [5h Qd 6c 4c 9c]
Seat 1: BornToShove (big blind) folded on the River
Seat 2: Necromadx (button) (small blind) collected ($35.50)


PokerStars Hand #145002445118:  Hold'em Limit ($3/$6 USD) - 2015/12/07 21:45:16 ET
Table 'Skadi' 2-max Seat #2 is the button
Seat 1: BornToShove ($199.47 in chips)
Seat 2: Necromadx ($137.78 in chips)
Necromadx: posts small blind $1
BornToShove: posts big blind $3
*** HOLE CARDS ***
Necromadx: raises $3 to $6
BornToShove: folds
Uncalled bet ($3) returned to Necromadx
Necromadx collected $6 from pot
Necromadx: doesn't show hand
*** SUMMARY ***
Total pot $6 | Rake $0
Seat 1: BornToShove (big blind) folded before Flop
Seat 2: Necromadx (button) (small blind) collected ($6)


PokerStars Hand #145002441975:  Hold'em Limit ($3/$6 USD) - 2015/12/07 21:45:08 ET
Table 'Skadi' 2-max Seat #1 is the button
Seat 1: BornToShove ($196.47 in chips)
Seat 2: Necromadx ($140.78 in chips)
BornToShove: posts small blind $1
Necromadx: posts big blind $3
*** HOLE CARDS ***
BornToShove: raises $3 to $6
Necromadx: folds
Uncalled bet ($3) returned to BornToShove
BornToShove collected $6 from pot
*** SUMMARY ***
Total pot $6 | Rake $0
Seat 1: BornToShove (button) (small blind) collected ($6)
Seat 2: Necromadx (big blind) folded before Flop


PokerStars Hand #145002458176:  Hold'em Limit ($3/$6 USD) - 2015/12/07 21:45:46 ET
Table 'Skadi' 2-max Seat #2 is the button
Seat 1: BornToShove ($225.97 in chips)
Seat 2: Necromadx ($120 in chips)
Necromadx: posts small blind $1
BornToShove: posts big blind $3
*** HOLE CARDS ***
Necromadx: raises $3 to $6
BornToShove: folds
Uncalled bet ($3) returned to Necromadx
Necromadx collected $6 from pot
Necromadx: doesn't show hand
*** SUMMARY ***
Total pot $6 | Rake $0
Seat 1: BornToShove (big blind) folded before Flop
Seat 2: Necromadx (button) (small blind) collected ($6)


PokerStars Hand #145002447623:  Hold'em Limit ($3/$6 USD) - 2015/12/07 21:45:22 ET
Table 'Skadi' 2-max Seat #1 is the button
Seat 1: BornToShove ($196.47 in chips)
Seat 2: Necromadx ($140.78 in chips)
BornToShove: posts small blind $1
Necromadx: posts big blind $3
*** HOLE CARDS ***
BornToShove: raises $3 to $6
Necromadx: calls $3
*** FLOP *** [Ts Qc Td]
Necromadx: checks
BornToShove: bets $3
Necromadx: raises $3 to $6
BornToShove: calls $3
*** TURN *** [Ts Qc Td] [4c]
Necromadx: bets $6
BornToShove: calls $6
*** RIVER *** [Ts Qc Td 4c] [3h]
Necromadx: bets $6
BornToShove: raises $6 to $12
Necromadx: calls $6
*** SHOW DOWN ***
BornToShove: shows [Kh Tc] (three of a kind, Tens)
Necromadx: mucks hand
BornToShove collected $59.50 from pot
*** SUMMARY ***
Total pot $60 | Rake $0.50
Board [Ts Qc Td 4c 3h]
Seat 1: BornToShove (button) (small blind) showed [Kh Tc] and won ($59.50) with three of a kind, Tens
Seat 2: Necromadx (big blind) mucked


PokerStars Hand #145002470332:  Hold'em Limit ($3/$6 USD) - 2015/12/07 21:46:13 ET
Table 'Skadi' 2-max Seat #2 is the button
Seat 1: BornToShove ($240.47 in chips)
Seat 2: Necromadx ($120 in chips)
Necromadx: posts small blind $1
BornToShove: posts big blind $3
*** HOLE CARDS ***
Necromadx: raises $3 to $6
BornToShove: folds
Uncalled bet ($3) returned to Necromadx
Necromadx collected $6 from pot
Necromadx: doesn't show hand
*** SUMMARY ***
Total pot $6 | Rake $0
Seat 1: BornToShove (big blind) folded before Flop
Seat 2: Necromadx (button) (small blind) collected ($6)


PokerStars Hand #145002460910:  Hold'em Limit ($3/$6 USD) - 2015/12/07 21:45:52 ET
Table 'Skadi' 2-max Seat #1 is the button
Seat 1: BornToShove ($222.97 in chips)
Seat 2: Necromadx ($123 in chips)
BornToShove: posts small blind $1
Necromadx: posts big blind $3
*** HOLE CARDS ***
BornToShove: raises $3 to $6
Necromadx: calls $3
*** FLOP *** [Jh 2h 8d]
Necromadx: checks
BornToShove: checks
*** TURN *** [Jh 2h 8d] [2c]
Necromadx: checks
BornToShove: bets $6
Necromadx: calls $6
*** RIVER *** [Jh 2h 8d 2c] [3h]
Necromadx: checks
BornToShove: bets $6
Necromadx: calls $6
*** SHOW DOWN ***
BornToShove: shows [7h 7c] (two pair, Sevens and Deuces)
Necromadx: mucks hand
BornToShove collected $35.50 from pot
*** SUMMARY ***
Total pot $36 | Rake $0.50
Board [Jh 2h 8d 2c 3h]
Seat 1: BornToShove (button) (small blind) showed [7h 7c] and won ($35.50) with two pair, Sevens and Deuces
Seat 2: Necromadx (big blind) mucked


PokerStars Hand #145002473737:  Hold'em Limit ($3/$6 USD) - 2015/12/07 21:46:21 ET
Table 'Skadi' 2-max Seat #1 is the button
Seat 1: BornToShove ($237.47 in chips)
Seat 2: Necromadx ($123 in chips)
BornToShove: posts small blind $1
Necromadx: posts big blind $3
*** HOLE CARDS ***
BornToShove: raises $3 to $6
Necromadx: calls $3
*** FLOP *** [9s Td Qd]
Necromadx: checks
BornToShove: checks
*** TURN *** [9s Td Qd] [As]
Necromadx: checks
BornToShove: checks
*** RIVER *** [9s Td Qd As] [7c]
Necromadx: checks
BornToShove: bets $6
Necromadx: calls $6
*** SHOW DOWN ***
BornToShove: shows [9d 5s] (a pair of Nines)
Necromadx: mucks hand
BornToShove collected $23.52 from pot
*** SUMMARY ***
Total pot $24 | Rake $0.48
Board [9s Td Qd As 7c]
Seat 1: BornToShove (button) (small blind) showed [9d 5s] and won ($23.52) with a pair of Nines
Seat 2: Necromadx (big blind) mucked


PokerStars Hand #145002482345:  Hold'em Limit ($3/$6 USD) - 2015/12/07 21:46:40 ET
Table 'Skadi' 2-max Seat #2 is the button
Seat 1: BornToShove ($248.99 in chips)
Seat 2: Necromadx ($120 in chips)
Necromadx: posts small blind $1
BornToShove: posts big blind $3
*** HOLE CARDS ***
Necromadx: raises $3 to $6
BornToShove: calls $3
*** FLOP *** [3c 2d 6h]
BornToShove: checks
Necromadx: bets $3
BornToShove: calls $3
*** TURN *** [3c 2d 6h] [2s]
BornToShove: checks
Necromadx: bets $6
BornToShove: calls $6
*** RIVER *** [3c 2d 6h 2s] [9d]
BornToShove: bets $6
Necromadx: calls $6
*** SHOW DOWN ***
BornToShove: shows [Ad 9s] (two pair, Nines and Deuces)
Necromadx: mucks hand
BornToShove collected $41.50 from pot
*** SUMMARY ***
Total pot $42 | Rake $0.50
Board [3c 2d 6h 2s 9d]
Seat 1: BornToShove (big blind) showed [Ad 9s] and won ($41.50) with two pair, Nines and Deuces
Seat 2: Necromadx (button) (small blind) mucked


PokerStars Hand #145002491188:  Hold'em Limit ($3/$6 USD) - 2015/12/07 21:47:01 ET
Table 'Skadi' 2-max Seat #1 is the button
Seat 1: BornToShove ($269.49 in chips)
Seat 2: Necromadx ($120 in chips)
BornToShove: posts small blind $1
Necromadx: posts big blind $3
*** HOLE CARDS ***
BornToShove: raises $3 to $6
Necromadx: raises $3 to $9
BornToShove: calls $3
*** FLOP *** [9d Tc Qs]
Necromadx: bets $3
BornToShove: folds
Uncalled bet ($3) returned to Necromadx
Necromadx collected $17.64 from pot
Necromadx: doesn't show hand
*** SUMMARY ***
Total pot $18 | Rake $0.36
Board [9d Tc Qs]
Seat 1: BornToShove (button) (small blind) folded on the Flop
Seat 2: Necromadx (big blind) collected ($17.64)


PokerStars Hand #145002499737:  Hold'em Limit ($3/$6 USD) - 2015/12/07 21:47:20 ET
Table 'Skadi' 2-max Seat #2 is the button
Seat 1: BornToShove ($260.49 in chips)
Seat 2: Necromadx ($128.64 in chips)
Necromadx: posts small blind $1
BornToShove: posts big blind $3
*** HOLE CARDS ***
Necromadx: raises $3 to $6
BornToShove: calls $3
*** FLOP *** [3h 4h 7h]
BornToShove: checks
Necromadx: bets $3
BornToShove: calls $3
*** TURN *** [3h 4h 7h] [4c]
BornToShove: checks
Necromadx: checks
*** RIVER *** [3h 4h 7h 4c] [8d]
BornToShove: checks
Necromadx: checks
*** SHOW DOWN ***
BornToShove: shows [2s Kh] (a pair of Fours)
Necromadx: mucks hand
BornToShove collected $17.64 from pot
*** SUMMARY ***
Total pot $18 | Rake $0.36
Board [3h 4h 7h 4c 8d]
Seat 1: BornToShove (big blind) showed [2s Kh] and won ($17.64) with a pair of Fours
Seat 2: Necromadx (button) (small blind) mucked


PokerStars Hand #145002508186:  Hold'em Limit ($3/$6 USD) - 2015/12/07 21:47:39 ET
Table 'Skadi' 2-max Seat #1 is the button
Seat 1: BornToShove ($269.13 in chips)
Seat 2: Necromadx ($120 in chips)
BornToShove: posts small blind $1
Necromadx: posts big blind $3
*** HOLE CARDS ***
BornToShove: raises $3 to $6
Necromadx: raises $3 to $9
BornToShove: calls $3
*** FLOP *** [9c 9h Kc]
Necromadx: bets $3
BornToShove: folds
Uncalled bet ($3) returned to Necromadx
Necromadx collected $17.64 from pot
Necromadx: doesn't show hand
*** SUMMARY ***
Total pot $18 | Rake $0.36
Board [9c 9h Kc]
Seat 1: BornToShove (button) (small blind) folded on the Flop
Seat 2: Necromadx (big blind) collected ($17.64)


PokerStars Hand #145002521535:  Hold'em Limit ($3/$6 USD) - 2015/12/07 21:48:10 ET
Table 'Skadi' 2-max Seat #1 is the button
Seat 1: BornToShove ($230.13 in chips)
Seat 2: Necromadx ($158.14 in chips)
BornToShove: posts small blind $1
Necromadx: posts big blind $3
*** HOLE CARDS ***
BornToShove: raises $3 to $6
Necromadx: raises $3 to $9
BornToShove: calls $3
*** FLOP *** [6s Qh Qs]
Necromadx: bets $3
BornToShove: folds
Uncalled bet ($3) returned to Necromadx
Necromadx collected $17.64 from pot
Necromadx: doesn't show hand
*** SUMMARY ***
Total pot $18 | Rake $0.36
Board [6s Qh Qs]
Seat 1: BornToShove (button) (small blind) folded on the Flop
Seat 2: Necromadx (big blind) collected ($17.64)


PokerStars Hand #145002526172:  Hold'em Limit ($3/$6 USD) - 2015/12/07 21:48:21 ET
Table 'Skadi' 2-max Seat #2 is the button
Seat 1: BornToShove ($221.13 in chips)
Seat 2: Necromadx ($166.78 in chips)
Necromadx: posts small blind $1
BornToShove: posts big blind $3
*** HOLE CARDS ***
Necromadx: raises $3 to $6
BornToShove: folds
Uncalled bet ($3) returned to Necromadx
Necromadx collected $6 from pot
Necromadx: doesn't show hand
*** SUMMARY ***
Total pot $6 | Rake $0
Seat 1: BornToShove (big blind) folded before Flop
Seat 2: Necromadx (button) (small blind) collected ($6)


PokerStars Hand #145002531959:  Hold'em Limit ($3/$6 USD) - 2015/12/07 21:48:35 ET
Table 'Skadi' 2-max Seat #2 is the button
Seat 1: BornToShove ($221.13 in chips)
Seat 2: Necromadx ($166.78 in chips)
Necromadx: posts small blind $1
BornToShove: posts big blind $3
*** HOLE CARDS ***
Necromadx: raises $3 to $6
BornToShove: folds
Uncalled bet ($3) returned to Necromadx
Necromadx collected $6 from pot
Necromadx: doesn't show hand
*** SUMMARY ***
Total pot $6 | Rake $0
Seat 1: BornToShove (big blind) folded before Flop
Seat 2: Necromadx (button) (small blind) collected ($6)


PokerStars Hand #145002529142:  Hold'em Limit ($3/$6 USD) - 2015/12/07 21:48:28 ET
Table 'Skadi' 2-max Seat #1 is the button
Seat 1: BornToShove ($218.13 in chips)
Seat 2: Necromadx ($169.78 in chips)
BornToShove: posts small blind $1
Necromadx: posts big blind $3
*** HOLE CARDS ***
BornToShove: raises $3 to $6
Necromadx: folds
Uncalled bet ($3) returned to BornToShove
BornToShove collected $6 from pot
*** SUMMARY ***
Total pot $6 | Rake $0
Seat 1: BornToShove (button) (small blind) collected ($6)
Seat 2: Necromadx (big blind) folded before Flop


PokerStars Hand #145002534904:  Hold'em Limit ($3/$6 USD) - 2015/12/07 21:48:41 ET
Table 'Skadi' 2-max Seat #1 is the button
Seat 1: BornToShove ($218.13 in chips)
Seat 2: Necromadx ($169.78 in chips)
BornToShove: posts small blind $1
Necromadx: posts big blind $3
*** HOLE CARDS ***
BornToShove: raises $3 to $6
Necromadx: calls $3
*** FLOP *** [3s 2d 2h]
Necromadx: checks
BornToShove: checks
*** TURN *** [3s 2d 2h] [4d]
Necromadx: bets $6
BornToShove: raises $6 to $12
Necromadx: calls $6
*** RIVER *** [3s 2d 2h 4d] [6s]
Necromadx: checks
BornToShove: bets $6
Necromadx: calls $6
*** SHOW DOWN ***
BornToShove: shows [Js 7h] (a pair of Deuces)
Necromadx: shows [9h 4h] (two pair, Fours and Deuces)
Necromadx collected $47.50 from pot
*** SUMMARY ***
Total pot $48 | Rake $0.50
Board [3s 2d 2h 4d 6s]
Seat 1: BornToShove (button) (small blind) showed [Js 7h] and lost with a pair of Deuces
Seat 2: Necromadx (big blind) showed [9h 4h] and won ($47.50) with two pair, Fours and Deuces


PokerStars Hand #145002548017:  Hold'em Limit ($3/$6 USD) - 2015/12/07 21:49:11 ET
Table 'Skadi' 2-max Seat #2 is the button
Seat 1: BornToShove ($194.13 in chips)
Seat 2: Necromadx ($193.28 in chips)
Necromadx: posts small blind $1
BornToShove: posts big blind $3
*** HOLE CARDS ***
Necromadx: folds
Uncalled bet ($2) returned to BornToShove
BornToShove collected $2 from pot
*** SUMMARY ***
Total pot $2 | Rake $0
Seat 1: BornToShove (big blind) collected ($2)
Seat 2: Necromadx (button) (small blind) folded before Flop


PokerStars Hand #145002550814:  Hold'em Limit ($3/$6 USD) - 2015/12/07 21:49:18 ET
Table 'Skadi' 2-max Seat #1 is the button
Seat 1: BornToShove ($195.13 in chips)
Seat 2: Necromadx ($192.28 in chips)
BornToShove: posts small blind $1
Necromadx: posts big blind $3
*** HOLE CARDS ***
BornToShove: folds
Uncalled bet ($2) returned to Necromadx
BornToShove leaves the table
Necromadx collected $2 from pot
Necromadx: doesn't show hand
*** SUMMARY ***
Total pot $2 | Rake $0
Seat 1: BornToShove (button) (small blind) folded before Flop
Seat 2: Necromadx (big blind) collected ($2)


