PokerStars Hand #158007084954:  Hold'em Limit ($3/$6 USD) - 2016/09/01 3:32:06 ET
Table 'Skat II' 6-max Seat #4 is the button
Seat 3: xcgxcg2005 ($149.14 in chips)
Seat 4: Mordnilap ($86.52 in chips)
Mordnilap: posts small blind $1
xcgxcg2005: posts big blind $3
*** HOLE CARDS ***
Mordnilap: raises $3 to $6
xcgxcg2005: raises $3 to $9
Mordnilap: calls $3
*** FLOP *** [2c Jh 6c]
xcgxcg2005: bets $3
Mordnilap: folds
Uncalled bet ($3) returned to xcgxcg2005
xcgxcg2005 collected $17.64 from pot
xcgxcg2005: doesn't show hand
*** SUMMARY ***
Total pot $18 | Rake $0.36
Board [2c Jh 6c]
Seat 3: xcgxcg2005 (big blind) collected ($17.64)
Seat 4: Mordnilap (button) (small blind) folded on the Flop


PokerStars Hand #158007074271:  Hold'em Limit ($3/$6 USD) - 2016/09/01 3:31:26 ET
Table 'Skat II' 6-max Seat #3 is the button
Seat 3: xcgxcg2005 ($161.14 in chips)
Seat 4: Mordnilap ($75 in chips)
xcgxcg2005: posts small blind $1
Mordnilap: posts big blind $3
*** HOLE CARDS ***
xcgxcg2005: raises $3 to $6
Mordnilap: calls $3
*** FLOP *** [3h Qc 4h]
Mordnilap: checks
xcgxcg2005: bets $3
Mordnilap: raises $3 to $6
xcgxcg2005: calls $3
*** TURN *** [3h Qc 4h] [3c]
Mordnilap: bets $6
xcgxcg2005: folds
Uncalled bet ($6) returned to Mordnilap
Mordnilap collected $23.52 from pot
Mordnilap: doesn't show hand
*** SUMMARY ***
Total pot $24 | Rake $0.48
Board [3h Qc 4h 3c]
Seat 3: xcgxcg2005 (button) (small blind) folded on the Turn
Seat 4: Mordnilap (big blind) collected ($23.52)


PokerStars Hand #158007090044:  Hold'em Limit ($3/$6 USD) - 2016/09/01 3:32:25 ET
Table 'Skat II' 6-max Seat #3 is the button
Seat 3: xcgxcg2005 ($157.78 in chips)
Seat 4: Mordnilap ($77.52 in chips)
xcgxcg2005: posts small blind $1
Mordnilap: posts big blind $3
*** HOLE CARDS ***
xcgxcg2005: raises $3 to $6
Mordnilap: folds
Uncalled bet ($3) returned to xcgxcg2005
xcgxcg2005 collected $6 from pot
xcgxcg2005: doesn't show hand
*** SUMMARY ***
Total pot $6 | Rake $0
Seat 3: xcgxcg2005 (button) (small blind) collected ($6)
Seat 4: Mordnilap (big blind) folded before Flop


PokerStars Hand #158007093740:  Hold'em Limit ($3/$6 USD) - 2016/09/01 3:32:39 ET
Table 'Skat II' 6-max Seat #4 is the button
Seat 3: xcgxcg2005 ($160.78 in chips)
Seat 4: Mordnilap ($74.52 in chips)
Mordnilap: posts small blind $1
xcgxcg2005: posts big blind $3
*** HOLE CARDS ***
Mordnilap: raises $3 to $6
xcgxcg2005: folds
Uncalled bet ($3) returned to Mordnilap
Mordnilap collected $6 from pot
Mordnilap: doesn't show hand
*** SUMMARY ***
Total pot $6 | Rake $0
Seat 3: xcgxcg2005 (big blind) folded before Flop
Seat 4: Mordnilap (button) (small blind) collected ($6)


PokerStars Hand #158007095612:  Hold'em Limit ($3/$6 USD) - 2016/09/01 3:32:45 ET
Table 'Skat II' 6-max Seat #3 is the button
Seat 3: xcgxcg2005 ($157.78 in chips)
Seat 4: Mordnilap ($77.52 in chips)
xcgxcg2005: posts small blind $1
Mordnilap: posts big blind $3
*** HOLE CARDS ***
xcgxcg2005: raises $3 to $6
Mordnilap: calls $3
*** FLOP *** [Qc 2s 6d]
Mordnilap: checks
xcgxcg2005: bets $3
Mordnilap: raises $3 to $6
xcgxcg2005: calls $3
*** TURN *** [Qc 2s 6d] [9s]
Mordnilap: bets $6
xcgxcg2005: calls $6
*** RIVER *** [Qc 2s 6d 9s] [Ah]
Mordnilap: bets $6
xcgxcg2005: calls $6
*** SHOW DOWN ***
Mordnilap: shows [4c Qd] (a pair of Queens)
xcgxcg2005: mucks hand
Mordnilap collected $47.50 from pot
*** SUMMARY ***
Total pot $48 | Rake $0.50
Board [Qc 2s 6d 9s Ah]
Seat 3: xcgxcg2005 (button) (small blind) mucked
Seat 4: Mordnilap (big blind) showed [4c Qd] and won ($47.50) with a pair of Queens


PokerStars Hand #158007105361:  Hold'em Limit ($3/$6 USD) - 2016/09/01 3:33:22 ET
Table 'Skat II' 6-max Seat #4 is the button
Seat 3: xcgxcg2005 ($129.78 in chips)
Seat 4: Mordnilap ($105.02 in chips)
Mordnilap: posts small blind $1
xcgxcg2005: posts big blind $3
*** HOLE CARDS ***
Mordnilap: raises $3 to $6
xcgxcg2005: raises $3 to $9
Mordnilap: calls $3
*** FLOP *** [Qd Ac Js]
xcgxcg2005: bets $3
Mordnilap: folds
Uncalled bet ($3) returned to xcgxcg2005
xcgxcg2005 collected $17.64 from pot
xcgxcg2005: doesn't show hand
*** SUMMARY ***
Total pot $18 | Rake $0.36
Board [Qd Ac Js]
Seat 3: xcgxcg2005 (big blind) collected ($17.64)
Seat 4: Mordnilap (button) (small blind) folded on the Flop


PokerStars Hand #158007104038:  Hold'em Limit ($3/$6 USD) - 2016/09/01 3:33:17 ET
Table 'Skat II' 6-max Seat #3 is the button
Seat 3: xcgxcg2005 ($130.78 in chips)
Seat 4: Mordnilap ($104.02 in chips)
xcgxcg2005: posts small blind $1
Mordnilap: posts big blind $3
*** HOLE CARDS ***
xcgxcg2005: folds
Uncalled bet ($2) returned to Mordnilap
Mordnilap collected $2 from pot
Mordnilap: doesn't show hand
*** SUMMARY ***
Total pot $2 | Rake $0
Seat 3: xcgxcg2005 (button) (small blind) folded before Flop
Seat 4: Mordnilap (big blind) collected ($2)


PokerStars Hand #158007101958:  Hold'em Limit ($3/$6 USD) - 2016/09/01 3:33:09 ET
Table 'Skat II' 6-max Seat #4 is the button
Seat 3: xcgxcg2005 ($133.78 in chips)
Seat 4: Mordnilap ($101.02 in chips)
Mordnilap: posts small blind $1
xcgxcg2005: posts big blind $3
*** HOLE CARDS ***
Mordnilap: raises $3 to $6
xcgxcg2005: folds
Uncalled bet ($3) returned to Mordnilap
Mordnilap collected $6 from pot
Mordnilap: doesn't show hand
*** SUMMARY ***
Total pot $6 | Rake $0
Seat 3: xcgxcg2005 (big blind) folded before Flop
Seat 4: Mordnilap (button) (small blind) collected ($6)


PokerStars Hand #158007108260:  Hold'em Limit ($3/$6 USD) - 2016/09/01 3:33:32 ET
Table 'Skat II' 6-max Seat #3 is the button
Seat 3: xcgxcg2005 ($138.42 in chips)
Seat 4: Mordnilap ($96.02 in chips)
xcgxcg2005: posts small blind $1
Mordnilap: posts big blind $3
*** HOLE CARDS ***
xcgxcg2005: raises $3 to $6
Mordnilap: calls $3
*** FLOP *** [Qc Ks 6d]
Mordnilap: checks
xcgxcg2005: bets $3
Mordnilap: calls $3
*** TURN *** [Qc Ks 6d] [3d]
Mordnilap: checks
xcgxcg2005: bets $6
Mordnilap: raises $6 to $12
xcgxcg2005: raises $6 to $18
Mordnilap: calls $6
*** RIVER *** [Qc Ks 6d 3d] [7d]
Mordnilap: checks
xcgxcg2005: bets $6
Mordnilap: calls $6
*** SHOW DOWN ***
xcgxcg2005: shows [7h 7c] (three of a kind, Sevens)
Mordnilap: mucks hand
xcgxcg2005 collected $65.50 from pot
*** SUMMARY ***
Total pot $66 | Rake $0.50
Board [Qc Ks 6d 3d 7d]
Seat 3: xcgxcg2005 (button) (small blind) showed [7h 7c] and won ($65.50) with three of a kind, Sevens
Seat 4: Mordnilap (big blind) mucked


PokerStars Hand #158007114517:  Hold'em Limit ($3/$6 USD) - 2016/09/01 3:33:56 ET
Table 'Skat II' 6-max Seat #4 is the button
Seat 3: xcgxcg2005 ($170.92 in chips)
Seat 4: Mordnilap ($72 in chips)
Mordnilap: posts small blind $1
xcgxcg2005: posts big blind $3
*** HOLE CARDS ***
Mordnilap: raises $3 to $6
xcgxcg2005: raises $3 to $9
Mordnilap: calls $3
*** FLOP *** [5c Ac 9c]
xcgxcg2005: bets $3
Mordnilap: calls $3
*** TURN *** [5c Ac 9c] [9h]
xcgxcg2005: checks
Mordnilap: bets $6
xcgxcg2005: raises $6 to $12
Mordnilap: calls $6
*** RIVER *** [5c Ac 9c 9h] [Th]
xcgxcg2005: bets $6
Mordnilap: calls $6
*** SHOW DOWN ***
xcgxcg2005: shows [9s Jd] (three of a kind, Nines)
Mordnilap: mucks hand
xcgxcg2005 collected $59.50 from pot
*** SUMMARY ***
Total pot $60 | Rake $0.50
Board [5c Ac 9c 9h Th]
Seat 3: xcgxcg2005 (big blind) showed [9s Jd] and won ($59.50) with three of a kind, Nines
Seat 4: Mordnilap (button) (small blind) mucked


PokerStars Hand #158007119287:  Hold'em Limit ($3/$6 USD) - 2016/09/01 3:34:13 ET
Table 'Skat II' 6-max Seat #3 is the button
Seat 3: xcgxcg2005 ($200.42 in chips)
Seat 4: Mordnilap ($72 in chips)
xcgxcg2005: posts small blind $1
Mordnilap: posts big blind $3
*** HOLE CARDS ***
xcgxcg2005: raises $3 to $6
Mordnilap: calls $3
*** FLOP *** [5d Jc 4h]
Mordnilap: checks
xcgxcg2005: bets $3
Mordnilap: calls $3
*** TURN *** [5d Jc 4h] [5h]
Mordnilap: checks
xcgxcg2005: bets $6
Mordnilap: calls $6
*** RIVER *** [5d Jc 4h 5h] [3s]
Mordnilap: checks
xcgxcg2005: checks
*** SHOW DOWN ***
Mordnilap: shows [Kd As] (a pair of Fives)
xcgxcg2005: mucks hand
Mordnilap collected $29.50 from pot
*** SUMMARY ***
Total pot $30 | Rake $0.50
Board [5d Jc 4h 5h 3s]
Seat 3: xcgxcg2005 (button) (small blind) mucked
Seat 4: Mordnilap (big blind) showed [Kd As] and won ($29.50) with a pair of Fives


PokerStars Hand #158007123828:  Hold'em Limit ($3/$6 USD) - 2016/09/01 3:34:30 ET
Table 'Skat II' 6-max Seat #4 is the button
Seat 3: xcgxcg2005 ($185.42 in chips)
Seat 4: Mordnilap ($86.50 in chips)
Mordnilap: posts small blind $1
xcgxcg2005: posts big blind $3
*** HOLE CARDS ***
Mordnilap: raises $3 to $6
xcgxcg2005: raises $3 to $9
Mordnilap: calls $3
*** FLOP *** [4c Kh 9h]
xcgxcg2005: bets $3
Mordnilap: raises $3 to $6
xcgxcg2005: raises $3 to $9
Mordnilap: calls $3
*** TURN *** [4c Kh 9h] [2h]
xcgxcg2005: bets $6
Mordnilap: calls $6
*** RIVER *** [4c Kh 9h 2h] [9s]
xcgxcg2005: checks
Mordnilap: bets $6
xcgxcg2005: calls $6
*** SHOW DOWN ***
Mordnilap: shows [Kd Qc] (two pair, Kings and Nines)
xcgxcg2005: mucks hand
Mordnilap collected $59.50 from pot
*** SUMMARY ***
Total pot $60 | Rake $0.50
Board [4c Kh 9h 2h 9s]
Seat 3: xcgxcg2005 (big blind) mucked
Seat 4: Mordnilap (button) (small blind) showed [Kd Qc] and won ($59.50) with two pair, Kings and Nines


PokerStars Hand #158007219782:  Hold'em Limit ($3/$6 USD) - 2016/09/01 3:40:24 ET
Table 'Skat II' 6-max Seat #4 is the button
Seat 4: Mordnilap ($117 in chips)
Seat 5: WWWMR ($29 in chips)
Mordnilap: posts small blind $1
WWWMR: posts big blind $3
*** HOLE CARDS ***
Mordnilap: folds
Uncalled bet ($2) returned to WWWMR
WWWMR collected $2 from pot
WWWMR: doesn't show hand
CatPuppy1999 joins the table at seat #6
*** SUMMARY ***
Total pot $2 | Rake $0
Seat 4: Mordnilap (button) (small blind) folded before Flop
Seat 5: WWWMR (big blind) collected ($2)


PokerStars Hand #158007635530:  Hold'em Limit ($3/$6 USD) - 2016/09/01 4:05:33 ET
Table 'Skat II' 6-max Seat #4 is the button
Seat 4: Mordnilap ($102.81 in chips)
Seat 5: WWWMR ($63.59 in chips)
Mordnilap: posts small blind $1
WWWMR: posts big blind $3
*** HOLE CARDS ***
Mordnilap: raises $3 to $6
WWWMR: folds
Uncalled bet ($3) returned to Mordnilap
Mordnilap collected $6 from pot
Mordnilap: doesn't show hand
*** SUMMARY ***
Total pot $6 | Rake $0
Seat 4: Mordnilap (button) (small blind) collected ($6)
Seat 5: WWWMR (big blind) folded before Flop


PokerStars Hand #158007633013:  Hold'em Limit ($3/$6 USD) - 2016/09/01 4:05:24 ET
Table 'Skat II' 6-max Seat #5 is the button
Seat 4: Mordnilap ($101.81 in chips)
Seat 5: WWWMR ($64.59 in chips)
WWWMR: posts small blind $1
CatPuppy1999: is sitting out
Mordnilap: posts big blind $3
*** HOLE CARDS ***
CatPuppy1999 leaves the table
WWWMR: folds
Uncalled bet ($2) returned to Mordnilap
Mordnilap collected $2 from pot
Mordnilap: doesn't show hand
*** SUMMARY ***
Total pot $2 | Rake $0
Seat 4: Mordnilap (big blind) collected ($2)
Seat 5: WWWMR (button) (small blind) folded before Flop


PokerStars Hand #158007653355:  Hold'em Limit ($3/$6 USD) - 2016/09/01 4:06:22 ET
Table 'Skat II' 6-max Seat #4 is the button
Seat 4: Mordnilap ($91.57 in chips)
Seat 5: WWWMR ($74.09 in chips)
Mordnilap: posts small blind $1
WWWMR: posts big blind $3
*** HOLE CARDS ***
Mordnilap: raises $3 to $6
WWWMR: raises $3 to $9
Mordnilap: calls $3
*** FLOP *** [Kc 6c 9c]
WWWMR: bets $3
Mordnilap: raises $3 to $6
WWWMR: calls $3
*** TURN *** [Kc 6c 9c] [8d]
WWWMR: checks
Mordnilap: bets $6
WWWMR: calls $6
*** RIVER *** [Kc 6c 9c 8d] [4h]
WWWMR: checks
Mordnilap: checks
*** SHOW DOWN ***
WWWMR: shows [9s Ah] (a pair of Nines)
Mordnilap: mucks hand
WWWMR collected $41.50 from pot
*** SUMMARY ***
Total pot $42 | Rake $0.50
Board [Kc 6c 9c 8d 4h]
Seat 4: Mordnilap (button) (small blind) mucked
Seat 5: WWWMR (big blind) showed [9s Ah] and won ($41.50) with a pair of Nines


PokerStars Hand #158007639333:  Hold'em Limit ($3/$6 USD) - 2016/09/01 4:05:46 ET
Table 'Skat II' 6-max Seat #5 is the button
Seat 4: Mordnilap ($105.81 in chips)
Seat 5: WWWMR ($60.59 in chips)
WWWMR: posts small blind $1
Mordnilap: posts big blind $3
*** HOLE CARDS ***
WWWMR: folds
Uncalled bet ($2) returned to Mordnilap
Mordnilap collected $2 from pot
Mordnilap: doesn't show hand
*** SUMMARY ***
Total pot $2 | Rake $0
Seat 4: Mordnilap (big blind) collected ($2)
Seat 5: WWWMR (button) (small blind) folded before Flop


PokerStars Hand #158007640716:  Hold'em Limit ($3/$6 USD) - 2016/09/01 4:05:50 ET
Table 'Skat II' 6-max Seat #4 is the button
Seat 4: Mordnilap ($106.81 in chips)
Seat 5: WWWMR ($59.59 in chips)
Mordnilap: posts small blind $1
WWWMR: posts big blind $3
*** HOLE CARDS ***
Mordnilap: raises $3 to $6
WWWMR: calls $3
*** FLOP *** [3h Ac 2d]
WWWMR: checks
Mordnilap: bets $3
WWWMR: folds
Uncalled bet ($3) returned to Mordnilap
Mordnilap collected $11.76 from pot
Mordnilap: doesn't show hand
*** SUMMARY ***
Total pot $12 | Rake $0.24
Board [3h Ac 2d]
Seat 4: Mordnilap (button) (small blind) collected ($11.76)
Seat 5: WWWMR (big blind) folded on the Flop


PokerStars Hand #158007643867:  Hold'em Limit ($3/$6 USD) - 2016/09/01 4:06:01 ET
Table 'Skat II' 6-max Seat #5 is the button
Seat 4: Mordnilap ($112.57 in chips)
Seat 5: WWWMR ($53.59 in chips)
WWWMR: posts small blind $1
Mordnilap: posts big blind $3
*** HOLE CARDS ***
WWWMR: raises $3 to $6
Mordnilap: calls $3
*** FLOP *** [6h 8h 3h]
Mordnilap: checks
WWWMR: bets $3
Mordnilap: calls $3
*** TURN *** [6h 8h 3h] [2h]
Mordnilap: checks
WWWMR: bets $6
Mordnilap: calls $6
*** RIVER *** [6h 8h 3h 2h] [4h]
Mordnilap: checks
WWWMR: bets $6
Mordnilap: calls $6
*** SHOW DOWN ***
WWWMR: shows [Js Kh] (a flush, King high)
Mordnilap: mucks hand
WWWMR collected $41.50 from pot
*** SUMMARY ***
Total pot $42 | Rake $0.50
Board [6h 8h 3h 2h 4h]
Seat 4: Mordnilap (big blind) mucked
Seat 5: WWWMR (button) (small blind) showed [Js Kh] and won ($41.50) with a flush, King high


PokerStars Hand #158007669479:  Hold'em Limit ($3/$6 USD) - 2016/09/01 4:07:17 ET
Table 'Skat II' 6-max Seat #4 is the button
Seat 4: Mordnilap ($72 in chips)
Seat 5: WWWMR ($104.35 in chips)
Mordnilap: posts small blind $1
WWWMR: posts big blind $3
*** HOLE CARDS ***
Mordnilap: folds
Uncalled bet ($2) returned to WWWMR
WWWMR collected $2 from pot
WWWMR: doesn't show hand
*** SUMMARY ***
Total pot $2 | Rake $0
Seat 4: Mordnilap (button) (small blind) folded before Flop
Seat 5: WWWMR (big blind) collected ($2)


PokerStars Hand #158007665582:  Hold'em Limit ($3/$6 USD) - 2016/09/01 4:07:04 ET
Table 'Skat II' 6-max Seat #5 is the button
Seat 4: Mordnilap ($72 in chips)
Seat 5: WWWMR ($101.35 in chips)
WWWMR: posts small blind $1
Mordnilap: posts big blind $3
*** HOLE CARDS ***
WWWMR: raises $3 to $6
Mordnilap: folds
Uncalled bet ($3) returned to WWWMR
WWWMR collected $6 from pot
WWWMR: doesn't show hand
*** SUMMARY ***
Total pot $6 | Rake $0
Seat 4: Mordnilap (big blind) folded before Flop
Seat 5: WWWMR (button) (small blind) collected ($6)


PokerStars Hand #158007664200:  Hold'em Limit ($3/$6 USD) - 2016/09/01 4:06:59 ET
Table 'Skat II' 6-max Seat #4 is the button
Seat 4: Mordnilap ($72 in chips)
Seat 5: WWWMR ($100.35 in chips)
Mordnilap: posts small blind $1
WWWMR: posts big blind $3
*** HOLE CARDS ***
Mordnilap: folds
Uncalled bet ($2) returned to WWWMR
WWWMR collected $2 from pot
WWWMR: doesn't show hand
*** SUMMARY ***
Total pot $2 | Rake $0
Seat 4: Mordnilap (button) (small blind) folded before Flop
Seat 5: WWWMR (big blind) collected ($2)


PokerStars Hand #158007659209:  Hold'em Limit ($3/$6 USD) - 2016/09/01 4:06:42 ET
Table 'Skat II' 6-max Seat #5 is the button
Seat 4: Mordnilap ($72 in chips)
Seat 5: WWWMR ($94.59 in chips)
WWWMR: posts small blind $1
Mordnilap: posts big blind $3
*** HOLE CARDS ***
WWWMR: raises $3 to $6
Mordnilap: calls $3
*** FLOP *** [6h Qh 4h]
Mordnilap: checks
WWWMR: bets $3
Mordnilap: folds
Uncalled bet ($3) returned to WWWMR
WWWMR collected $11.76 from pot
WWWMR: doesn't show hand
*** SUMMARY ***
Total pot $12 | Rake $0.24
Board [6h Qh 4h]
Seat 4: Mordnilap (big blind) folded on the Flop
Seat 5: WWWMR (button) (small blind) collected ($11.76)


PokerStars Hand #158007693184:  Hold'em Limit ($3/$6 USD) - 2016/09/01 4:08:36 ET
Table 'Skat II' 6-max Seat #4 is the button
Seat 4: Mordnilap ($72 in chips)
Seat 5: WWWMR ($160.99 in chips)
Mordnilap: posts small blind $1
WWWMR: posts big blind $3
*** HOLE CARDS ***
Mordnilap: raises $3 to $6
WWWMR: folds
Uncalled bet ($3) returned to Mordnilap
Mordnilap collected $6 from pot
Mordnilap: doesn't show hand
*** SUMMARY ***
Total pot $6 | Rake $0
Seat 4: Mordnilap (button) (small blind) collected ($6)
Seat 5: WWWMR (big blind) folded before Flop


PokerStars Hand #158007684651:  Hold'em Limit ($3/$6 USD) - 2016/09/01 4:08:08 ET
Table 'Skat II' 6-max Seat #5 is the button
Seat 4: Mordnilap ($72 in chips)
Seat 5: WWWMR ($128.49 in chips)
WWWMR: posts small blind $1
Mordnilap: posts big blind $3
*** HOLE CARDS ***
WWWMR: raises $3 to $6
Mordnilap: calls $3
*** FLOP *** [6d 4s Jd]
Mordnilap: checks
WWWMR: bets $3
Mordnilap: calls $3
*** TURN *** [6d 4s Jd] [Ah]
Mordnilap: checks
WWWMR: bets $6
Mordnilap: calls $6
*** RIVER *** [6d 4s Jd Ah] [Tc]
Mordnilap: checks
WWWMR: bets $6
Mordnilap: raises $6 to $12
WWWMR: raises $6 to $18
Mordnilap: calls $6
*** SHOW DOWN ***
WWWMR: shows [As Jc] (two pair, Aces and Jacks)
Mordnilap: mucks hand
WWWMR collected $65.50 from pot
*** SUMMARY ***
Total pot $66 | Rake $0.50
Board [6d 4s Jd Ah Tc]
Seat 4: Mordnilap (big blind) mucked
Seat 5: WWWMR (button) (small blind) showed [As Jc] and won ($65.50) with two pair, Aces and Jacks


PokerStars Hand #158007679424:  Hold'em Limit ($3/$6 USD) - 2016/09/01 4:07:50 ET
Table 'Skat II' 6-max Seat #4 is the button
Seat 4: Mordnilap ($72 in chips)
Seat 5: WWWMR ($119.85 in chips)
Mordnilap: posts small blind $1
WWWMR: posts big blind $3
*** HOLE CARDS ***
Mordnilap: raises $3 to $6
WWWMR: calls $3
*** FLOP *** [Ts As 3c]
WWWMR: checks
Mordnilap: bets $3
WWWMR: calls $3
*** TURN *** [Ts As 3c] [7s]
WWWMR: checks
Mordnilap: checks
*** RIVER *** [Ts As 3c 7s] [Ac]
WWWMR: checks
Mordnilap: checks
*** SHOW DOWN ***
WWWMR: shows [2c 2s] (two pair, Aces and Deuces)
Mordnilap: mucks hand
WWWMR collected $17.64 from pot
*** SUMMARY ***
Total pot $18 | Rake $0.36
Board [Ts As 3c 7s Ac]
Seat 4: Mordnilap (button) (small blind) mucked
Seat 5: WWWMR (big blind) showed [2c 2s] and won ($17.64) with two pair, Aces and Deuces


PokerStars Hand #158007673797:  Hold'em Limit ($3/$6 USD) - 2016/09/01 4:07:32 ET
Table 'Skat II' 6-max Seat #5 is the button
Seat 4: Mordnilap ($72 in chips)
Seat 5: WWWMR ($105.35 in chips)
WWWMR: posts small blind $1
Mordnilap: posts big blind $3
*** HOLE CARDS ***
WWWMR: calls $2
Mordnilap: checks
*** FLOP *** [5c Qh 2d]
Mordnilap: checks
WWWMR: checks
*** TURN *** [5c Qh 2d] [Jh]
Mordnilap: bets $6
WWWMR: calls $6
*** RIVER *** [5c Qh 2d Jh] [7h]
Mordnilap: bets $6
WWWMR: calls $6
*** SHOW DOWN ***
Mordnilap: shows [Kd 5h] (a pair of Fives)
WWWMR: shows [9s Jc] (a pair of Jacks)
WWWMR collected $29.50 from pot
*** SUMMARY ***
Total pot $30 | Rake $0.50
Board [5c Qh 2d Jh 7h]
Seat 4: Mordnilap (big blind) showed [Kd 5h] and lost with a pair of Fives
Seat 5: WWWMR (button) (small blind) showed [9s Jc] and won ($29.50) with a pair of Jacks


PokerStars Hand #158007697164:  Hold'em Limit ($3/$6 USD) - 2016/09/01 4:08:49 ET
Table 'Skat II' 6-max Seat #4 is the button
Seat 4: Mordnilap ($76 in chips)
Seat 5: WWWMR ($156.99 in chips)
Mordnilap: posts small blind $1
WWWMR: posts big blind $3
*** HOLE CARDS ***
Mordnilap: raises $3 to $6
WWWMR: calls $3
*** FLOP *** [Ks Qs 4c]
WWWMR: checks
Mordnilap: bets $3
WWWMR: folds
Uncalled bet ($3) returned to Mordnilap
Mordnilap collected $11.76 from pot
Mordnilap: doesn't show hand
*** SUMMARY ***
Total pot $12 | Rake $0.24
Board [Ks Qs 4c]
Seat 4: Mordnilap (button) (small blind) collected ($11.76)
Seat 5: WWWMR (big blind) folded on the Flop


PokerStars Hand #158007706125:  Hold'em Limit ($3/$6 USD) - 2016/09/01 4:09:19 ET
Table 'Skat II' 6-max Seat #4 is the button
Seat 4: Mordnilap ($87.52 in chips)
Seat 5: WWWMR ($144.99 in chips)
Mordnilap: posts small blind $1
WWWMR: posts big blind $3
*** HOLE CARDS ***
Mordnilap: raises $3 to $6
WWWMR: folds
Uncalled bet ($3) returned to Mordnilap
Mordnilap collected $6 from pot
Mordnilap: doesn't show hand
*** SUMMARY ***
Total pot $6 | Rake $0
Seat 4: Mordnilap (button) (small blind) collected ($6)
Seat 5: WWWMR (big blind) folded before Flop


PokerStars Hand #158007695592:  Hold'em Limit ($3/$6 USD) - 2016/09/01 4:08:44 ET
Table 'Skat II' 6-max Seat #5 is the button
Seat 4: Mordnilap ($75 in chips)
Seat 5: WWWMR ($157.99 in chips)
WWWMR: posts small blind $1
Mordnilap: posts big blind $3
*** HOLE CARDS ***
WWWMR: folds
Uncalled bet ($2) returned to Mordnilap
Mordnilap collected $2 from pot
Mordnilap: doesn't show hand
*** SUMMARY ***
Total pot $2 | Rake $0
Seat 4: Mordnilap (big blind) collected ($2)
Seat 5: WWWMR (button) (small blind) folded before Flop


PokerStars Hand #158007700291:  Hold'em Limit ($3/$6 USD) - 2016/09/01 4:09:00 ET
Table 'Skat II' 6-max Seat #5 is the button
Seat 4: Mordnilap ($81.76 in chips)
Seat 5: WWWMR ($150.99 in chips)
WWWMR: posts small blind $1
Mordnilap: posts big blind $3
*** HOLE CARDS ***
WWWMR: raises $3 to $6
Mordnilap: calls $3
*** FLOP *** [5d 8s Kh]
Mordnilap: checks
WWWMR: checks
*** TURN *** [5d 8s Kh] [3c]
Mordnilap: checks
WWWMR: checks
*** RIVER *** [5d 8s Kh 3c] [7h]
Mordnilap: checks
WWWMR: checks
*** SHOW DOWN ***
Mordnilap: shows [2d Ad] (high card Ace)
WWWMR: mucks hand
Mordnilap collected $11.76 from pot
*** SUMMARY ***
Total pot $12 | Rake $0.24
Board [5d 8s Kh 3c 7h]
Seat 4: Mordnilap (big blind) showed [2d Ad] and won ($11.76) with high card Ace
Seat 5: WWWMR (button) (small blind) mucked


PokerStars Hand #158007716428:  Hold'em Limit ($3/$6 USD) - 2016/09/01 4:09:54 ET
Table 'Skat II' 6-max Seat #4 is the button
Seat 4: Mordnilap ($78.52 in chips)
Seat 5: WWWMR ($153.51 in chips)
Mordnilap: posts small blind $1
WWWMR: posts big blind $3
*** HOLE CARDS ***
Mordnilap: raises $3 to $6
WWWMR: folds
Uncalled bet ($3) returned to Mordnilap
Mordnilap collected $6 from pot
Mordnilap: doesn't show hand
*** SUMMARY ***
Total pot $6 | Rake $0
Seat 4: Mordnilap (button) (small blind) collected ($6)
Seat 5: WWWMR (big blind) folded before Flop


PokerStars Hand #158007710024:  Hold'em Limit ($3/$6 USD) - 2016/09/01 4:09:32 ET
Table 'Skat II' 6-max Seat #5 is the button
Seat 4: Mordnilap ($90.52 in chips)
Seat 5: WWWMR ($141.99 in chips)
WWWMR: posts small blind $1
Mordnilap: posts big blind $3
*** HOLE CARDS ***
WWWMR: raises $3 to $6
Mordnilap: raises $3 to $9
WWWMR: calls $3
*** FLOP *** [5c Kh Kc]
Mordnilap: bets $3
WWWMR: calls $3
*** TURN *** [5c Kh Kc] [Ts]
Mordnilap: checks
WWWMR: checks
*** RIVER *** [5c Kh Kc Ts] [Td]
Mordnilap: checks
WWWMR: bets $6
LillThore joins the table at seat #6
Mordnilap: folds
Uncalled bet ($6) returned to WWWMR
WWWMR collected $23.52 from pot
WWWMR: doesn't show hand
*** SUMMARY ***
Total pot $24 | Rake $0.48
Board [5c Kh Kc Ts Td]
Seat 4: Mordnilap (big blind) folded on the River
Seat 5: WWWMR (button) (small blind) collected ($23.52)


PokerStars Hand #158008462039:  Hold'em Limit ($3/$6 USD) - 2016/09/01 4:49:30 ET
Table 'Skat II' 6-max Seat #5 is the button
Seat 2: gazzzzzza ($78.60 in chips)
Seat 5: Blikon ($129.59 in chips)
Blikon: posts small blind $1
gazzzzzza: posts big blind $3
*** HOLE CARDS ***
Hard10510 leaves the table
Blikon: folds
Uncalled bet ($2) returned to gazzzzzza
gazzzzzza collected $2 from pot
*** SUMMARY ***
Total pot $2 | Rake $0
Seat 2: gazzzzzza (big blind) collected ($2)
Seat 5: Blikon (button) (small blind) folded before Flop


