PokerStars Hand #160476312997:  Hold'em Limit ($3/$6 USD) - 2016/10/26 15:21:16 ET
Table 'Skat III' 6-max Seat #1 is the button
Seat 1: Ag3r0n ($72 in chips)
Seat 3: liza3008 ($120 in chips)
Ag3r0n: posts small blind $1
liza3008: posts big blind $3
*** HOLE CARDS ***
vivavsmtv leaves the table
Ag3r0n: raises $3 to $6
liza3008: calls $3
*** FLOP *** [Kh Jh 6c]
liza3008: checks
Ag3r0n: bets $3
kolaz03 joins the table at seat #4
liza3008: calls $3
*** TURN *** [Kh Jh 6c] [7s]
liza3008: checks
Ag3r0n: checks
*** RIVER *** [Kh Jh 6c 7s] [As]
liza3008: bets $6
Ag3r0n: folds
Uncalled bet ($6) returned to liza3008
vad_hor joins the table at seat #6
liza3008 collected $17.64 from pot
liza3008: doesn't show hand
*** SUMMARY ***
Total pot $18 | Rake $0.36
Board [Kh Jh 6c 7s As]
Seat 1: Ag3r0n (button) (small blind) folded on the River
Seat 3: liza3008 (big blind) collected ($17.64)


PokerStars Hand #160479515948:  Hold'em Limit ($3/$6 USD) - 2016/10/26 16:21:15 ET
Table 'Skat III' 6-max Seat #1 is the button
Seat 1: Ag3r0n ($172.65 in chips)
Seat 5: Chessnok ($60.44 in chips)
vestimokrec leaves the table
liza3008 has timed out while being disconnected
liza3008: is sitting out
Ag3r0n: posts small blind $1
Chessnok: posts big blind $3
*** HOLE CARDS ***
Ag3r0n: folds
Uncalled bet ($2) returned to Chessnok
liza3008 is disconnected
Chessnok collected $2 from pot
Chessnok: doesn't show hand
*** SUMMARY ***
Total pot $2 | Rake $0
Seat 1: Ag3r0n (button) (small blind) folded before Flop
Seat 5: Chessnok (big blind) collected ($2)


PokerStars Hand #160479546322:  Hold'em Limit ($3/$6 USD) - 2016/10/26 16:21:44 ET
Table 'Skat III' 6-max Seat #5 is the button
Seat 1: Ag3r0n ($171.65 in chips)
Seat 5: Chessnok ($61.44 in chips)
Chessnok: posts small blind $1
Ag3r0n: posts big blind $3
*** HOLE CARDS ***
Chessnok: folds
Uncalled bet ($2) returned to Ag3r0n
Ag3r0n collected $2 from pot
*** SUMMARY ***
Total pot $2 | Rake $0
Seat 1: Ag3r0n (big blind) collected ($2)
Seat 5: Chessnok (button) (small blind) folded before Flop


PokerStars Hand #160479716976:  Hold'em Limit ($3/$6 USD) - 2016/10/26 16:25:01 ET
Table 'Skat III' 6-max Seat #5 is the button
Seat 1: Ag3r0n ($196.86 in chips)
Seat 5: Chessnok ($79.92 in chips)
Chessnok: posts small blind $1
Ag3r0n: posts big blind $3
*** HOLE CARDS ***
Chessnok: raises $3 to $6
Ag3r0n: raises $3 to $9
Chessnok: calls $3
*** FLOP *** [Ks 5s Kc]
Ag3r0n: bets $3
Chessnok: folds
Uncalled bet ($3) returned to Ag3r0n
Ag3r0n collected $17.64 from pot
*** SUMMARY ***
Total pot $18 | Rake $0.36
Board [Ks 5s Kc]
Seat 1: Ag3r0n (big blind) collected ($17.64)
Seat 5: Chessnok (button) (small blind) folded on the Flop


PokerStars Hand #160479703215:  Hold'em Limit ($3/$6 USD) - 2016/10/26 16:24:45 ET
Table 'Skat III' 6-max Seat #1 is the button
Seat 1: Ag3r0n ($205.86 in chips)
Seat 5: Chessnok ($71.28 in chips)
Ag3r0n: posts small blind $1
Chessnok: posts big blind $3
*** HOLE CARDS ***
Ag3r0n: raises $3 to $6
Chessnok: raises $3 to $9
Ag3r0n: calls $3
*** FLOP *** [Qc 3s 9s]
Chessnok: bets $3
Ag3r0n: folds
Uncalled bet ($3) returned to Chessnok
Chessnok collected $17.64 from pot
Chessnok: doesn't show hand
*** SUMMARY ***
Total pot $18 | Rake $0.36
Board [Qc 3s 9s]
Seat 1: Ag3r0n (button) (small blind) folded on the Flop
Seat 5: Chessnok (big blind) collected ($17.64)


PokerStars Hand #160480653723:  Hold'em Limit ($3/$6 USD) - 2016/10/26 16:43:18 ET
Table 'Skat III' 6-max Seat #1 is the button
Seat 1: Ag3r0n ($156.52 in chips)
Seat 5: Chessnok ($130.01 in chips)
Ag3r0n: posts small blind $1
Chessnok: posts big blind $3
*** HOLE CARDS ***
Ag3r0n: raises $3 to $6
Chessnok: calls $3
*** FLOP *** [9c Qc 7h]
Chessnok: checks
Ag3r0n: bets $3
Chessnok: calls $3
*** TURN *** [9c Qc 7h] [Jh]
Chessnok: checks
Ag3r0n: checks
*** RIVER *** [9c Qc 7h Jh] [7c]
Chessnok: bets $6
Ag3r0n: calls $6
*** SHOW DOWN ***
Chessnok: shows [6h 7s] (three of a kind, Sevens)
Ag3r0n: mucks hand
Chessnok collected $29.50 from pot
*** SUMMARY ***
Total pot $30 | Rake $0.50
Board [9c Qc 7h Jh 7c]
Seat 1: Ag3r0n (button) (small blind) mucked
Seat 5: Chessnok (big blind) showed [6h 7s] and won ($29.50) with three of a kind, Sevens


