PokerStars Hand #153313357848:  Hold'em Limit ($3/$6 USD) - 2016/05/14 15:40:25 ET
Table 'Skat II' 6-max Seat #4 is the button
Seat 1: cheat1985 ($83.14 in chips)
Seat 4: BuzovaPro ($86.50 in chips)
BuzovaPro: posts small blind $1
cheat1985: posts big blind $3
*** HOLE CARDS ***
BuzovaPro: raises $3 to $6
cheat1985: raises $3 to $9
BuzovaPro: calls $3
*** FLOP *** [3d 6d Jh]
awelli joins the table at seat #6
cheat1985: checks
GoliafUa joins the table at seat #3
BuzovaPro: checks
*** TURN *** [3d 6d Jh] [8c]
cheat1985: checks
BuzovaPro: checks
*** RIVER *** [3d 6d Jh 8c] [5h]
cheat1985: checks
BuzovaPro: checks
*** SHOW DOWN ***
cheat1985: shows [Ad 4c] (high card Ace)
BuzovaPro: mucks hand
cheat1985 collected $17.64 from pot
*** SUMMARY ***
Total pot $18 | Rake $0.36
Board [3d 6d Jh 8c 5h]
Seat 1: cheat1985 (big blind) showed [Ad 4c] and won ($17.64) with high card Ace
Seat 4: BuzovaPro (button) (small blind) mucked


PokerStars Hand #153313339241:  Hold'em Limit ($3/$6 USD) - 2016/05/14 15:40:02 ET
Table 'Skat II' 6-max Seat #1 is the button
Seat 1: cheat1985 ($98.14 in chips)
Seat 4: BuzovaPro ($72 in chips)
cheat1985: posts small blind $1
craaa joins the table at seat #2
BuzovaPro: posts big blind $3
*** HOLE CARDS ***
cheat1985: calls $2
BuzovaPro: raises $3 to $6
cheat1985: calls $3
*** FLOP *** [8d Kh Ad]
BuzovaPro: bets $3
cheat1985: calls $3
*** TURN *** [8d Kh Ad] [6s]
BuzovaPro: bets $6
cheat1985: calls $6
*** RIVER *** [8d Kh Ad 6s] [2d]
BuzovaPro: bets $6
cheat1985: folds
Uncalled bet ($6) returned to BuzovaPro
BuzovaPro collected $29.50 from pot
BuzovaPro: doesn't show hand
*** SUMMARY ***
Total pot $30 | Rake $0.50
Board [8d Kh Ad 6s 2d]
Seat 1: cheat1985 (button) (small blind) folded on the River
Seat 4: BuzovaPro (big blind) collected ($29.50)


PokerStars Hand #153315599943:  Hold'em Limit ($3/$6 USD) - 2016/05/14 16:24:44 ET
Table 'Skat II' 6-max Seat #6 is the button
Seat 3: Chessnok ($205.07 in chips)
Seat 6: awelli ($143.20 in chips)
baur017017 will be allowed to play after the button
awelli: posts small blind $1
ValeryRon: is sitting out
Chessnok: posts big blind $3
*** HOLE CARDS ***
awelli: calls $2
Chessnok: raises $3 to $6
awelli: calls $3
*** FLOP *** [6d 6h 8d]
Chessnok: checks
awelli: bets $3
Chessnok: folds
Uncalled bet ($3) returned to awelli
ValeryRon leaves the table
awelli collected $11.76 from pot
awelli: doesn't show hand
*** SUMMARY ***
Total pot $12 | Rake $0.24
Board [6d 6h 8d]
Seat 3: Chessnok (big blind) folded on the Flop
Seat 6: awelli (button) (small blind) collected ($11.76)


PokerStars Hand #153322229024:  Hold'em Limit ($3/$6 USD) - 2016/05/14 18:40:02 ET
Table 'Skat II' 6-max Seat #6 is the button
Seat 3: Chessnok ($65.52 in chips)
Seat 6: BuzovaPro ($245.76 in chips)
BuzovaPro: posts small blind $1
Chessnok: posts big blind $3
*** HOLE CARDS ***
BuzovaPro: raises $3 to $6
Chessnok: raises $3 to $9
BuzovaPro: calls $3
*** FLOP *** [7d 7h 4h]
Chessnok: bets $3
BuzovaPro: calls $3
*** TURN *** [7d 7h 4h] [Jh]
Chessnok: bets $6
BuzovaPro: raises $6 to $12
Chessnok: raises $6 to $18
BuzovaPro: raises $6 to $24
Betting is capped
Chessnok: calls $6
*** RIVER *** [7d 7h 4h Jh] [2c]
Chessnok: checks
BuzovaPro: bets $6
Chessnok: calls $6
*** SHOW DOWN ***
BuzovaPro: shows [8h 5h] (a flush, Jack high)
Chessnok: mucks hand
BuzovaPro collected $83.50 from pot
*** SUMMARY ***
Total pot $84 | Rake $0.50
Board [7d 7h 4h Jh 2c]
Seat 3: Chessnok (big blind) mucked
Seat 6: BuzovaPro (button) (small blind) showed [8h 5h] and won ($83.50) with a flush, Jack high


