PokerStars Hand #146943146891:  Hold'em Limit ($3/$6 USD) - 2016/01/12 19:01:45 ET
Table 'Skat' 6-max Seat #6 is the button
Seat 5: gkas71 ($131.80 in chips)
Seat 6: scorpio04 ($85.43 in chips)
scorpio04: posts small blind $1
grabaz: is sitting out
gkas71: posts big blind $3
*** HOLE CARDS ***
scorpio04: raises $3 to $6
gkas71: calls $3
*** FLOP *** [4h 8c 6c]
gkas71: checks
scorpio04: bets $3
gkas71: calls $3
*** TURN *** [4h 8c 6c] [Qd]
gkas71: checks
scorpio04: bets $6
gkas71: calls $6
*** RIVER *** [4h 8c 6c Qd] [Qc]
gkas71: checks
grabaz leaves the table
scorpio04: bets $6
gkas71: calls $6
*** SHOW DOWN ***
scorpio04: shows [9c 8d] (two pair, Queens and Eights)
gkas71: mucks hand
scorpio04 collected $41.50 from pot
*** SUMMARY ***
Total pot $42 | Rake $0.50
Board [4h 8c 6c Qd Qc]
Seat 5: gkas71 (big blind) mucked
Seat 6: scorpio04 (button) (small blind) showed [9c 8d] and won ($41.50) with two pair, Queens and Eights


PokerStars Hand #146943206518:  Hold'em Limit ($3/$6 USD) - 2016/01/12 19:03:04 ET
Table 'Skat' 6-max Seat #5 is the button
Seat 5: gkas71 ($121.30 in chips)
Seat 6: scorpio04 ($94.69 in chips)
gkas71: posts small blind $1
scorpio04: posts big blind $3
*** HOLE CARDS ***
gkas71: folds
Uncalled bet ($2) returned to scorpio04
scorpio04 collected $2 from pot
scorpio04: doesn't show hand
*** SUMMARY ***
Total pot $2 | Rake $0
Seat 5: gkas71 (button) (small blind) folded before Flop
Seat 6: scorpio04 (big blind) collected ($2)


PokerStars Hand #146943199783:  Hold'em Limit ($3/$6 USD) - 2016/01/12 19:02:55 ET
Table 'Skat' 6-max Seat #6 is the button
Seat 5: gkas71 ($120.30 in chips)
Seat 6: scorpio04 ($95.69 in chips)
scorpio04: posts small blind $1
gkas71: posts big blind $3
*** HOLE CARDS ***
scorpio04: folds
Uncalled bet ($2) returned to gkas71
gkas71 collected $2 from pot
gkas71: doesn't show hand
*** SUMMARY ***
Total pot $2 | Rake $0
Seat 5: gkas71 (big blind) collected ($2)
Seat 6: scorpio04 (button) (small blind) folded before Flop


PokerStars Hand #146943181346:  Hold'em Limit ($3/$6 USD) - 2016/01/12 19:02:30 ET
Table 'Skat' 6-max Seat #5 is the button
Seat 5: gkas71 ($126.30 in chips)
Seat 6: scorpio04 ($89.93 in chips)
gkas71: posts small blind $1
scorpio04: posts big blind $3
*** HOLE CARDS ***
gkas71: raises $3 to $6
scorpio04: calls $3
*** FLOP *** [3s Th 8c]
scorpio04: checks
gkas71: checks
*** TURN *** [3s Th 8c] [2d]
scorpio04: checks
gkas71: checks
*** RIVER *** [3s Th 8c 2d] [7h]
scorpio04: bets $6
gkas71: folds
Uncalled bet ($6) returned to scorpio04
scorpio04 collected $11.76 from pot
scorpio04: doesn't show hand
*** SUMMARY ***
Total pot $12 | Rake $0.24
Board [3s Th 8c 2d 7h]
Seat 5: gkas71 (button) (small blind) folded on the River
Seat 6: scorpio04 (big blind) collected ($11.76)


PokerStars Hand #146943178147:  Hold'em Limit ($3/$6 USD) - 2016/01/12 19:02:26 ET
Table 'Skat' 6-max Seat #6 is the button
Seat 5: gkas71 ($125.30 in chips)
Seat 6: scorpio04 ($90.93 in chips)
scorpio04: posts small blind $1
gkas71: posts big blind $3
*** HOLE CARDS ***
scorpio04: folds
Uncalled bet ($2) returned to gkas71
gkas71 collected $2 from pot
gkas71: doesn't show hand
*** SUMMARY ***
Total pot $2 | Rake $0
Seat 5: gkas71 (big blind) collected ($2)
Seat 6: scorpio04 (button) (small blind) folded before Flop


PokerStars Hand #146943159824:  Hold'em Limit ($3/$6 USD) - 2016/01/12 19:02:02 ET
Table 'Skat' 6-max Seat #5 is the button
Seat 5: gkas71 ($110.80 in chips)
Seat 6: scorpio04 ($105.93 in chips)
gkas71: posts small blind $1
scorpio04: posts big blind $3
*** HOLE CARDS ***
gkas71: raises $3 to $6
scorpio04: raises $3 to $9
gkas71: raises $3 to $12
Betting is capped
scorpio04: calls $3
*** FLOP *** [Qc Ah Jd]
scorpio04: checks
gkas71: bets $3
scorpio04: calls $3
*** TURN *** [Qc Ah Jd] [Qh]
scorpio04: checks
gkas71: bets $6
scorpio04: folds
Uncalled bet ($6) returned to gkas71
gkas71 collected $29.50 from pot
gkas71: doesn't show hand
*** SUMMARY ***
Total pot $30 | Rake $0.50
Board [Qc Ah Jd Qh]
Seat 5: gkas71 (button) (small blind) collected ($29.50)
Seat 6: scorpio04 (big blind) folded on the Turn


PokerStars Hand #146943230056:  Hold'em Limit ($3/$6 USD) - 2016/01/12 19:03:35 ET
Table 'Skat' 6-max Seat #5 is the button
Seat 5: gkas71 ($99.30 in chips)
Seat 6: scorpio04 ($116.19 in chips)
gkas71: posts small blind $1
scorpio04: posts big blind $3
*** HOLE CARDS ***
gkas71: folds
Uncalled bet ($2) returned to scorpio04
gkas71 leaves the table
scorpio04 collected $2 from pot
scorpio04: doesn't show hand
*** SUMMARY ***
Total pot $2 | Rake $0
Seat 5: gkas71 (button) (small blind) folded before Flop
Seat 6: scorpio04 (big blind) collected ($2)


PokerStars Hand #146943209999:  Hold'em Limit ($3/$6 USD) - 2016/01/12 19:03:08 ET
Table 'Skat' 6-max Seat #6 is the button
Seat 5: gkas71 ($120.30 in chips)
Seat 6: scorpio04 ($95.69 in chips)
scorpio04: posts small blind $1
gkas71: posts big blind $3
*** HOLE CARDS ***
scorpio04: raises $3 to $6
gkas71: calls $3
*** FLOP *** [3h 4s 8d]
gkas71: bets $3
scorpio04: calls $3
*** TURN *** [3h 4s 8d] [6s]
gkas71: checks
scorpio04: bets $6
gkas71: calls $6
*** RIVER *** [3h 4s 8d 6s] [7h]
gkas71: checks
scorpio04: bets $6
gkas71: calls $6
*** SHOW DOWN ***
scorpio04: shows [Qd 5h] (a straight, Four to Eight)
gkas71: mucks hand
scorpio04 collected $41.50 from pot
*** SUMMARY ***
Total pot $42 | Rake $0.50
Board [3h 4s 8d 6s 7h]
Seat 5: gkas71 (big blind) mucked
Seat 6: scorpio04 (button) (small blind) showed [Qd 5h] and won ($41.50) with a straight, Four to Eight


PokerStars Hand #146944151526:  Hold'em Limit ($3/$6 USD) - 2016/01/12 19:24:20 ET
Table 'Skat' 6-max Seat #2 is the button
Seat 2: gatorblood32 ($142.92 in chips)
Seat 4: AzureCaper ($72 in chips)
gatorblood32: posts small blind $1
AzureCaper: posts big blind $3
*** HOLE CARDS ***
gatorblood32: raises $3 to $6
AzureCaper: raises $3 to $9
gatorblood32: calls $3
*** FLOP *** [Kh Ah 6d]
AzureCaper: bets $3
gatorblood32: folds
Uncalled bet ($3) returned to AzureCaper
AzureCaper collected $17.64 from pot
AzureCaper: doesn't show hand
*** SUMMARY ***
Total pot $18 | Rake $0.36
Board [Kh Ah 6d]
Seat 2: gatorblood32 (button) (small blind) folded on the Flop
Seat 4: AzureCaper (big blind) collected ($17.64)


PokerStars Hand #146944146714:  Hold'em Limit ($3/$6 USD) - 2016/01/12 19:24:13 ET
Table 'Skat' 6-max Seat #4 is the button
Seat 2: gatorblood32 ($141.92 in chips)
Seat 4: AzureCaper ($72 in chips)
AzureCaper: posts small blind $1
gatorblood32: posts big blind $3
*** HOLE CARDS ***
AzureCaper: folds
Uncalled bet ($2) returned to gatorblood32
gatorblood32 collected $2 from pot
*** SUMMARY ***
Total pot $2 | Rake $0
Seat 2: gatorblood32 (big blind) collected ($2)
Seat 4: AzureCaper (button) (small blind) folded before Flop


PokerStars Hand #146944157703:  Hold'em Limit ($3/$6 USD) - 2016/01/12 19:24:29 ET
Table 'Skat' 6-max Seat #4 is the button
Seat 2: gatorblood32 ($133.92 in chips)
Seat 4: AzureCaper ($80.64 in chips)
AzureCaper: posts small blind $1
gatorblood32: posts big blind $3
*** HOLE CARDS ***
AzureCaper: folds
Uncalled bet ($2) returned to gatorblood32
gatorblood32 collected $2 from pot
gatorblood32: doesn't show hand
*** SUMMARY ***
Total pot $2 | Rake $0
Seat 2: gatorblood32 (big blind) collected ($2)
Seat 4: AzureCaper (button) (small blind) folded before Flop


PokerStars Hand #146944160661:  Hold'em Limit ($3/$6 USD) - 2016/01/12 19:24:33 ET
Table 'Skat' 6-max Seat #2 is the button
Seat 2: gatorblood32 ($134.92 in chips)
Seat 4: AzureCaper ($79.64 in chips)
gatorblood32: posts small blind $1
AzureCaper: posts big blind $3
*** HOLE CARDS ***
gatorblood32: raises $3 to $6
AzureCaper: calls $3
*** FLOP *** [4s 5d Qd]
AzureCaper: checks
gatorblood32: bets $3
AzureCaper: calls $3
*** TURN *** [4s 5d Qd] [5h]
AzureCaper: checks
gatorblood32: checks
*** RIVER *** [4s 5d Qd 5h] [7s]
AzureCaper: checks
gatorblood32: checks
*** SHOW DOWN ***
AzureCaper: shows [Tc Ks] (a pair of Fives)
gatorblood32: mucks hand
AzureCaper collected $17.64 from pot
*** SUMMARY ***
Total pot $18 | Rake $0.36
Board [4s 5d Qd 5h 7s]
Seat 2: gatorblood32 (button) (small blind) mucked
Seat 4: AzureCaper (big blind) showed [Tc Ks] and won ($17.64) with a pair of Fives


PokerStars Hand #146944181263:  Hold'em Limit ($3/$6 USD) - 2016/01/12 19:25:02 ET
Table 'Skat' 6-max Seat #2 is the button
Seat 2: gatorblood32 ($104.92 in chips)
Seat 4: AzureCaper ($108.78 in chips)
gatorblood32: posts small blind $1
AzureCaper: posts big blind $3
*** HOLE CARDS ***
gatorblood32: folds
Uncalled bet ($2) returned to AzureCaper
AzureCaper collected $2 from pot
AzureCaper: doesn't show hand
*** SUMMARY ***
Total pot $2 | Rake $0
Seat 2: gatorblood32 (button) (small blind) folded before Flop
Seat 4: AzureCaper (big blind) collected ($2)


PokerStars Hand #146944172215:  Hold'em Limit ($3/$6 USD) - 2016/01/12 19:24:49 ET
Table 'Skat' 6-max Seat #4 is the button
Seat 2: gatorblood32 ($125.92 in chips)
Seat 4: AzureCaper ($88.28 in chips)
AzureCaper: posts small blind $1
gatorblood32: posts big blind $3
*** HOLE CARDS ***
AzureCaper: raises $3 to $6
gatorblood32: calls $3
*** FLOP *** [9d 7d 4c]
gatorblood32: bets $3
AzureCaper: calls $3
*** TURN *** [9d 7d 4c] [8d]
gatorblood32: bets $6
AzureCaper: calls $6
*** RIVER *** [9d 7d 4c 8d] [3d]
gatorblood32: bets $6
AzureCaper: calls $6
*** SHOW DOWN ***
gatorblood32: shows [Kh 6s] (high card King)
AzureCaper: shows [Jd 7c] (a flush, Jack high)
AzureCaper collected $41.50 from pot
*** SUMMARY ***
Total pot $42 | Rake $0.50
Board [9d 7d 4c 8d 3d]
Seat 2: gatorblood32 (big blind) showed [Kh 6s] and lost with high card King
Seat 4: AzureCaper (button) (small blind) showed [Jd 7c] and won ($41.50) with a flush, Jack high


PokerStars Hand #146944191285:  Hold'em Limit ($3/$6 USD) - 2016/01/12 19:25:16 ET
Table 'Skat' 6-max Seat #4 is the button
Seat 2: gatorblood32 ($99.92 in chips)
Seat 4: AzureCaper ($113.78 in chips)
AzureCaper: posts small blind $1
gatorblood32: posts big blind $3
*** HOLE CARDS ***
AzureCaper: raises $3 to $6
gatorblood32: calls $3
*** FLOP *** [9d Qd 5h]
gatorblood32: bets $3
AzureCaper: calls $3
*** TURN *** [9d Qd 5h] [As]
gatorblood32: bets $6
AzureCaper: folds
Uncalled bet ($6) returned to gatorblood32
gatorblood32 collected $17.64 from pot
gatorblood32: doesn't show hand
*** SUMMARY ***
Total pot $18 | Rake $0.36
Board [9d Qd 5h As]
Seat 2: gatorblood32 (big blind) collected ($17.64)
Seat 4: AzureCaper (button) (small blind) folded on the Turn


PokerStars Hand #146944202696:  Hold'em Limit ($3/$6 USD) - 2016/01/12 19:25:32 ET
Table 'Skat' 6-max Seat #4 is the button
Seat 2: gatorblood32 ($111.56 in chips)
Seat 4: AzureCaper ($101.78 in chips)
AzureCaper: posts small blind $1
gatorblood32: posts big blind $3
*** HOLE CARDS ***
AzureCaper: folds
Uncalled bet ($2) returned to gatorblood32
gatorblood32 collected $2 from pot
gatorblood32: doesn't show hand
*** SUMMARY ***
Total pot $2 | Rake $0
Seat 2: gatorblood32 (big blind) collected ($2)
Seat 4: AzureCaper (button) (small blind) folded before Flop


PokerStars Hand #146944198909:  Hold'em Limit ($3/$6 USD) - 2016/01/12 19:25:26 ET
Table 'Skat' 6-max Seat #2 is the button
Seat 2: gatorblood32 ($108.56 in chips)
Seat 4: AzureCaper ($104.78 in chips)
gatorblood32: posts small blind $1
AzureCaper: posts big blind $3
*** HOLE CARDS ***
gatorblood32: raises $3 to $6
AzureCaper: folds
Uncalled bet ($3) returned to gatorblood32
gatorblood32 collected $6 from pot
gatorblood32: doesn't show hand
*** SUMMARY ***
Total pot $6 | Rake $0
Seat 2: gatorblood32 (button) (small blind) collected ($6)
Seat 4: AzureCaper (big blind) folded before Flop


PokerStars Hand #146944210755:  Hold'em Limit ($3/$6 USD) - 2016/01/12 19:25:43 ET
Table 'Skat' 6-max Seat #4 is the button
Seat 2: gatorblood32 ($115.56 in chips)
Seat 4: AzureCaper ($97.78 in chips)
AzureCaper: posts small blind $1
gatorblood32: posts big blind $3
*** HOLE CARDS ***
AzureCaper: folds
Uncalled bet ($2) returned to gatorblood32
gatorblood32 collected $2 from pot
gatorblood32: doesn't show hand
*** SUMMARY ***
Total pot $2 | Rake $0
Seat 2: gatorblood32 (big blind) collected ($2)
Seat 4: AzureCaper (button) (small blind) folded before Flop


PokerStars Hand #146944206341:  Hold'em Limit ($3/$6 USD) - 2016/01/12 19:25:37 ET
Table 'Skat' 6-max Seat #2 is the button
Seat 2: gatorblood32 ($112.56 in chips)
Seat 4: AzureCaper ($100.78 in chips)
gatorblood32: posts small blind $1
AzureCaper: posts big blind $3
*** HOLE CARDS ***
gatorblood32: raises $3 to $6
AzureCaper: folds
Uncalled bet ($3) returned to gatorblood32
gatorblood32 collected $6 from pot
gatorblood32: doesn't show hand
*** SUMMARY ***
Total pot $6 | Rake $0
Seat 2: gatorblood32 (button) (small blind) collected ($6)
Seat 4: AzureCaper (big blind) folded before Flop


PokerStars Hand #146944223382:  Hold'em Limit ($3/$6 USD) - 2016/01/12 19:26:01 ET
Table 'Skat' 6-max Seat #4 is the button
Seat 2: gatorblood32 ($107.56 in chips)
Seat 4: AzureCaper ($105.42 in chips)
AzureCaper: posts small blind $1
gatorblood32: posts big blind $3
*** HOLE CARDS ***
AzureCaper: folds
Uncalled bet ($2) returned to gatorblood32
gatorblood32 collected $2 from pot
gatorblood32: doesn't show hand
*** SUMMARY ***
Total pot $2 | Rake $0
Seat 2: gatorblood32 (big blind) collected ($2)
Seat 4: AzureCaper (button) (small blind) folded before Flop


PokerStars Hand #146944214053:  Hold'em Limit ($3/$6 USD) - 2016/01/12 19:25:48 ET
Table 'Skat' 6-max Seat #2 is the button
Seat 2: gatorblood32 ($116.56 in chips)
Seat 4: AzureCaper ($96.78 in chips)
gatorblood32: posts small blind $1
AzureCaper: posts big blind $3
*** HOLE CARDS ***
gatorblood32: raises $3 to $6
AzureCaper: calls $3
*** FLOP *** [7s Qs 4d]
AzureCaper: checks
gatorblood32: bets $3
AzureCaper: calls $3
*** TURN *** [7s Qs 4d] [6s]
AzureCaper: checks
gatorblood32: checks
*** RIVER *** [7s Qs 4d 6s] [Ks]
AzureCaper: checks
gatorblood32: checks
*** SHOW DOWN ***
AzureCaper: shows [9h Qh] (a pair of Queens)
gatorblood32: mucks hand
AzureCaper collected $17.64 from pot
*** SUMMARY ***
Total pot $18 | Rake $0.36
Board [7s Qs 4d 6s Ks]
Seat 2: gatorblood32 (button) (small blind) mucked
Seat 4: AzureCaper (big blind) showed [9h Qh] and won ($17.64) with a pair of Queens


PokerStars Hand #146944187803:  Hold'em Limit ($3/$6 USD) - 2016/01/12 19:25:11 ET
Table 'Skat' 6-max Seat #2 is the button
Seat 2: gatorblood32 ($100.92 in chips)
Seat 4: AzureCaper ($112.78 in chips)
gatorblood32: posts small blind $1
AzureCaper: posts big blind $3
*** HOLE CARDS ***
gatorblood32: folds
Uncalled bet ($2) returned to AzureCaper
AzureCaper collected $2 from pot
AzureCaper: doesn't show hand
*** SUMMARY ***
Total pot $2 | Rake $0
Seat 2: gatorblood32 (button) (small blind) folded before Flop
Seat 4: AzureCaper (big blind) collected ($2)


PokerStars Hand #146944184236:  Hold'em Limit ($3/$6 USD) - 2016/01/12 19:25:06 ET
Table 'Skat' 6-max Seat #4 is the button
Seat 2: gatorblood32 ($103.92 in chips)
Seat 4: AzureCaper ($109.78 in chips)
AzureCaper: posts small blind $1
gatorblood32: posts big blind $3
*** HOLE CARDS ***
AzureCaper: raises $3 to $6
gatorblood32: folds
Uncalled bet ($3) returned to AzureCaper
AzureCaper collected $6 from pot
AzureCaper: doesn't show hand
*** SUMMARY ***
Total pot $6 | Rake $0
Seat 2: gatorblood32 (big blind) folded before Flop
Seat 4: AzureCaper (button) (small blind) collected ($6)


PokerStars Hand #146944234643:  Hold'em Limit ($3/$6 USD) - 2016/01/12 19:26:17 ET
Table 'Skat' 6-max Seat #4 is the button
Seat 2: gatorblood32 ($117.20 in chips)
Seat 4: AzureCaper ($95.42 in chips)
AzureCaper: posts small blind $1
gatorblood32: posts big blind $3
*** HOLE CARDS ***
AzureCaper: raises $3 to $6
gatorblood32: raises $3 to $9
AzureCaper: calls $3
*** FLOP *** [Kh 9d 4h]
gatorblood32: bets $3
AzureCaper: folds
Uncalled bet ($3) returned to gatorblood32
gatorblood32 collected $17.64 from pot
gatorblood32: doesn't show hand
*** SUMMARY ***
Total pot $18 | Rake $0.36
Board [Kh 9d 4h]
Seat 2: gatorblood32 (big blind) collected ($17.64)
Seat 4: AzureCaper (button) (small blind) folded on the Flop


PokerStars Hand #146944252225:  Hold'em Limit ($3/$6 USD) - 2016/01/12 19:26:42 ET
Table 'Skat' 6-max Seat #4 is the button
Seat 2: gatorblood32 ($131.60 in chips)
Seat 4: AzureCaper ($80.42 in chips)
AzureCaper: posts small blind $1
gatorblood32: posts big blind $3
*** HOLE CARDS ***
AzureCaper: folds
Uncalled bet ($2) returned to gatorblood32
gatorblood32 collected $2 from pot
gatorblood32: doesn't show hand
*** SUMMARY ***
Total pot $2 | Rake $0
Seat 2: gatorblood32 (big blind) collected ($2)
Seat 4: AzureCaper (button) (small blind) folded before Flop


PokerStars Hand #146944242259:  Hold'em Limit ($3/$6 USD) - 2016/01/12 19:26:27 ET
Table 'Skat' 6-max Seat #2 is the button
Seat 2: gatorblood32 ($125.84 in chips)
Seat 4: AzureCaper ($86.42 in chips)
gatorblood32: posts small blind $1
AzureCaper: posts big blind $3
*** HOLE CARDS ***
gatorblood32: raises $3 to $6
AzureCaper: calls $3
*** FLOP *** [4h 3s Js]
AzureCaper: checks
gatorblood32: bets $3
AzureCaper: folds
Uncalled bet ($3) returned to gatorblood32
gatorblood32 collected $11.76 from pot
gatorblood32: doesn't show hand
*** SUMMARY ***
Total pot $12 | Rake $0.24
Board [4h 3s Js]
Seat 2: gatorblood32 (button) (small blind) collected ($11.76)
Seat 4: AzureCaper (big blind) folded on the Flop


PokerStars Hand #146944255077:  Hold'em Limit ($3/$6 USD) - 2016/01/12 19:26:46 ET
Table 'Skat' 6-max Seat #2 is the button
Seat 2: gatorblood32 ($132.60 in chips)
Seat 4: AzureCaper ($79.42 in chips)
gatorblood32: posts small blind $1
AzureCaper: posts big blind $3
*** HOLE CARDS ***
gatorblood32: raises $3 to $6
AzureCaper: folds
Uncalled bet ($3) returned to gatorblood32
zetje187 joins the table at seat #6
gatorblood32 collected $6 from pot
gatorblood32: doesn't show hand
*** SUMMARY ***
Total pot $6 | Rake $0
Seat 2: gatorblood32 (button) (small blind) collected ($6)
Seat 4: AzureCaper (big blind) folded before Flop


PokerStars Hand #146944267340:  Hold'em Limit ($3/$6 USD) - 2016/01/12 19:27:03 ET
Table 'Skat' 6-max Seat #6 is the button
Seat 4: AzureCaper ($82.06 in chips)
Seat 6: zetje187 ($27 in chips)
zetje187: posts small blind $1
AzureCaper: posts big blind $3
*** HOLE CARDS ***
zetje187: raises $3 to $6
AzureCaper: folds
Uncalled bet ($3) returned to zetje187
zetje187 collected $6 from pot
zetje187: doesn't show hand
*** SUMMARY ***
Total pot $6 | Rake $0
Seat 4: AzureCaper (big blind) folded before Flop
Seat 6: zetje187 (button) (small blind) collected ($6)


PokerStars Hand #146944226562:  Hold'em Limit ($3/$6 USD) - 2016/01/12 19:26:05 ET
Table 'Skat' 6-max Seat #2 is the button
Seat 2: gatorblood32 ($108.56 in chips)
Seat 4: AzureCaper ($104.42 in chips)
gatorblood32: posts small blind $1
AzureCaper: posts big blind $3
*** HOLE CARDS ***
gatorblood32: raises $3 to $6
AzureCaper: calls $3
*** FLOP *** [Tc 7d Ks]
AzureCaper: checks
gatorblood32: bets $3
AzureCaper: calls $3
*** TURN *** [Tc 7d Ks] [5c]
AzureCaper: checks
gatorblood32: bets $6
AzureCaper: folds
Uncalled bet ($6) returned to gatorblood32
gatorblood32 collected $17.64 from pot
gatorblood32: doesn't show hand
*** SUMMARY ***
Total pot $18 | Rake $0.36
Board [Tc 7d Ks 5c]
Seat 2: gatorblood32 (button) (small blind) collected ($17.64)
Seat 4: AzureCaper (big blind) folded on the Turn


PokerStars Hand #146944271815:  Hold'em Limit ($3/$6 USD) - 2016/01/12 19:27:09 ET
Table 'Skat' 6-max Seat #4 is the button
Seat 4: AzureCaper ($79.06 in chips)
Seat 6: zetje187 ($30 in chips)
AzureCaper: posts small blind $1
zetje187: posts big blind $3
*** HOLE CARDS ***
AzureCaper: raises $3 to $6
zetje187: calls $3
*** FLOP *** [3s Jh 2c]
zetje187: checks
AzureCaper: bets $3
zetje187: folds
Uncalled bet ($3) returned to AzureCaper
AzureCaper collected $11.76 from pot
AzureCaper: doesn't show hand
*** SUMMARY ***
Total pot $12 | Rake $0.24
Board [3s Jh 2c]
Seat 4: AzureCaper (button) (small blind) collected ($11.76)
Seat 6: zetje187 (big blind) folded on the Flop


PokerStars Hand #146944281346:  Hold'em Limit ($3/$6 USD) - 2016/01/12 19:27:23 ET
Table 'Skat' 6-max Seat #6 is the button
Seat 4: AzureCaper ($84.82 in chips)
Seat 6: zetje187 ($24 in chips)
zetje187: posts small blind $1
AzureCaper: posts big blind $3
*** HOLE CARDS ***
zetje187: raises $3 to $6
AzureCaper: calls $3
*** FLOP *** [Qc 2c 5h]
AzureCaper: checks
zetje187: bets $3
AzureCaper: raises $3 to $6
zetje187: calls $3
*** TURN *** [Qc 2c 5h] [8c]
AzureCaper: bets $6
zetje187: folds
Uncalled bet ($6) returned to AzureCaper
AzureCaper collected $23.52 from pot
AzureCaper: doesn't show hand
*** SUMMARY ***
Total pot $24 | Rake $0.48
Board [Qc 2c 5h 8c]
Seat 4: AzureCaper (big blind) collected ($23.52)
Seat 6: zetje187 (button) (small blind) folded on the Turn


PokerStars Hand #146944307089:  Hold'em Limit ($3/$6 USD) - 2016/01/12 19:27:59 ET
Table 'Skat' 6-max Seat #6 is the button
Seat 4: AzureCaper ($84.34 in chips)
Seat 6: zetje187 ($23.52 in chips)
zetje187: posts small blind $1
AzureCaper: posts big blind $3
*** HOLE CARDS ***
zetje187: raises $3 to $6
AzureCaper: calls $3
*** FLOP *** [Qs 8d 2h]
AzureCaper: checks
zetje187: bets $3
AzureCaper: calls $3
*** TURN *** [Qs 8d 2h] [9h]
AzureCaper: checks
zetje187: bets $6
AzureCaper: raises $6 to $12
zetje187: raises $2.52 to $14.52 and is all-in
AzureCaper: calls $2.52
*** RIVER *** [Qs 8d 2h 9h] [8s]
*** SHOW DOWN ***
AzureCaper: shows [Th Kh] (a pair of Eights)
zetje187: shows [6h 5c] (a pair of Eights - lower kicker)
AzureCaper collected $46.54 from pot
*** SUMMARY ***
Total pot $47.04 | Rake $0.50
Board [Qs 8d 2h 9h 8s]
Seat 4: AzureCaper (big blind) showed [Th Kh] and won ($46.54) with a pair of Eights
Seat 6: zetje187 (button) (small blind) showed [6h 5c] and lost with a pair of Eights


