PokerStars Hand #148113140248:  Hold'em Limit ($3/$6 USD) - 2016/02/02 11:33:47 ET
Table 'Skat II' 6-max Seat #4 is the button
Seat 1: 5914 ($122.76 in chips)
Seat 4: Agrotait ($68.76 in chips)
Agrotait: posts small blind $1
5914: posts big blind $3
*** HOLE CARDS ***
Agrotait: raises $3 to $6
5914: raises $3 to $9
Agrotait: calls $3
*** FLOP *** [8s Ad 3c]
5914: bets $3
Agrotait: calls $3
*** TURN *** [8s Ad 3c] [Js]
5914: checks
Azrarn joins the table at seat #2
Agrotait: checks
*** RIVER *** [8s Ad 3c Js] [Qc]
5914: checks
Agrotait: bets $6
5914: calls $6
*** SHOW DOWN ***
Agrotait: shows [7c Tc] (high card Ace)
5914: shows [8d 7s] (a pair of Eights)
5914 collected $35.50 from pot
*** SUMMARY ***
Total pot $36 | Rake $0.50
Board [8s Ad 3c Js Qc]
Seat 1: 5914 (big blind) showed [8d 7s] and won ($35.50) with a pair of Eights
Seat 4: Agrotait (button) (small blind) showed [7c Tc] and lost with high card Ace


PokerStars Hand #148120059729:  Hold'em Limit ($3/$6 USD) - 2016/02/02 13:34:24 ET
Table 'Skat II' 6-max Seat #3 is the button
Seat 2: veterankwu ($7.10 in chips)
Seat 3: Deichgnorf ($322.04 in chips)
Deichgnorf: posts small blind $1
ede56: is sitting out
olavike: is sitting out
veterankwu: posts big blind $3
*** HOLE CARDS ***
Deichgnorf: folds
Uncalled bet ($2) returned to veterankwu
veterankwu collected $2 from pot
*** SUMMARY ***
Total pot $2 | Rake $0
Seat 2: veterankwu (big blind) collected ($2)
Seat 3: Deichgnorf (button) (small blind) folded before Flop


PokerStars Hand #148120066986:  Hold'em Limit ($3/$6 USD) - 2016/02/02 13:34:31 ET
Table 'Skat II' 6-max Seat #2 is the button
Seat 2: veterankwu ($8.10 in chips)
Seat 3: Deichgnorf ($321.04 in chips)
veterankwu: posts small blind $1
Deichgnorf: posts big blind $3
*** HOLE CARDS ***
olavike leaves the table
veterankwu: raises $3 to $6
Deichgnorf: folds
Uncalled bet ($3) returned to veterankwu
SashaYuvelir joins the table at seat #5
veterankwu collected $6 from pot
*** SUMMARY ***
Total pot $6 | Rake $0
Seat 2: veterankwu (button) (small blind) collected ($6)
Seat 3: Deichgnorf (big blind) folded before Flop


PokerStars Hand #148125277262:  Hold'em Limit ($3/$6 USD) - 2016/02/02 14:56:11 ET
Table 'Skat II' 6-max Seat #3 is the button
Seat 3: chikokrofne ($56.24 in chips)
Seat 4: Azrarn ($108.50 in chips)
chikokrofne: posts small blind $1
Azrarn: posts big blind $3
*** HOLE CARDS ***
chikokrofne: raises $3 to $6
Azrarn: calls $3
*** FLOP *** [6s Ad 3c]
Azrarn: checks
chikokrofne: bets $3
Azrarn: folds
Uncalled bet ($3) returned to chikokrofne
chikokrofne collected $11.76 from pot
chikokrofne: doesn't show hand
*** SUMMARY ***
Total pot $12 | Rake $0.24
Board [6s Ad 3c]
Seat 3: chikokrofne (button) (small blind) collected ($11.76)
Seat 4: Azrarn (big blind) folded on the Flop


PokerStars Hand #148125264039:  Hold'em Limit ($3/$6 USD) - 2016/02/02 14:55:55 ET
Table 'Skat II' 6-max Seat #4 is the button
Seat 3: chikokrofne ($32.74 in chips)
Seat 4: Azrarn ($132.50 in chips)
Azrarn: posts small blind $1
chikokrofne: posts big blind $3
*** HOLE CARDS ***
Azrarn: raises $3 to $6
chikokrofne: calls $3
*** FLOP *** [7d Ad 9c]
chikokrofne: checks
Azrarn: bets $3
chikokrofne: raises $3 to $6
Azrarn: calls $3
*** TURN *** [7d Ad 9c] [4h]
chikokrofne: bets $6
Azrarn: calls $6
*** RIVER *** [7d Ad 9c 4h] [9d]
chikokrofne: bets $6
Azrarn: calls $6
*** SHOW DOWN ***
chikokrofne: shows [4s As] (two pair, Aces and Nines)
Azrarn: mucks hand
chikokrofne collected $47.50 from pot
*** SUMMARY ***
Total pot $48 | Rake $0.50
Board [7d Ad 9c 4h 9d]
Seat 3: chikokrofne (big blind) showed [4s As] and won ($47.50) with two pair, Aces and Nines
Seat 4: Azrarn (button) (small blind) mucked


PokerStars Hand #148125259693:  Hold'em Limit ($3/$6 USD) - 2016/02/02 14:55:50 ET
Table 'Skat II' 6-max Seat #3 is the button
Seat 3: chikokrofne ($29.74 in chips)
Seat 4: Azrarn ($135.50 in chips)
chikokrofne: posts small blind $1
Azrarn: posts big blind $3
*** HOLE CARDS ***
chikokrofne: raises $3 to $6
Azrarn: folds
Uncalled bet ($3) returned to chikokrofne
chikokrofne collected $6 from pot
chikokrofne: doesn't show hand
*** SUMMARY ***
Total pot $6 | Rake $0
Seat 3: chikokrofne (button) (small blind) collected ($6)
Seat 4: Azrarn (big blind) folded before Flop


PokerStars Hand #148125256135:  Hold'em Limit ($3/$6 USD) - 2016/02/02 14:55:46 ET
Table 'Skat II' 6-max Seat #4 is the button
Seat 3: chikokrofne ($28.74 in chips)
Seat 4: Azrarn ($136.50 in chips)
Azrarn: posts small blind $1
chikokrofne: posts big blind $3
*** HOLE CARDS ***
Azrarn: folds
Uncalled bet ($2) returned to chikokrofne
chikokrofne collected $2 from pot
chikokrofne: doesn't show hand
*** SUMMARY ***
Total pot $2 | Rake $0
Seat 3: chikokrofne (big blind) collected ($2)
Seat 4: Azrarn (button) (small blind) folded before Flop


PokerStars Hand #148125252207:  Hold'em Limit ($3/$6 USD) - 2016/02/02 14:55:41 ET
Table 'Skat II' 6-max Seat #3 is the button
Seat 3: chikokrofne ($29.74 in chips)
Seat 4: Azrarn ($135.50 in chips)
chikokrofne: posts small blind $1
Azrarn: posts big blind $3
*** HOLE CARDS ***
chikokrofne: folds
Uncalled bet ($2) returned to Azrarn
Azrarn collected $2 from pot
Azrarn: doesn't show hand
*** SUMMARY ***
Total pot $2 | Rake $0
Seat 3: chikokrofne (button) (small blind) folded before Flop
Seat 4: Azrarn (big blind) collected ($2)


PokerStars Hand #148125237323:  Hold'em Limit ($3/$6 USD) - 2016/02/02 14:55:24 ET
Table 'Skat II' 6-max Seat #4 is the button
Seat 3: chikokrofne ($44.74 in chips)
Seat 4: Azrarn ($121 in chips)
Azrarn: posts small blind $1
chikokrofne: posts big blind $3
*** HOLE CARDS ***
Azrarn: raises $3 to $6
chikokrofne: calls $3
*** FLOP *** [3s 2c Jd]
chikokrofne: checks
Azrarn: bets $3
chikokrofne: calls $3
*** TURN *** [3s 2c Jd] [Kc]
chikokrofne: checks
Azrarn: checks
*** RIVER *** [3s 2c Jd Kc] [Ah]
chikokrofne: checks
Azrarn: bets $6
chikokrofne: calls $6
*** SHOW DOWN ***
Azrarn: shows [8s Ac] (a pair of Aces)
chikokrofne: mucks hand
Azrarn collected $29.50 from pot
*** SUMMARY ***
Total pot $30 | Rake $0.50
Board [3s 2c Jd Kc Ah]
Seat 3: chikokrofne (big blind) mucked
Seat 4: Azrarn (button) (small blind) showed [8s Ac] and won ($29.50) with a pair of Aces


PokerStars Hand #148125288798:  Hold'em Limit ($3/$6 USD) - 2016/02/02 14:56:24 ET
Table 'Skat II' 6-max Seat #4 is the button
Seat 3: chikokrofne ($62 in chips)
Seat 4: Azrarn ($102.50 in chips)
Azrarn: posts small blind $1
chikokrofne: posts big blind $3
*** HOLE CARDS ***
Azrarn: raises $3 to $6
chikokrofne: calls $3
*** FLOP *** [Qd Jc 9h]
chikokrofne: checks
Azrarn: bets $3
chikokrofne: calls $3
*** TURN *** [Qd Jc 9h] [Ah]
chikokrofne: checks
Azrarn: bets $6
chikokrofne: folds
Uncalled bet ($6) returned to Azrarn
Azrarn collected $17.64 from pot
Azrarn: doesn't show hand
chikokrofne leaves the table
*** SUMMARY ***
Total pot $18 | Rake $0.36
Board [Qd Jc 9h Ah]
Seat 3: chikokrofne (big blind) folded on the Turn
Seat 4: Azrarn (button) (small blind) collected ($17.64)


