PokerStars Hand #173688737954:  Hold'em Limit ($3/$6 USD) - 2017/07/30 2:01:04 ET
Table 'Skiff' 6-max Seat #3 is the button
Seat 3: SUNNY890 ($120 in chips)
Seat 4: VolkovDmitri ($120 in chips)
SUNNY890: posts small blind $1
VolkovDmitri: posts big blind $3
*** HOLE CARDS ***
SUNNY890: calls $2
VolkovDmitri: raises $3 to $6
SUNNY890: calls $3
*** FLOP *** [8s Jc 3h]
VolkovDmitri: bets $3
SUNNY890: calls $3
*** TURN *** [8s Jc 3h] [9h]
VolkovDmitri: checks
SUNNY890: checks
*** RIVER *** [8s Jc 3h 9h] [3s]
VolkovDmitri: checks
SUNNY890: bets $6
VolkovDmitri: folds
Uncalled bet ($6) returned to SUNNY890
SUNNY890 collected $17.64 from pot
SUNNY890: doesn't show hand
*** SUMMARY ***
Total pot $18 | Rake $0.36
Board [8s Jc 3h 9h 3s]
Seat 3: SUNNY890 (button) (small blind) collected ($17.64)
Seat 4: VolkovDmitri (big blind) folded on the River


PokerStars Hand #173688756726:  Hold'em Limit ($3/$6 USD) - 2017/07/30 2:02:19 ET
Table 'Skiff' 6-max Seat #3 is the button
Seat 3: SUNNY890 ($143.14 in chips)
Seat 4: VolkovDmitri ($120 in chips)
SUNNY890: posts small blind $1
VolkovDmitri: posts big blind $3
*** HOLE CARDS ***
SUNNY890: folds
Uncalled bet ($2) returned to VolkovDmitri
VolkovDmitri collected $2 from pot
VolkovDmitri: doesn't show hand
*** SUMMARY ***
Total pot $2 | Rake $0
Seat 3: SUNNY890 (button) (small blind) folded before Flop
Seat 4: VolkovDmitri (big blind) collected ($2)


PokerStars Hand #173688747152:  Hold'em Limit ($3/$6 USD) - 2017/07/30 2:01:41 ET
Table 'Skiff' 6-max Seat #4 is the button
Seat 3: SUNNY890 ($128.64 in chips)
Seat 4: VolkovDmitri ($120 in chips)
VolkovDmitri: posts small blind $1
SUNNY890: posts big blind $3
*** HOLE CARDS ***
VolkovDmitri: raises $3 to $6
SUNNY890: calls $3
*** FLOP *** [Ac Qs 9h]
SUNNY890: checks
VolkovDmitri: bets $3
SUNNY890: calls $3
*** TURN *** [Ac Qs 9h] [6h]
SUNNY890: bets $6
VolkovDmitri: calls $6
*** RIVER *** [Ac Qs 9h 6h] [Kh]
SUNNY890: bets $6
VolkovDmitri: folds
Uncalled bet ($6) returned to SUNNY890
SUNNY890 collected $29.50 from pot
SUNNY890: doesn't show hand
*** SUMMARY ***
Total pot $30 | Rake $0.50
Board [Ac Qs 9h 6h Kh]
Seat 3: SUNNY890 (big blind) collected ($29.50)
Seat 4: VolkovDmitri (button) (small blind) folded on the River


PokerStars Hand #173688758140:  Hold'em Limit ($3/$6 USD) - 2017/07/30 2:02:25 ET
Table 'Skiff' 6-max Seat #4 is the button
Seat 3: SUNNY890 ($142.14 in chips)
Seat 4: VolkovDmitri ($121 in chips)
VolkovDmitri: posts small blind $1
SUNNY890: posts big blind $3
*** HOLE CARDS ***
VolkovDmitri: raises $3 to $6
SUNNY890: calls $3
*** FLOP *** [7c Jd As]
SUNNY890: checks
VolkovDmitri: checks
*** TURN *** [7c Jd As] [2s]
SUNNY890: checks
VolkovDmitri: bets $6
SUNNY890: folds
Uncalled bet ($6) returned to VolkovDmitri
VolkovDmitri collected $11.76 from pot
VolkovDmitri: doesn't show hand
*** SUMMARY ***
Total pot $12 | Rake $0.24
Board [7c Jd As 2s]
Seat 3: SUNNY890 (big blind) folded on the Turn
Seat 4: VolkovDmitri (button) (small blind) collected ($11.76)


PokerStars Hand #173688764296:  Hold'em Limit ($3/$6 USD) - 2017/07/30 2:02:49 ET
Table 'Skiff' 6-max Seat #3 is the button
Seat 3: SUNNY890 ($136.14 in chips)
Seat 4: VolkovDmitri ($126.76 in chips)
SUNNY890: posts small blind $1
VolkovDmitri: posts big blind $3
*** HOLE CARDS ***
SUNNY890: raises $3 to $6
VolkovDmitri: calls $3
*** FLOP *** [6s 3c 5d]
VolkovDmitri: bets $3
SUNNY890: calls $3
*** TURN *** [6s 3c 5d] [Jh]
VolkovDmitri: bets $6
SUNNY890: calls $6
*** RIVER *** [6s 3c 5d Jh] [6d]
VolkovDmitri: bets $6
SUNNY890: folds
Uncalled bet ($6) returned to VolkovDmitri
VolkovDmitri collected $29.50 from pot
VolkovDmitri: doesn't show hand
*** SUMMARY ***
Total pot $30 | Rake $0.50
Board [6s 3c 5d Jh 6d]
Seat 3: SUNNY890 (button) (small blind) folded on the River
Seat 4: VolkovDmitri (big blind) collected ($29.50)


PokerStars Hand #173688771020:  Hold'em Limit ($3/$6 USD) - 2017/07/30 2:03:15 ET
Table 'Skiff' 6-max Seat #4 is the button
Seat 3: SUNNY890 ($121.14 in chips)
Seat 4: VolkovDmitri ($141.26 in chips)
VolkovDmitri: posts small blind $1
SUNNY890: posts big blind $3
*** HOLE CARDS ***
VolkovDmitri: raises $3 to $6
SUNNY890: calls $3
*** FLOP *** [4d Ts 8h]
SUNNY890: checks
VolkovDmitri: bets $3
SUNNY890: raises $3 to $6
VolkovDmitri: calls $3
*** TURN *** [4d Ts 8h] [6d]
SUNNY890: bets $6
VolkovDmitri: calls $6
*** RIVER *** [4d Ts 8h 6d] [7s]
MTLranger54 joins the table at seat #5
SUNNY890: bets $6
VolkovDmitri: folds
Uncalled bet ($6) returned to SUNNY890
SUNNY890 collected $35.50 from pot
SUNNY890: doesn't show hand
*** SUMMARY ***
Total pot $36 | Rake $0.50
Board [4d Ts 8h 6d 7s]
Seat 3: SUNNY890 (big blind) collected ($35.50)
Seat 4: VolkovDmitri (button) (small blind) folded on the River


PokerStars Hand #173688778971:  Hold'em Limit ($3/$6 USD) - 2017/07/30 2:03:46 ET
Table 'Skiff' 6-max Seat #3 is the button
Seat 3: SUNNY890 ($138.64 in chips)
Seat 4: VolkovDmitri ($123.26 in chips)
SUNNY890: posts small blind $1
VolkovDmitri: posts big blind $3
*** HOLE CARDS ***
SUNNY890: raises $3 to $6
VolkovDmitri: raises $3 to $9
SUNNY890: calls $3
*** FLOP *** [7c 2h 8s]
VolkovDmitri: bets $3
SUNNY890: calls $3
*** TURN *** [7c 2h 8s] [Kh]
VolkovDmitri: bets $6
SUNNY890: raises $6 to $12
VolkovDmitri: raises $6 to $18
SUNNY890: calls $6
*** RIVER *** [7c 2h 8s Kh] [8h]
VolkovDmitri: bets $6
SUNNY890: calls $6
*** SHOW DOWN ***
VolkovDmitri: shows [2d 2s] (a full house, Deuces full of Eights)
SUNNY890: mucks hand
VolkovDmitri collected $71.50 from pot
*** SUMMARY ***
Total pot $72 | Rake $0.50
Board [7c 2h 8s Kh 8h]
Seat 3: SUNNY890 (button) (small blind) mucked
Seat 4: VolkovDmitri (big blind) showed [2d 2s] and won ($71.50) with a full house, Deuces full of Eights


PokerStars Hand #173688893359:  Hold'em Limit ($3/$6 USD) - 2017/07/30 2:11:15 ET
Table 'Skiff' 6-max Seat #4 is the button
Seat 3: SUNNY890 ($62.73 in chips)
Seat 4: VolkovDmitri ($158.19 in chips)
VolkovDmitri: posts small blind $1
MTLranger54: is sitting out
SUNNY890: posts big blind $3
*** HOLE CARDS ***
VolkovDmitri: raises $3 to $6
SUNNY890: folds
Uncalled bet ($3) returned to VolkovDmitri
MTLranger54 leaves the table
VolkovDmitri collected $6 from pot
VolkovDmitri: doesn't show hand
*** SUMMARY ***
Total pot $6 | Rake $0
Seat 3: SUNNY890 (big blind) folded before Flop
Seat 4: VolkovDmitri (button) (small blind) collected ($6)


PokerStars Hand #173688894887:  Hold'em Limit ($3/$6 USD) - 2017/07/30 2:11:21 ET
Table 'Skiff' 6-max Seat #3 is the button
Seat 3: SUNNY890 ($59.73 in chips)
Seat 4: VolkovDmitri ($161.19 in chips)
SUNNY890: posts small blind $1
VolkovDmitri: posts big blind $3
*** HOLE CARDS ***
SUNNY890: raises $3 to $6
VolkovDmitri: calls $3
*** FLOP *** [Ad 7s 9c]
VolkovDmitri: checks
SUNNY890: bets $3
VolkovDmitri: raises $3 to $6
SUNNY890: calls $3
*** TURN *** [Ad 7s 9c] [Th]
VolkovDmitri: bets $6
SUNNY890: calls $6
*** RIVER *** [Ad 7s 9c Th] [5s]
VolkovDmitri: bets $6
SUNNY890: calls $6
*** SHOW DOWN ***
VolkovDmitri: shows [Qh 9h] (a pair of Nines)
SUNNY890: mucks hand
VolkovDmitri collected $47.50 from pot
*** SUMMARY ***
Total pot $48 | Rake $0.50
Board [Ad 7s 9c Th 5s]
Seat 3: SUNNY890 (button) (small blind) mucked
Seat 4: VolkovDmitri (big blind) showed [Qh 9h] and won ($47.50) with a pair of Nines


PokerStars Hand #173688898995:  Hold'em Limit ($3/$6 USD) - 2017/07/30 2:11:37 ET
Table 'Skiff' 6-max Seat #4 is the button
Seat 3: SUNNY890 ($35.73 in chips)
Seat 4: VolkovDmitri ($184.69 in chips)
VolkovDmitri: posts small blind $1
SUNNY890: posts big blind $3
*** HOLE CARDS ***
VolkovDmitri: raises $3 to $6
SUNNY890: calls $3
*** FLOP *** [6d 3d 4h]
SUNNY890: bets $3
VolkovDmitri: calls $3
*** TURN *** [6d 3d 4h] [Qh]
SUNNY890: bets $6
VolkovDmitri: raises $6 to $12
SUNNY890: calls $6
*** RIVER *** [6d 3d 4h Qh] [Qc]
SUNNY890: bets $6
VolkovDmitri: raises $6 to $12
SUNNY890: calls $6
*** SHOW DOWN ***
VolkovDmitri: shows [5h Qs] (three of a kind, Queens)
SUNNY890: mucks hand
VolkovDmitri collected $65.50 from pot
*** SUMMARY ***
Total pot $66 | Rake $0.50
Board [6d 3d 4h Qh Qc]
Seat 3: SUNNY890 (big blind) mucked
Seat 4: VolkovDmitri (button) (small blind) showed [5h Qs] and won ($65.50) with three of a kind, Queens


