PokerStars Hand #158549390587:  Hold'em Limit ($3/$6 USD) - 2016/09/13 10:39:31 ET
Table 'Skiff' 10-max Seat #8 is the button
Seat 8: Great_Kang ($120 in chips)
Seat 9: ChicagoBull4 ($120 in chips)
Great_Kang: posts small blind $1
ChicagoBull4: posts big blind $3
*** HOLE CARDS ***
Great_Kang: raises $3 to $6
ChicagoBull4: raises $3 to $9
Great_Kang: calls $3
*** FLOP *** [2s Ts 2d]
ChicagoBull4: checks
Great_Kang: bets $3
ChicagoBull4: calls $3
*** TURN *** [2s Ts 2d] [5h]
ChicagoBull4: checks
Great_Kang: bets $6
ChicagoBull4: calls $6
*** RIVER *** [2s Ts 2d 5h] [6c]
B_loJkl joins the table at seat #10
ChicagoBull4: checks
Great_Kang: bets $6
ChicagoBull4: calls $6
*** SHOW DOWN ***
Great_Kang: shows [5s 8d] (two pair, Fives and Deuces)
ChicagoBull4: mucks hand
Great_Kang collected $47.50 from pot
*** SUMMARY ***
Total pot $48 | Rake $0.50
Board [2s Ts 2d 5h 6c]
Seat 8: Great_Kang (button) (small blind) showed [5s 8d] and won ($47.50) with two pair, Fives and Deuces
Seat 9: ChicagoBull4 (big blind) mucked


PokerStars Hand #158549711007:  Hold'em Limit ($3/$6 USD) - 2016/09/13 10:48:27 ET
Table 'Skiff' 10-max Seat #7 is the button
Seat 7: PrayFTR ($121.71 in chips)
Seat 8: Great_Kang ($139.83 in chips)
PrayFTR: posts small blind $1
Great_Kang: posts big blind $3
*** HOLE CARDS ***
PrayFTR: raises $3 to $6
Great_Kang: raises $3 to $9
PrayFTR: calls $3
*** FLOP *** [9d 6d 2c]
Great_Kang: bets $3
PrayFTR: raises $3 to $6
Great_Kang: raises $3 to $9
PrayFTR: raises $3 to $12
Betting is capped
Great_Kang: calls $3
*** TURN *** [9d 6d 2c] [Ad]
Great_Kang: checks
PrayFTR: bets $6
Great_Kang: calls $6
*** RIVER *** [9d 6d 2c Ad] [4h]
Great_Kang: checks
PrayFTR: bets $6
Great_Kang: calls $6
*** SHOW DOWN ***
PrayFTR: shows [5c 6c] (a pair of Sixes)
Great_Kang: shows [Kh Kc] (a pair of Kings)
Great_Kang collected $65.50 from pot
*** SUMMARY ***
Total pot $66 | Rake $0.50
Board [9d 6d 2c Ad 4h]
Seat 7: PrayFTR (button) (small blind) showed [5c 6c] and lost with a pair of Sixes
Seat 8: Great_Kang (big blind) showed [Kh Kc] and won ($65.50) with a pair of Kings


PokerStars Hand #158549696247:  Hold'em Limit ($3/$6 USD) - 2016/09/13 10:48:03 ET
Table 'Skiff' 10-max Seat #8 is the button
Seat 7: PrayFTR ($139.71 in chips)
Seat 8: Great_Kang ($122.33 in chips)
Great_Kang: posts small blind $1
B_loJkl: is sitting out
PrayFTR: posts big blind $3
*** HOLE CARDS ***
Great_Kang: raises $3 to $6
PrayFTR: raises $3 to $9
Great_Kang: calls $3
*** FLOP *** [Kc 3h 6d]
PrayFTR: bets $3
Great_Kang: calls $3
*** TURN *** [Kc 3h 6d] [4d]
PrayFTR: checks
Great_Kang: bets $6
PrayFTR: calls $6
*** RIVER *** [Kc 3h 6d 4d] [3d]
PrayFTR: checks
Great_Kang: checks
*** SHOW DOWN ***
PrayFTR: shows [Ah Ts] (a pair of Threes)
Great_Kang: shows [5h 4c] (two pair, Fours and Threes)
Great_Kang collected $35.50 from pot
*** SUMMARY ***
Total pot $36 | Rake $0.50
Board [Kc 3h 6d 4d 3d]
Seat 7: PrayFTR (big blind) showed [Ah Ts] and lost with a pair of Threes
Seat 8: Great_Kang (button) (small blind) showed [5h 4c] and won ($35.50) with two pair, Fours and Threes


PokerStars Hand #158549746731:  Hold'em Limit ($3/$6 USD) - 2016/09/13 10:49:26 ET
Table 'Skiff' 10-max Seat #7 is the button
Seat 7: PrayFTR ($70.71 in chips)
Seat 8: Great_Kang ($189.83 in chips)
PrayFTR: posts small blind $1
Great_Kang: posts big blind $3
*** HOLE CARDS ***
PrayFTR: raises $3 to $6
Great_Kang: folds
Uncalled bet ($3) returned to PrayFTR
PrayFTR collected $6 from pot
PrayFTR: doesn't show hand
*** SUMMARY ***
Total pot $6 | Rake $0
Seat 7: PrayFTR (button) (small blind) collected ($6)
Seat 8: Great_Kang (big blind) folded before Flop


PokerStars Hand #158549736343:  Hold'em Limit ($3/$6 USD) - 2016/09/13 10:49:09 ET
Table 'Skiff' 10-max Seat #8 is the button
Seat 7: PrayFTR ($88.71 in chips)
Seat 8: Great_Kang ($172.33 in chips)
Great_Kang: posts small blind $1
PrayFTR: posts big blind $3
*** HOLE CARDS ***
Great_Kang: raises $3 to $6
B_loJkl joins the table at seat #9
PrayFTR: calls $3
*** FLOP *** [Qh 2h 8d]
PrayFTR: checks
Great_Kang: checks
*** TURN *** [Qh 2h 8d] [7s]
PrayFTR: bets $6
Great_Kang: calls $6
*** RIVER *** [Qh 2h 8d 7s] [9h]
PrayFTR: bets $6
Great_Kang: raises $6 to $12
PrayFTR: folds
Uncalled bet ($6) returned to Great_Kang
Great_Kang collected $35.50 from pot
Great_Kang: doesn't show hand
*** SUMMARY ***
Total pot $36 | Rake $0.50
Board [Qh 2h 8d 7s 9h]
Seat 7: PrayFTR (big blind) folded on the River
Seat 8: Great_Kang (button) (small blind) collected ($35.50)


PokerStars Hand #158549732946:  Hold'em Limit ($3/$6 USD) - 2016/09/13 10:49:04 ET
Table 'Skiff' 10-max Seat #7 is the button
Seat 7: PrayFTR ($89.71 in chips)
Seat 8: Great_Kang ($171.33 in chips)
PrayFTR: posts small blind $1
Great_Kang: posts big blind $3
*** HOLE CARDS ***
PrayFTR: folds
Uncalled bet ($2) returned to Great_Kang
Great_Kang collected $2 from pot
B_loJkl leaves the table
Great_Kang: doesn't show hand
*** SUMMARY ***
Total pot $2 | Rake $0
Seat 7: PrayFTR (button) (small blind) folded before Flop
Seat 8: Great_Kang (big blind) collected ($2)


PokerStars Hand #158549729915:  Hold'em Limit ($3/$6 USD) - 2016/09/13 10:48:59 ET
Table 'Skiff' 10-max Seat #8 is the button
Seat 7: PrayFTR ($88.71 in chips)
Seat 8: Great_Kang ($172.33 in chips)
Great_Kang: posts small blind $1
PrayFTR: posts big blind $3
*** HOLE CARDS ***
Great_Kang: folds
Uncalled bet ($2) returned to PrayFTR
PrayFTR collected $2 from pot
PrayFTR: doesn't show hand
*** SUMMARY ***
Total pot $2 | Rake $0
Seat 7: PrayFTR (big blind) collected ($2)
Seat 8: Great_Kang (button) (small blind) folded before Flop


PokerStars Hand #158549808799:  Hold'em Limit ($3/$6 USD) - 2016/09/13 10:51:10 ET
Table 'Skiff' 10-max Seat #9 is the button
Seat 8: Great_Kang ($218.83 in chips)
Seat 9: B_loJkl ($154.46 in chips)
B_loJkl: posts small blind $1
Great_Kang: posts big blind $3
*** HOLE CARDS ***
B_loJkl: raises $3 to $6
Great_Kang: calls $3
*** FLOP *** [8h 4d 2c]
Great_Kang: checks
B_loJkl: bets $3
Great_Kang: raises $3 to $6
B_loJkl: calls $3
*** TURN *** [8h 4d 2c] [Jd]
Great_Kang: bets $6
B_loJkl: calls $6
*** RIVER *** [8h 4d 2c Jd] [7c]
Great_Kang: checks
B_loJkl: bets $6
Great_Kang: calls $6
*** SHOW DOWN ***
B_loJkl: shows [4s Kd] (a pair of Fours)
Great_Kang: mucks hand
B_loJkl collected $47.50 from pot
*** SUMMARY ***
Total pot $48 | Rake $0.50
Board [8h 4d 2c Jd 7c]
Seat 8: Great_Kang (big blind) mucked
Seat 9: B_loJkl (button) (small blind) showed [4s Kd] and won ($47.50) with a pair of Fours


