PokerStars Hand #147935550995:  Hold'em Limit ($3/$6 USD) - 2016/01/30 10:52:41 ET
Table 'Skiff II' 2-max Seat #2 is the button
Seat 1: TheU10 ($120 in chips)
Seat 2: hudecam ($30 in chips)
hudecam: posts small blind $1
TheU10: posts big blind $3
*** HOLE CARDS ***
hudecam: raises $3 to $6
TheU10: calls $3
*** FLOP *** [5h Tc Qh]
TheU10: checks
hudecam: bets $3
TheU10: folds
Uncalled bet ($3) returned to hudecam
hudecam collected $11.76 from pot
hudecam: doesn't show hand
*** SUMMARY ***
Total pot $12 | Rake $0.24
Board [5h Tc Qh]
Seat 1: TheU10 (big blind) folded on the Flop
Seat 2: hudecam (button) (small blind) collected ($11.76)


PokerStars Hand #147935575860:  Hold'em Limit ($3/$6 USD) - 2016/01/30 10:53:09 ET
Table 'Skiff II' 2-max Seat #1 is the button
Seat 1: TheU10 ($114 in chips)
Seat 2: hudecam ($35.76 in chips)
TheU10: posts small blind $1
hudecam: posts big blind $3
*** HOLE CARDS ***
TheU10: raises $3 to $6
hudecam: calls $3
*** FLOP *** [Jd 9h Ac]
hudecam: checks
TheU10: bets $3
hudecam: raises $3 to $6
TheU10: raises $3 to $9
hudecam: calls $3
*** TURN *** [Jd 9h Ac] [Jc]
hudecam: checks
TheU10: checks
*** RIVER *** [Jd 9h Ac Jc] [3c]
hudecam: bets $6
TheU10: calls $6
*** SHOW DOWN ***
hudecam: shows [2s Js] (three of a kind, Jacks)
TheU10: mucks hand
hudecam collected $41.50 from pot
*** SUMMARY ***
Total pot $42 | Rake $0.50
Board [Jd 9h Ac Jc 3c]
Seat 1: TheU10 (button) (small blind) mucked
Seat 2: hudecam (big blind) showed [2s Js] and won ($41.50) with three of a kind, Jacks


PokerStars Hand #147935592836:  Hold'em Limit ($3/$6 USD) - 2016/01/30 10:53:27 ET
Table 'Skiff II' 2-max Seat #2 is the button
Seat 1: TheU10 ($93 in chips)
Seat 2: hudecam ($56.26 in chips)
hudecam: posts small blind $1
TheU10: posts big blind $3
*** HOLE CARDS ***
hudecam: raises $3 to $6
TheU10: calls $3
*** FLOP *** [As Th 3s]
TheU10: checks
hudecam: bets $3
TheU10: raises $3 to $6
hudecam: calls $3
*** TURN *** [As Th 3s] [Jd]
TheU10: bets $6
hudecam: calls $6
*** RIVER *** [As Th 3s Jd] [9c]
TheU10: bets $6
hudecam: folds
Uncalled bet ($6) returned to TheU10
TheU10 collected $35.50 from pot
TheU10: doesn't show hand
*** SUMMARY ***
Total pot $36 | Rake $0.50
Board [As Th 3s Jd 9c]
Seat 1: TheU10 (big blind) collected ($35.50)
Seat 2: hudecam (button) (small blind) folded on the River


PokerStars Hand #147935608427:  Hold'em Limit ($3/$6 USD) - 2016/01/30 10:53:44 ET
Table 'Skiff II' 2-max Seat #1 is the button
Seat 1: TheU10 ($110.50 in chips)
Seat 2: hudecam ($38.26 in chips)
TheU10: posts small blind $1
hudecam: posts big blind $3
*** HOLE CARDS ***
TheU10: raises $3 to $6
hudecam: raises $3 to $9
TheU10: calls $3
*** FLOP *** [6c Td 5h]
hudecam: bets $3
TheU10: raises $3 to $6
hudecam: raises $3 to $9
TheU10: calls $3
*** TURN *** [6c Td 5h] [Tc]
hudecam: bets $6
TheU10: calls $6
*** RIVER *** [6c Td 5h Tc] [5c]
hudecam: bets $6
TheU10: raises $6 to $12
hudecam: raises $2.26 to $14.26 and is all-in
TheU10: calls $2.26
*** SHOW DOWN ***
hudecam: shows [9s Th] (a full house, Tens full of Fives)
TheU10: shows [5s Kh] (a full house, Fives full of Tens)
hudecam collected $76.02 from pot
*** SUMMARY ***
Total pot $76.52 | Rake $0.50
Board [6c Td 5h Tc 5c]
Seat 1: TheU10 (button) (small blind) showed [5s Kh] and lost with a full house, Fives full of Tens
Seat 2: hudecam (big blind) showed [9s Th] and won ($76.02) with a full house, Tens full of Fives


PokerStars Hand #147935636636:  Hold'em Limit ($3/$6 USD) - 2016/01/30 10:54:15 ET
Table 'Skiff II' 2-max Seat #1 is the button
Seat 1: TheU10 ($83.76 in chips)
Seat 2: hudecam ($64.02 in chips)
TheU10: posts small blind $1
hudecam: posts big blind $3
*** HOLE CARDS ***
TheU10: folds
Uncalled bet ($2) returned to hudecam
hudecam collected $2 from pot
hudecam: doesn't show hand
*** SUMMARY ***
Total pot $2 | Rake $0
Seat 1: TheU10 (button) (small blind) folded before Flop
Seat 2: hudecam (big blind) collected ($2)


PokerStars Hand #147935625084:  Hold'em Limit ($3/$6 USD) - 2016/01/30 10:54:03 ET
Table 'Skiff II' 2-max Seat #2 is the button
Seat 1: TheU10 ($72.24 in chips)
Seat 2: hudecam ($76.02 in chips)
hudecam: posts small blind $1
TheU10: posts big blind $3
*** HOLE CARDS ***
hudecam: raises $3 to $6
TheU10: calls $3
*** FLOP *** [9d 2c 3s]
TheU10: checks
hudecam: bets $3
TheU10: raises $3 to $6
hudecam: calls $3
*** TURN *** [9d 2c 3s] [Kd]
TheU10: bets $6
hudecam: folds
Uncalled bet ($6) returned to TheU10
TheU10 collected $23.52 from pot
TheU10: doesn't show hand
*** SUMMARY ***
Total pot $24 | Rake $0.48
Board [9d 2c 3s Kd]
Seat 1: TheU10 (big blind) collected ($23.52)
Seat 2: hudecam (button) (small blind) folded on the Turn


PokerStars Hand #147935640387:  Hold'em Limit ($3/$6 USD) - 2016/01/30 10:54:20 ET
Table 'Skiff II' 2-max Seat #2 is the button
Seat 1: TheU10 ($82.76 in chips)
Seat 2: hudecam ($65.02 in chips)
hudecam: posts small blind $1
TheU10: posts big blind $3
*** HOLE CARDS ***
hudecam: raises $3 to $6
TheU10: calls $3
*** FLOP *** [3c 7s 5d]
TheU10: checks
hudecam: bets $3
TheU10: raises $3 to $6
hudecam: raises $3 to $9
TheU10: calls $3
*** TURN *** [3c 7s 5d] [4s]
TheU10: checks
hudecam: bets $6
TheU10: raises $6 to $12
hudecam: raises $6 to $18
TheU10: raises $6 to $24
Betting is capped
hudecam: calls $6
*** RIVER *** [3c 7s 5d 4s] [Ah]
TheU10: bets $6
hudecam: raises $6 to $12
TheU10: calls $6
*** SHOW DOWN ***
hudecam: shows [6h 3s] (a straight, Three to Seven)
TheU10: shows [Qd 6c] (a straight, Three to Seven)
TheU10 collected $50.75 from pot
hudecam collected $50.75 from pot
*** SUMMARY ***
Total pot $102 | Rake $0.50
Board [3c 7s 5d 4s Ah]
Seat 1: TheU10 (big blind) showed [Qd 6c] and won ($50.75) with a straight, Three to Seven
Seat 2: hudecam (button) (small blind) showed [6h 3s] and won ($50.75) with a straight, Three to Seven


PokerStars Hand #147935659538:  Hold'em Limit ($3/$6 USD) - 2016/01/30 10:54:41 ET
Table 'Skiff II' 2-max Seat #1 is the button
Seat 1: TheU10 ($82.51 in chips)
Seat 2: hudecam ($64.77 in chips)
TheU10: posts small blind $1
hudecam: posts big blind $3
*** HOLE CARDS ***
TheU10: raises $3 to $6
hudecam: raises $3 to $9
TheU10: calls $3
*** FLOP *** [Jh 2c Qh]
hudecam: bets $3
TheU10: folds
Uncalled bet ($3) returned to hudecam
hudecam collected $17.64 from pot
hudecam: doesn't show hand
*** SUMMARY ***
Total pot $18 | Rake $0.36
Board [Jh 2c Qh]
Seat 1: TheU10 (button) (small blind) folded on the Flop
Seat 2: hudecam (big blind) collected ($17.64)


PokerStars Hand #147935667383:  Hold'em Limit ($3/$6 USD) - 2016/01/30 10:54:49 ET
Table 'Skiff II' 2-max Seat #2 is the button
Seat 1: TheU10 ($73.51 in chips)
Seat 2: hudecam ($73.41 in chips)
hudecam: posts small blind $1
TheU10: posts big blind $3
*** HOLE CARDS ***
hudecam: raises $3 to $6
TheU10: calls $3
*** FLOP *** [8s 7d 7h]
TheU10: checks
hudecam: bets $3
TheU10: folds
Uncalled bet ($3) returned to hudecam
hudecam collected $11.76 from pot
hudecam: doesn't show hand
*** SUMMARY ***
Total pot $12 | Rake $0.24
Board [8s 7d 7h]
Seat 1: TheU10 (big blind) folded on the Flop
Seat 2: hudecam (button) (small blind) collected ($11.76)


PokerStars Hand #147935677505:  Hold'em Limit ($3/$6 USD) - 2016/01/30 10:55:00 ET
Table 'Skiff II' 2-max Seat #1 is the button
Seat 1: TheU10 ($67.51 in chips)
Seat 2: hudecam ($79.17 in chips)
TheU10: posts small blind $1
hudecam: posts big blind $3
*** HOLE CARDS ***
TheU10: raises $3 to $6
hudecam: calls $3
*** FLOP *** [7c 5d Tc]
hudecam: checks
TheU10: checks
*** TURN *** [7c 5d Tc] [Qh]
hudecam: checks
TheU10: checks
*** RIVER *** [7c 5d Tc Qh] [5s]
hudecam: checks
TheU10: bets $6
hudecam: folds
Uncalled bet ($6) returned to TheU10
TheU10 collected $11.76 from pot
TheU10: doesn't show hand
*** SUMMARY ***
Total pot $12 | Rake $0.24
Board [7c 5d Tc Qh 5s]
Seat 1: TheU10 (button) (small blind) collected ($11.76)
Seat 2: hudecam (big blind) folded on the River


PokerStars Hand #147935699312:  Hold'em Limit ($3/$6 USD) - 2016/01/30 10:55:27 ET
Table 'Skiff II' 2-max Seat #1 is the button
Seat 1: TheU10 ($67.27 in chips)
Seat 2: hudecam ($78.93 in chips)
TheU10: posts small blind $1
hudecam: posts big blind $3
*** HOLE CARDS ***
TheU10: raises $3 to $6
hudecam: folds
Uncalled bet ($3) returned to TheU10
TheU10 collected $6 from pot
TheU10: doesn't show hand
*** SUMMARY ***
Total pot $6 | Rake $0
Seat 1: TheU10 (button) (small blind) collected ($6)
Seat 2: hudecam (big blind) folded before Flop


PokerStars Hand #147935693622:  Hold'em Limit ($3/$6 USD) - 2016/01/30 10:55:19 ET
Table 'Skiff II' 2-max Seat #2 is the button
Seat 1: TheU10 ($73.27 in chips)
Seat 2: hudecam ($73.17 in chips)
hudecam: posts small blind $1
TheU10: posts big blind $3
*** HOLE CARDS ***
hudecam: raises $3 to $6
TheU10: calls $3
*** FLOP *** [Jc 7s Kh]
TheU10: checks
hudecam: bets $3
TheU10: folds
Uncalled bet ($3) returned to hudecam
hudecam collected $11.76 from pot
hudecam: doesn't show hand
*** SUMMARY ***
Total pot $12 | Rake $0.24
Board [Jc 7s Kh]
Seat 1: TheU10 (big blind) folded on the Flop
Seat 2: hudecam (button) (small blind) collected ($11.76)


PokerStars Hand #147935702640:  Hold'em Limit ($3/$6 USD) - 2016/01/30 10:55:32 ET
Table 'Skiff II' 2-max Seat #2 is the button
Seat 1: TheU10 ($70.27 in chips)
Seat 2: hudecam ($75.93 in chips)
hudecam: posts small blind $1
TheU10: posts big blind $3
*** HOLE CARDS ***
hudecam: raises $3 to $6
TheU10: calls $3
*** FLOP *** [Qs Jc Qd]
TheU10: checks
hudecam: bets $3
TheU10: calls $3
*** TURN *** [Qs Jc Qd] [Tc]
TheU10: checks
hudecam: bets $6
TheU10: calls $6
*** RIVER *** [Qs Jc Qd Tc] [Jd]
TheU10: checks
hudecam: bets $6
TheU10: folds
Uncalled bet ($6) returned to hudecam
hudecam collected $29.50 from pot
hudecam: doesn't show hand
*** SUMMARY ***
Total pot $30 | Rake $0.50
Board [Qs Jc Qd Tc Jd]
Seat 1: TheU10 (big blind) folded on the River
Seat 2: hudecam (button) (small blind) collected ($29.50)


PokerStars Hand #147935717666:  Hold'em Limit ($3/$6 USD) - 2016/01/30 10:55:53 ET
Table 'Skiff II' 2-max Seat #1 is the button
Seat 1: TheU10 ($55.27 in chips)
Seat 2: hudecam ($90.43 in chips)
TheU10: posts small blind $1
hudecam: posts big blind $3
*** HOLE CARDS ***
TheU10: raises $3 to $6
hudecam: raises $3 to $9
TheU10: calls $3
*** FLOP *** [9d Qd Kh]
hudecam: bets $3
TheU10: calls $3
*** TURN *** [9d Qd Kh] [Qh]
hudecam: bets $6
TheU10: calls $6
*** RIVER *** [9d Qd Kh Qh] [8s]
hudecam: bets $6
TheU10: calls $6
*** SHOW DOWN ***
hudecam: shows [Ad 9h] (two pair, Queens and Nines)
TheU10: mucks hand
hudecam collected $47.50 from pot
*** SUMMARY ***
Total pot $48 | Rake $0.50
Board [9d Qd Kh Qh 8s]
Seat 1: TheU10 (button) (small blind) mucked
Seat 2: hudecam (big blind) showed [Ad 9h] and won ($47.50) with two pair, Queens and Nines


PokerStars Hand #147935729779:  Hold'em Limit ($3/$6 USD) - 2016/01/30 10:56:11 ET
Table 'Skiff II' 2-max Seat #2 is the button
Seat 1: TheU10 ($31.27 in chips)
Seat 2: hudecam ($113.93 in chips)
hudecam: posts small blind $1
TheU10: posts big blind $3
*** HOLE CARDS ***
hudecam: folds
Uncalled bet ($2) returned to TheU10
TheU10 collected $2 from pot
TheU10: doesn't show hand
*** SUMMARY ***
Total pot $2 | Rake $0
Seat 1: TheU10 (big blind) collected ($2)
Seat 2: hudecam (button) (small blind) folded before Flop


PokerStars Hand #147935733865:  Hold'em Limit ($3/$6 USD) - 2016/01/30 10:56:17 ET
Table 'Skiff II' 2-max Seat #1 is the button
Seat 1: TheU10 ($112.27 in chips)
Seat 2: hudecam ($112.93 in chips)
TheU10: posts small blind $1
hudecam: posts big blind $3
*** HOLE CARDS ***
TheU10: raises $3 to $6
hudecam: calls $3
*** FLOP *** [2h 3c 2d]
hudecam: checks
TheU10: bets $3
hudecam: calls $3
*** TURN *** [2h 3c 2d] [4h]
hudecam: checks
TheU10: bets $6
hudecam: raises $6 to $12
TheU10: calls $6
*** RIVER *** [2h 3c 2d 4h] [6s]
hudecam: bets $6
TheU10: raises $6 to $12
hudecam: raises $6 to $18
TheU10: calls $6
*** SHOW DOWN ***
hudecam: shows [Ad 5h] (a straight, Deuce to Six)
TheU10: shows [5c 3d] (a straight, Deuce to Six)
hudecam collected $38.75 from pot
TheU10 collected $38.75 from pot
*** SUMMARY ***
Total pot $78 | Rake $0.50
Board [2h 3c 2d 4h 6s]
Seat 1: TheU10 (button) (small blind) showed [5c 3d] and won ($38.75) with a straight, Deuce to Six
Seat 2: hudecam (big blind) showed [Ad 5h] and won ($38.75) with a straight, Deuce to Six


