PokerStars Hand #166561522117:  Hold'em Limit ($3/$6 USD) - 2017/02/21 13:33:12 ET
Table 'Skiff' 6-max Seat #6 is the button
Seat 3: komnor4 ($53.46 in chips)
Seat 6: kia7YHA ($30.81 in chips)
kia7YHA: posts small blind $1
komnor4: posts big blind $3
*** HOLE CARDS ***
kia7YHA: raises $3 to $6
komnor4: calls $3
*** FLOP *** [3d 5c Kd]
komnor4: checks
kia7YHA: bets $3
komnor4: calls $3
*** TURN *** [3d 5c Kd] [8c]
komnor4: checks
JoeBlack1982 joins the table at seat #5
kia7YHA: bets $6
komnor4: calls $6
*** RIVER *** [3d 5c Kd 8c] [Jd]
komnor4: checks
kia7YHA: bets $6
komnor4: folds
Uncalled bet ($6) returned to kia7YHA
kia7YHA collected $29.50 from pot
kia7YHA: doesn't show hand
*** SUMMARY ***
Total pot $30 | Rake $0.50
Board [3d 5c Kd 8c Jd]
Seat 3: komnor4 (big blind) folded on the River
Seat 6: kia7YHA (button) (small blind) collected ($29.50)


PokerStars Hand #166562273417:  Hold'em Limit ($3/$6 USD) - 2017/02/21 13:46:59 ET
Table 'Skiff' 6-max Seat #3 is the button
Seat 3: kia7YHA ($54.17 in chips)
Seat 6: komnor4 ($39.76 in chips)
kia7YHA: posts small blind $1
komnor4: posts big blind $3
*** HOLE CARDS ***
kia7YHA: calls $2
komnor4: raises $3 to $6
kia7YHA: calls $3
*** FLOP *** [2h 8c Td]
komnor4: bets $3
kia7YHA: folds
Uncalled bet ($3) returned to komnor4
komnor4 collected $11.76 from pot
komnor4: doesn't show hand
*** SUMMARY ***
Total pot $12 | Rake $0.24
Board [2h 8c Td]
Seat 3: kia7YHA (button) (small blind) folded on the Flop
Seat 6: komnor4 (big blind) collected ($11.76)


PokerStars Hand #166562262723:  Hold'em Limit ($3/$6 USD) - 2017/02/21 13:46:47 ET
Table 'Skiff' 6-max Seat #6 is the button
Seat 3: kia7YHA ($45.53 in chips)
Seat 6: komnor4 ($48.76 in chips)
komnor4: posts small blind $1
kia7YHA: posts big blind $3
*** HOLE CARDS ***
komnor4: raises $3 to $6
kia7YHA: calls $3
*** FLOP *** [Kd 7h Ad]
kia7YHA: bets $3
komnor4: calls $3
*** TURN *** [Kd 7h Ad] [Ts]
kia7YHA: bets $6
komnor4: folds
Uncalled bet ($6) returned to kia7YHA
kia7YHA collected $17.64 from pot
kia7YHA: doesn't show hand
*** SUMMARY ***
Total pot $18 | Rake $0.36
Board [Kd 7h Ad Ts]
Seat 3: kia7YHA (big blind) collected ($17.64)
Seat 6: komnor4 (button) (small blind) folded on the Turn


PokerStars Hand #166562282385:  Hold'em Limit ($3/$6 USD) - 2017/02/21 13:47:08 ET
Table 'Skiff' 6-max Seat #6 is the button
Seat 3: kia7YHA ($48.17 in chips)
Seat 6: komnor4 ($45.52 in chips)
komnor4: posts small blind $1
kia7YHA: posts big blind $3
*** HOLE CARDS ***
komnor4: raises $3 to $6
kia7YHA: calls $3
*** FLOP *** [Ts Qs 5s]
kia7YHA: checks
komnor4: bets $3
kia7YHA: calls $3
*** TURN *** [Ts Qs 5s] [Ah]
kia7YHA: checks
komnor4: bets $6
kia7YHA: calls $6
*** RIVER *** [Ts Qs 5s Ah] [3s]
kia7YHA: checks
komnor4: checks
*** SHOW DOWN ***
kia7YHA: shows [As 9c] (a flush, Ace high)
komnor4: mucks hand
Jack_Wu1985 joins the table at seat #4
kia7YHA collected $29.50 from pot
*** SUMMARY ***
Total pot $30 | Rake $0.50
Board [Ts Qs 5s Ah 3s]
Seat 3: kia7YHA (big blind) showed [As 9c] and won ($29.50) with a flush, Ace high
Seat 6: komnor4 (button) (small blind) mucked


PokerStars Hand #166562312381:  Hold'em Limit ($3/$6 USD) - 2017/02/21 13:47:41 ET
Table 'Skiff' 6-max Seat #4 is the button
Seat 4: Jack_Wu1985 ($122.82 in chips)
Seat 5: krytalex ($120 in chips)
Jack_Wu1985: posts small blind $1
krytalex: posts big blind $3
*** HOLE CARDS ***
kia7YHA leaves the table
Jack_Wu1985: raises $3 to $6
komnor4 leaves the table
krytalex: folds
Uncalled bet ($3) returned to Jack_Wu1985
Jack_Wu1985 collected $6 from pot
Jack_Wu1985: doesn't show hand
*** SUMMARY ***
Total pot $6 | Rake $0
Seat 4: Jack_Wu1985 (button) (small blind) collected ($6)
Seat 5: krytalex (big blind) folded before Flop


PokerStars Hand #166562864085:  Hold'em Limit ($3/$6 USD) - 2017/02/21 13:58:19 ET
Table 'Skiff' 6-max Seat #4 is the button
Seat 4: Dzixtarr ($197 in chips)
Seat 5: krytalex ($120 in chips)
Dzixtarr: posts small blind $1
krytalex: posts big blind $3
*** HOLE CARDS ***
Dzixtarr: folds
Uncalled bet ($2) returned to krytalex
krytalex collected $2 from pot
*** SUMMARY ***
Total pot $2 | Rake $0
Seat 4: Dzixtarr (button) (small blind) folded before Flop
Seat 5: krytalex (big blind) collected ($2)


PokerStars Hand #166562854066:  Hold'em Limit ($3/$6 USD) - 2017/02/21 13:58:05 ET
Table 'Skiff' 6-max Seat #5 is the button
Seat 4: Dzixtarr ($200 in chips)
Seat 5: krytalex ($117 in chips)
krytalex: posts small blind $1
Dzixtarr: posts big blind $3
*** HOLE CARDS ***
sokol-max-PS joins the table at seat #6
krytalex: raises $3 to $6
Dzixtarr: folds
Uncalled bet ($3) returned to krytalex
krytalex collected $6 from pot
*** SUMMARY ***
Total pot $6 | Rake $0
Seat 4: Dzixtarr (big blind) folded before Flop
Seat 5: krytalex (button) (small blind) collected ($6)


PokerStars Hand #166562891363:  Hold'em Limit ($3/$6 USD) - 2017/02/21 13:58:55 ET
Table 'Skiff' 6-max Seat #6 is the button
Seat 4: Dzixtarr ($213.89 in chips)
Seat 6: sokol-max-PS ($125.99 in chips)
sokol-max-PS: posts small blind $1
Dzixtarr: posts big blind $3
*** HOLE CARDS ***
sokol-max-PS: folds
Uncalled bet ($2) returned to Dzixtarr
Dzixtarr collected $2 from pot
Dzixtarr: doesn't show hand
*** SUMMARY ***
Total pot $2 | Rake $0
Seat 4: Dzixtarr (big blind) collected ($2)
Seat 6: sokol-max-PS (button) (small blind) folded before Flop


PokerStars Hand #166562886428:  Hold'em Limit ($3/$6 USD) - 2017/02/21 13:58:48 ET
Table 'Skiff' 6-max Seat #4 is the button
Seat 4: Dzixtarr ($210.89 in chips)
Seat 6: sokol-max-PS ($128.99 in chips)
Dzixtarr: posts small blind $1
krytalex: is sitting out
sokol-max-PS: posts big blind $3
*** HOLE CARDS ***
Dzixtarr: raises $3 to $6
sokol-max-PS: folds
Uncalled bet ($3) returned to Dzixtarr
Dzixtarr collected $6 from pot
Dzixtarr: doesn't show hand
*** SUMMARY ***
Total pot $6 | Rake $0
Seat 4: Dzixtarr (button) (small blind) collected ($6)
Seat 6: sokol-max-PS (big blind) folded before Flop


PokerStars Hand #166562894975:  Hold'em Limit ($3/$6 USD) - 2017/02/21 13:59:00 ET
Table 'Skiff' 6-max Seat #4 is the button
Seat 4: Dzixtarr ($214.89 in chips)
Seat 6: sokol-max-PS ($124.99 in chips)
Dzixtarr: posts small blind $1
sokol-max-PS: posts big blind $3
*** HOLE CARDS ***
Dzixtarr: folds
Uncalled bet ($2) returned to sokol-max-PS
sokol-max-PS collected $2 from pot
*** SUMMARY ***
Total pot $2 | Rake $0
Seat 4: Dzixtarr (button) (small blind) folded before Flop
Seat 6: sokol-max-PS (big blind) collected ($2)


PokerStars Hand #166563130524:  Hold'em Limit ($3/$6 USD) - 2017/02/21 14:03:40 ET
Table 'Skiff' 6-max Seat #3 is the button
Seat 3: hairy1961 ($78.50 in chips)
Seat 4: OnlyLuck111 ($91 in chips)
hairy1961: posts small blind $1
OnlyLuck111: posts big blind $3
*** HOLE CARDS ***
hairy1961: folds
Uncalled bet ($2) returned to OnlyLuck111
OnlyLuck111 collected $2 from pot
*** SUMMARY ***
Total pot $2 | Rake $0
Seat 3: hairy1961 (button) (small blind) folded before Flop
Seat 4: OnlyLuck111 (big blind) collected ($2)


PokerStars Hand #166563102988:  Hold'em Limit ($3/$6 USD) - 2017/02/21 14:03:10 ET
Table 'Skiff' 6-max Seat #4 is the button
Seat 3: hairy1961 ($49 in chips)
Seat 4: OnlyLuck111 ($121 in chips)
OnlyLuck111: posts small blind $1
hairy1961: posts big blind $3
*** HOLE CARDS ***
OnlyLuck111: raises $3 to $6
hairy1961: calls $3
*** FLOP *** [Kh 2d 9c]
hairy1961: checks
OnlyLuck111: bets $3
hairy1961: raises $3 to $6
OnlyLuck111: calls $3
*** TURN *** [Kh 2d 9c] [5s]
hairy1961: bets $6
OnlyLuck111: raises $6 to $12
hairy1961: calls $6
*** RIVER *** [Kh 2d 9c 5s] [9h]
hairy1961: bets $6
OnlyLuck111: calls $6
*** SHOW DOWN ***
hairy1961: shows [9d Qh] (three of a kind, Nines)
OnlyLuck111: mucks hand
hairy1961 collected $59.50 from pot
*** SUMMARY ***
Total pot $60 | Rake $0.50
Board [Kh 2d 9c 5s 9h]
Seat 3: hairy1961 (big blind) showed [9d Qh] and won ($59.50) with three of a kind, Nines
Seat 4: OnlyLuck111 (button) (small blind) mucked


PokerStars Hand #166563091724:  Hold'em Limit ($3/$6 USD) - 2017/02/21 14:02:58 ET
Table 'Skiff' 6-max Seat #3 is the button
Seat 3: hairy1961 ($50 in chips)
Seat 4: OnlyLuck111 ($120 in chips)
hairy1961: posts small blind $1
OnlyLuck111: posts big blind $3
*** HOLE CARDS ***
hairy1961: folds
Uncalled bet ($2) returned to OnlyLuck111
OnlyLuck111 collected $2 from pot
*** SUMMARY ***
Total pot $2 | Rake $0
Seat 3: hairy1961 (button) (small blind) folded before Flop
Seat 4: OnlyLuck111 (big blind) collected ($2)


PokerStars Hand #166563184093:  Hold'em Limit ($3/$6 USD) - 2017/02/21 14:04:38 ET
Table 'Skiff' 6-max Seat #4 is the button
Seat 3: hairy1961 ($79 in chips)
Seat 4: OnlyLuck111 ($89.64 in chips)
OnlyLuck111: posts small blind $1
hairy1961: posts big blind $3
*** HOLE CARDS ***
OnlyLuck111: raises $3 to $6
hairy1961: calls $3
*** FLOP *** [2h Ah 5s]
hairy1961: bets $3
OnlyLuck111: calls $3
*** TURN *** [2h Ah 5s] [9h]
hairy1961: checks
OnlyLuck111: bets $6
hairy1961: folds
Uncalled bet ($6) returned to OnlyLuck111
OnlyLuck111 collected $17.64 from pot
*** SUMMARY ***
Total pot $18 | Rake $0.36
Board [2h Ah 5s 9h]
Seat 3: hairy1961 (big blind) folded on the Turn
Seat 4: OnlyLuck111 (button) (small blind) collected ($17.64)


PokerStars Hand #166563178448:  Hold'em Limit ($3/$6 USD) - 2017/02/21 14:04:32 ET
Table 'Skiff' 6-max Seat #3 is the button
Seat 3: hairy1961 ($80 in chips)
Seat 4: OnlyLuck111 ($88.64 in chips)
hairy1961: posts small blind $1
OnlyLuck111: posts big blind $3
*** HOLE CARDS ***
hairy1961: folds
Uncalled bet ($2) returned to OnlyLuck111
OnlyLuck111 collected $2 from pot
*** SUMMARY ***
Total pot $2 | Rake $0
Seat 3: hairy1961 (button) (small blind) folded before Flop
Seat 4: OnlyLuck111 (big blind) collected ($2)


PokerStars Hand #166563173221:  Hold'em Limit ($3/$6 USD) - 2017/02/21 14:04:27 ET
Table 'Skiff' 6-max Seat #4 is the button
Seat 3: hairy1961 ($83 in chips)
Seat 4: OnlyLuck111 ($85.64 in chips)
OnlyLuck111: posts small blind $1
hairy1961: posts big blind $3
*** HOLE CARDS ***
OnlyLuck111: raises $3 to $6
hairy1961: folds
Uncalled bet ($3) returned to OnlyLuck111
OnlyLuck111 collected $6 from pot
*** SUMMARY ***
Total pot $6 | Rake $0
Seat 3: hairy1961 (big blind) folded before Flop
Seat 4: OnlyLuck111 (button) (small blind) collected ($6)


PokerStars Hand #166563159478:  Hold'em Limit ($3/$6 USD) - 2017/02/21 14:04:12 ET
Table 'Skiff' 6-max Seat #3 is the button
Seat 3: hairy1961 ($92 in chips)
Seat 4: OnlyLuck111 ($77 in chips)
hairy1961: posts small blind $1
OnlyLuck111: posts big blind $3
*** HOLE CARDS ***
hairy1961: raises $3 to $6
OnlyLuck111: calls $3
*** FLOP *** [Ad 2h 9h]
OnlyLuck111: checks
hairy1961: bets $3
OnlyLuck111: raises $3 to $6
hairy1961: folds
Uncalled bet ($3) returned to OnlyLuck111
OnlyLuck111 collected $17.64 from pot
*** SUMMARY ***
Total pot $18 | Rake $0.36
Board [Ad 2h 9h]
Seat 3: hairy1961 (button) (small blind) folded on the Flop
Seat 4: OnlyLuck111 (big blind) collected ($17.64)


PokerStars Hand #166563135779:  Hold'em Limit ($3/$6 USD) - 2017/02/21 14:03:46 ET
Table 'Skiff' 6-max Seat #4 is the button
Seat 3: hairy1961 ($77.50 in chips)
Seat 4: OnlyLuck111 ($92 in chips)
OnlyLuck111: posts small blind $1
hairy1961: posts big blind $3
*** HOLE CARDS ***
OnlyLuck111: raises $3 to $6
hairy1961: calls $3
*** FLOP *** [8s Ah 3s]
hairy1961: checks
OnlyLuck111: bets $3
hairy1961: calls $3
*** TURN *** [8s Ah 3s] [5d]
hairy1961: checks
OnlyLuck111: bets $6
hairy1961: calls $6
*** RIVER *** [8s Ah 3s 5d] [2s]
hairy1961: checks
OnlyLuck111: checks
*** SHOW DOWN ***
hairy1961: shows [7d 8c] (a pair of Eights)
OnlyLuck111: mucks hand
hairy1961 collected $29.50 from pot
*** SUMMARY ***
Total pot $30 | Rake $0.50
Board [8s Ah 3s 5d 2s]
Seat 3: hairy1961 (big blind) showed [7d 8c] and won ($29.50) with a pair of Eights
Seat 4: OnlyLuck111 (button) (small blind) mucked


PokerStars Hand #166563237441:  Hold'em Limit ($3/$6 USD) - 2017/02/21 14:05:36 ET
Table 'Skiff' 6-max Seat #3 is the button
Seat 3: hairy1961 ($111 in chips)
Seat 4: OnlyLuck111 ($56.28 in chips)
hairy1961: posts small blind $1
OnlyLuck111: posts big blind $3
*** HOLE CARDS ***
LouisB joins the table at seat #5
hairy1961: folds
Uncalled bet ($2) returned to OnlyLuck111
OnlyLuck111 collected $2 from pot
*** SUMMARY ***
Total pot $2 | Rake $0
Seat 3: hairy1961 (button) (small blind) folded before Flop
Seat 4: OnlyLuck111 (big blind) collected ($2)


PokerStars Hand #166563216056:  Hold'em Limit ($3/$6 USD) - 2017/02/21 14:05:13 ET
Table 'Skiff' 6-max Seat #4 is the button
Seat 3: hairy1961 ($84.50 in chips)
Seat 4: OnlyLuck111 ($83.28 in chips)
OnlyLuck111: posts small blind $1
hairy1961: posts big blind $3
*** HOLE CARDS ***
OnlyLuck111: raises $3 to $6
hairy1961: calls $3
*** FLOP *** [4h 3c 9c]
hairy1961: checks
OnlyLuck111: bets $3
hairy1961: calls $3
*** TURN *** [4h 3c 9c] [As]
hairy1961: bets $6
OnlyLuck111: raises $6 to $12
hairy1961: calls $6
*** RIVER *** [4h 3c 9c As] [8c]
hairy1961: bets $6
OnlyLuck111: calls $6
*** SHOW DOWN ***
hairy1961: shows [6c Kc] (a flush, King high)
OnlyLuck111: mucks hand
hairy1961 collected $53.50 from pot
*** SUMMARY ***
Total pot $54 | Rake $0.50
Board [4h 3c 9c As 8c]
Seat 3: hairy1961 (big blind) showed [6c Kc] and won ($53.50) with a flush, King high
Seat 4: OnlyLuck111 (button) (small blind) mucked


PokerStars Hand #166563201472:  Hold'em Limit ($3/$6 USD) - 2017/02/21 14:04:57 ET
Table 'Skiff' 6-max Seat #3 is the button
Seat 3: hairy1961 ($70 in chips)
Seat 4: OnlyLuck111 ($98.28 in chips)
hairy1961: posts small blind $1
OnlyLuck111: posts big blind $3
*** HOLE CARDS ***
hairy1961: raises $3 to $6
OnlyLuck111: calls $3
*** FLOP *** [Kc Jh Th]
OnlyLuck111: checks
hairy1961: bets $3
OnlyLuck111: raises $3 to $6
hairy1961: raises $3 to $9
OnlyLuck111: calls $3
*** TURN *** [Kc Jh Th] [6s]
OnlyLuck111: checks
hairy1961: bets $6
OnlyLuck111: folds
Uncalled bet ($6) returned to hairy1961
hairy1961 collected $29.50 from pot
*** SUMMARY ***
Total pot $30 | Rake $0.50
Board [Kc Jh Th 6s]
Seat 3: hairy1961 (button) (small blind) collected ($29.50)
Seat 4: OnlyLuck111 (big blind) folded on the Turn


PokerStars Hand #166563405700:  Hold'em Limit ($3/$6 USD) - 2017/02/21 14:08:27 ET
Table 'Skiff' 6-max Seat #5 is the button
Seat 4: OnlyLuck111 ($112.12 in chips)
Seat 5: LouisB ($143.17 in chips)
LouisB: posts small blind $1
hairy1961: is sitting out
OnlyLuck111: posts big blind $3
*** HOLE CARDS ***
LouisB: raises $3 to $6
OnlyLuck111: calls $3
*** FLOP *** [8d Kc 5c]
OnlyLuck111: checks
hairy1961 leaves the table
LouisB: checks
*** TURN *** [8d Kc 5c] [6h]
OnlyLuck111: bets $6
LouisB: calls $6
*** RIVER *** [8d Kc 5c 6h] [5s]
OnlyLuck111: bets $6
LouisB: raises $6 to $12
OnlyLuck111: folds
Uncalled bet ($6) returned to LouisB
LouisB collected $35.50 from pot
LouisB: doesn't show hand
*** SUMMARY ***
Total pot $36 | Rake $0.50
Board [8d Kc 5c 6h 5s]
Seat 4: OnlyLuck111 (big blind) folded on the River
Seat 5: LouisB (button) (small blind) collected ($35.50)


PokerStars Hand #166564304257:  Hold'em Limit ($3/$6 USD) - 2017/02/21 14:24:35 ET
Table 'Skiff' 6-max Seat #1 is the button
Seat 1: GAMBIT XMAN ($24.57 in chips)
Seat 4: OnlyLuck111 ($108.62 in chips)
GAMBIT XMAN: posts small blind $1
OnlyLuck111: posts big blind $3
*** HOLE CARDS ***
234599330 joins the table at seat #6
GAMBIT XMAN: raises $3 to $6
OnlyLuck111: calls $3
*** FLOP *** [2d 2s 5d]
OnlyLuck111: checks
GAMBIT XMAN: checks
*** TURN *** [2d 2s 5d] [4d]
OnlyLuck111: bets $6
GAMBIT XMAN: calls $6
*** RIVER *** [2d 2s 5d 4d] [7d]
OnlyLuck111: checks
GAMBIT XMAN: checks
*** SHOW DOWN ***
OnlyLuck111: shows [4c 5c] (two pair, Fives and Fours)
GAMBIT XMAN: shows [6h 7h] (two pair, Sevens and Deuces)
GAMBIT XMAN collected $23.52 from pot
*** SUMMARY ***
Total pot $24 | Rake $0.48
Board [2d 2s 5d 4d 7d]
Seat 1: GAMBIT XMAN (button) (small blind) showed [6h 7h] and won ($23.52) with two pair, Sevens and Deuces
Seat 4: OnlyLuck111 (big blind) showed [4c 5c] and lost with two pair, Fives and Fours


PokerStars Hand #166571695973:  Hold'em Limit ($3/$6 USD) - 2017/02/21 16:38:53 ET
Table 'Skiff' 6-max Seat #3 is the button
Seat 2: Dzixtarr ($177.45 in chips)
Seat 3: RaisemyNut$ ($363.74 in chips)
RaisemyNut$: posts small blind $1
LouisB: is sitting out
Dzixtarr: posts big blind $3
*** HOLE CARDS ***
RaisemyNut$: raises $3 to $6
Dzixtarr: folds
Uncalled bet ($3) returned to RaisemyNut$
LouisB leaves the table
RaisemyNut$ collected $6 from pot
RaisemyNut$: doesn't show hand
*** SUMMARY ***
Total pot $6 | Rake $0
Seat 2: Dzixtarr (big blind) folded before Flop
Seat 3: RaisemyNut$ (button) (small blind) collected ($6)


PokerStars Hand #166571708643:  Hold'em Limit ($3/$6 USD) - 2017/02/21 16:39:07 ET
Table 'Skiff' 6-max Seat #3 is the button
Seat 2: Dzixtarr ($173.45 in chips)
Seat 3: RaisemyNut$ ($367.74 in chips)
RaisemyNut$: posts small blind $1
Dzixtarr: posts big blind $3
*** HOLE CARDS ***
RaisemyNut$: raises $3 to $6
Dzixtarr: folds
Uncalled bet ($3) returned to RaisemyNut$
RaisemyNut$ collected $6 from pot
RaisemyNut$: doesn't show hand
*** SUMMARY ***
Total pot $6 | Rake $0
Seat 2: Dzixtarr (big blind) folded before Flop
Seat 3: RaisemyNut$ (button) (small blind) collected ($6)


PokerStars Hand #166571704335:  Hold'em Limit ($3/$6 USD) - 2017/02/21 16:39:02 ET
Table 'Skiff' 6-max Seat #2 is the button
Seat 2: Dzixtarr ($174.45 in chips)
Seat 3: RaisemyNut$ ($366.74 in chips)
Dzixtarr: posts small blind $1
RaisemyNut$: posts big blind $3
*** HOLE CARDS ***
Dzixtarr: folds
Uncalled bet ($2) returned to RaisemyNut$
RaisemyNut$ collected $2 from pot
RaisemyNut$: doesn't show hand
*** SUMMARY ***
Total pot $2 | Rake $0
Seat 2: Dzixtarr (button) (small blind) folded before Flop
Seat 3: RaisemyNut$ (big blind) collected ($2)


