PokerStars Hand #148931362321:  Hold'em Limit ($3/$6 USD) - 2016/02/16 19:28:46 ET
Table 'Skiff' 6-max Seat #4 is the button
Seat 1: hockeynutz99 ($120 in chips)
Seat 4: BuzovaPro ($72 in chips)
BuzovaPro: posts small blind $1
hockeynutz99: posts big blind $3
*** HOLE CARDS ***
BuzovaPro: folds
Uncalled bet ($2) returned to hockeynutz99
hockeynutz99 collected $2 from pot
hockeynutz99: doesn't show hand
*** SUMMARY ***
Total pot $2 | Rake $0
Seat 1: hockeynutz99 (big blind) collected ($2)
Seat 4: BuzovaPro (button) (small blind) folded before Flop


PokerStars Hand #148931390770:  Hold'em Limit ($3/$6 USD) - 2016/02/16 19:29:30 ET
Table 'Skiff' 6-max Seat #4 is the button
Seat 1: hockeynutz99 ($126.76 in chips)
Seat 4: BuzovaPro ($72 in chips)
BuzovaPro: posts small blind $1
hockeynutz99: posts big blind $3
*** HOLE CARDS ***
PGuerra13 joins the table at seat #3
BuzovaPro: folds
Uncalled bet ($2) returned to hockeynutz99
hockeynutz99 collected $2 from pot
hockeynutz99: doesn't show hand
*** SUMMARY ***
Total pot $2 | Rake $0
Seat 1: hockeynutz99 (big blind) collected ($2)
Seat 4: BuzovaPro (button) (small blind) folded before Flop


PokerStars Hand #148931373995:  Hold'em Limit ($3/$6 USD) - 2016/02/16 19:29:04 ET
Table 'Skiff' 6-max Seat #1 is the button
Seat 1: hockeynutz99 ($121 in chips)
Seat 4: BuzovaPro ($72 in chips)
hockeynutz99: posts small blind $1
BuzovaPro: posts big blind $3
*** HOLE CARDS ***
hockeynutz99: raises $3 to $6
BuzovaPro: calls $3
*** FLOP *** [2c 7d 5d]
BuzovaPro: checks
hockeynutz99: bets $3
BuzovaPro: folds
Uncalled bet ($3) returned to hockeynutz99
hockeynutz99 collected $11.76 from pot
hockeynutz99: doesn't show hand
*** SUMMARY ***
Total pot $12 | Rake $0.24
Board [2c 7d 5d]
Seat 1: hockeynutz99 (button) (small blind) collected ($11.76)
Seat 4: BuzovaPro (big blind) folded on the Flop


PokerStars Hand #148932728055:  Hold'em Limit ($3/$6 USD) - 2016/02/16 20:06:59 ET
Table 'Skiff' 6-max Seat #3 is the button
Seat 2: livenuncut ($112.17 in chips)
Seat 3: Gullbrann ($169.60 in chips)
Gullbrann: posts small blind $1
B_loJkl: is sitting out
livenuncut: posts big blind $3
*** HOLE CARDS ***
Gullbrann: raises $3 to $6
B_loJkl leaves the table
livenuncut: folds
Uncalled bet ($3) returned to Gullbrann
Gullbrann collected $6 from pot
Gullbrann: doesn't show hand
*** SUMMARY ***
Total pot $6 | Rake $0
Seat 2: livenuncut (big blind) folded before Flop
Seat 3: Gullbrann (button) (small blind) collected ($6)


