PokerStars Hand #151649250941:  Hold'em Limit ($3/$6 USD) - 2016/04/09 3:12:42 ET
Table 'Skuld II' 6-max Seat #3 is the button
Seat 3: vladal 888 ($40 in chips)
Seat 4: VolkovDmitri ($120 in chips)
vladal 888: posts small blind $1
VolkovDmitri: posts big blind $3
*** HOLE CARDS ***
vladal 888: calls $2
VolkovDmitri: raises $3 to $6
vladal 888: calls $3
*** FLOP *** [Jd 4s Ad]
VolkovDmitri: bets $3
vladal 888: calls $3
*** TURN *** [Jd 4s Ad] [7h]
VolkovDmitri: checks
vladal 888: checks
*** RIVER *** [Jd 4s Ad 7h] [6s]
VolkovDmitri: bets $6
vladal 888: folds
Uncalled bet ($6) returned to VolkovDmitri
VolkovDmitri collected $17.64 from pot
VolkovDmitri: doesn't show hand
*** SUMMARY ***
Total pot $18 | Rake $0.36
Board [Jd 4s Ad 7h 6s]
Seat 3: vladal 888 (button) (small blind) folded on the River
Seat 4: VolkovDmitri (big blind) collected ($17.64)


PokerStars Hand #151649260058:  Hold'em Limit ($3/$6 USD) - 2016/04/09 3:13:10 ET
Table 'Skuld II' 6-max Seat #4 is the button
Seat 3: vladal 888 ($31 in chips)
Seat 4: VolkovDmitri ($128.64 in chips)
VolkovDmitri: posts small blind $1
vladal 888: posts big blind $3
*** HOLE CARDS ***
VolkovDmitri: raises $3 to $6
vladal 888: folds
Uncalled bet ($3) returned to VolkovDmitri
VolkovDmitri collected $6 from pot
VolkovDmitri: doesn't show hand
*** SUMMARY ***
Total pot $6 | Rake $0
Seat 3: vladal 888 (big blind) folded before Flop
Seat 4: VolkovDmitri (button) (small blind) collected ($6)


PokerStars Hand #151649262034:  Hold'em Limit ($3/$6 USD) - 2016/04/09 3:13:16 ET
Table 'Skuld II' 6-max Seat #3 is the button
Seat 3: vladal 888 ($28 in chips)
Seat 4: VolkovDmitri ($131.64 in chips)
vladal 888: posts small blind $1
VolkovDmitri: posts big blind $3
*** HOLE CARDS ***
vladal 888: folds
Uncalled bet ($2) returned to VolkovDmitri
VolkovDmitri collected $2 from pot
VolkovDmitri: doesn't show hand
*** SUMMARY ***
Total pot $2 | Rake $0
Seat 3: vladal 888 (button) (small blind) folded before Flop
Seat 4: VolkovDmitri (big blind) collected ($2)


PokerStars Hand #151649270853:  Hold'em Limit ($3/$6 USD) - 2016/04/09 3:13:43 ET
Table 'Skuld II' 6-max Seat #3 is the button
Seat 3: vladal 888 ($18 in chips)
Seat 4: VolkovDmitri ($141.28 in chips)
vladal 888: posts small blind $1
VolkovDmitri: posts big blind $3
*** HOLE CARDS ***
vladal 888: folds
Uncalled bet ($2) returned to VolkovDmitri
VolkovDmitri collected $2 from pot
VolkovDmitri: doesn't show hand
*** SUMMARY ***
Total pot $2 | Rake $0
Seat 3: vladal 888 (button) (small blind) folded before Flop
Seat 4: VolkovDmitri (big blind) collected ($2)


PokerStars Hand #151649263661:  Hold'em Limit ($3/$6 USD) - 2016/04/09 3:13:21 ET
Table 'Skuld II' 6-max Seat #4 is the button
Seat 3: vladal 888 ($27 in chips)
Seat 4: VolkovDmitri ($132.64 in chips)
VolkovDmitri: posts small blind $1
vladal 888: posts big blind $3
*** HOLE CARDS ***
VolkovDmitri: raises $3 to $6
vladal 888: calls $3
*** FLOP *** [6d 6h Qd]
vladal 888: checks
VolkovDmitri: bets $3
vladal 888: calls $3
*** TURN *** [6d 6h Qd] [8c]
vladal 888: checks
VolkovDmitri: bets $6
vladal 888: folds
Uncalled bet ($6) returned to VolkovDmitri
VolkovDmitri collected $17.64 from pot
VolkovDmitri: doesn't show hand
*** SUMMARY ***
Total pot $18 | Rake $0.36
Board [6d 6h Qd 8c]
Seat 3: vladal 888 (big blind) folded on the Turn
Seat 4: VolkovDmitri (button) (small blind) collected ($17.64)


PokerStars Hand #151649272582:  Hold'em Limit ($3/$6 USD) - 2016/04/09 3:13:48 ET
Table 'Skuld II' 6-max Seat #4 is the button
Seat 3: vladal 888 ($17 in chips)
Seat 4: VolkovDmitri ($142.28 in chips)
VolkovDmitri: posts small blind $1
vladal 888: posts big blind $3
*** HOLE CARDS ***
VolkovDmitri: raises $3 to $6
vladal 888: raises $3 to $9
VolkovDmitri: raises $3 to $12
Betting is capped
vladal 888: calls $3
*** FLOP *** [9c Kh 2h]
vladal 888: bets $3
VolkovDmitri: raises $3 to $6
vladal 888: calls $2 and is all-in
Uncalled bet ($1) returned to VolkovDmitri
*** TURN *** [9c Kh 2h] [4d]
*** RIVER *** [9c Kh 2h 4d] [3c]
*** SHOW DOWN ***
vladal 888: shows [6s 6h] (a pair of Sixes)
VolkovDmitri: shows [Ac Qd] (high card Ace)
vladal 888 collected $33.50 from pot
*** SUMMARY ***
Total pot $34 | Rake $0.50
Board [9c Kh 2h 4d 3c]
Seat 3: vladal 888 (big blind) showed [6s 6h] and won ($33.50) with a pair of Sixes
Seat 4: VolkovDmitri (button) (small blind) showed [Ac Qd] and lost with high card Ace


PokerStars Hand #151649278536:  Hold'em Limit ($3/$6 USD) - 2016/04/09 3:14:07 ET
Table 'Skuld II' 6-max Seat #3 is the button
Seat 3: vladal 888 ($33.50 in chips)
Seat 4: VolkovDmitri ($125.28 in chips)
vladal 888: posts small blind $1
VolkovDmitri: posts big blind $3
*** HOLE CARDS ***
vladal 888: raises $3 to $6
VolkovDmitri: raises $3 to $9
vladal 888: calls $3
*** FLOP *** [8d 9h 7c]
VolkovDmitri: bets $3
vladal 888: calls $3
*** TURN *** [8d 9h 7c] [3d]
VolkovDmitri: checks
vladal 888: checks
*** RIVER *** [8d 9h 7c 3d] [4s]
VolkovDmitri: checks
vladal 888: bets $6
VolkovDmitri: calls $6
*** SHOW DOWN ***
vladal 888: shows [6c 6s] (a pair of Sixes)
VolkovDmitri: mucks hand
vladal 888 collected $35.50 from pot
*** SUMMARY ***
Total pot $36 | Rake $0.50
Board [8d 9h 7c 3d 4s]
Seat 3: vladal 888 (button) (small blind) showed [6c 6s] and won ($35.50) with a pair of Sixes
Seat 4: VolkovDmitri (big blind) mucked


PokerStars Hand #151649285244:  Hold'em Limit ($3/$6 USD) - 2016/04/09 3:14:28 ET
Table 'Skuld II' 6-max Seat #4 is the button
Seat 3: vladal 888 ($51 in chips)
Seat 4: VolkovDmitri ($120 in chips)
VolkovDmitri: posts small blind $1
vladal 888: posts big blind $3
*** HOLE CARDS ***
VolkovDmitri: raises $3 to $6
vladal 888: folds
Uncalled bet ($3) returned to VolkovDmitri
VolkovDmitri collected $6 from pot
VolkovDmitri: doesn't show hand
*** SUMMARY ***
Total pot $6 | Rake $0
Seat 3: vladal 888 (big blind) folded before Flop
Seat 4: VolkovDmitri (button) (small blind) collected ($6)


PokerStars Hand #151649287273:  Hold'em Limit ($3/$6 USD) - 2016/04/09 3:14:34 ET
Table 'Skuld II' 6-max Seat #3 is the button
Seat 3: vladal 888 ($48 in chips)
Seat 4: VolkovDmitri ($123 in chips)
vladal 888: posts small blind $1
VolkovDmitri: posts big blind $3
*** HOLE CARDS ***
vladal 888: raises $3 to $6
VolkovDmitri: calls $3
*** FLOP *** [2h Qc 3s]
VolkovDmitri: checks
vladal 888: bets $3
VolkovDmitri: raises $3 to $6
vladal 888: calls $3
*** TURN *** [2h Qc 3s] [Qs]
VolkovDmitri: bets $6
vladal 888: calls $6
*** RIVER *** [2h Qc 3s Qs] [8s]
VolkovDmitri: bets $6
vladal 888: calls $6
*** SHOW DOWN ***
VolkovDmitri: shows [Ks 2c] (two pair, Queens and Deuces)
vladal 888: mucks hand
VolkovDmitri collected $47.50 from pot
*** SUMMARY ***
Total pot $48 | Rake $0.50
Board [2h Qc 3s Qs 8s]
Seat 3: vladal 888 (button) (small blind) mucked
Seat 4: VolkovDmitri (big blind) showed [Ks 2c] and won ($47.50) with two pair, Queens and Deuces


PokerStars Hand #151649293910:  Hold'em Limit ($3/$6 USD) - 2016/04/09 3:14:54 ET
Table 'Skuld II' 6-max Seat #4 is the button
Seat 3: vladal 888 ($24 in chips)
Seat 4: VolkovDmitri ($146.50 in chips)
VolkovDmitri: posts small blind $1
vladal 888: posts big blind $3
*** HOLE CARDS ***
VolkovDmitri: raises $3 to $6
vladal 888: raises $3 to $9
VolkovDmitri: calls $3
*** FLOP *** [6c 5d Ts]
vladal 888: bets $3
VolkovDmitri: calls $3
*** TURN *** [6c 5d Ts] [Qs]
vladal 888: bets $6
VolkovDmitri: folds
Uncalled bet ($6) returned to vladal 888
vladal 888 collected $23.52 from pot
*** SUMMARY ***
Total pot $24 | Rake $0.48
Board [6c 5d Ts Qs]
Seat 3: vladal 888 (big blind) collected ($23.52)
Seat 4: VolkovDmitri (button) (small blind) folded on the Turn


PokerStars Hand #151649299404:  Hold'em Limit ($3/$6 USD) - 2016/04/09 3:15:11 ET
Table 'Skuld II' 6-max Seat #3 is the button
Seat 3: vladal 888 ($35.52 in chips)
Seat 4: VolkovDmitri ($134.50 in chips)
vladal 888: posts small blind $1
VolkovDmitri: posts big blind $3
*** HOLE CARDS ***
vladal 888: calls $2
VolkovDmitri: raises $3 to $6
vladal 888: calls $3
*** FLOP *** [2s Qd 2d]
VolkovDmitri: bets $3
vladal 888: raises $3 to $6
VolkovDmitri: calls $3
*** TURN *** [2s Qd 2d] [Jd]
VolkovDmitri: checks
vladal 888: bets $6
VolkovDmitri: raises $6 to $12
vladal 888: raises $6 to $18
VolkovDmitri: raises $6 to $24
Betting is capped
vladal 888: calls $5.52 and is all-in
Uncalled bet ($0.48) returned to VolkovDmitri
*** RIVER *** [2s Qd 2d Jd] [7c]
*** SHOW DOWN ***
VolkovDmitri: shows [2c 4c] (three of a kind, Deuces)
vladal 888: shows [7d Qh] (two pair, Queens and Sevens)
VolkovDmitri collected $70.54 from pot
*** SUMMARY ***
Total pot $71.04 | Rake $0.50
Board [2s Qd 2d Jd 7c]
Seat 3: vladal 888 (button) (small blind) showed [7d Qh] and lost with two pair, Queens and Sevens
Seat 4: VolkovDmitri (big blind) showed [2c 4c] and won ($70.54) with three of a kind, Deuces


