PokerStars Hand #156572357400:  Hold'em Limit ($3/$6 USD) - 2016/07/28 19:27:54 ET
Table 'Skuld' 6-max Seat #3 is the button
Seat 3: RowntreWilly ($40 in chips)
Seat 4: BuzovaPro ($72 in chips)
RowntreWilly: posts small blind $1
BuzovaPro: posts big blind $3
*** HOLE CARDS ***
RowntreWilly: folds
Uncalled bet ($2) returned to BuzovaPro
BuzovaPro collected $2 from pot
BuzovaPro: doesn't show hand
*** SUMMARY ***
Total pot $2 | Rake $0
Seat 3: RowntreWilly (button) (small blind) folded before Flop
Seat 4: BuzovaPro (big blind) collected ($2)


PokerStars Hand #156572362805:  Hold'em Limit ($3/$6 USD) - 2016/07/28 19:28:04 ET
Table 'Skuld' 6-max Seat #4 is the button
Seat 3: RowntreWilly ($39 in chips)
Seat 4: BuzovaPro ($73 in chips)
BuzovaPro: posts small blind $1
RowntreWilly: posts big blind $3
*** HOLE CARDS ***
BuzovaPro: raises $3 to $6
RowntreWilly: folds
Uncalled bet ($3) returned to BuzovaPro
BuzovaPro collected $6 from pot
BuzovaPro: doesn't show hand
*** SUMMARY ***
Total pot $6 | Rake $0
Seat 3: RowntreWilly (big blind) folded before Flop
Seat 4: BuzovaPro (button) (small blind) collected ($6)


PokerStars Hand #156572366117:  Hold'em Limit ($3/$6 USD) - 2016/07/28 19:28:10 ET
Table 'Skuld' 6-max Seat #3 is the button
Seat 3: RowntreWilly ($36 in chips)
Seat 4: BuzovaPro ($76 in chips)
RowntreWilly: posts small blind $1
BuzovaPro: posts big blind $3
*** HOLE CARDS ***
RowntreWilly: calls $2
BuzovaPro: raises $3 to $6
RowntreWilly: calls $3
*** FLOP *** [2c Ad 3d]
BuzovaPro: bets $3
RowntreWilly: folds
Uncalled bet ($3) returned to BuzovaPro
BuzovaPro collected $11.76 from pot
BuzovaPro: doesn't show hand
*** SUMMARY ***
Total pot $12 | Rake $0.24
Board [2c Ad 3d]
Seat 3: RowntreWilly (button) (small blind) folded on the Flop
Seat 4: BuzovaPro (big blind) collected ($11.76)


PokerStars Hand #156572375876:  Hold'em Limit ($3/$6 USD) - 2016/07/28 19:28:28 ET
Table 'Skuld' 6-max Seat #3 is the button
Seat 3: RowntreWilly ($27 in chips)
Seat 4: BuzovaPro ($84.76 in chips)
RowntreWilly: posts small blind $1
BuzovaPro: posts big blind $3
*** HOLE CARDS ***
RowntreWilly: folds
Uncalled bet ($2) returned to BuzovaPro
BuzovaPro collected $2 from pot
BuzovaPro: doesn't show hand
*** SUMMARY ***
Total pot $2 | Rake $0
Seat 3: RowntreWilly (button) (small blind) folded before Flop
Seat 4: BuzovaPro (big blind) collected ($2)


PokerStars Hand #156572372580:  Hold'em Limit ($3/$6 USD) - 2016/07/28 19:28:22 ET
Table 'Skuld' 6-max Seat #4 is the button
Seat 3: RowntreWilly ($30 in chips)
Seat 4: BuzovaPro ($81.76 in chips)
BuzovaPro: posts small blind $1
RowntreWilly: posts big blind $3
*** HOLE CARDS ***
BuzovaPro: raises $3 to $6
RowntreWilly: folds
Uncalled bet ($3) returned to BuzovaPro
BuzovaPro collected $6 from pot
BuzovaPro: doesn't show hand
*** SUMMARY ***
Total pot $6 | Rake $0
Seat 3: RowntreWilly (big blind) folded before Flop
Seat 4: BuzovaPro (button) (small blind) collected ($6)


PokerStars Hand #156572378813:  Hold'em Limit ($3/$6 USD) - 2016/07/28 19:28:34 ET
Table 'Skuld' 6-max Seat #4 is the button
Seat 3: RowntreWilly ($26 in chips)
Seat 4: BuzovaPro ($85.76 in chips)
BuzovaPro: posts small blind $1
RowntreWilly: posts big blind $3
*** HOLE CARDS ***
BuzovaPro: raises $3 to $6
RowntreWilly: folds
Uncalled bet ($3) returned to BuzovaPro
BuzovaPro collected $6 from pot
BuzovaPro: doesn't show hand
*** SUMMARY ***
Total pot $6 | Rake $0
Seat 3: RowntreWilly (big blind) folded before Flop
Seat 4: BuzovaPro (button) (small blind) collected ($6)


PokerStars Hand #156572382534:  Hold'em Limit ($3/$6 USD) - 2016/07/28 19:28:41 ET
Table 'Skuld' 6-max Seat #3 is the button
Seat 3: RowntreWilly ($23 in chips)
Seat 4: BuzovaPro ($88.76 in chips)
RowntreWilly: posts small blind $1
BuzovaPro: posts big blind $3
*** HOLE CARDS ***
RowntreWilly: calls $2
BuzovaPro: raises $3 to $6
RowntreWilly: calls $3
*** FLOP *** [6s Js 9h]
BuzovaPro: checks
RowntreWilly: checks
*** TURN *** [6s Js 9h] [6c]
BuzovaPro: checks
RowntreWilly: checks
*** RIVER *** [6s Js 9h 6c] [Jd]
BuzovaPro: checks
RowntreWilly: bets $6
BuzovaPro: calls $6
*** SHOW DOWN ***
RowntreWilly: shows [Qs Qc] (two pair, Queens and Jacks)
BuzovaPro: mucks hand
RowntreWilly collected $23.52 from pot
*** SUMMARY ***
Total pot $24 | Rake $0.48
Board [6s Js 9h 6c Jd]
Seat 3: RowntreWilly (button) (small blind) showed [Qs Qc] and won ($23.52) with two pair, Queens and Jacks
Seat 4: BuzovaPro (big blind) mucked


PokerStars Hand #156572409511:  Hold'em Limit ($3/$6 USD) - 2016/07/28 19:29:32 ET
Table 'Skuld' 6-max Seat #4 is the button
Seat 3: RowntreWilly ($34.52 in chips)
Seat 4: BuzovaPro ($76.76 in chips)
BuzovaPro: posts small blind $1
RowntreWilly: posts big blind $3
*** HOLE CARDS ***
BuzovaPro: raises $3 to $6
RowntreWilly: folds
Uncalled bet ($3) returned to BuzovaPro
BuzovaPro collected $6 from pot
BuzovaPro: doesn't show hand
*** SUMMARY ***
Total pot $6 | Rake $0
Seat 3: RowntreWilly (big blind) folded before Flop
Seat 4: BuzovaPro (button) (small blind) collected ($6)


PokerStars Hand #156572412609:  Hold'em Limit ($3/$6 USD) - 2016/07/28 19:29:38 ET
Table 'Skuld' 6-max Seat #3 is the button
Seat 3: RowntreWilly ($31.52 in chips)
Seat 4: BuzovaPro ($79.76 in chips)
RowntreWilly: posts small blind $1
BuzovaPro: posts big blind $3
*** HOLE CARDS ***
RowntreWilly: calls $2
BuzovaPro: checks
*** FLOP *** [7s 2h 7d]
BuzovaPro: checks
RowntreWilly: bets $3
BuzovaPro: folds
Uncalled bet ($3) returned to RowntreWilly
RowntreWilly collected $5.88 from pot
RowntreWilly: doesn't show hand
qu1cks1lv3r7 joins the table at seat #5
*** SUMMARY ***
Total pot $6 | Rake $0.12
Board [7s 2h 7d]
Seat 3: RowntreWilly (button) (small blind) collected ($5.88)
Seat 4: BuzovaPro (big blind) folded on the Flop


