PokerStars Hand #153906658008:  Hold'em Limit ($3/$6 USD) - 2016/05/27 8:20:21 ET
Table 'Skuld' 6-max Seat #1 is the button
Seat 1: TbIP-TbIP 88 ($72 in chips)
Seat 6: manisped ($72 in chips)
Agrotait: is sitting out
TbIP-TbIP 88: posts small blind $1
manisped: posts big blind $3
*** HOLE CARDS ***
Agrotait leaves the table
TbIP-TbIP 88: raises $3 to $6
kismespit joins the table at seat #3
manisped: calls $3
*** FLOP *** [3d 3s Jc]
manisped: checks
TbIP-TbIP 88: bets $3
manisped: folds
Uncalled bet ($3) returned to TbIP-TbIP 88
TbIP-TbIP 88 collected $11.76 from pot
TbIP-TbIP 88: doesn't show hand
*** SUMMARY ***
Total pot $12 | Rake $0.24
Board [3d 3s Jc]
Seat 1: TbIP-TbIP 88 (button) (small blind) collected ($11.76)
Seat 6: manisped (big blind) folded on the Flop


PokerStars Hand #153906672267:  Hold'em Limit ($3/$6 USD) - 2016/05/27 8:20:50 ET
Table 'Skuld' 6-max Seat #6 is the button
Seat 1: TbIP-TbIP 88 ($77.76 in chips)
Seat 6: manisped ($66 in chips)
manisped: posts small blind $1
TbIP-TbIP 88: posts big blind $3
*** HOLE CARDS ***
manisped: raises $3 to $6
TbIP-TbIP 88: calls $3
*** FLOP *** [7s Ah 3d]
TbIP-TbIP 88: checks
manisped: bets $3
TbIP-TbIP 88: folds
Uncalled bet ($3) returned to manisped
manisped collected $11.76 from pot
*** SUMMARY ***
Total pot $12 | Rake $0.24
Board [7s Ah 3d]
Seat 1: TbIP-TbIP 88 (big blind) folded on the Flop
Seat 6: manisped (button) (small blind) collected ($11.76)


PokerStars Hand #153906780204:  Hold'em Limit ($3/$6 USD) - 2016/05/27 8:24:33 ET
Table 'Skuld' 6-max Seat #1 is the button
Seat 1: TbIP-TbIP 88 ($73 in chips)
Seat 3: kismespit ($94 in chips)
TbIP-TbIP 88: posts small blind $1
kismespit: posts big blind $3
*** HOLE CARDS ***
TbIP-TbIP 88: raises $3 to $6
kismespit: folds
Uncalled bet ($3) returned to TbIP-TbIP 88
TbIP-TbIP 88 collected $6 from pot
TbIP-TbIP 88: doesn't show hand
*** SUMMARY ***
Total pot $6 | Rake $0
Seat 1: TbIP-TbIP 88 (button) (small blind) collected ($6)
Seat 3: kismespit (big blind) folded before Flop


