PokerStars Hand #154411982018:  Hold'em Limit ($3/$6 USD) - 2016/06/07 9:02:15 ET
Table 'Skuld' 6-max Seat #6 is the button
Seat 3: Tryptamean ($120 in chips)
Seat 6: serge020 ($120 in chips)
serge020: posts small blind $1
Tryptamean: posts big blind $3
*** HOLE CARDS ***
serge020: calls $2
Tryptamean: raises $3 to $6
serge020: calls $3
*** FLOP *** [4c 6h 2s]
Tryptamean: bets $3
DismasX joins the table at seat #1
serge020: calls $3
*** TURN *** [4c 6h 2s] [5s]
Tryptamean: checks
serge020: checks
*** RIVER *** [4c 6h 2s 5s] [5d]
Tryptamean: checks
serge020: bets $6
Tryptamean: folds
Uncalled bet ($6) returned to serge020
serge020 collected $17.64 from pot
*** SUMMARY ***
Total pot $18 | Rake $0.36
Board [4c 6h 2s 5s 5d]
Seat 3: Tryptamean (big blind) folded on the River
Seat 6: serge020 (button) (small blind) collected ($17.64)


PokerStars Hand #154412009679:  Hold'em Limit ($3/$6 USD) - 2016/06/07 9:03:07 ET
Table 'Skuld' 6-max Seat #3 is the button
Seat 3: Tryptamean ($111 in chips)
Seat 6: serge020 ($128.64 in chips)
Tryptamean: posts small blind $1
serge020: posts big blind $3
*** HOLE CARDS ***
Tryptamean: raises $3 to $6
serge020: calls $3
*** FLOP *** [2d 6h 7d]
serge020: bets $3
Tryptamean: calls $3
*** TURN *** [2d 6h 7d] [9s]
serge020: checks
Tryptamean: bets $6
serge020: calls $6
*** RIVER *** [2d 6h 7d 9s] [2h]
serge020: checks
Tryptamean: bets $6
serge020: calls $6
*** SHOW DOWN ***
Tryptamean: shows [Jh 7h] (two pair, Sevens and Deuces)
serge020: mucks hand
Tryptamean collected $41.50 from pot
*** SUMMARY ***
Total pot $42 | Rake $0.50
Board [2d 6h 7d 9s 2h]
Seat 3: Tryptamean (button) (small blind) showed [Jh 7h] and won ($41.50) with two pair, Sevens and Deuces
Seat 6: serge020 (big blind) mucked


PokerStars Hand #154413141103:  Hold'em Limit ($3/$6 USD) - 2016/06/07 9:37:14 ET
Table 'Skuld' 6-max Seat #3 is the button
Seat 2: Nordq ($27.17 in chips)
Seat 3: Tryptamean ($141.77 in chips)
Tryptamean: posts small blind $1
Nordq: posts big blind $3
*** HOLE CARDS ***
Tryptamean: raises $3 to $6
Nordq: folds
Uncalled bet ($3) returned to Tryptamean
Tryptamean collected $6 from pot
Tryptamean: doesn't show hand
*** SUMMARY ***
Total pot $6 | Rake $0
Seat 2: Nordq (big blind) folded before Flop
Seat 3: Tryptamean (button) (small blind) collected ($6)


PokerStars Hand #154413126842:  Hold'em Limit ($3/$6 USD) - 2016/06/07 9:36:48 ET
Table 'Skuld' 6-max Seat #2 is the button
Seat 2: Nordq ($21.41 in chips)
Seat 3: Tryptamean ($147.77 in chips)
Nordq: posts small blind $1
Tryptamean: posts big blind $3
*** HOLE CARDS ***
Nordq: raises $3 to $6
Tryptamean: calls $3
*** FLOP *** [7s Qc Ts]
Tryptamean: checks
Nordq: bets $3
Tryptamean: folds
Uncalled bet ($3) returned to Nordq
Nordq collected $11.76 from pot
*** SUMMARY ***
Total pot $12 | Rake $0.24
Board [7s Qc Ts]
Seat 2: Nordq (button) (small blind) collected ($11.76)
Seat 3: Tryptamean (big blind) folded on the Flop


PokerStars Hand #154413147668:  Hold'em Limit ($3/$6 USD) - 2016/06/07 9:37:26 ET
Table 'Skuld' 6-max Seat #2 is the button
Seat 2: Nordq ($24.17 in chips)
Seat 3: Tryptamean ($144.77 in chips)
Nordq: posts small blind $1
Tryptamean: posts big blind $3
*** HOLE CARDS ***
Nordq: folds
Uncalled bet ($2) returned to Tryptamean
Tryptamean collected $2 from pot
Tryptamean: doesn't show hand
*** SUMMARY ***
Total pot $2 | Rake $0
Seat 2: Nordq (button) (small blind) folded before Flop
Seat 3: Tryptamean (big blind) collected ($2)


