PokerStars Hand #165370294831:  Hold'em Limit ($3/$6 USD) - 2017/01/29 15:40:50 ET
Table 'Slavia' 6-max Seat #2 is the button
Seat 1: Zubasa07 ($485 in chips)
Seat 2: laubes04 ($134.50 in chips)
laubes04: posts small blind $1
Zubasa07: posts big blind $3
*** HOLE CARDS ***
laubes04: folds
Uncalled bet ($2) returned to Zubasa07
Zubasa07 collected $2 from pot
Zubasa07: doesn't show hand
*** SUMMARY ***
Total pot $2 | Rake $0
Seat 1: Zubasa07 (big blind) collected ($2)
Seat 2: laubes04 (button) (small blind) folded before Flop


PokerStars Hand #165370246336:  Hold'em Limit ($3/$6 USD) - 2017/01/29 15:40:04 ET
Table 'Slavia' 6-max Seat #1 is the button
Seat 1: Zubasa07 ($500 in chips)
Seat 2: laubes04 ($120 in chips)
Zubasa07: posts small blind $1
laubes04: posts big blind $3
*** HOLE CARDS ***
Zubasa07: raises $3 to $6
laubes04: calls $3
*** FLOP *** [Jc 4c Jd]
laubes04: checks
Zubasa07: bets $3
laubes04: calls $3
*** TURN *** [Jc 4c Jd] [Ad]
laubes04: checks
Zubasa07: bets $6
laubes04: raises $6 to $12
Zubasa07: folds
Uncalled bet ($6) returned to laubes04
laubes04 collected $29.50 from pot
laubes04: doesn't show hand
*** SUMMARY ***
Total pot $30 | Rake $0.50
Board [Jc 4c Jd Ad]
Seat 1: Zubasa07 (button) (small blind) folded on the Turn
Seat 2: laubes04 (big blind) collected ($29.50)


PokerStars Hand #165370300942:  Hold'em Limit ($3/$6 USD) - 2017/01/29 15:40:56 ET
Table 'Slavia' 6-max Seat #1 is the button
Seat 1: Zubasa07 ($486 in chips)
Seat 2: laubes04 ($133.50 in chips)
Zubasa07: posts small blind $1
laubes04: posts big blind $3
*** HOLE CARDS ***
Zubasa07: folds
Uncalled bet ($2) returned to laubes04
laubes04 collected $2 from pot
laubes04: doesn't show hand
*** SUMMARY ***
Total pot $2 | Rake $0
Seat 1: Zubasa07 (button) (small blind) folded before Flop
Seat 2: laubes04 (big blind) collected ($2)


PokerStars Hand #165370310394:  Hold'em Limit ($3/$6 USD) - 2017/01/29 15:41:04 ET
Table 'Slavia' 6-max Seat #2 is the button
Seat 1: Zubasa07 ($485 in chips)
Seat 2: laubes04 ($134.50 in chips)
laubes04: posts small blind $1
Zubasa07: posts big blind $3
*** HOLE CARDS ***
laubes04: raises $3 to $6
Zubasa07: calls $3
*** FLOP *** [7c Ad 3c]
Zubasa07: checks
laubes04: bets $3
Zubasa07: raises $3 to $6
laubes04: calls $3
*** TURN *** [7c Ad 3c] [2d]
Zubasa07: bets $6
laubes04: calls $6
*** RIVER *** [7c Ad 3c 2d] [Th]
Zubasa07: bets $6
laubes04: calls $6
*** SHOW DOWN ***
Zubasa07: shows [Qc 7d] (a pair of Sevens)
laubes04: mucks hand
Zubasa07 collected $47.50 from pot
*** SUMMARY ***
Total pot $48 | Rake $0.50
Board [7c Ad 3c 2d Th]
Seat 1: Zubasa07 (big blind) showed [Qc 7d] and won ($47.50) with a pair of Sevens
Seat 2: laubes04 (button) (small blind) mucked


PokerStars Hand #165370401365:  Hold'em Limit ($3/$6 USD) - 2017/01/29 15:42:27 ET
Table 'Slavia' 6-max Seat #2 is the button
Seat 1: Zubasa07 ($496.50 in chips)
Seat 2: laubes04 ($122.02 in chips)
laubes04: posts small blind $1
Zubasa07: posts big blind $3
*** HOLE CARDS ***
laubes04: raises $3 to $6
Zubasa07: calls $3
*** FLOP *** [8d Ad 6s]
Zubasa07: checks
laubes04: bets $3
Zubasa07: raises $3 to $6
laubes04: calls $3
*** TURN *** [8d Ad 6s] [Jc]
Zubasa07: checks
laubes04: bets $6
Zubasa07: calls $6
*** RIVER *** [8d Ad 6s Jc] [5h]
Zubasa07: checks
laubes04: bets $6
Zubasa07: calls $6
*** SHOW DOWN ***
laubes04: shows [Jd 4h] (a pair of Jacks)
Zubasa07: mucks hand
laubes04 collected $47.50 from pot
*** SUMMARY ***
Total pot $48 | Rake $0.50
Board [8d Ad 6s Jc 5h]
Seat 1: Zubasa07 (big blind) mucked
Seat 2: laubes04 (button) (small blind) showed [Jd 4h] and won ($47.50) with a pair of Jacks


PokerStars Hand #165370357770:  Hold'em Limit ($3/$6 USD) - 2017/01/29 15:41:48 ET
Table 'Slavia' 6-max Seat #1 is the button
Seat 1: Zubasa07 ($508.50 in chips)
Seat 2: laubes04 ($110.50 in chips)
Zubasa07: posts small blind $1
laubes04: posts big blind $3
*** HOLE CARDS ***
Zubasa07: raises $3 to $6
laubes04: calls $3
*** FLOP *** [7h 3d Qh]
laubes04: checks
Zubasa07: checks
*** TURN *** [7h 3d Qh] [Qc]
laubes04: bets $6
Zubasa07: calls $6
*** RIVER *** [7h 3d Qh Qc] [3c]
laubes04: bets $6
Zubasa07: folds
Uncalled bet ($6) returned to laubes04
laubes04 collected $23.52 from pot
laubes04: doesn't show hand
*** SUMMARY ***
Total pot $24 | Rake $0.48
Board [7h 3d Qh Qc 3c]
Seat 1: Zubasa07 (button) (small blind) folded on the River
Seat 2: laubes04 (big blind) collected ($23.52)


PokerStars Hand #165370494823:  Hold'em Limit ($3/$6 USD) - 2017/01/29 15:43:53 ET
Table 'Slavia' 6-max Seat #1 is the button
Seat 1: Zubasa07 ($479.26 in chips)
Seat 2: laubes04 ($138.52 in chips)
Zubasa07: posts small blind $1
laubes04: posts big blind $3
*** HOLE CARDS ***
Zubasa07: folds
Uncalled bet ($2) returned to laubes04
laubes04 collected $2 from pot
laubes04: doesn't show hand
*** SUMMARY ***
Total pot $2 | Rake $0
Seat 1: Zubasa07 (button) (small blind) folded before Flop
Seat 2: laubes04 (big blind) collected ($2)


PokerStars Hand #165370488907:  Hold'em Limit ($3/$6 USD) - 2017/01/29 15:43:48 ET
Table 'Slavia' 6-max Seat #2 is the button
Seat 1: Zubasa07 ($478.26 in chips)
Seat 2: laubes04 ($139.52 in chips)
laubes04: posts small blind $1
Zubasa07: posts big blind $3
*** HOLE CARDS ***
laubes04: folds
Uncalled bet ($2) returned to Zubasa07
Zubasa07 collected $2 from pot
Zubasa07: doesn't show hand
*** SUMMARY ***
Total pot $2 | Rake $0
Seat 1: Zubasa07 (big blind) collected ($2)
Seat 2: laubes04 (button) (small blind) folded before Flop


PokerStars Hand #165370457364:  Hold'em Limit ($3/$6 USD) - 2017/01/29 15:43:20 ET
Table 'Slavia' 6-max Seat #1 is the button
Seat 1: Zubasa07 ($472.50 in chips)
Seat 2: laubes04 ($145.52 in chips)
Zubasa07: posts small blind $1
laubes04: posts big blind $3
*** HOLE CARDS ***
Zubasa07: raises $3 to $6
laubes04: calls $3
*** FLOP *** [7h Ac 5s]
laubes04: checks
Zubasa07: bets $3
laubes04: folds
Uncalled bet ($3) returned to Zubasa07
Zubasa07 collected $11.76 from pot
Zubasa07: doesn't show hand
*** SUMMARY ***
Total pot $12 | Rake $0.24
Board [7h Ac 5s]
Seat 1: Zubasa07 (button) (small blind) collected ($11.76)
Seat 2: laubes04 (big blind) folded on the Flop


PokerStars Hand #165370503605:  Hold'em Limit ($3/$6 USD) - 2017/01/29 15:44:01 ET
Table 'Slavia' 6-max Seat #2 is the button
Seat 1: Zubasa07 ($478.26 in chips)
Seat 2: laubes04 ($139.52 in chips)
laubes04: posts small blind $1
Zubasa07: posts big blind $3
*** HOLE CARDS ***
laubes04: raises $3 to $6
Zubasa07: calls $3
*** FLOP *** [6s 5h 3s]
Zubasa07: checks
laubes04: bets $3
Zubasa07: raises $3 to $6
laubes04: calls $3
*** TURN *** [6s 5h 3s] [3c]
Zubasa07: bets $6
laubes04: calls $6
*** RIVER *** [6s 5h 3s 3c] [Jh]
Zubasa07: bets $6
laubes04: folds
Uncalled bet ($6) returned to Zubasa07
Zubasa07 collected $35.50 from pot
Zubasa07: doesn't show hand
*** SUMMARY ***
Total pot $36 | Rake $0.50
Board [6s 5h 3s 3c Jh]
Seat 1: Zubasa07 (big blind) collected ($35.50)
Seat 2: laubes04 (button) (small blind) folded on the River


PokerStars Hand #165370585307:  Hold'em Limit ($3/$6 USD) - 2017/01/29 15:45:14 ET
Table 'Slavia' 6-max Seat #2 is the button
Seat 1: Zubasa07 ($498.76 in chips)
Seat 2: laubes04 ($118.52 in chips)
laubes04: posts small blind $1
Zubasa07: posts big blind $3
*** HOLE CARDS ***
laubes04: folds
Uncalled bet ($2) returned to Zubasa07
Zubasa07 collected $2 from pot
Zubasa07: doesn't show hand
*** SUMMARY ***
Total pot $2 | Rake $0
Seat 1: Zubasa07 (big blind) collected ($2)
Seat 2: laubes04 (button) (small blind) folded before Flop


PokerStars Hand #165370563954:  Hold'em Limit ($3/$6 USD) - 2017/01/29 15:44:55 ET
Table 'Slavia' 6-max Seat #1 is the button
Seat 1: Zubasa07 ($495.76 in chips)
Seat 2: laubes04 ($121.52 in chips)
Zubasa07: posts small blind $1
laubes04: posts big blind $3
*** HOLE CARDS ***
Zubasa07: raises $3 to $6
laubes04: folds
Uncalled bet ($3) returned to Zubasa07
Zubasa07 collected $6 from pot
Zubasa07: doesn't show hand
*** SUMMARY ***
Total pot $6 | Rake $0
Seat 1: Zubasa07 (button) (small blind) collected ($6)
Seat 2: laubes04 (big blind) folded before Flop


PokerStars Hand #165370600498:  Hold'em Limit ($3/$6 USD) - 2017/01/29 15:45:27 ET
Table 'Slavia' 6-max Seat #2 is the button
Seat 1: Zubasa07 ($498.76 in chips)
Seat 2: laubes04 ($118.52 in chips)
laubes04: posts small blind $1
Zubasa07: posts big blind $3
*** HOLE CARDS ***
laubes04: raises $3 to $6
Zubasa07: calls $3
*** FLOP *** [5s 6d 3c]
Zubasa07: checks
laubes04: bets $3
Zubasa07: calls $3
*** TURN *** [5s 6d 3c] [6s]
Zubasa07: checks
laubes04: bets $6
Zubasa07: folds
Uncalled bet ($6) returned to laubes04
laubes04 collected $17.64 from pot
laubes04: doesn't show hand
*** SUMMARY ***
Total pot $18 | Rake $0.36
Board [5s 6d 3c 6s]
Seat 1: Zubasa07 (big blind) folded on the Turn
Seat 2: laubes04 (button) (small blind) collected ($17.64)


PokerStars Hand #165370642275:  Hold'em Limit ($3/$6 USD) - 2017/01/29 15:46:06 ET
Table 'Slavia' 6-max Seat #1 is the button
Seat 1: Zubasa07 ($489.76 in chips)
Seat 2: laubes04 ($127.16 in chips)
Zubasa07: posts small blind $1
laubes04: posts big blind $3
*** HOLE CARDS ***
Zubasa07: folds
Uncalled bet ($2) returned to laubes04
laubes04 collected $2 from pot
laubes04: doesn't show hand
*** SUMMARY ***
Total pot $2 | Rake $0
Seat 1: Zubasa07 (button) (small blind) folded before Flop
Seat 2: laubes04 (big blind) collected ($2)


PokerStars Hand #165370590749:  Hold'em Limit ($3/$6 USD) - 2017/01/29 15:45:19 ET
Table 'Slavia' 6-max Seat #1 is the button
Seat 1: Zubasa07 ($499.76 in chips)
Seat 2: laubes04 ($117.52 in chips)
Zubasa07: posts small blind $1
laubes04: posts big blind $3
*** HOLE CARDS ***
Zubasa07: folds
Uncalled bet ($2) returned to laubes04
laubes04 collected $2 from pot
laubes04: doesn't show hand
*** SUMMARY ***
Total pot $2 | Rake $0
Seat 1: Zubasa07 (button) (small blind) folded before Flop
Seat 2: laubes04 (big blind) collected ($2)


PokerStars Hand #165370653969:  Hold'em Limit ($3/$6 USD) - 2017/01/29 15:46:18 ET
Table 'Slavia' 6-max Seat #2 is the button
Seat 1: Zubasa07 ($488.76 in chips)
Seat 2: laubes04 ($128.16 in chips)
laubes04: posts small blind $1
Zubasa07: posts big blind $3
*** HOLE CARDS ***
laubes04: raises $3 to $6
Zubasa07: raises $3 to $9
laubes04: calls $3
*** FLOP *** [3d 4d 8h]
Zubasa07: bets $3
laubes04: calls $3
*** TURN *** [3d 4d 8h] [Jc]
Zubasa07: checks
laubes04: bets $6
Zubasa07: calls $6
*** RIVER *** [3d 4d 8h Jc] [Kh]
Zubasa07: checks
laubes04: checks
*** SHOW DOWN ***
Zubasa07: shows [7h 7c] (a pair of Sevens)
laubes04: mucks hand
Zubasa07 collected $35.50 from pot
*** SUMMARY ***
Total pot $36 | Rake $0.50
Board [3d 4d 8h Jc Kh]
Seat 1: Zubasa07 (big blind) showed [7h 7c] and won ($35.50) with a pair of Sevens
Seat 2: laubes04 (button) (small blind) mucked


PokerStars Hand #165370708457:  Hold'em Limit ($3/$6 USD) - 2017/01/29 15:47:08 ET
Table 'Slavia' 6-max Seat #1 is the button
Seat 1: Zubasa07 ($506.26 in chips)
Seat 2: laubes04 ($110.16 in chips)
Zubasa07: posts small blind $1
laubes04: posts big blind $3
*** HOLE CARDS ***
Zubasa07: raises $3 to $6
laubes04: calls $3
*** FLOP *** [4s 5d As]
laubes04: checks
Zubasa07: bets $3
laubes04: calls $3
*** TURN *** [4s 5d As] [5c]
laubes04: checks
Zubasa07: bets $6
laubes04: raises $6 to $12
Zubasa07: calls $6
*** RIVER *** [4s 5d As 5c] [2d]
laubes04: bets $6
Zubasa07: raises $6 to $12
laubes04: calls $6
*** SHOW DOWN ***
Zubasa07: shows [5s 2s] (a full house, Fives full of Deuces)
laubes04: mucks hand
Zubasa07 collected $65.50 from pot
*** SUMMARY ***
Total pot $66 | Rake $0.50
Board [4s 5d As 5c 2d]
Seat 1: Zubasa07 (button) (small blind) showed [5s 2s] and won ($65.50) with a full house, Fives full of Deuces
Seat 2: laubes04 (big blind) mucked


PokerStars Hand #165370765465:  Hold'em Limit ($3/$6 USD) - 2017/01/29 15:47:59 ET
Table 'Slavia' 6-max Seat #2 is the button
Seat 1: Zubasa07 ($538.76 in chips)
Seat 2: laubes04 ($77.16 in chips)
laubes04: posts small blind $1
Zubasa07: posts big blind $3
*** HOLE CARDS ***
laubes04: raises $3 to $6
Zubasa07: raises $3 to $9
laubes04: calls $3
*** FLOP *** [Qc 6d 2h]
Zubasa07: bets $3
laubes04: calls $3
*** TURN *** [Qc 6d 2h] [Tc]
Zubasa07: bets $6
laubes04: raises $6 to $12
Zubasa07: calls $6
*** RIVER *** [Qc 6d 2h Tc] [2d]
Zubasa07: checks
laubes04: bets $6
Zubasa07: calls $6
*** SHOW DOWN ***
laubes04: shows [9s Jh] (a pair of Deuces)
Zubasa07: shows [As Jd] (a pair of Deuces - Ace kicker)
Zubasa07 collected $59.50 from pot
*** SUMMARY ***
Total pot $60 | Rake $0.50
Board [Qc 6d 2h Tc 2d]
Seat 1: Zubasa07 (big blind) showed [As Jd] and won ($59.50) with a pair of Deuces
Seat 2: laubes04 (button) (small blind) showed [9s Jh] and lost with a pair of Deuces


PokerStars Hand #165370851349:  Hold'em Limit ($3/$6 USD) - 2017/01/29 15:49:22 ET
Table 'Slavia' 6-max Seat #1 is the button
Seat 1: Zubasa07 ($568.26 in chips)
Seat 2: laubes04 ($47.16 in chips)
Zubasa07: posts small blind $1
laubes04: posts big blind $3
*** HOLE CARDS ***
Zubasa07: raises $3 to $6
laubes04: calls $3
*** FLOP *** [6c 2c 5d]
laubes04: checks
Zubasa07: bets $3
laubes04: raises $3 to $6
Zubasa07: calls $3
*** TURN *** [6c 2c 5d] [Qd]
laubes04: bets $6
Zubasa07: calls $6
*** RIVER *** [6c 2c 5d Qd] [6s]
laubes04: bets $6
Zubasa07: folds
Uncalled bet ($6) returned to laubes04
laubes04 collected $35.50 from pot
laubes04: doesn't show hand
*** SUMMARY ***
Total pot $36 | Rake $0.50
Board [6c 2c 5d Qd 6s]
Seat 1: Zubasa07 (button) (small blind) folded on the River
Seat 2: laubes04 (big blind) collected ($35.50)


PokerStars Hand #165370925912:  Hold'em Limit ($3/$6 USD) - 2017/01/29 15:50:28 ET
Table 'Slavia' 6-max Seat #2 is the button
Seat 1: Zubasa07 ($550.26 in chips)
Seat 2: laubes04 ($124.66 in chips)
laubes04: posts small blind $1
Zubasa07: posts big blind $3
*** HOLE CARDS ***
laubes04: raises $3 to $6
Zubasa07: raises $3 to $9
laubes04: calls $3
*** FLOP *** [7h 5h 8s]
Zubasa07: bets $3
laubes04: raises $3 to $6
Zubasa07: calls $3
*** TURN *** [7h 5h 8s] [Jh]
Zubasa07: checks
laubes04: bets $6
Zubasa07: calls $6
*** RIVER *** [7h 5h 8s Jh] [2h]
Zubasa07: checks
laubes04: bets $6
avgust91985 joins the table at seat #3
Zubasa07: folds
Uncalled bet ($6) returned to laubes04
laubes04 collected $41.50 from pot
laubes04: doesn't show hand
*** SUMMARY ***
Total pot $42 | Rake $0.50
Board [7h 5h 8s Jh 2h]
Seat 1: Zubasa07 (big blind) folded on the River
Seat 2: laubes04 (button) (small blind) collected ($41.50)


PokerStars Hand #165371032821:  Hold'em Limit ($3/$6 USD) - 2017/01/29 15:52:08 ET
Table 'Slavia' 6-max Seat #1 is the button
Seat 1: Zubasa07 ($529.26 in chips)
Seat 2: laubes04 ($145.16 in chips)
Zubasa07: posts small blind $1
laubes04: posts big blind $3
*** HOLE CARDS ***
Zubasa07: raises $3 to $6
laubes04: calls $3
*** FLOP *** [Qc Qh 5c]
laubes04: checks
Zubasa07: bets $3
laubes04: calls $3
*** TURN *** [Qc Qh 5c] [7h]
laubes04: checks
conkris joins the table at seat #6
Zubasa07: bets $6
laubes04: calls $6
*** RIVER *** [Qc Qh 5c 7h] [8s]
laubes04: checks
Zubasa07: bets $6
laubes04: calls $6
*** SHOW DOWN ***
Zubasa07: shows [9d Th] (a pair of Queens)
laubes04: shows [9h 8d] (two pair, Queens and Eights)
laubes04 collected $41.50 from pot
*** SUMMARY ***
Total pot $42 | Rake $0.50
Board [Qc Qh 5c 7h 8s]
Seat 1: Zubasa07 (button) (small blind) showed [9d Th] and lost with a pair of Queens
Seat 2: laubes04 (big blind) showed [9h 8d] and won ($41.50) with two pair, Queens and Eights


PokerStars Hand #165371162008:  Hold'em Limit ($3/$6 USD) - 2017/01/29 15:54:11 ET
Table 'Slavia' 6-max Seat #3 is the button
Seat 2: laubes04 ($155.66 in chips)
Seat 3: avgust91985 ($136.46 in chips)
avgust91985: posts small blind $1
Zubasa07: is sitting out
laubes04: posts big blind $3
*** HOLE CARDS ***
avgust91985: folds
Uncalled bet ($2) returned to laubes04
laubes04 collected $2 from pot
laubes04: doesn't show hand
*** SUMMARY ***
Total pot $2 | Rake $0
Seat 2: laubes04 (big blind) collected ($2)
Seat 3: avgust91985 (button) (small blind) folded before Flop


PokerStars Hand #165371166324:  Hold'em Limit ($3/$6 USD) - 2017/01/29 15:54:16 ET
Table 'Slavia' 6-max Seat #2 is the button
Seat 2: laubes04 ($156.66 in chips)
Seat 3: avgust91985 ($135.46 in chips)
laubes04: posts small blind $1
avgust91985: posts big blind $3
*** HOLE CARDS ***
laubes04: folds
Uncalled bet ($2) returned to avgust91985
avgust91985 collected $2 from pot
*** SUMMARY ***
Total pot $2 | Rake $0
Seat 2: laubes04 (button) (small blind) folded before Flop
Seat 3: avgust91985 (big blind) collected ($2)


PokerStars Hand #165371179661:  Hold'em Limit ($3/$6 USD) - 2017/01/29 15:54:29 ET
Table 'Slavia' 6-max Seat #2 is the button
Seat 2: laubes04 ($156.66 in chips)
Seat 3: avgust91985 ($135.46 in chips)
laubes04: posts small blind $1
avgust91985: posts big blind $3
*** HOLE CARDS ***
laubes04: raises $3 to $6
avgust91985: folds
Uncalled bet ($3) returned to laubes04
laubes04 collected $6 from pot
laubes04: doesn't show hand
*** SUMMARY ***
Total pot $6 | Rake $0
Seat 2: laubes04 (button) (small blind) collected ($6)
Seat 3: avgust91985 (big blind) folded before Flop


PokerStars Hand #165371174640:  Hold'em Limit ($3/$6 USD) - 2017/01/29 15:54:24 ET
Table 'Slavia' 6-max Seat #3 is the button
Seat 2: laubes04 ($155.66 in chips)
Seat 3: avgust91985 ($136.46 in chips)
avgust91985: posts small blind $1
laubes04: posts big blind $3
*** HOLE CARDS ***
avgust91985: folds
Uncalled bet ($2) returned to laubes04
laubes04 collected $2 from pot
laubes04: doesn't show hand
*** SUMMARY ***
Total pot $2 | Rake $0
Seat 2: laubes04 (big blind) collected ($2)
Seat 3: avgust91985 (button) (small blind) folded before Flop


PokerStars Hand #165371203221:  Hold'em Limit ($3/$6 USD) - 2017/01/29 15:54:51 ET
Table 'Slavia' 6-max Seat #2 is the button
Seat 2: laubes04 ($168.30 in chips)
Seat 3: avgust91985 ($123.46 in chips)
laubes04: posts small blind $1
avgust91985: posts big blind $3
*** HOLE CARDS ***
laubes04: raises $3 to $6
Zubasa07 leaves the table
avgust91985: raises $3 to $9
laubes04: calls $3
*** FLOP *** [2d 5s Ah]
avgust91985: bets $3
laubes04: calls $3
*** TURN *** [2d 5s Ah] [Th]
avgust91985: bets $6
laubes04: raises $6 to $12
avgust91985: calls $6
*** RIVER *** [2d 5s Ah Th] [2c]
avgust91985: checks
laubes04: bets $6
avgust91985: folds
Uncalled bet ($6) returned to laubes04
laubes04 collected $47.50 from pot
laubes04: doesn't show hand
*** SUMMARY ***
Total pot $48 | Rake $0.50
Board [2d 5s Ah Th 2c]
Seat 2: laubes04 (button) (small blind) collected ($47.50)
Seat 3: avgust91985 (big blind) folded on the River


PokerStars Hand #165371185810:  Hold'em Limit ($3/$6 USD) - 2017/01/29 15:54:35 ET
Table 'Slavia' 6-max Seat #3 is the button
Seat 2: laubes04 ($159.66 in chips)
Seat 3: avgust91985 ($132.46 in chips)
avgust91985: posts small blind $1
laubes04: posts big blind $3
*** HOLE CARDS ***
avgust91985: raises $3 to $6
laubes04: calls $3
*** FLOP *** [3s Kh 5d]
laubes04: checks
avgust91985: bets $3
laubes04: calls $3
*** TURN *** [3s Kh 5d] [8s]
laubes04: checks
avgust91985: checks
*** RIVER *** [3s Kh 5d 8s] [Ts]
laubes04: bets $6
avgust91985: folds
Uncalled bet ($6) returned to laubes04
laubes04 collected $17.64 from pot
laubes04: doesn't show hand
*** SUMMARY ***
Total pot $18 | Rake $0.36
Board [3s Kh 5d 8s Ts]
Seat 2: laubes04 (big blind) collected ($17.64)
Seat 3: avgust91985 (button) (small blind) folded on the River


PokerStars Hand #165371244673:  Hold'em Limit ($3/$6 USD) - 2017/01/29 15:55:37 ET
Table 'Slavia' 6-max Seat #2 is the button
Seat 2: laubes04 ($218.30 in chips)
Seat 3: avgust91985 ($72.46 in chips)
laubes04: posts small blind $1
avgust91985: posts big blind $3
*** HOLE CARDS ***
fluit83 joins the table at seat #1
laubes04: raises $3 to $6
avgust91985: calls $3
*** FLOP *** [3d Qh Qs]
avgust91985: checks
laubes04: bets $3
avgust91985: raises $3 to $6
laubes04: calls $3
*** TURN *** [3d Qh Qs] [6s]
avgust91985: checks
laubes04: bets $6
avgust91985: calls $6
*** RIVER *** [3d Qh Qs 6s] [5d]
avgust91985: checks
laubes04: bets $6
avgust91985: calls $6
*** SHOW DOWN ***
laubes04: shows [9c Qc] (three of a kind, Queens)
avgust91985: mucks hand
laubes04 collected $47.50 from pot
*** SUMMARY ***
Total pot $48 | Rake $0.50
Board [3d Qh Qs 6s 5d]
Seat 2: laubes04 (button) (small blind) showed [9c Qc] and won ($47.50) with three of a kind, Queens
Seat 3: avgust91985 (big blind) mucked


PokerStars Hand #165371225607:  Hold'em Limit ($3/$6 USD) - 2017/01/29 15:55:12 ET
Table 'Slavia' 6-max Seat #3 is the button
Seat 2: laubes04 ($191.80 in chips)
Seat 3: avgust91985 ($99.46 in chips)
avgust91985: posts small blind $1
laubes04: posts big blind $3
*** HOLE CARDS ***
avgust91985: calls $2
laubes04: raises $3 to $6
avgust91985: calls $3
*** FLOP *** [5h Qd 7h]
laubes04: bets $3
avgust91985: raises $3 to $6
laubes04: raises $3 to $9
avgust91985: calls $3
*** TURN *** [5h Qd 7h] [7c]
laubes04: bets $6
avgust91985: calls $6
*** RIVER *** [5h Qd 7h 7c] [9s]
laubes04: bets $6
avgust91985: calls $6
*** SHOW DOWN ***
laubes04: shows [Tc Qs] (two pair, Queens and Sevens)
avgust91985: mucks hand
laubes04 collected $53.50 from pot
*** SUMMARY ***
Total pot $54 | Rake $0.50
Board [5h Qd 7h 7c 9s]
Seat 2: laubes04 (big blind) showed [Tc Qs] and won ($53.50) with two pair, Queens and Sevens
Seat 3: avgust91985 (button) (small blind) mucked


PokerStars Hand #165372262772:  Hold'em Limit ($3/$6 USD) - 2017/01/29 16:13:02 ET
Table 'Slavia' 6-max Seat #3 is the button
Seat 2: laubes04 ($286.45 in chips)
Seat 3: MissEKAmouse ($140.66 in chips)
MissEKAmouse: posts small blind $1
markusfriebe: is sitting out
Widegermany was removed from the table for failing to post
laubes04: posts big blind $3
*** HOLE CARDS ***
MissEKAmouse: raises $3 to $6
laubes04: calls $3
*** FLOP *** [9d 5c 5d]
laubes04: checks
MissEKAmouse: checks
*** TURN *** [9d 5c 5d] [7h]
laubes04: bets $6
MissEKAmouse: calls $6
*** RIVER *** [9d 5c 5d 7h] [Th]
laubes04: bets $6
MissEKAmouse: folds
Uncalled bet ($6) returned to laubes04
laubes04 collected $23.52 from pot
laubes04: doesn't show hand
*** SUMMARY ***
Total pot $24 | Rake $0.48
Board [9d 5c 5d 7h Th]
Seat 2: laubes04 (big blind) collected ($23.52)
Seat 3: MissEKAmouse (button) (small blind) folded on the River


PokerStars Hand #165379270985:  Hold'em Limit ($3/$6 USD) - 2017/01/29 18:14:47 ET
Table 'Slavia' 6-max Seat #5 is the button
Seat 3: Chessnok ($80.50 in chips)
Seat 5: grebban ($458.25 in chips)
grebban: posts small blind $1
Chessnok: posts big blind $3
*** HOLE CARDS ***
grebban: calls $2
Chessnok: checks
*** FLOP *** [Th Ts Kd]
Chessnok: bets $3
grebban: calls $3
*** TURN *** [Th Ts Kd] [Js]
Chessnok: bets $6
grebban: folds
Uncalled bet ($6) returned to Chessnok
Chessnok collected $11.76 from pot
Chessnok: doesn't show hand
*** SUMMARY ***
Total pot $12 | Rake $0.24
Board [Th Ts Kd Js]
Seat 3: Chessnok (big blind) collected ($11.76)
Seat 5: grebban (button) (small blind) folded on the Turn


PokerStars Hand #165379285680:  Hold'em Limit ($3/$6 USD) - 2017/01/29 18:15:04 ET
Table 'Slavia' 6-max Seat #3 is the button
Seat 3: Chessnok ($86.26 in chips)
Seat 5: grebban ($452.25 in chips)
Chessnok: posts small blind $1
grebban: posts big blind $3
*** HOLE CARDS ***
Chessnok: raises $3 to $6
grebban: folds
Uncalled bet ($3) returned to Chessnok
Chessnok collected $6 from pot
*** SUMMARY ***
Total pot $6 | Rake $0
Seat 3: Chessnok (button) (small blind) collected ($6)
Seat 5: grebban (big blind) folded before Flop


PokerStars Hand #165379247955:  Hold'em Limit ($3/$6 USD) - 2017/01/29 18:14:20 ET
Table 'Slavia' 6-max Seat #3 is the button
Seat 3: Chessnok ($60 in chips)
Seat 5: grebban ($479.25 in chips)
Chessnok: posts small blind $1
grebban: posts big blind $3
*** HOLE CARDS ***
Chessnok: raises $3 to $6
grebban: calls $3
*** FLOP *** [4d 7d Ks]
grebban: checks
Chessnok: bets $3
grebban: calls $3
*** TURN *** [4d 7d Ks] [Td]
grebban: bets $6
Chessnok: calls $6
*** RIVER *** [4d 7d Ks Td] [4s]
grebban: bets $6
Chessnok: calls $6
*** SHOW DOWN ***
grebban: shows [Qc Jd] (a pair of Fours)
Chessnok: shows [2h Tc] (two pair, Tens and Fours)
Chessnok collected $41.50 from pot
*** SUMMARY ***
Total pot $42 | Rake $0.50
Board [4d 7d Ks Td 4s]
Seat 3: Chessnok (button) (small blind) showed [2h Tc] and won ($41.50) with two pair, Tens and Fours
Seat 5: grebban (big blind) showed [Qc Jd] and lost with a pair of Fours


PokerStars Hand #165379291157:  Hold'em Limit ($3/$6 USD) - 2017/01/29 18:15:11 ET
Table 'Slavia' 6-max Seat #5 is the button
Seat 3: Chessnok ($89.26 in chips)
Seat 5: grebban ($449.25 in chips)
grebban: posts small blind $1
Chessnok: posts big blind $3
*** HOLE CARDS ***
grebban: calls $2
Chessnok: raises $3 to $6
grebban: calls $3
*** FLOP *** [Js 7s Ks]
Chessnok: bets $3
grebban: calls $3
*** TURN *** [Js 7s Ks] [9c]
Chessnok: checks
grebban: bets $6
Chessnok: calls $6
*** RIVER *** [Js 7s Ks 9c] [2s]
Chessnok: checks
grebban: bets $6
Chessnok: calls $6
*** SHOW DOWN ***
grebban: shows [9s Qs] (a flush, King high)
Chessnok: mucks hand
grebban collected $41.50 from pot
*** SUMMARY ***
Total pot $42 | Rake $0.50
Board [Js 7s Ks 9c 2s]
Seat 3: Chessnok (big blind) mucked
Seat 5: grebban (button) (small blind) showed [9s Qs] and won ($41.50) with a flush, King high


