PokerStars Hand #159150048680:  Hold'em Limit ($3/$6 USD) - 2016/09/27 3:10:24 ET
Table 'Slavia' 6-max Seat #4 is the button
Seat 3: zenka25 ($27 in chips)
Seat 4: Agrotait ($74.88 in chips)
Agrotait: posts small blind $1
zenka25: posts big blind $3
*** HOLE CARDS ***
Agrotait: folds
Uncalled bet ($2) returned to zenka25
zenka25 collected $2 from pot
zenka25: doesn't show hand
*** SUMMARY ***
Total pot $2 | Rake $0
Seat 3: zenka25 (big blind) collected ($2)
Seat 4: Agrotait (button) (small blind) folded before Flop


PokerStars Hand #159150043622:  Hold'em Limit ($3/$6 USD) - 2016/09/27 3:10:04 ET
Table 'Slavia' 6-max Seat #3 is the button
Seat 3: zenka25 ($30 in chips)
Seat 4: Agrotait ($72 in chips)
zenka25: posts small blind $1
Agrotait: posts big blind $3
*** HOLE CARDS ***
zenka25: calls $2
Agrotait: checks
*** FLOP *** [3s 5c 2h]
Agrotait: checks
zenka25: checks
*** TURN *** [3s 5c 2h] [2d]
Agrotait: bets $6
zenka25: folds
Uncalled bet ($6) returned to Agrotait
Agrotait collected $5.88 from pot
Agrotait: doesn't show hand
*** SUMMARY ***
Total pot $6 | Rake $0.12
Board [3s 5c 2h 2d]
Seat 3: zenka25 (button) (small blind) folded on the Turn
Seat 4: Agrotait (big blind) collected ($5.88)


PokerStars Hand #159150052157:  Hold'em Limit ($3/$6 USD) - 2016/09/27 3:10:38 ET
Table 'Slavia' 6-max Seat #4 is the button
Seat 3: zenka25 ($27 in chips)
Seat 4: Agrotait ($74.88 in chips)
Agrotait: posts small blind $1
zenka25: posts big blind $3
*** HOLE CARDS ***
Agrotait: raises $3 to $6
zenka25: calls $3
*** FLOP *** [3s Ac Qc]
zenka25: checks
Agrotait: bets $3
zenka25: folds
Uncalled bet ($3) returned to Agrotait
Agrotait collected $11.76 from pot
Agrotait: doesn't show hand
*** SUMMARY ***
Total pot $12 | Rake $0.24
Board [3s Ac Qc]
Seat 3: zenka25 (big blind) folded on the Flop
Seat 4: Agrotait (button) (small blind) collected ($11.76)


PokerStars Hand #159150050637:  Hold'em Limit ($3/$6 USD) - 2016/09/27 3:10:32 ET
Table 'Slavia' 6-max Seat #3 is the button
Seat 3: zenka25 ($28 in chips)
Seat 4: Agrotait ($73.88 in chips)
zenka25: posts small blind $1
Agrotait: posts big blind $3
*** HOLE CARDS ***
zenka25: folds
Uncalled bet ($2) returned to Agrotait
Agrotait collected $2 from pot
Agrotait: doesn't show hand
*** SUMMARY ***
Total pot $2 | Rake $0
Seat 3: zenka25 (button) (small blind) folded before Flop
Seat 4: Agrotait (big blind) collected ($2)


PokerStars Hand #159150055205:  Hold'em Limit ($3/$6 USD) - 2016/09/27 3:10:50 ET
Table 'Slavia' 6-max Seat #3 is the button
Seat 3: zenka25 ($21 in chips)
Seat 4: Agrotait ($80.64 in chips)
zenka25: posts small blind $1
Agrotait: posts big blind $3
*** HOLE CARDS ***
zenka25: calls $2
Agrotait: checks
*** FLOP *** [6s 8s 4h]
Agrotait: checks
zenka25: checks
*** TURN *** [6s 8s 4h] [3c]
Agrotait: bets $6
zenka25: calls $6
*** RIVER *** [6s 8s 4h 3c] [2s]
Agrotait: bets $6
zenka25: raises $6 to $12 and is all-in
Agrotait: calls $6
*** SHOW DOWN ***
zenka25: shows [9s 8h] (a pair of Eights)
Agrotait: shows [3h 2d] (two pair, Threes and Deuces)
Agrotait collected $41.50 from pot
*** SUMMARY ***
Total pot $42 | Rake $0.50
Board [6s 8s 4h 3c 2s]
Seat 3: zenka25 (button) (small blind) showed [9s 8h] and lost with a pair of Eights
Seat 4: Agrotait (big blind) showed [3h 2d] and won ($41.50) with two pair, Threes and Deuces


