PokerStars Hand #144354543371:  Hold'em Limit ($3/$6 USD) - 2015/11/25 6:39:28 ET
Table 'Slavia' 6-max Seat #1 is the button
Seat 1: VolkovDmitri ($264.69 in chips)
Seat 6: Airbag999 ($116.89 in chips)
VolkovDmitri: posts small blind $1
TbIP-TbIP 88: is sitting out
Karaganda91: is sitting out
Airbag999: posts big blind $3
*** HOLE CARDS ***
VolkovDmitri: raises $3 to $6
Karaganda91 leaves the table
Airbag999: calls $3
*** FLOP *** [4h Qs 8s]
Airbag999: checks
VolkovDmitri: bets $3
Airbag999: calls $3
*** TURN *** [4h Qs 8s] [7d]
Airbag999: checks
VolkovDmitri: bets $6
TbIP-TbIP 88 leaves the table
Airbag999: calls $6
*** RIVER *** [4h Qs 8s 7d] [4s]
Airbag999: checks
VolkovDmitri: bets $6
Airbag999: calls $6
*** SHOW DOWN ***
VolkovDmitri: shows [6h 4d] (three of a kind, Fours)
Airbag999: mucks hand
VolkovDmitri collected $41.50 from pot
*** SUMMARY ***
Total pot $42 | Rake $0.50
Board [4h Qs 8s 7d 4s]
Seat 1: VolkovDmitri (button) (small blind) showed [6h 4d] and won ($41.50) with three of a kind, Fours
Seat 6: Airbag999 (big blind) mucked


