PokerStars Hand #155962433286:  Hold'em Limit ($3/$6 USD) - 2016/07/14 12:34:04 ET
Table 'Slavia' 6-max Seat #6 is the button
Seat 3: Tryptamean ($126.76 in chips)
Seat 6: soouussa ($113 in chips)
soouussa: posts small blind $1
Tryptamean: posts big blind $3
*** HOLE CARDS ***
soouussa: folds
Uncalled bet ($2) returned to Tryptamean
Tryptamean collected $2 from pot
Tryptamean: doesn't show hand
*** SUMMARY ***
Total pot $2 | Rake $0
Seat 3: Tryptamean (big blind) collected ($2)
Seat 6: soouussa (button) (small blind) folded before Flop


PokerStars Hand #155962419869:  Hold'em Limit ($3/$6 USD) - 2016/07/14 12:33:43 ET
Table 'Slavia' 6-max Seat #3 is the button
Seat 3: Tryptamean ($121 in chips)
Seat 6: soouussa ($119 in chips)
Tryptamean: posts small blind $1
soouussa: posts big blind $3
*** HOLE CARDS ***
Tryptamean: raises $3 to $6
soouussa: calls $3
*** FLOP *** [Ad 4h 8c]
soouussa: checks
Tryptamean: bets $3
soouussa: folds
Uncalled bet ($3) returned to Tryptamean
Tryptamean collected $11.76 from pot
Tryptamean: doesn't show hand
*** SUMMARY ***
Total pot $12 | Rake $0.24
Board [Ad 4h 8c]
Seat 3: Tryptamean (button) (small blind) collected ($11.76)
Seat 6: soouussa (big blind) folded on the Flop


PokerStars Hand #155962465180:  Hold'em Limit ($3/$6 USD) - 2016/07/14 12:34:54 ET
Table 'Slavia' 6-max Seat #6 is the button
Seat 3: Tryptamean ($106.76 in chips)
Seat 6: soouussa ($132.50 in chips)
soouussa: posts small blind $1
Tryptamean: posts big blind $3
*** HOLE CARDS ***
soouussa: folds
Uncalled bet ($2) returned to Tryptamean
Tryptamean collected $2 from pot
Tryptamean: doesn't show hand
*** SUMMARY ***
Total pot $2 | Rake $0
Seat 3: Tryptamean (big blind) collected ($2)
Seat 6: soouussa (button) (small blind) folded before Flop


PokerStars Hand #155962437149:  Hold'em Limit ($3/$6 USD) - 2016/07/14 12:34:10 ET
Table 'Slavia' 6-max Seat #3 is the button
Seat 3: Tryptamean ($127.76 in chips)
Seat 6: soouussa ($112 in chips)
Tryptamean: posts small blind $1
soouussa: posts big blind $3
*** HOLE CARDS ***
Tryptamean: raises $3 to $6
soouussa: calls $3
*** FLOP *** [9d 3s As]
soouussa: bets $3
Tryptamean: calls $3
*** TURN *** [9d 3s As] [8c]
soouussa: bets $6
Tryptamean: calls $6
*** RIVER *** [9d 3s As 8c] [Th]
soouussa: bets $6
Tryptamean: calls $6
*** SHOW DOWN ***
soouussa: shows [7h 6c] (a straight, Six to Ten)
Tryptamean: mucks hand
soouussa collected $41.50 from pot
*** SUMMARY ***
Total pot $42 | Rake $0.50
Board [9d 3s As 8c Th]
Seat 3: Tryptamean (button) (small blind) mucked
Seat 6: soouussa (big blind) showed [7h 6c] and won ($41.50) with a straight, Six to Ten


PokerStars Hand #155962468589:  Hold'em Limit ($3/$6 USD) - 2016/07/14 12:34:59 ET
Table 'Slavia' 6-max Seat #3 is the button
Seat 3: Tryptamean ($107.76 in chips)
Seat 6: soouussa ($131.50 in chips)
Tryptamean: posts small blind $1
soouussa: posts big blind $3
*** HOLE CARDS ***
Tryptamean: raises $3 to $6
soouussa: calls $3
*** FLOP *** [5c 8c Th]
soouussa: checks
Tryptamean: bets $3
soouussa: raises $3 to $6
Tryptamean: folds
Uncalled bet ($3) returned to soouussa
soouussa collected $17.64 from pot
*** SUMMARY ***
Total pot $18 | Rake $0.36
Board [5c 8c Th]
Seat 3: Tryptamean (button) (small blind) folded on the Flop
Seat 6: soouussa (big blind) collected ($17.64)


PokerStars Hand #155962486504:  Hold'em Limit ($3/$6 USD) - 2016/07/14 12:35:27 ET
Table 'Slavia' 6-max Seat #6 is the button
Seat 3: Tryptamean ($98.76 in chips)
Seat 6: soouussa ($140.14 in chips)
soouussa: posts small blind $1
Tryptamean: posts big blind $3
*** HOLE CARDS ***
soouussa: folds
Uncalled bet ($2) returned to Tryptamean
Tryptamean collected $2 from pot
Tryptamean: doesn't show hand
*** SUMMARY ***
Total pot $2 | Rake $0
Seat 3: Tryptamean (big blind) collected ($2)
Seat 6: soouussa (button) (small blind) folded before Flop


PokerStars Hand #155962490846:  Hold'em Limit ($3/$6 USD) - 2016/07/14 12:35:34 ET
Table 'Slavia' 6-max Seat #3 is the button
Seat 3: Tryptamean ($99.76 in chips)
Seat 6: soouussa ($139.14 in chips)
Tryptamean: posts small blind $1
soouussa: posts big blind $3
*** HOLE CARDS ***
Tryptamean: raises $3 to $6
soouussa: calls $3
*** FLOP *** [As 3s Td]
soouussa: checks
Tryptamean: bets $3
soouussa: calls $3
*** TURN *** [As 3s Td] [3h]
soouussa: checks
Tryptamean: checks
*** RIVER *** [As 3s Td 3h] [6h]
soouussa: bets $6
Tryptamean: calls $6
*** SHOW DOWN ***
soouussa: shows [Ac 3c] (a full house, Threes full of Aces)
Tryptamean: mucks hand
soouussa collected $29.50 from pot
*** SUMMARY ***
Total pot $30 | Rake $0.50
Board [As 3s Td 3h 6h]
Seat 3: Tryptamean (button) (small blind) mucked
Seat 6: soouussa (big blind) showed [Ac 3c] and won ($29.50) with a full house, Threes full of Aces


PokerStars Hand #155962508069:  Hold'em Limit ($3/$6 USD) - 2016/07/14 12:36:01 ET
Table 'Slavia' 6-max Seat #6 is the button
Seat 3: Tryptamean ($84.76 in chips)
Seat 6: soouussa ($153.64 in chips)
soouussa: posts small blind $1
Tryptamean: posts big blind $3
*** HOLE CARDS ***
soouussa: raises $3 to $6
Tryptamean: calls $3
*** FLOP *** [6s 8s 6d]
Tryptamean: checks
soouussa: bets $3
Tryptamean: calls $3
*** TURN *** [6s 8s 6d] [Th]
Tryptamean: checks
soouussa: bets $6
Tryptamean: calls $6
*** RIVER *** [6s 8s 6d Th] [2d]
Tryptamean: checks
soouussa: bets $6
Tryptamean: calls $6
*** SHOW DOWN ***
soouussa: shows [Kc Kd] (two pair, Kings and Sixes)
Tryptamean: mucks hand
soouussa collected $41.50 from pot
*** SUMMARY ***
Total pot $42 | Rake $0.50
Board [6s 8s 6d Th 2d]
Seat 3: Tryptamean (big blind) mucked
Seat 6: soouussa (button) (small blind) showed [Kc Kd] and won ($41.50) with two pair, Kings and Sixes


PokerStars Hand #155962559096:  Hold'em Limit ($3/$6 USD) - 2016/07/14 12:37:21 ET
Table 'Slavia' 6-max Seat #6 is the button
Seat 3: Tryptamean ($120 in chips)
Seat 6: soouussa ($197.64 in chips)
soouussa: posts small blind $1
Tryptamean: posts big blind $3
*** HOLE CARDS ***
soouussa: calls $2
Tryptamean: raises $3 to $6
soouussa: calls $3
*** FLOP *** [Kc 6d 9s]
Tryptamean: bets $3
soouussa: folds
Uncalled bet ($3) returned to Tryptamean
soouussa leaves the table
Tryptamean collected $11.76 from pot
Tryptamean: doesn't show hand
*** SUMMARY ***
Total pot $12 | Rake $0.24
Board [Kc 6d 9s]
Seat 3: Tryptamean (big blind) collected ($11.76)
Seat 6: soouussa (button) (small blind) folded on the Flop


PokerStars Hand #155962540283:  Hold'em Limit ($3/$6 USD) - 2016/07/14 12:36:54 ET
Table 'Slavia' 6-max Seat #3 is the button
Seat 3: Tryptamean ($63.76 in chips)
Seat 6: soouussa ($174.14 in chips)
Tryptamean: posts small blind $1
soouussa: posts big blind $3
*** HOLE CARDS ***
Tryptamean: raises $3 to $6
soouussa: calls $3
*** FLOP *** [5c 3h 6c]
soouussa: bets $3
Tryptamean: raises $3 to $6
soouussa: calls $3
*** TURN *** [5c 3h 6c] [2d]
soouussa: bets $6
Tryptamean: calls $6
*** RIVER *** [5c 3h 6c 2d] [6h]
soouussa: bets $6
Tryptamean: calls $6
*** SHOW DOWN ***
soouussa: shows [4c 5d] (a straight, Deuce to Six)
Tryptamean: mucks hand
soouussa collected $47.50 from pot
*** SUMMARY ***
Total pot $48 | Rake $0.50
Board [5c 3h 6c 2d 6h]
Seat 3: Tryptamean (button) (small blind) mucked
Seat 6: soouussa (big blind) showed [4c 5d] and won ($47.50) with a straight, Deuce to Six


PokerStars Hand #155963124691:  Hold'em Limit ($3/$6 USD) - 2016/07/14 12:51:34 ET
Table 'Slavia' 6-max Seat #4 is the button
Seat 3: Tryptamean ($124.76 in chips)
Seat 4: Titanic001 ($111 in chips)
Titanic001: posts small blind $1
Tryptamean: posts big blind $3
*** HOLE CARDS ***
Titanic001: folds
Uncalled bet ($2) returned to Tryptamean
Tryptamean collected $2 from pot
Tryptamean: doesn't show hand
*** SUMMARY ***
Total pot $2 | Rake $0
Seat 3: Tryptamean (big blind) collected ($2)
Seat 4: Titanic001 (button) (small blind) folded before Flop


PokerStars Hand #155963102972:  Hold'em Limit ($3/$6 USD) - 2016/07/14 12:51:02 ET
Table 'Slavia' 6-max Seat #3 is the button
Seat 3: Tryptamean ($125.76 in chips)
Seat 4: Titanic001 ($110 in chips)
Tryptamean: posts small blind $1
Titanic001: posts big blind $3
*** HOLE CARDS ***
Tryptamean: folds
Uncalled bet ($2) returned to Titanic001
Titanic001 collected $2 from pot
*** SUMMARY ***
Total pot $2 | Rake $0
Seat 3: Tryptamean (button) (small blind) folded before Flop
Seat 4: Titanic001 (big blind) collected ($2)


PokerStars Hand #155963132763:  Hold'em Limit ($3/$6 USD) - 2016/07/14 12:51:45 ET
Table 'Slavia' 6-max Seat #4 is the button
Seat 3: Tryptamean ($124.76 in chips)
Seat 4: Titanic001 ($111 in chips)
Titanic001: posts small blind $1
Tryptamean: posts big blind $3
*** HOLE CARDS ***
Titanic001: folds
Uncalled bet ($2) returned to Tryptamean
Tryptamean collected $2 from pot
Tryptamean: doesn't show hand
*** SUMMARY ***
Total pot $2 | Rake $0
Seat 3: Tryptamean (big blind) collected ($2)
Seat 4: Titanic001 (button) (small blind) folded before Flop


PokerStars Hand #155963128326:  Hold'em Limit ($3/$6 USD) - 2016/07/14 12:51:39 ET
Table 'Slavia' 6-max Seat #3 is the button
Seat 3: Tryptamean ($125.76 in chips)
Seat 4: Titanic001 ($110 in chips)
Tryptamean: posts small blind $1
Titanic001: posts big blind $3
*** HOLE CARDS ***
Tryptamean: folds
Uncalled bet ($2) returned to Titanic001
Titanic001 collected $2 from pot
*** SUMMARY ***
Total pot $2 | Rake $0
Seat 3: Tryptamean (button) (small blind) folded before Flop
Seat 4: Titanic001 (big blind) collected ($2)


PokerStars Hand #155963136384:  Hold'em Limit ($3/$6 USD) - 2016/07/14 12:51:51 ET
Table 'Slavia' 6-max Seat #3 is the button
Seat 3: Tryptamean ($125.76 in chips)
Seat 4: Titanic001 ($110 in chips)
Tryptamean: posts small blind $1
Titanic001: posts big blind $3
*** HOLE CARDS ***
Tryptamean: raises $3 to $6
Titanic001: calls $3
*** FLOP *** [Kd 3h Kc]
Titanic001: checks
Tryptamean: bets $3
Titanic001: calls $3
*** TURN *** [Kd 3h Kc] [8d]
Titanic001: checks
Tryptamean: bets $6
Titanic001: raises $6 to $12
Tryptamean: calls $6
*** RIVER *** [Kd 3h Kc 8d] [4h]
Titanic001: bets $6
Tryptamean: calls $6
*** SHOW DOWN ***
Titanic001: shows [Ac 5d] (a pair of Kings)
Tryptamean: shows [7h 8c] (two pair, Kings and Eights)
Tryptamean collected $53.50 from pot
*** SUMMARY ***
Total pot $54 | Rake $0.50
Board [Kd 3h Kc 8d 4h]
Seat 3: Tryptamean (button) (small blind) showed [7h 8c] and won ($53.50) with two pair, Kings and Eights
Seat 4: Titanic001 (big blind) showed [Ac 5d] and lost with a pair of Kings


PokerStars Hand #155963169734:  Hold'em Limit ($3/$6 USD) - 2016/07/14 12:52:39 ET
Table 'Slavia' 6-max Seat #4 is the button
Seat 3: Tryptamean ($152.26 in chips)
Seat 4: Titanic001 ($83 in chips)
Titanic001: posts small blind $1
Tryptamean: posts big blind $3
*** HOLE CARDS ***
Titanic001: raises $3 to $6
Tryptamean: raises $3 to $9
Titanic001: calls $3
*** FLOP *** [7d Ks Qs]
Tryptamean: bets $3
Titanic001: folds
Uncalled bet ($3) returned to Tryptamean
Tryptamean collected $17.64 from pot
Tryptamean: doesn't show hand
*** SUMMARY ***
Total pot $18 | Rake $0.36
Board [7d Ks Qs]
Seat 3: Tryptamean (big blind) collected ($17.64)
Seat 4: Titanic001 (button) (small blind) folded on the Flop


PokerStars Hand #155963179694:  Hold'em Limit ($3/$6 USD) - 2016/07/14 12:52:54 ET
Table 'Slavia' 6-max Seat #3 is the button
Seat 3: Tryptamean ($160.90 in chips)
Seat 4: Titanic001 ($74 in chips)
Tryptamean: posts small blind $1
Titanic001: posts big blind $3
*** HOLE CARDS ***
Tryptamean: raises $3 to $6
Titanic001: calls $3
*** FLOP *** [6h 2d 4d]
Titanic001: checks
Tryptamean: checks
*** TURN *** [6h 2d 4d] [5d]
Titanic001: bets $6
Tryptamean: calls $6
*** RIVER *** [6h 2d 4d 5d] [2c]
Titanic001: checks
Tryptamean: checks
*** SHOW DOWN ***
Titanic001: shows [9d 7h] (a pair of Deuces)
Tryptamean: shows [8s Qc] (a pair of Deuces - Queen kicker)
Tryptamean collected $23.52 from pot
*** SUMMARY ***
Total pot $24 | Rake $0.48
Board [6h 2d 4d 5d 2c]
Seat 3: Tryptamean (button) (small blind) showed [8s Qc] and won ($23.52) with a pair of Deuces
Seat 4: Titanic001 (big blind) showed [9d 7h] and lost with a pair of Deuces


PokerStars Hand #155963196414:  Hold'em Limit ($3/$6 USD) - 2016/07/14 12:53:19 ET
Table 'Slavia' 6-max Seat #4 is the button
Seat 3: Tryptamean ($172.42 in chips)
Seat 4: Titanic001 ($62 in chips)
Titanic001: posts small blind $1
Tryptamean: posts big blind $3
*** HOLE CARDS ***
Titanic001: raises $3 to $6
Tryptamean: raises $3 to $9
Titanic001: calls $3
*** FLOP *** [2c 6s Tc]
Tryptamean: bets $3
Titanic001: raises $3 to $6
Tryptamean: calls $3
*** TURN *** [2c 6s Tc] [5d]
Tryptamean: checks
Titanic001: bets $6
Tryptamean: calls $6
*** RIVER *** [2c 6s Tc 5d] [3s]
Tryptamean: checks
Titanic001: checks
*** SHOW DOWN ***
Tryptamean: shows [5s 8s] (a pair of Fives)
Titanic001: shows [Ts Kd] (a pair of Tens)
Titanic001 collected $41.50 from pot
*** SUMMARY ***
Total pot $42 | Rake $0.50
Board [2c 6s Tc 5d 3s]
Seat 3: Tryptamean (big blind) showed [5s 8s] and lost with a pair of Fives
Seat 4: Titanic001 (button) (small blind) showed [Ts Kd] and won ($41.50) with a pair of Tens


PokerStars Hand #155963215427:  Hold'em Limit ($3/$6 USD) - 2016/07/14 12:53:46 ET
Table 'Slavia' 6-max Seat #3 is the button
Seat 3: Tryptamean ($151.42 in chips)
Seat 4: Titanic001 ($82.50 in chips)
Tryptamean: posts small blind $1
Titanic001: posts big blind $3
*** HOLE CARDS ***
Tryptamean: raises $3 to $6
Titanic001: calls $3
*** FLOP *** [8s Th Qs]
Titanic001: checks
Tryptamean: bets $3
Titanic001: calls $3
*** TURN *** [8s Th Qs] [9c]
Titanic001: checks
Tryptamean: checks
*** RIVER *** [8s Th Qs 9c] [4s]
Titanic001: checks
Tryptamean: checks
*** SHOW DOWN ***
Titanic001: shows [3d Ts] (a pair of Tens)
Tryptamean: mucks hand
Titanic001 collected $17.64 from pot
*** SUMMARY ***
Total pot $18 | Rake $0.36
Board [8s Th Qs 9c 4s]
Seat 3: Tryptamean (button) (small blind) mucked
Seat 4: Titanic001 (big blind) showed [3d Ts] and won ($17.64) with a pair of Tens


PokerStars Hand #155963234356:  Hold'em Limit ($3/$6 USD) - 2016/07/14 12:54:14 ET
Table 'Slavia' 6-max Seat #4 is the button
Seat 3: Tryptamean ($142.42 in chips)
Seat 4: Titanic001 ($91.14 in chips)
Titanic001: posts small blind $1
Tryptamean: posts big blind $3
*** HOLE CARDS ***
Titanic001: raises $3 to $6
Tryptamean: raises $3 to $9
Titanic001: raises $3 to $12
Betting is capped
Tryptamean: calls $3
*** FLOP *** [5h 4c 4h]
Tryptamean: checks
Titanic001: bets $3
Tryptamean: calls $3
*** TURN *** [5h 4c 4h] [8s]
Tryptamean: checks
Titanic001: bets $6
Tryptamean: calls $6
*** RIVER *** [5h 4c 4h 8s] [Qc]
Tryptamean: checks
Titanic001: checks
*** SHOW DOWN ***
Tryptamean: shows [Ts 6s] (a pair of Fours)
Titanic001: shows [9d 9h] (two pair, Nines and Fours)
Titanic001 collected $41.50 from pot
*** SUMMARY ***
Total pot $42 | Rake $0.50
Board [5h 4c 4h 8s Qc]
Seat 3: Tryptamean (big blind) showed [Ts 6s] and lost with a pair of Fours
Seat 4: Titanic001 (button) (small blind) showed [9d 9h] and won ($41.50) with two pair, Nines and Fours


PokerStars Hand #155963269822:  Hold'em Limit ($3/$6 USD) - 2016/07/14 12:55:06 ET
Table 'Slavia' 6-max Seat #4 is the button
Seat 3: Tryptamean ($121.24 in chips)
Seat 4: Titanic001 ($111.46 in chips)
Titanic001: posts small blind $1
Tryptamean: posts big blind $3
*** HOLE CARDS ***
Titanic001: raises $3 to $6
Tryptamean: calls $3
*** FLOP *** [9s Td 3d]
Tryptamean: checks
Titanic001: bets $3
Tryptamean: calls $3
*** TURN *** [9s Td 3d] [Th]
Tryptamean: checks
Titanic001: bets $6
Tryptamean: calls $6
*** RIVER *** [9s Td 3d Th] [5s]
Tryptamean: checks
Titanic001: bets $6
Tryptamean: calls $6
*** SHOW DOWN ***
Titanic001: shows [Qh Tc] (three of a kind, Tens)
Tryptamean: mucks hand
Titanic001 collected $41.50 from pot
*** SUMMARY ***
Total pot $42 | Rake $0.50
Board [9s Td 3d Th 5s]
Seat 3: Tryptamean (big blind) mucked
Seat 4: Titanic001 (button) (small blind) showed [Qh Tc] and won ($41.50) with three of a kind, Tens


PokerStars Hand #155963288104:  Hold'em Limit ($3/$6 USD) - 2016/07/14 12:55:40 ET
Table 'Slavia' 6-max Seat #3 is the button
Seat 3: Tryptamean ($100.24 in chips)
Seat 4: Titanic001 ($131.96 in chips)
Tryptamean: posts small blind $1
Titanic001: posts big blind $3
*** HOLE CARDS ***
Tryptamean: raises $3 to $6
Titanic001: calls $3
*** FLOP *** [As 9c Ad]
Titanic001: checks
Tryptamean: bets $3
Titanic001: folds
Uncalled bet ($3) returned to Tryptamean
Tryptamean collected $11.76 from pot
Tryptamean: doesn't show hand
*** SUMMARY ***
Total pot $12 | Rake $0.24
Board [As 9c Ad]
Seat 3: Tryptamean (button) (small blind) collected ($11.76)
Seat 4: Titanic001 (big blind) folded on the Flop


PokerStars Hand #155963252058:  Hold'em Limit ($3/$6 USD) - 2016/07/14 12:54:40 ET
Table 'Slavia' 6-max Seat #3 is the button
Seat 3: Tryptamean ($121.42 in chips)
Seat 4: Titanic001 ($111.64 in chips)
Tryptamean: posts small blind $1
Titanic001: posts big blind $3
*** HOLE CARDS ***
Tryptamean: raises $3 to $6
Titanic001: calls $3
*** FLOP *** [Th 8h Jd]
Titanic001: checks
Tryptamean: bets $3
Titanic001: calls $3
*** TURN *** [Th 8h Jd] [Kd]
Titanic001: checks
Tryptamean: checks
*** RIVER *** [Th 8h Jd Kd] [Qs]
Titanic001: checks
Tryptamean: checks
*** SHOW DOWN ***
Titanic001: shows [Ts 4c] (a pair of Tens)
Tryptamean: shows [Td 7s] (a pair of Tens)
Titanic001 collected $8.82 from pot
Tryptamean collected $8.82 from pot
*** SUMMARY ***
Total pot $18 | Rake $0.36
Board [Th 8h Jd Kd Qs]
Seat 3: Tryptamean (button) (small blind) showed [Td 7s] and won ($8.82) with a pair of Tens
Seat 4: Titanic001 (big blind) showed [Ts 4c] and won ($8.82) with a pair of Tens


PokerStars Hand #155963312916:  Hold'em Limit ($3/$6 USD) - 2016/07/14 12:56:27 ET
Table 'Slavia' 6-max Seat #3 is the button
Seat 3: Tryptamean ($88 in chips)
Seat 4: Titanic001 ($143.46 in chips)
Tryptamean: posts small blind $1
Titanic001: posts big blind $3
*** HOLE CARDS ***
Tryptamean: raises $3 to $6
Titanic001: folds
Uncalled bet ($3) returned to Tryptamean
Tryptamean collected $6 from pot
Tryptamean: doesn't show hand
*** SUMMARY ***
Total pot $6 | Rake $0
Seat 3: Tryptamean (button) (small blind) collected ($6)
Seat 4: Titanic001 (big blind) folded before Flop


PokerStars Hand #155963293880:  Hold'em Limit ($3/$6 USD) - 2016/07/14 12:55:51 ET
Table 'Slavia' 6-max Seat #4 is the button
Seat 3: Tryptamean ($106 in chips)
Seat 4: Titanic001 ($125.96 in chips)
Titanic001: posts small blind $1
Tryptamean: posts big blind $3
*** HOLE CARDS ***
Titanic001: raises $3 to $6
Tryptamean: calls $3
*** FLOP *** [2d 3h 5c]
Tryptamean: checks
Titanic001: checks
*** TURN *** [2d 3h 5c] [9s]
Tryptamean: bets $6
Titanic001: raises $6 to $12
Tryptamean: calls $6
*** RIVER *** [2d 3h 5c 9s] [Qd]
Tryptamean: checks
Titanic001: checks
*** SHOW DOWN ***
Tryptamean: shows [6c 5h] (a pair of Fives)
Titanic001: shows [9d Jh] (a pair of Nines)
Titanic001 collected $35.50 from pot
*** SUMMARY ***
Total pot $36 | Rake $0.50
Board [2d 3h 5c 9s Qd]
Seat 3: Tryptamean (big blind) showed [6c 5h] and lost with a pair of Fives
Seat 4: Titanic001 (button) (small blind) showed [9d Jh] and won ($35.50) with a pair of Nines


PokerStars Hand #155963316429:  Hold'em Limit ($3/$6 USD) - 2016/07/14 12:56:34 ET
Table 'Slavia' 6-max Seat #4 is the button
Seat 3: Tryptamean ($91 in chips)
Seat 4: Titanic001 ($140.46 in chips)
Titanic001: posts small blind $1
Tryptamean: posts big blind $3
*** HOLE CARDS ***
Titanic001: raises $3 to $6
Tryptamean: raises $3 to $9
Titanic001: calls $3
*** FLOP *** [2h 5d As]
Tryptamean: bets $3
Titanic001: folds
Uncalled bet ($3) returned to Tryptamean
Tryptamean collected $17.64 from pot
Tryptamean: doesn't show hand
*** SUMMARY ***
Total pot $18 | Rake $0.36
Board [2h 5d As]
Seat 3: Tryptamean (big blind) collected ($17.64)
Seat 4: Titanic001 (button) (small blind) folded on the Flop


PokerStars Hand #155963325533:  Hold'em Limit ($3/$6 USD) - 2016/07/14 12:56:51 ET
Table 'Slavia' 6-max Seat #3 is the button
Seat 3: Tryptamean ($99.64 in chips)
Seat 4: Titanic001 ($131.46 in chips)
Tryptamean: posts small blind $1
Titanic001: posts big blind $3
*** HOLE CARDS ***
Tryptamean: raises $3 to $6
Titanic001: folds
Uncalled bet ($3) returned to Tryptamean
Tryptamean collected $6 from pot
Tryptamean: doesn't show hand
*** SUMMARY ***
Total pot $6 | Rake $0
Seat 3: Tryptamean (button) (small blind) collected ($6)
Seat 4: Titanic001 (big blind) folded before Flop


PokerStars Hand #155963329329:  Hold'em Limit ($3/$6 USD) - 2016/07/14 12:56:58 ET
Table 'Slavia' 6-max Seat #4 is the button
Seat 3: Tryptamean ($102.64 in chips)
Seat 4: Titanic001 ($128.46 in chips)
Titanic001: posts small blind $1
Tryptamean: posts big blind $3
*** HOLE CARDS ***
Titanic001: raises $3 to $6
Tryptamean: raises $3 to $9
Titanic001: calls $3
*** FLOP *** [Ad 6d Kc]
Tryptamean: bets $3
Titanic001: calls $3
*** TURN *** [Ad 6d Kc] [7d]
Tryptamean: checks
Titanic001: checks
*** RIVER *** [Ad 6d Kc 7d] [Js]
Tryptamean: checks
Titanic001: checks
*** SHOW DOWN ***
Tryptamean: shows [3s 3d] (a pair of Threes)
Titanic001: shows [Qc Jc] (a pair of Jacks)
Titanic001 collected $23.52 from pot
*** SUMMARY ***
Total pot $24 | Rake $0.48
Board [Ad 6d Kc 7d Js]
Seat 3: Tryptamean (big blind) showed [3s 3d] and lost with a pair of Threes
Seat 4: Titanic001 (button) (small blind) showed [Qc Jc] and won ($23.52) with a pair of Jacks


PokerStars Hand #155963346919:  Hold'em Limit ($3/$6 USD) - 2016/07/14 12:57:31 ET
Table 'Slavia' 6-max Seat #3 is the button
Seat 3: Tryptamean ($90.64 in chips)
Seat 4: Titanic001 ($139.98 in chips)
Tryptamean: posts small blind $1
Titanic001: posts big blind $3
*** HOLE CARDS ***
Tryptamean: raises $3 to $6
Titanic001: calls $3
*** FLOP *** [4d 5c Qd]
Titanic001: checks
Tryptamean: bets $3
Titanic001: calls $3
*** TURN *** [4d 5c Qd] [Ah]
Titanic001: checks
Tryptamean: bets $6
Titanic001: calls $6
*** RIVER *** [4d 5c Qd Ah] [2h]
Titanic001: checks
Tryptamean: checks
rippey156 joins the table at seat #6
*** SHOW DOWN ***
Titanic001: shows [7h Qs] (a pair of Queens)
Tryptamean: mucks hand
Titanic001 collected $29.50 from pot
*** SUMMARY ***
Total pot $30 | Rake $0.50
Board [4d 5c Qd Ah 2h]
Seat 3: Tryptamean (button) (small blind) mucked
Seat 4: Titanic001 (big blind) showed [7h Qs] and won ($29.50) with a pair of Queens


PokerStars Hand #155966967069:  Hold'em Limit ($3/$6 USD) - 2016/07/14 14:24:17 ET
Table 'Slavia' 6-max Seat #5 is the button
Seat 4: Titanic001 ($249.21 in chips)
Seat 5: siliciom ($265.82 in chips)
siliciom: posts small blind $1
vestimokrec: is sitting out
Luanto 14: is sitting out
Titanic001: posts big blind $3
*** HOLE CARDS ***
vestimokrec leaves the table
siliciom: raises $3 to $6
Titanic001 is disconnected
Titanic001 has timed out while disconnected
Titanic001: folds
Uncalled bet ($3) returned to siliciom
siliciom collected $6 from pot
siliciom: doesn't show hand
*** SUMMARY ***
Total pot $6 | Rake $0
Seat 4: Titanic001 (big blind) folded before Flop
Seat 5: siliciom (button) (small blind) collected ($6)


PokerStars Hand #155967008572:  Hold'em Limit ($3/$6 USD) - 2016/07/14 14:25:14 ET
Table 'Slavia' 6-max Seat #4 is the button
Seat 4: Titanic001 ($246.21 in chips)
Seat 5: siliciom ($268.82 in chips)
Titanic001: posts small blind $1
siliciom: posts big blind $3
*** HOLE CARDS ***
Titanic001: raises $3 to $6
siliciom: calls $3
*** FLOP *** [2s Th 5c]
siliciom: checks
Titanic001: bets $3
siliciom: calls $3
*** TURN *** [2s Th 5c] [6c]
siliciom: checks
Titanic001: bets $6
siliciom: calls $6
*** RIVER *** [2s Th 5c 6c] [Td]
siliciom: checks
Titanic001: bets $6
siliciom: folds
Uncalled bet ($6) returned to Titanic001
Titanic001 collected $29.50 from pot
*** SUMMARY ***
Total pot $30 | Rake $0.50
Board [2s Th 5c 6c Td]
Seat 4: Titanic001 (button) (small blind) collected ($29.50)
Seat 5: siliciom (big blind) folded on the River


PokerStars Hand #155967041536:  Hold'em Limit ($3/$6 USD) - 2016/07/14 14:25:59 ET
Table 'Slavia' 6-max Seat #5 is the button
Seat 4: Titanic001 ($260.71 in chips)
Seat 5: siliciom ($253.82 in chips)
siliciom: posts small blind $1
Titanic001: posts big blind $3
*** HOLE CARDS ***
siliciom: raises $3 to $6
Titanic001: calls $3
*** FLOP *** [9h 4s 8h]
Titanic001: checks
siliciom: bets $3
Titanic001: calls $3
*** TURN *** [9h 4s 8h] [As]
Titanic001: checks
siliciom: bets $6
Titanic001: folds
Uncalled bet ($6) returned to siliciom
siliciom collected $17.64 from pot
siliciom: doesn't show hand
*** SUMMARY ***
Total pot $18 | Rake $0.36
Board [9h 4s 8h As]
Seat 4: Titanic001 (big blind) folded on the Turn
Seat 5: siliciom (button) (small blind) collected ($17.64)


PokerStars Hand #155967053722:  Hold'em Limit ($3/$6 USD) - 2016/07/14 14:26:15 ET
Table 'Slavia' 6-max Seat #4 is the button
Seat 4: Titanic001 ($251.71 in chips)
Seat 5: siliciom ($262.46 in chips)
Titanic001: posts small blind $1
siliciom: posts big blind $3
*** HOLE CARDS ***
Titanic001: raises $3 to $6
siliciom: calls $3
*** FLOP *** [2h Th 3s]
siliciom: checks
Titanic001: bets $3
siliciom: calls $3
*** TURN *** [2h Th 3s] [5s]
siliciom: checks
Titanic001: checks
*** RIVER *** [2h Th 3s 5s] [6d]
siliciom: checks
Titanic001: checks
*** SHOW DOWN ***
siliciom: shows [Ac 9s] (high card Ace)
Titanic001: mucks hand
siliciom collected $17.64 from pot
*** SUMMARY ***
Total pot $18 | Rake $0.36
Board [2h Th 3s 5s 6d]
Seat 4: Titanic001 (button) (small blind) mucked
Seat 5: siliciom (big blind) showed [Ac 9s] and won ($17.64) with high card Ace


PokerStars Hand #155967071637:  Hold'em Limit ($3/$6 USD) - 2016/07/14 14:26:40 ET
Table 'Slavia' 6-max Seat #5 is the button
Seat 4: Titanic001 ($242.71 in chips)
Seat 5: siliciom ($271.10 in chips)
siliciom: posts small blind $1
Titanic001: posts big blind $3
*** HOLE CARDS ***
siliciom: raises $3 to $6
Titanic001: calls $3
*** FLOP *** [5d 7s 2d]
Titanic001: checks
siliciom: bets $3
Titanic001: calls $3
*** TURN *** [5d 7s 2d] [Ts]
Titanic001: checks
siliciom: bets $6
Titanic001: raises $6 to $12
siliciom: folds
Uncalled bet ($6) returned to Titanic001
Titanic001 collected $29.50 from pot
*** SUMMARY ***
Total pot $30 | Rake $0.50
Board [5d 7s 2d Ts]
Seat 4: Titanic001 (big blind) collected ($29.50)
Seat 5: siliciom (button) (small blind) folded on the Turn


PokerStars Hand #155967105355:  Hold'em Limit ($3/$6 USD) - 2016/07/14 14:27:26 ET
Table 'Slavia' 6-max Seat #5 is the button
Seat 4: Titanic001 ($233.21 in chips)
Seat 5: siliciom ($279.60 in chips)
siliciom: posts small blind $1
Titanic001: posts big blind $3
*** HOLE CARDS ***
siliciom: raises $3 to $6
Titanic001: calls $3
*** FLOP *** [2h Qs Th]
Titanic001: checks
siliciom: bets $3
Titanic001: calls $3
*** TURN *** [2h Qs Th] [5h]
Titanic001: checks
siliciom: bets $6
Titanic001: folds
Uncalled bet ($6) returned to siliciom
siliciom collected $17.64 from pot
siliciom: doesn't show hand
*** SUMMARY ***
Total pot $18 | Rake $0.36
Board [2h Qs Th 5h]
Seat 4: Titanic001 (big blind) folded on the Turn
Seat 5: siliciom (button) (small blind) collected ($17.64)


PokerStars Hand #155967084987:  Hold'em Limit ($3/$6 USD) - 2016/07/14 14:26:58 ET
Table 'Slavia' 6-max Seat #4 is the button
Seat 4: Titanic001 ($257.21 in chips)
Seat 5: siliciom ($256.10 in chips)
Titanic001: posts small blind $1
siliciom: posts big blind $3
*** HOLE CARDS ***
Titanic001: raises $3 to $6
siliciom: calls $3
*** FLOP *** [6s Jh Qs]
siliciom: checks
Titanic001: bets $3
siliciom: raises $3 to $6
Titanic001: calls $3
*** TURN *** [6s Jh Qs] [2h]
siliciom: bets $6
Titanic001: calls $6
*** RIVER *** [6s Jh Qs 2h] [Qd]
siliciom: bets $6
Titanic001: calls $6
*** SHOW DOWN ***
siliciom: shows [Ac Qc] (three of a kind, Queens)
Titanic001: mucks hand
siliciom collected $47.50 from pot
*** SUMMARY ***
Total pot $48 | Rake $0.50
Board [6s Jh Qs 2h Qd]
Seat 4: Titanic001 (button) (small blind) mucked
Seat 5: siliciom (big blind) showed [Ac Qc] and won ($47.50) with three of a kind, Queens


PokerStars Hand #155967117324:  Hold'em Limit ($3/$6 USD) - 2016/07/14 14:27:43 ET
Table 'Slavia' 6-max Seat #4 is the button
Seat 4: Titanic001 ($224.21 in chips)
Seat 5: siliciom ($288.24 in chips)
Titanic001: posts small blind $1
siliciom: posts big blind $3
*** HOLE CARDS ***
Titanic001: raises $3 to $6
siliciom: calls $3
*** FLOP *** [2d 3s 3c]
siliciom: checks
Titanic001: bets $3
siliciom: folds
Uncalled bet ($3) returned to Titanic001
Titanic001 collected $11.76 from pot
*** SUMMARY ***
Total pot $12 | Rake $0.24
Board [2d 3s 3c]
Seat 4: Titanic001 (button) (small blind) collected ($11.76)
Seat 5: siliciom (big blind) folded on the Flop


PokerStars Hand #155967148286:  Hold'em Limit ($3/$6 USD) - 2016/07/14 14:28:25 ET
Table 'Slavia' 6-max Seat #4 is the button
Seat 4: Titanic001 ($234.61 in chips)
Seat 5: siliciom ($277.24 in chips)
Titanic001: posts small blind $1
siliciom: posts big blind $3
*** HOLE CARDS ***
Titanic001: folds
Uncalled bet ($2) returned to siliciom
siliciom collected $2 from pot
siliciom: doesn't show hand
*** SUMMARY ***
Total pot $2 | Rake $0
Seat 4: Titanic001 (button) (small blind) folded before Flop
Seat 5: siliciom (big blind) collected ($2)


PokerStars Hand #155967151936:  Hold'em Limit ($3/$6 USD) - 2016/07/14 14:28:30 ET
Table 'Slavia' 6-max Seat #5 is the button
Seat 4: Titanic001 ($233.61 in chips)
Seat 5: siliciom ($278.24 in chips)
siliciom: posts small blind $1
Titanic001: posts big blind $3
*** HOLE CARDS ***
siliciom: raises $3 to $6
Titanic001: raises $3 to $9
siliciom: calls $3
*** FLOP *** [3c Qc 9h]
Titanic001: bets $3
siliciom: calls $3
*** TURN *** [3c Qc 9h] [8c]
Titanic001: bets $6
siliciom: calls $6
*** RIVER *** [3c Qc 9h 8c] [Ts]
Titanic001: bets $6
siliciom: calls $6
*** SHOW DOWN ***
Titanic001: shows [4s Ac] (high card Ace)
siliciom: shows [Qs 7d] (a pair of Queens)
siliciom collected $47.50 from pot
*** SUMMARY ***
Total pot $48 | Rake $0.50
Board [3c Qc 9h 8c Ts]
Seat 4: Titanic001 (big blind) showed [4s Ac] and lost with high card Ace
Seat 5: siliciom (button) (small blind) showed [Qs 7d] and won ($47.50) with a pair of Queens


PokerStars Hand #155967169946:  Hold'em Limit ($3/$6 USD) - 2016/07/14 14:28:55 ET
Table 'Slavia' 6-max Seat #5 is the button
Seat 4: Titanic001 ($212.61 in chips)
Seat 5: siliciom ($298.74 in chips)
siliciom: posts small blind $1
Titanic001: posts big blind $3
*** HOLE CARDS ***
siliciom: raises $3 to $6
Titanic001: calls $3
*** FLOP *** [6d 7d Tc]
Titanic001: checks
siliciom: bets $3
Titanic001: folds
Uncalled bet ($3) returned to siliciom
siliciom collected $11.76 from pot
siliciom: doesn't show hand
*** SUMMARY ***
Total pot $12 | Rake $0.24
Board [6d 7d Tc]
Seat 4: Titanic001 (big blind) folded on the Flop
Seat 5: siliciom (button) (small blind) collected ($11.76)


PokerStars Hand #155967140634:  Hold'em Limit ($3/$6 USD) - 2016/07/14 14:28:15 ET
Table 'Slavia' 6-max Seat #4 is the button
Seat 4: Titanic001 ($238.61 in chips)
Seat 5: siliciom ($273.24 in chips)
Titanic001: posts small blind $1
siliciom: posts big blind $3
*** HOLE CARDS ***
Titanic001: folds
Uncalled bet ($2) returned to siliciom
siliciom collected $2 from pot
siliciom: doesn't show hand
*** SUMMARY ***
Total pot $2 | Rake $0
Seat 4: Titanic001 (button) (small blind) folded before Flop
Seat 5: siliciom (big blind) collected ($2)


PokerStars Hand #155967126739:  Hold'em Limit ($3/$6 USD) - 2016/07/14 14:27:55 ET
Table 'Slavia' 6-max Seat #5 is the button
Seat 4: Titanic001 ($229.97 in chips)
Seat 5: siliciom ($282.24 in chips)
siliciom: posts small blind $1
Titanic001: posts big blind $3
*** HOLE CARDS ***
siliciom: raises $3 to $6
Titanic001: calls $3
*** FLOP *** [Qs 8s 4c]
Titanic001: checks
siliciom: bets $3
Titanic001: calls $3
*** TURN *** [Qs 8s 4c] [4s]
Titanic001: checks
siliciom: checks
*** RIVER *** [Qs 8s 4c 4s] [Ad]
Titanic001: bets $6
siliciom: folds
Uncalled bet ($6) returned to Titanic001
Titanic001 collected $17.64 from pot
*** SUMMARY ***
Total pot $18 | Rake $0.36
Board [Qs 8s 4c 4s Ad]
Seat 4: Titanic001 (big blind) collected ($17.64)
Seat 5: siliciom (button) (small blind) folded on the River


PokerStars Hand #155967185042:  Hold'em Limit ($3/$6 USD) - 2016/07/14 14:29:16 ET
Table 'Slavia' 6-max Seat #5 is the button
Seat 4: Titanic001 ($205.61 in chips)
Seat 5: siliciom ($305.50 in chips)
siliciom: posts small blind $1
Titanic001: posts big blind $3
*** HOLE CARDS ***
siliciom: raises $3 to $6
Titanic001: calls $3
*** FLOP *** [9c 4h 5s]
Titanic001: checks
siliciom: bets $3
Titanic001: folds
Uncalled bet ($3) returned to siliciom
siliciom collected $11.76 from pot
siliciom: doesn't show hand
*** SUMMARY ***
Total pot $12 | Rake $0.24
Board [9c 4h 5s]
Seat 4: Titanic001 (big blind) folded on the Flop
Seat 5: siliciom (button) (small blind) collected ($11.76)


PokerStars Hand #155967224548:  Hold'em Limit ($3/$6 USD) - 2016/07/14 14:30:10 ET
Table 'Slavia' 6-max Seat #5 is the button
Seat 4: Titanic001 ($205.37 in chips)
Seat 5: siliciom ($305.26 in chips)
siliciom: posts small blind $1
Titanic001: posts big blind $3
*** HOLE CARDS ***
siliciom: raises $3 to $6
Titanic001: calls $3
*** FLOP *** [2c 3d 2d]
Titanic001: checks
siliciom: bets $3
Titanic001: folds
Uncalled bet ($3) returned to siliciom
siliciom collected $11.76 from pot
siliciom: doesn't show hand
*** SUMMARY ***
Total pot $12 | Rake $0.24
Board [2c 3d 2d]
Seat 4: Titanic001 (big blind) folded on the Flop
Seat 5: siliciom (button) (small blind) collected ($11.76)


PokerStars Hand #155967294937:  Hold'em Limit ($3/$6 USD) - 2016/07/14 14:31:46 ET
Table 'Slavia' 6-max Seat #4 is the button
Seat 4: Titanic001 ($169.37 in chips)
Seat 5: siliciom ($340.02 in chips)
Titanic001: posts small blind $1
siliciom: posts big blind $3
*** HOLE CARDS ***
Titanic001: folds
Uncalled bet ($2) returned to siliciom
siliciom collected $2 from pot
siliciom: doesn't show hand
*** SUMMARY ***
Total pot $2 | Rake $0
Seat 4: Titanic001 (button) (small blind) folded before Flop
Seat 5: siliciom (big blind) collected ($2)


PokerStars Hand #155967269110:  Hold'em Limit ($3/$6 USD) - 2016/07/14 14:31:11 ET
Table 'Slavia' 6-max Seat #5 is the button
Seat 4: Titanic001 ($184.37 in chips)
Seat 5: siliciom ($325.52 in chips)
siliciom: posts small blind $1
Titanic001: posts big blind $3
*** HOLE CARDS ***
siliciom: raises $3 to $6
Titanic001: calls $3
*** FLOP *** [Qd Th 8h]
Titanic001: checks
siliciom: bets $3
Titanic001: calls $3
*** TURN *** [Qd Th 8h] [Kc]
Titanic001: checks
siliciom: bets $6
Titanic001: calls $6
*** RIVER *** [Qd Th 8h Kc] [7h]
Titanic001: checks
siliciom: bets $6
Titanic001: folds
Uncalled bet ($6) returned to siliciom
siliciom collected $29.50 from pot
siliciom: doesn't show hand
*** SUMMARY ***
Total pot $30 | Rake $0.50
Board [Qd Th 8h Kc 7h]
Seat 4: Titanic001 (big blind) folded on the River
Seat 5: siliciom (button) (small blind) collected ($29.50)


PokerStars Hand #155967237901:  Hold'em Limit ($3/$6 USD) - 2016/07/14 14:30:29 ET
Table 'Slavia' 6-max Seat #4 is the button
Seat 4: Titanic001 ($199.37 in chips)
Seat 5: siliciom ($311.02 in chips)
Titanic001: posts small blind $1
siliciom: posts big blind $3
*** HOLE CARDS ***
Titanic001: raises $3 to $6
siliciom: calls $3
*** FLOP *** [6c 2d Tc]
siliciom: bets $3
Titanic001: calls $3
*** TURN *** [6c 2d Tc] [3h]
siliciom: bets $6
Titanic001: calls $6
*** RIVER *** [6c 2d Tc 3h] [4s]
siliciom: bets $6
Titanic001: folds
Uncalled bet ($6) returned to siliciom
siliciom collected $29.50 from pot
siliciom: doesn't show hand
*** SUMMARY ***
Total pot $30 | Rake $0.50
Board [6c 2d Tc 3h 4s]
Seat 4: Titanic001 (button) (small blind) folded on the River
Seat 5: siliciom (big blind) collected ($29.50)


PokerStars Hand #155967298325:  Hold'em Limit ($3/$6 USD) - 2016/07/14 14:31:51 ET
Table 'Slavia' 6-max Seat #5 is the button
Seat 4: Titanic001 ($168.37 in chips)
Seat 5: siliciom ($341.02 in chips)
siliciom: posts small blind $1
Titanic001: posts big blind $3
*** HOLE CARDS ***
siliciom: raises $3 to $6
Titanic001: calls $3
*** FLOP *** [Ad Qs 7d]
Titanic001: checks
siliciom: bets $3
Titanic001: folds
Uncalled bet ($3) returned to siliciom
siliciom collected $11.76 from pot
siliciom: doesn't show hand
*** SUMMARY ***
Total pot $12 | Rake $0.24
Board [Ad Qs 7d]
Seat 4: Titanic001 (big blind) folded on the Flop
Seat 5: siliciom (button) (small blind) collected ($11.76)


PokerStars Hand #155967325726:  Hold'em Limit ($3/$6 USD) - 2016/07/14 14:32:28 ET
Table 'Slavia' 6-max Seat #4 is the button
Seat 4: Titanic001 ($146.37 in chips)
Seat 5: siliciom ($362.28 in chips)
Titanic001: posts small blind $1
siliciom: posts big blind $3
*** HOLE CARDS ***
liza3008 joins the table at seat #3
Titanic001: folds
Uncalled bet ($2) returned to siliciom
siliciom collected $2 from pot
siliciom: doesn't show hand
*** SUMMARY ***
Total pot $2 | Rake $0
Seat 4: Titanic001 (button) (small blind) folded before Flop
Seat 5: siliciom (big blind) collected ($2)


PokerStars Hand #155967310913:  Hold'em Limit ($3/$6 USD) - 2016/07/14 14:32:08 ET
Table 'Slavia' 6-max Seat #5 is the button
Seat 4: Titanic001 ($161.37 in chips)
Seat 5: siliciom ($347.78 in chips)
siliciom: posts small blind $1
Titanic001: posts big blind $3
*** HOLE CARDS ***
siliciom: raises $3 to $6
Titanic001: calls $3
*** FLOP *** [Js 5s 9c]
Titanic001: checks
siliciom: bets $3
Titanic001: calls $3
*** TURN *** [Js 5s 9c] [7c]
Titanic001: checks
siliciom: bets $6
Titanic001: calls $6
*** RIVER *** [Js 5s 9c 7c] [Qc]
Titanic001: checks
siliciom: bets $6
Titanic001: folds
Uncalled bet ($6) returned to siliciom
siliciom collected $29.50 from pot
siliciom: doesn't show hand
*** SUMMARY ***
Total pot $30 | Rake $0.50
Board [Js 5s 9c 7c Qc]
Seat 4: Titanic001 (big blind) folded on the River
Seat 5: siliciom (button) (small blind) collected ($29.50)


PokerStars Hand #155967307504:  Hold'em Limit ($3/$6 USD) - 2016/07/14 14:32:03 ET
Table 'Slavia' 6-max Seat #4 is the button
Seat 4: Titanic001 ($162.37 in chips)
Seat 5: siliciom ($346.78 in chips)
Titanic001: posts small blind $1
siliciom: posts big blind $3
*** HOLE CARDS ***
Titanic001: folds
Uncalled bet ($2) returned to siliciom
siliciom collected $2 from pot
siliciom: doesn't show hand
*** SUMMARY ***
Total pot $2 | Rake $0
Seat 4: Titanic001 (button) (small blind) folded before Flop
Seat 5: siliciom (big blind) collected ($2)


PokerStars Hand #155967329325:  Hold'em Limit ($3/$6 USD) - 2016/07/14 14:32:33 ET
Table 'Slavia' 6-max Seat #5 is the button
Seat 3: liza3008 ($120 in chips)
Seat 5: siliciom ($363.28 in chips)
siliciom: posts small blind $1
liza3008: posts big blind $3
*** HOLE CARDS ***
Murrrr_@T joins the table at seat #6
siliciom: raises $3 to $6
Titanic001 leaves the table
liza3008: calls $3
*** FLOP *** [6c 5c 7c]
liza3008: checks
siliciom: checks
*** TURN *** [6c 5c 7c] [Jh]
liza3008: checks
Tibike966 joins the table at seat #4
siliciom: bets $6
liza3008: folds
Uncalled bet ($6) returned to siliciom
siliciom collected $11.76 from pot
siliciom: doesn't show hand
*** SUMMARY ***
Total pot $12 | Rake $0.24
Board [6c 5c 7c Jh]
Seat 3: liza3008 (big blind) folded on the Turn
Seat 5: siliciom (button) (small blind) collected ($11.76)


