PokerStars Hand #145255733015:  Hold'em Limit ($3/$6 USD) - 2015/12/12 20:19:39 ET
Table 'Smiley' 2-max Seat #2 is the button
Seat 1: aruhtart ($124 in chips)
Seat 2: baur017017 ($26 in chips)
baur017017: posts small blind $1
aruhtart: posts big blind $3
*** HOLE CARDS ***
baur017017: raises $3 to $6
aruhtart: calls $3
*** FLOP *** [5d 2s 8d]
aruhtart: checks
baur017017: bets $3
aruhtart: calls $3
*** TURN *** [5d 2s 8d] [7h]
aruhtart: checks
baur017017: bets $6
aruhtart: calls $6
*** RIVER *** [5d 2s 8d 7h] [Ah]
aruhtart: checks
baur017017: checks
*** SHOW DOWN ***
aruhtart: shows [6d Qs] (high card Ace)
baur017017: shows [Kc Qc] (high card Ace - King kicker)
baur017017 collected $29.50 from pot
*** SUMMARY ***
Total pot $30 | Rake $0.50
Board [5d 2s 8d 7h Ah]
Seat 1: aruhtart (big blind) showed [6d Qs] and lost with high card Ace
Seat 2: baur017017 (button) (small blind) showed [Kc Qc] and won ($29.50) with high card Ace


PokerStars Hand #145255729356:  Hold'em Limit ($3/$6 USD) - 2015/12/12 20:19:33 ET
Table 'Smiley' 2-max Seat #1 is the button
Seat 1: aruhtart ($121 in chips)
Seat 2: baur017017 ($29 in chips)
aruhtart: posts small blind $1
baur017017: posts big blind $3
*** HOLE CARDS ***
aruhtart: raises $3 to $6
baur017017: folds
Uncalled bet ($3) returned to aruhtart
aruhtart collected $6 from pot
aruhtart: doesn't show hand
*** SUMMARY ***
Total pot $6 | Rake $0
Seat 1: aruhtart (button) (small blind) collected ($6)
Seat 2: baur017017 (big blind) folded before Flop


PokerStars Hand #145255777881:  Hold'em Limit ($3/$6 USD) - 2015/12/12 20:21:02 ET
Table 'Smiley' 2-max Seat #2 is the button
Seat 1: aruhtart ($120 in chips)
Seat 2: baur017017 ($56 in chips)
baur017017: posts small blind $1
aruhtart: posts big blind $3
*** HOLE CARDS ***
baur017017: folds
Uncalled bet ($2) returned to aruhtart
aruhtart collected $2 from pot
aruhtart: doesn't show hand
*** SUMMARY ***
Total pot $2 | Rake $0
Seat 1: aruhtart (big blind) collected ($2)
Seat 2: baur017017 (button) (small blind) folded before Flop


PokerStars Hand #145255775402:  Hold'em Limit ($3/$6 USD) - 2015/12/12 20:20:57 ET
Table 'Smiley' 2-max Seat #1 is the button
Seat 1: aruhtart ($120 in chips)
Seat 2: baur017017 ($55 in chips)
aruhtart: posts small blind $1
baur017017: posts big blind $3
*** HOLE CARDS ***
aruhtart: folds
Uncalled bet ($2) returned to baur017017
baur017017 collected $2 from pot
baur017017: doesn't show hand
*** SUMMARY ***
Total pot $2 | Rake $0
Seat 1: aruhtart (button) (small blind) folded before Flop
Seat 2: baur017017 (big blind) collected ($2)


PokerStars Hand #145255757660:  Hold'em Limit ($3/$6 USD) - 2015/12/12 20:20:25 ET
Table 'Smiley' 2-max Seat #2 is the button
Seat 1: aruhtart ($128.64 in chips)
Seat 2: baur017017 ($31.50 in chips)
baur017017: posts small blind $1
aruhtart: posts big blind $3
*** HOLE CARDS ***
baur017017: raises $3 to $6
aruhtart: calls $3
*** FLOP *** [Qs Jc 2h]
aruhtart: checks
baur017017: bets $3
aruhtart: raises $3 to $6
baur017017: calls $3
*** TURN *** [Qs Jc 2h] [4d]
aruhtart: bets $6
baur017017: raises $6 to $12
aruhtart: calls $6
*** RIVER *** [Qs Jc 2h 4d] [3d]
aruhtart: checks
baur017017: bets $6
aruhtart: folds
Uncalled bet ($6) returned to baur017017
baur017017 collected $47.50 from pot
baur017017: doesn't show hand
*** SUMMARY ***
Total pot $48 | Rake $0.50
Board [Qs Jc 2h 4d 3d]
Seat 1: aruhtart (big blind) folded on the River
Seat 2: baur017017 (button) (small blind) collected ($47.50)


PokerStars Hand #145255745294:  Hold'em Limit ($3/$6 USD) - 2015/12/12 20:20:02 ET
Table 'Smiley' 2-max Seat #1 is the button
Seat 1: aruhtart ($120 in chips)
Seat 2: baur017017 ($40.50 in chips)
aruhtart: posts small blind $1
baur017017: posts big blind $3
*** HOLE CARDS ***
aruhtart: raises $3 to $6
baur017017: calls $3
*** FLOP *** [Jd 9d Th]
baur017017: checks
aruhtart: bets $3
baur017017: calls $3
*** TURN *** [Jd 9d Th] [7d]
baur017017: checks
aruhtart: checks
*** RIVER *** [Jd 9d Th 7d] [2d]
baur017017: checks
aruhtart: bets $6
baur017017: folds
Uncalled bet ($6) returned to aruhtart
aruhtart collected $17.64 from pot
aruhtart: doesn't show hand
*** SUMMARY ***
Total pot $18 | Rake $0.36
Board [Jd 9d Th 7d 2d]
Seat 1: aruhtart (button) (small blind) collected ($17.64)
Seat 2: baur017017 (big blind) folded on the River


PokerStars Hand #145255799455:  Hold'em Limit ($3/$6 USD) - 2015/12/12 20:21:41 ET
Table 'Smiley' 2-max Seat #2 is the button
Seat 1: aruhtart ($120 in chips)
Seat 2: baur017017 ($75.50 in chips)
baur017017: posts small blind $1
aruhtart: posts big blind $3
*** HOLE CARDS ***
baur017017: folds
Uncalled bet ($2) returned to aruhtart
aruhtart collected $2 from pot
aruhtart: doesn't show hand
*** SUMMARY ***
Total pot $2 | Rake $0
Seat 1: aruhtart (big blind) collected ($2)
Seat 2: baur017017 (button) (small blind) folded before Flop


PokerStars Hand #145255781730:  Hold'em Limit ($3/$6 USD) - 2015/12/12 20:21:09 ET
Table 'Smiley' 2-max Seat #1 is the button
Seat 1: aruhtart ($121 in chips)
Seat 2: baur017017 ($55 in chips)
aruhtart: posts small blind $1
baur017017: posts big blind $3
*** HOLE CARDS ***
aruhtart: raises $3 to $6
baur017017: calls $3
*** FLOP *** [2h 6s Kh]
baur017017: checks
aruhtart: bets $3
baur017017: calls $3
*** TURN *** [2h 6s Kh] [Qh]
baur017017: checks
aruhtart: bets $6
baur017017: calls $6
*** RIVER *** [2h 6s Kh Qh] [Kd]
baur017017: checks
aruhtart: bets $6
baur017017: calls $6
*** SHOW DOWN ***
aruhtart: shows [8d Th] (a pair of Kings)
baur017017: shows [Jh Qs] (two pair, Kings and Queens)
baur017017 collected $41.50 from pot
*** SUMMARY ***
Total pot $42 | Rake $0.50
Board [2h 6s Kh Qh Kd]
Seat 1: aruhtart (button) (small blind) showed [8d Th] and lost with a pair of Kings
Seat 2: baur017017 (big blind) showed [Jh Qs] and won ($41.50) with two pair, Kings and Queens


