PokerStars Hand #172221120544:  Hold'em Limit ($3/$6 USD) - 2017/06/25 11:13:50 ET
Table 'Smiley' 6-max Seat #5 is the button
Seat 4: MTails ($146.13 in chips)
Seat 5: boyoz77 ($37.65 in chips)
boyoz77: posts small blind $1
Rednaxela05: is sitting out
MTails: posts big blind $3
*** HOLE CARDS ***
boyoz77: folds
Uncalled bet ($2) returned to MTails
Rednaxela05 leaves the table
MTails collected $2 from pot
MTails: doesn't show hand
*** SUMMARY ***
Total pot $2 | Rake $0
Seat 4: MTails (big blind) collected ($2)
Seat 5: boyoz77 (button) (small blind) folded before Flop


PokerStars Hand #172221150226:  Hold'em Limit ($3/$6 USD) - 2017/06/25 11:14:36 ET
Table 'Smiley' 6-max Seat #5 is the button
Seat 4: MTails ($153.63 in chips)
Seat 5: boyoz77 ($29.29 in chips)
boyoz77: posts small blind $1
MTails: posts big blind $3
*** HOLE CARDS ***
boyoz77: raises $3 to $6
MTails: raises $3 to $9
boyoz77: calls $3
*** FLOP *** [8h 4h Kd]
MTails: bets $3
boyoz77: calls $3
*** TURN *** [8h 4h Kd] [6c]
MTails: checks
Sad Joker 00 joins the table at seat #3
boyoz77: checks
*** RIVER *** [8h 4h Kd 6c] [8d]
MTails: bets $6
boyoz77: folds
Uncalled bet ($6) returned to MTails
MTails collected $23.52 from pot
*** SUMMARY ***
Total pot $24 | Rake $0.48
Board [8h 4h Kd 6c 8d]
Seat 4: MTails (big blind) collected ($23.52)
Seat 5: boyoz77 (button) (small blind) folded on the River


PokerStars Hand #172221138611:  Hold'em Limit ($3/$6 USD) - 2017/06/25 11:14:18 ET
Table 'Smiley' 6-max Seat #4 is the button
Seat 4: MTails ($139.13 in chips)
Seat 5: boyoz77 ($44.29 in chips)
MTails: posts small blind $1
boyoz77: posts big blind $3
*** HOLE CARDS ***
MTails: raises $3 to $6
boyoz77: calls $3
*** FLOP *** [6d Jc 9s]
boyoz77: checks
MTails: bets $3
boyoz77: calls $3
*** TURN *** [6d Jc 9s] [2c]
boyoz77: checks
MTails: checks
*** RIVER *** [6d Jc 9s 2c] [As]
boyoz77: bets $6
MTails: calls $6
*** SHOW DOWN ***
boyoz77: shows [Ts 3s] (high card Ace)
MTails: shows [7d 9c] (a pair of Nines)
MTails collected $29.50 from pot
*** SUMMARY ***
Total pot $30 | Rake $0.50
Board [6d Jc 9s 2c As]
Seat 4: MTails (button) (small blind) showed [7d 9c] and won ($29.50) with a pair of Nines
Seat 5: boyoz77 (big blind) showed [Ts 3s] and lost with high card Ace


PokerStars Hand #172221134727:  Hold'em Limit ($3/$6 USD) - 2017/06/25 11:14:12 ET
Table 'Smiley' 6-max Seat #5 is the button
Seat 4: MTails ($138.13 in chips)
Seat 5: boyoz77 ($45.29 in chips)
boyoz77: posts small blind $1
MTails: posts big blind $3
*** HOLE CARDS ***
boyoz77: folds
Uncalled bet ($2) returned to MTails
MTails collected $2 from pot
*** SUMMARY ***
Total pot $2 | Rake $0
Seat 4: MTails (big blind) collected ($2)
Seat 5: boyoz77 (button) (small blind) folded before Flop


PokerStars Hand #172221124441:  Hold'em Limit ($3/$6 USD) - 2017/06/25 11:13:56 ET
Table 'Smiley' 6-max Seat #4 is the button
Seat 4: MTails ($147.13 in chips)
Seat 5: boyoz77 ($36.65 in chips)
MTails: posts small blind $1
boyoz77: posts big blind $3
*** HOLE CARDS ***
MTails: raises $3 to $6
boyoz77: calls $3
*** FLOP *** [5s 7d Kd]
boyoz77: checks
MTails: bets $3
boyoz77: raises $3 to $6
MTails: folds
Uncalled bet ($3) returned to boyoz77
boyoz77 collected $17.64 from pot
boyoz77: doesn't show hand
*** SUMMARY ***
Total pot $18 | Rake $0.36
Board [5s 7d Kd]
Seat 4: MTails (button) (small blind) folded on the Flop
Seat 5: boyoz77 (big blind) collected ($17.64)


PokerStars Hand #172221165788:  Hold'em Limit ($3/$6 USD) - 2017/06/25 11:15:00 ET
Table 'Smiley' 6-max Seat #4 is the button
Seat 4: MTails ($165.15 in chips)
Seat 5: boyoz77 ($17.29 in chips)
MTails: posts small blind $1
boyoz77: posts big blind $3
*** HOLE CARDS ***
MTails: raises $3 to $6
boyoz77: calls $3
*** FLOP *** [7c Kc 2c]
boyoz77: checks
MTails: bets $3
Sad Joker 00 leaves the table
parnishka11 joins the table at seat #6
boyoz77: folds
Uncalled bet ($3) returned to MTails
MTails collected $11.76 from pot
*** SUMMARY ***
Total pot $12 | Rake $0.24
Board [7c Kc 2c]
Seat 4: MTails (button) (small blind) collected ($11.76)
Seat 5: boyoz77 (big blind) folded on the Flop


