PokerStars Hand #174391638853:  Hold'em Limit ($3/$6 USD) - 2017/08/15 23:44:15 ET
Table 'Smither' 6-max Seat #1 is the button
Seat 1: favete lin ($118.03 in chips)
Seat 4: B_loJkl ($176.94 in chips)
favete lin: posts small blind $1
B_loJkl: posts big blind $3
*** HOLE CARDS ***
favete lin: raises $3 to $6
B_loJkl: calls $3
*** FLOP *** [Ts 3c Qd]
B_loJkl: checks
favete lin: bets $3
B_loJkl: calls $3
*** TURN *** [Ts 3c Qd] [6c]
B_loJkl: checks
favete lin: bets $6
B_loJkl: folds
Uncalled bet ($6) returned to favete lin
favete lin collected $17.64 from pot
favete lin: doesn't show hand
*** SUMMARY ***
Total pot $18 | Rake $0.36
Board [Ts 3c Qd 6c]
Seat 1: favete lin (button) (small blind) collected ($17.64)
Seat 4: B_loJkl (big blind) folded on the Turn


PokerStars Hand #174391654804:  Hold'em Limit ($3/$6 USD) - 2017/08/15 23:45:13 ET
Table 'Smither' 6-max Seat #4 is the button
Seat 1: favete lin ($126.67 in chips)
Seat 4: B_loJkl ($167.94 in chips)
B_loJkl: posts small blind $1
favete lin: posts big blind $3
*** HOLE CARDS ***
B_loJkl: raises $3 to $6
favete lin: calls $3
*** FLOP *** [Tc 2d 7s]
favete lin: checks
B_loJkl: bets $3
favete lin: calls $3
*** TURN *** [Tc 2d 7s] [5s]
favete lin: checks
B_loJkl: bets $6
favete lin: calls $6
*** RIVER *** [Tc 2d 7s 5s] [3c]
favete lin: checks
B_loJkl: bets $6
favete lin: calls $6
*** SHOW DOWN ***
B_loJkl: shows [Ac Ts] (a pair of Tens)
favete lin: mucks hand
B_loJkl collected $41.50 from pot
*** SUMMARY ***
Total pot $42 | Rake $0.50
Board [Tc 2d 7s 5s 3c]
Seat 1: favete lin (big blind) mucked
Seat 4: B_loJkl (button) (small blind) showed [Ac Ts] and won ($41.50) with a pair of Tens


PokerStars Hand #174391664702:  Hold'em Limit ($3/$6 USD) - 2017/08/15 23:45:49 ET
Table 'Smither' 6-max Seat #1 is the button
Seat 1: favete lin ($105.67 in chips)
Seat 4: B_loJkl ($188.44 in chips)
favete lin: posts small blind $1
B_loJkl: posts big blind $3
*** HOLE CARDS ***
favete lin: raises $3 to $6
B_loJkl: calls $3
*** FLOP *** [9s 7h Kd]
B_loJkl: checks
favete lin: bets $3
B_loJkl: calls $3
*** TURN *** [9s 7h Kd] [Ad]
B_loJkl: checks
favete lin: bets $6
B_loJkl: calls $6
*** RIVER *** [9s 7h Kd Ad] [7d]
B_loJkl: checks
favete lin: checks
*** SHOW DOWN ***
B_loJkl: shows [7s 4h] (three of a kind, Sevens)
favete lin: mucks hand
B_loJkl collected $29.50 from pot
*** SUMMARY ***
Total pot $30 | Rake $0.50
Board [9s 7h Kd Ad 7d]
Seat 1: favete lin (button) (small blind) mucked
Seat 4: B_loJkl (big blind) showed [7s 4h] and won ($29.50) with three of a kind, Sevens


PokerStars Hand #174391675136:  Hold'em Limit ($3/$6 USD) - 2017/08/15 23:46:26 ET
Table 'Smither' 6-max Seat #4 is the button
Seat 1: favete lin ($90.67 in chips)
Seat 4: B_loJkl ($202.94 in chips)
B_loJkl: posts small blind $1
favete lin: posts big blind $3
*** HOLE CARDS ***
B_loJkl: raises $3 to $6
favete lin: calls $3
*** FLOP *** [Td 3d 3h]
favete lin: checks
B_loJkl: checks
*** TURN *** [Td 3d 3h] [7d]
favete lin: checks
B_loJkl: bets $6
favete lin: folds
Uncalled bet ($6) returned to B_loJkl
B_loJkl collected $11.76 from pot
B_loJkl: doesn't show hand
*** SUMMARY ***
Total pot $12 | Rake $0.24
Board [Td 3d 3h 7d]
Seat 1: favete lin (big blind) folded on the Turn
Seat 4: B_loJkl (button) (small blind) collected ($11.76)


PokerStars Hand #174391680621:  Hold'em Limit ($3/$6 USD) - 2017/08/15 23:46:46 ET
Table 'Smither' 6-max Seat #1 is the button
Seat 1: favete lin ($84.67 in chips)
Seat 4: B_loJkl ($208.70 in chips)
favete lin: posts small blind $1
B_loJkl: posts big blind $3
*** HOLE CARDS ***
favete lin: raises $3 to $6
B_loJkl: calls $3
*** FLOP *** [Qh Ac Kd]
B_loJkl: checks
favete lin: bets $3
B_loJkl: calls $3
*** TURN *** [Qh Ac Kd] [5h]
B_loJkl: checks
favete lin: checks
*** RIVER *** [Qh Ac Kd 5h] [Ks]
B_loJkl: checks
favete lin: checks
*** SHOW DOWN ***
B_loJkl: shows [6d As] (two pair, Aces and Kings)
favete lin: mucks hand
B_loJkl collected $17.64 from pot
*** SUMMARY ***
Total pot $18 | Rake $0.36
Board [Qh Ac Kd 5h Ks]
Seat 1: favete lin (button) (small blind) mucked
Seat 4: B_loJkl (big blind) showed [6d As] and won ($17.64) with two pair, Aces and Kings


PokerStars Hand #174391692560:  Hold'em Limit ($3/$6 USD) - 2017/08/15 23:47:30 ET
Table 'Smither' 6-max Seat #1 is the button
Seat 1: favete lin ($72.67 in chips)
Seat 4: B_loJkl ($220.34 in chips)
favete lin: posts small blind $1
B_loJkl: posts big blind $3
*** HOLE CARDS ***
favete lin: raises $3 to $6
B_loJkl: calls $3
*** FLOP *** [5h 2s 6h]
B_loJkl: checks
favete lin: checks
*** TURN *** [5h 2s 6h] [4s]
ak9mm357 joins the table at seat #6
B_loJkl: checks
favete lin: checks
*** RIVER *** [5h 2s 6h 4s] [Ad]
B_loJkl: checks
favete lin: checks
*** SHOW DOWN ***
B_loJkl: shows [9c Jh] (high card Ace)
favete lin: shows [7d Qc] (high card Ace - Queen kicker)
favete lin collected $11.76 from pot
*** SUMMARY ***
Total pot $12 | Rake $0.24
Board [5h 2s 6h 4s Ad]
Seat 1: favete lin (button) (small blind) showed [7d Qc] and won ($11.76) with high card Ace
Seat 4: B_loJkl (big blind) showed [9c Jh] and lost with high card Ace


PokerStars Hand #174391690588:  Hold'em Limit ($3/$6 USD) - 2017/08/15 23:47:23 ET
Table 'Smither' 6-max Seat #4 is the button
Seat 1: favete lin ($75.67 in chips)
Seat 4: B_loJkl ($217.34 in chips)
B_loJkl: posts small blind $1
favete lin: posts big blind $3
*** HOLE CARDS ***
B_loJkl: raises $3 to $6
favete lin: folds
Uncalled bet ($3) returned to B_loJkl
B_loJkl collected $6 from pot
B_loJkl: doesn't show hand
*** SUMMARY ***
Total pot $6 | Rake $0
Seat 1: favete lin (big blind) folded before Flop
Seat 4: B_loJkl (button) (small blind) collected ($6)


PokerStars Hand #174393694815:  Hold'em Limit ($3/$6 USD) - 2017/08/16 2:03:16 ET
Table 'Smither' 6-max Seat #3 is the button
Seat 3: 0verd0se ($151.77 in chips)
Seat 4: B_loJkl ($76.30 in chips)
0verd0se: posts small blind $1
B_loJkl: posts big blind $3
*** HOLE CARDS ***
0verd0se: folds
Uncalled bet ($2) returned to B_loJkl
B_loJkl collected $2 from pot
B_loJkl: doesn't show hand
*** SUMMARY ***
Total pot $2 | Rake $0
Seat 3: 0verd0se (button) (small blind) folded before Flop
Seat 4: B_loJkl (big blind) collected ($2)


PokerStars Hand #174393688254:  Hold'em Limit ($3/$6 USD) - 2017/08/16 2:02:48 ET
Table 'Smither' 6-max Seat #4 is the button
Seat 3: 0verd0se ($166.77 in chips)
Seat 4: B_loJkl ($61.80 in chips)
B_loJkl: posts small blind $1
0verd0se: posts big blind $3
*** HOLE CARDS ***
B_loJkl: raises $3 to $6
0verd0se: calls $3
*** FLOP *** [Ah 3h 7h]
0verd0se: checks
B_loJkl: bets $3
0verd0se: calls $3
*** TURN *** [Ah 3h 7h] [Qc]
0verd0se: checks
B_loJkl: checks
*** RIVER *** [Ah 3h 7h Qc] [Ks]
0verd0se: checks
B_loJkl: bets $6
0verd0se: calls $6
*** SHOW DOWN ***
B_loJkl: shows [Jd Qs] (a pair of Queens)
0verd0se: mucks hand
Larooo leaves the table
B_loJkl collected $29.50 from pot
*** SUMMARY ***
Total pot $30 | Rake $0.50
Board [Ah 3h 7h Qc Ks]
Seat 3: 0verd0se (big blind) mucked
Seat 4: B_loJkl (button) (small blind) showed [Jd Qs] and won ($29.50) with a pair of Queens


PokerStars Hand #174393696274:  Hold'em Limit ($3/$6 USD) - 2017/08/16 2:03:22 ET
Table 'Smither' 6-max Seat #4 is the button
Seat 3: 0verd0se ($150.77 in chips)
Seat 4: B_loJkl ($77.30 in chips)
B_loJkl: posts small blind $1
0verd0se: posts big blind $3
*** HOLE CARDS ***
B_loJkl: raises $3 to $6
0verd0se: folds
Uncalled bet ($3) returned to B_loJkl
B_loJkl collected $6 from pot
B_loJkl: doesn't show hand
*** SUMMARY ***
Total pot $6 | Rake $0
Seat 3: 0verd0se (big blind) folded before Flop
Seat 4: B_loJkl (button) (small blind) collected ($6)


