PokerStars Hand #174371934009:  Hold'em Limit ($3/$6 USD) - 2017/08/15 14:04:56 ET
Table 'Smither' 6-max Seat #2 is the button
Seat 2: vestimokrec ($120 in chips)
Seat 5: uglyghost101 ($350 in chips)
vestimokrec: posts small blind $1
uglyghost101: posts big blind $3
*** HOLE CARDS ***
vestimokrec: raises $3 to $6
uglyghost101: calls $3
*** FLOP *** [6h 9d Js]
uglyghost101: bets $3
vestimokrec: calls $3
*** TURN *** [6h 9d Js] [Tc]
uglyghost101: bets $6
vestimokrec: calls $6
*** RIVER *** [6h 9d Js Tc] [Jd]
uglyghost101: bets $6
vestimokrec: raises $6 to $12
uglyghost101: calls $6
*** SHOW DOWN ***
vestimokrec: shows [Ah Jc] (three of a kind, Jacks)
uglyghost101: mucks hand
vestimokrec collected $53.50 from pot
*** SUMMARY ***
Total pot $54 | Rake $0.50
Board [6h 9d Js Tc Jd]
Seat 2: vestimokrec (button) (small blind) showed [Ah Jc] and won ($53.50) with three of a kind, Jacks
Seat 5: uglyghost101 (big blind) mucked


PokerStars Hand #174378771604:  Hold'em Limit ($3/$6 USD) - 2017/08/15 16:38:53 ET
Table 'Smither' 6-max Seat #1 is the button
Seat 1: DECAlpha ($76.20 in chips)
Seat 3: favete lin ($183.05 in chips)
DECAlpha: posts small blind $1
favete lin: posts big blind $3
*** HOLE CARDS ***
DECAlpha: folds
Uncalled bet ($2) returned to favete lin
favete lin collected $2 from pot
favete lin: doesn't show hand
*** SUMMARY ***
Total pot $2 | Rake $0
Seat 1: DECAlpha (button) (small blind) folded before Flop
Seat 3: favete lin (big blind) collected ($2)


PokerStars Hand #174378767890:  Hold'em Limit ($3/$6 USD) - 2017/08/15 16:38:48 ET
Table 'Smither' 6-max Seat #3 is the button
Seat 1: DECAlpha ($79.20 in chips)
Seat 3: favete lin ($180.05 in chips)
favete lin: posts small blind $1
DECAlpha: posts big blind $3
*** HOLE CARDS ***
favete lin: raises $3 to $6
DECAlpha: folds
Uncalled bet ($3) returned to favete lin
favete lin collected $6 from pot
favete lin: doesn't show hand
*** SUMMARY ***
Total pot $6 | Rake $0
Seat 1: DECAlpha (big blind) folded before Flop
Seat 3: favete lin (button) (small blind) collected ($6)


PokerStars Hand #174378764512:  Hold'em Limit ($3/$6 USD) - 2017/08/15 16:38:44 ET
Table 'Smither' 6-max Seat #1 is the button
Seat 1: DECAlpha ($80.20 in chips)
Seat 3: favete lin ($179.05 in chips)
DECAlpha: posts small blind $1
favete lin: posts big blind $3
*** HOLE CARDS ***
vestimokrec leaves the table
DECAlpha: folds
Uncalled bet ($2) returned to favete lin
favete lin collected $2 from pot
favete lin: doesn't show hand
*** SUMMARY ***
Total pot $2 | Rake $0
Seat 1: DECAlpha (button) (small blind) folded before Flop
Seat 3: favete lin (big blind) collected ($2)


PokerStars Hand #174378760688:  Hold'em Limit ($3/$6 USD) - 2017/08/15 16:38:39 ET
Table 'Smither' 6-max Seat #3 is the button
Seat 1: DECAlpha ($83.20 in chips)
Seat 3: favete lin ($176.05 in chips)
favete lin: posts small blind $1
DECAlpha: posts big blind $3
*** HOLE CARDS ***
favete lin: raises $3 to $6
DECAlpha: folds
Uncalled bet ($3) returned to favete lin
favete lin collected $6 from pot
favete lin: doesn't show hand
*** SUMMARY ***
Total pot $6 | Rake $0
Seat 1: DECAlpha (big blind) folded before Flop
Seat 3: favete lin (button) (small blind) collected ($6)


PokerStars Hand #174378757407:  Hold'em Limit ($3/$6 USD) - 2017/08/15 16:38:34 ET
Table 'Smither' 6-max Seat #1 is the button
Seat 1: DECAlpha ($84.20 in chips)
Seat 3: favete lin ($175.05 in chips)
DECAlpha: posts small blind $1
vestimokrec: is sitting out
favete lin: posts big blind $3
*** HOLE CARDS ***
DECAlpha: folds
Uncalled bet ($2) returned to favete lin
favete lin collected $2 from pot
favete lin: doesn't show hand
*** SUMMARY ***
Total pot $2 | Rake $0
Seat 1: DECAlpha (button) (small blind) folded before Flop
Seat 3: favete lin (big blind) collected ($2)


PokerStars Hand #174378807817:  Hold'em Limit ($3/$6 USD) - 2017/08/15 16:39:42 ET
Table 'Smither' 6-max Seat #1 is the button
Seat 1: DECAlpha ($83.70 in chips)
Seat 3: favete lin ($174.57 in chips)
DECAlpha: posts small blind $1
favete lin: posts big blind $3
*** HOLE CARDS ***
DECAlpha: folds
Uncalled bet ($2) returned to favete lin
favete lin collected $2 from pot
favete lin: doesn't show hand
*** SUMMARY ***
Total pot $2 | Rake $0
Seat 1: DECAlpha (button) (small blind) folded before Flop
Seat 3: favete lin (big blind) collected ($2)


PokerStars Hand #174378797670:  Hold'em Limit ($3/$6 USD) - 2017/08/15 16:39:29 ET
Table 'Smither' 6-max Seat #3 is the button
Seat 1: DECAlpha ($89.70 in chips)
Seat 3: favete lin ($168.81 in chips)
favete lin: posts small blind $1
DECAlpha: posts big blind $3
*** HOLE CARDS ***
favete lin: raises $3 to $6
DECAlpha: calls $3
*** FLOP *** [Tc 4h Kd]
DECAlpha: checks
favete lin: bets $3
DECAlpha: folds
Uncalled bet ($3) returned to favete lin
favete lin collected $11.76 from pot
favete lin: doesn't show hand
*** SUMMARY ***
Total pot $12 | Rake $0.24
Board [Tc 4h Kd]
Seat 1: DECAlpha (big blind) folded on the Flop
Seat 3: favete lin (button) (small blind) collected ($11.76)


PokerStars Hand #174378819943:  Hold'em Limit ($3/$6 USD) - 2017/08/15 16:39:58 ET
Table 'Smither' 6-max Seat #1 is the button
Seat 1: DECAlpha ($88.46 in chips)
Seat 3: favete lin ($169.57 in chips)
DECAlpha: posts small blind $1
favete lin: posts big blind $3
*** HOLE CARDS ***
DECAlpha: folds
Uncalled bet ($2) returned to favete lin
favete lin collected $2 from pot
favete lin: doesn't show hand
*** SUMMARY ***
Total pot $2 | Rake $0
Seat 1: DECAlpha (button) (small blind) folded before Flop
Seat 3: favete lin (big blind) collected ($2)


PokerStars Hand #174378811994:  Hold'em Limit ($3/$6 USD) - 2017/08/15 16:39:48 ET
Table 'Smither' 6-max Seat #3 is the button
Seat 1: DECAlpha ($82.70 in chips)
Seat 3: favete lin ($175.57 in chips)
favete lin: posts small blind $1
DECAlpha: posts big blind $3
*** HOLE CARDS ***
favete lin: raises $3 to $6
DECAlpha: calls $3
*** FLOP *** [7d Jc 9s]
DECAlpha: checks
favete lin: checks
*** TURN *** [7d Jc 9s] [2d]
DECAlpha: bets $6
favete lin: folds
Uncalled bet ($6) returned to DECAlpha
DECAlpha collected $11.76 from pot
DECAlpha: doesn't show hand
*** SUMMARY ***
Total pot $12 | Rake $0.24
Board [7d Jc 9s 2d]
Seat 1: DECAlpha (big blind) collected ($11.76)
Seat 3: favete lin (button) (small blind) folded on the Turn


PokerStars Hand #174378785247:  Hold'em Limit ($3/$6 USD) - 2017/08/15 16:39:12 ET
Table 'Smither' 6-max Seat #1 is the button
Seat 1: DECAlpha ($69.20 in chips)
Seat 3: favete lin ($189.81 in chips)
DECAlpha: posts small blind $1
favete lin: posts big blind $3
*** HOLE CARDS ***
DECAlpha: raises $3 to $6
favete lin: calls $3
*** FLOP *** [3s 9h 8d]
favete lin: checks
DECAlpha: bets $3
favete lin: calls $3
*** TURN *** [3s 9h 8d] [Qc]
favete lin: checks
DECAlpha: checks
*** RIVER *** [3s 9h 8d Qc] [Ac]
favete lin: bets $6
DECAlpha: raises $6 to $12
favete lin: calls $6
*** SHOW DOWN ***
DECAlpha: shows [As Kh] (a pair of Aces)
favete lin: mucks hand
DECAlpha collected $41.50 from pot
*** SUMMARY ***
Total pot $42 | Rake $0.50
Board [3s 9h 8d Qc Ac]
Seat 1: DECAlpha (button) (small blind) showed [As Kh] and won ($41.50) with a pair of Aces
Seat 3: favete lin (big blind) mucked


PokerStars Hand #174378776722:  Hold'em Limit ($3/$6 USD) - 2017/08/15 16:39:00 ET
Table 'Smither' 6-max Seat #3 is the button
Seat 1: DECAlpha ($75.20 in chips)
Seat 3: favete lin ($184.05 in chips)
favete lin: posts small blind $1
DECAlpha: posts big blind $3
*** HOLE CARDS ***
favete lin: raises $3 to $6
DECAlpha: calls $3
*** FLOP *** [4d 3h Ad]
DECAlpha: checks
favete lin: bets $3
DECAlpha: folds
Uncalled bet ($3) returned to favete lin
favete lin collected $11.76 from pot
favete lin: doesn't show hand
*** SUMMARY ***
Total pot $12 | Rake $0.24
Board [4d 3h Ad]
Seat 1: DECAlpha (big blind) folded on the Flop
Seat 3: favete lin (button) (small blind) collected ($11.76)


PokerStars Hand #174378835158:  Hold'em Limit ($3/$6 USD) - 2017/08/15 16:40:19 ET
Table 'Smither' 6-max Seat #1 is the button
Seat 1: DECAlpha ($96.10 in chips)
Seat 3: favete lin ($161.57 in chips)
DECAlpha: posts small blind $1
favete lin: posts big blind $3
*** HOLE CARDS ***
DECAlpha: folds
Uncalled bet ($2) returned to favete lin
favete lin collected $2 from pot
favete lin: doesn't show hand
*** SUMMARY ***
Total pot $2 | Rake $0
Seat 1: DECAlpha (button) (small blind) folded before Flop
Seat 3: favete lin (big blind) collected ($2)


PokerStars Hand #174378823600:  Hold'em Limit ($3/$6 USD) - 2017/08/15 16:40:04 ET
Table 'Smither' 6-max Seat #3 is the button
Seat 1: DECAlpha ($87.46 in chips)
Seat 3: favete lin ($170.57 in chips)
favete lin: posts small blind $1
DECAlpha: posts big blind $3
*** HOLE CARDS ***
favete lin: raises $3 to $6
DECAlpha: raises $3 to $9
favete lin: calls $3
*** FLOP *** [2d 9s Tc]
DECAlpha: bets $3
favete lin: folds
Uncalled bet ($3) returned to DECAlpha
DECAlpha collected $17.64 from pot
DECAlpha: doesn't show hand
*** SUMMARY ***
Total pot $18 | Rake $0.36
Board [2d 9s Tc]
Seat 1: DECAlpha (big blind) collected ($17.64)
Seat 3: favete lin (button) (small blind) folded on the Flop


PokerStars Hand #174378856217:  Hold'em Limit ($3/$6 USD) - 2017/08/15 16:40:48 ET
Table 'Smither' 6-max Seat #3 is the button
Seat 1: DECAlpha ($85.10 in chips)
Seat 3: favete lin ($172.21 in chips)
favete lin: posts small blind $1
DECAlpha: posts big blind $3
*** HOLE CARDS ***
favete lin: folds
Uncalled bet ($2) returned to DECAlpha
DECAlpha collected $2 from pot
DECAlpha: doesn't show hand
*** SUMMARY ***
Total pot $2 | Rake $0
Seat 1: DECAlpha (big blind) collected ($2)
Seat 3: favete lin (button) (small blind) folded before Flop


PokerStars Hand #174378852923:  Hold'em Limit ($3/$6 USD) - 2017/08/15 16:40:43 ET
Table 'Smither' 6-max Seat #1 is the button
Seat 1: DECAlpha ($86.10 in chips)
Seat 3: favete lin ($171.21 in chips)
DECAlpha: posts small blind $1
favete lin: posts big blind $3
*** HOLE CARDS ***
DECAlpha: folds
Uncalled bet ($2) returned to favete lin
favete lin collected $2 from pot
favete lin: doesn't show hand
*** SUMMARY ***
Total pot $2 | Rake $0
Seat 1: DECAlpha (button) (small blind) folded before Flop
Seat 3: favete lin (big blind) collected ($2)


PokerStars Hand #174378838702:  Hold'em Limit ($3/$6 USD) - 2017/08/15 16:40:24 ET
Table 'Smither' 6-max Seat #3 is the button
Seat 1: DECAlpha ($95.10 in chips)
Seat 3: favete lin ($162.57 in chips)
favete lin: posts small blind $1
DECAlpha: posts big blind $3
*** HOLE CARDS ***
favete lin: raises $3 to $6
DECAlpha: calls $3
*** FLOP *** [Ac 6c Tc]
DECAlpha: checks
favete lin: bets $3
DECAlpha: calls $3
*** TURN *** [Ac 6c Tc] [Ad]
DECAlpha: checks
favete lin: checks
*** RIVER *** [Ac 6c Tc Ad] [3h]
DECAlpha: checks
favete lin: checks
*** SHOW DOWN ***
DECAlpha: shows [Jc 8h] (a pair of Aces)
favete lin: shows [3d Jh] (two pair, Aces and Threes)
favete lin collected $17.64 from pot
*** SUMMARY ***
Total pot $18 | Rake $0.36
Board [Ac 6c Tc Ad 3h]
Seat 1: DECAlpha (big blind) showed [Jc 8h] and lost with a pair of Aces
Seat 3: favete lin (button) (small blind) showed [3d Jh] and won ($17.64) with two pair, Aces and Threes


PokerStars Hand #174378860964:  Hold'em Limit ($3/$6 USD) - 2017/08/15 16:40:54 ET
Table 'Smither' 6-max Seat #1 is the button
Seat 1: DECAlpha ($86.10 in chips)
Seat 3: favete lin ($171.21 in chips)
DECAlpha: posts small blind $1
favete lin: posts big blind $3
*** HOLE CARDS ***
DECAlpha: folds
Uncalled bet ($2) returned to favete lin
favete lin collected $2 from pot
favete lin: doesn't show hand
*** SUMMARY ***
Total pot $2 | Rake $0
Seat 1: DECAlpha (button) (small blind) folded before Flop
Seat 3: favete lin (big blind) collected ($2)


PokerStars Hand #174378911205:  Hold'em Limit ($3/$6 USD) - 2017/08/15 16:42:02 ET
Table 'Smither' 6-max Seat #1 is the button
Seat 1: DECAlpha ($106.10 in chips)
Seat 3: favete lin ($210.11 in chips)
DECAlpha: posts small blind $1
favete lin: posts big blind $3
*** HOLE CARDS ***
DECAlpha: folds
Uncalled bet ($2) returned to favete lin
favete lin collected $2 from pot
favete lin: doesn't show hand
*** SUMMARY ***
Total pot $2 | Rake $0
Seat 1: DECAlpha (button) (small blind) folded before Flop
Seat 3: favete lin (big blind) collected ($2)


PokerStars Hand #174378907832:  Hold'em Limit ($3/$6 USD) - 2017/08/15 16:41:58 ET
Table 'Smither' 6-max Seat #3 is the button
Seat 1: DECAlpha ($109.10 in chips)
Seat 3: favete lin ($207.11 in chips)
favete lin: posts small blind $1
DECAlpha: posts big blind $3
*** HOLE CARDS ***
favete lin: raises $3 to $6
DECAlpha: folds
Uncalled bet ($3) returned to favete lin
favete lin collected $6 from pot
favete lin: doesn't show hand
*** SUMMARY ***
Total pot $6 | Rake $0
Seat 1: DECAlpha (big blind) folded before Flop
Seat 3: favete lin (button) (small blind) collected ($6)


PokerStars Hand #174378901752:  Hold'em Limit ($3/$6 USD) - 2017/08/15 16:41:49 ET
Table 'Smither' 6-max Seat #1 is the button
Seat 1: DECAlpha ($46.10 in chips)
Seat 3: favete lin ($210.11 in chips)
DECAlpha: posts small blind $1
favete lin: posts big blind $3
*** HOLE CARDS ***
DECAlpha: raises $3 to $6
favete lin: folds
Uncalled bet ($3) returned to DECAlpha
DECAlpha collected $6 from pot
DECAlpha: doesn't show hand
*** SUMMARY ***
Total pot $6 | Rake $0
Seat 1: DECAlpha (button) (small blind) collected ($6)
Seat 3: favete lin (big blind) folded before Flop


PokerStars Hand #174378881448:  Hold'em Limit ($3/$6 USD) - 2017/08/15 16:41:22 ET
Table 'Smither' 6-max Seat #1 is the button
Seat 1: DECAlpha ($76.10 in chips)
Seat 3: favete lin ($180.85 in chips)
DECAlpha: posts small blind $1
favete lin: posts big blind $3
*** HOLE CARDS ***
DECAlpha: raises $3 to $6
favete lin: calls $3
*** FLOP *** [Qd 5s Jd]
favete lin: checks
DECAlpha: bets $3
favete lin: raises $3 to $6
DECAlpha: calls $3
*** TURN *** [Qd 5s Jd] [Ts]
favete lin: bets $6
DECAlpha: calls $6
*** RIVER *** [Qd 5s Jd Ts] [6h]
favete lin: bets $6
DECAlpha: calls $6
*** SHOW DOWN ***
favete lin: shows [Qh 8d] (a pair of Queens)
DECAlpha: mucks hand
favete lin collected $47.50 from pot
*** SUMMARY ***
Total pot $48 | Rake $0.50
Board [Qd 5s Jd Ts 6h]
Seat 1: DECAlpha (button) (small blind) mucked
Seat 3: favete lin (big blind) showed [Qh 8d] and won ($47.50) with a pair of Queens


PokerStars Hand #174378864346:  Hold'em Limit ($3/$6 USD) - 2017/08/15 16:40:59 ET
Table 'Smither' 6-max Seat #3 is the button
Seat 1: DECAlpha ($85.10 in chips)
Seat 3: favete lin ($172.21 in chips)
favete lin: posts small blind $1
DECAlpha: posts big blind $3
*** HOLE CARDS ***
favete lin: raises $3 to $6
DECAlpha: calls $3
*** FLOP *** [3c 4c Kc]
DECAlpha: checks
favete lin: bets $3
DECAlpha: calls $3
*** TURN *** [3c 4c Kc] [Qh]
DECAlpha: checks
favete lin: checks
*** RIVER *** [3c 4c Kc Qh] [8s]
DECAlpha: checks
favete lin: bets $6
DECAlpha: folds
Uncalled bet ($6) returned to favete lin
favete lin collected $17.64 from pot
favete lin: doesn't show hand
*** SUMMARY ***
Total pot $18 | Rake $0.36
Board [3c 4c Kc Qh 8s]
Seat 1: DECAlpha (big blind) folded on the River
Seat 3: favete lin (button) (small blind) collected ($17.64)


PokerStars Hand #174378894093:  Hold'em Limit ($3/$6 USD) - 2017/08/15 16:41:39 ET
Table 'Smither' 6-max Seat #3 is the button
Seat 1: DECAlpha ($52.10 in chips)
Seat 3: favete lin ($204.35 in chips)
favete lin: posts small blind $1
DECAlpha: posts big blind $3
*** HOLE CARDS ***
favete lin: raises $3 to $6
DECAlpha: calls $3
*** FLOP *** [2s 9d 2c]
DECAlpha: checks
favete lin: bets $3
DECAlpha: folds
Uncalled bet ($3) returned to favete lin
favete lin collected $11.76 from pot
favete lin: doesn't show hand
*** SUMMARY ***
Total pot $12 | Rake $0.24
Board [2s 9d 2c]
Seat 1: DECAlpha (big blind) folded on the Flop
Seat 3: favete lin (button) (small blind) collected ($11.76)


PokerStars Hand #174378921120:  Hold'em Limit ($3/$6 USD) - 2017/08/15 16:42:16 ET
Table 'Smither' 6-max Seat #3 is the button
Seat 1: DECAlpha ($105.10 in chips)
Seat 3: favete lin ($211.11 in chips)
favete lin: posts small blind $1
DECAlpha: posts big blind $3
*** HOLE CARDS ***
favete lin: raises $3 to $6
DECAlpha: raises $3 to $9
favete lin: calls $3
*** FLOP *** [Qc 5h 6s]
DECAlpha: bets $3
favete lin: calls $3
*** TURN *** [Qc 5h 6s] [5d]
DECAlpha: checks
favete lin: checks
*** RIVER *** [Qc 5h 6s 5d] [8s]
DECAlpha: checks
favete lin: checks
*** SHOW DOWN ***
DECAlpha: shows [As Td] (a pair of Fives)
favete lin: mucks hand
DECAlpha collected $23.52 from pot
*** SUMMARY ***
Total pot $24 | Rake $0.48
Board [Qc 5h 6s 5d 8s]
Seat 1: DECAlpha (big blind) showed [As Td] and won ($23.52) with a pair of Fives
Seat 3: favete lin (button) (small blind) mucked


PokerStars Hand #174378939866:  Hold'em Limit ($3/$6 USD) - 2017/08/15 16:42:41 ET
Table 'Smither' 6-max Seat #3 is the button
Seat 1: DECAlpha ($115.62 in chips)
Seat 3: favete lin ($200.11 in chips)
favete lin: posts small blind $1
DECAlpha: posts big blind $3
*** HOLE CARDS ***
favete lin: folds
Uncalled bet ($2) returned to DECAlpha
DECAlpha collected $2 from pot
DECAlpha: doesn't show hand
*** SUMMARY ***
Total pot $2 | Rake $0
Seat 1: DECAlpha (big blind) collected ($2)
Seat 3: favete lin (button) (small blind) folded before Flop


PokerStars Hand #174378936599:  Hold'em Limit ($3/$6 USD) - 2017/08/15 16:42:36 ET
Table 'Smither' 6-max Seat #1 is the button
Seat 1: DECAlpha ($116.62 in chips)
Seat 3: favete lin ($199.11 in chips)
DECAlpha: posts small blind $1
favete lin: posts big blind $3
*** HOLE CARDS ***
DECAlpha: folds
Uncalled bet ($2) returned to favete lin
favete lin collected $2 from pot
favete lin: doesn't show hand
*** SUMMARY ***
Total pot $2 | Rake $0
Seat 1: DECAlpha (button) (small blind) folded before Flop
Seat 3: favete lin (big blind) collected ($2)


PokerStars Hand #174378943327:  Hold'em Limit ($3/$6 USD) - 2017/08/15 16:42:45 ET
Table 'Smither' 6-max Seat #1 is the button
Seat 1: DECAlpha ($116.62 in chips)
Seat 3: favete lin ($199.11 in chips)
DECAlpha: posts small blind $1
favete lin: posts big blind $3
*** HOLE CARDS ***
DECAlpha: calls $2
favete lin: checks
*** FLOP *** [As 9h 2c]
favete lin: checks
DECAlpha: checks
*** TURN *** [As 9h 2c] [6s]
favete lin: bets $6
DECAlpha: folds
Uncalled bet ($6) returned to favete lin
favete lin collected $5.88 from pot
favete lin: doesn't show hand
*** SUMMARY ***
Total pot $6 | Rake $0.12
Board [As 9h 2c 6s]
Seat 1: DECAlpha (button) (small blind) folded on the Turn
Seat 3: favete lin (big blind) collected ($5.88)


PokerStars Hand #174378918041:  Hold'em Limit ($3/$6 USD) - 2017/08/15 16:42:11 ET
Table 'Smither' 6-max Seat #1 is the button
Seat 1: DECAlpha ($106.10 in chips)
Seat 3: favete lin ($210.11 in chips)
DECAlpha: posts small blind $1
favete lin: posts big blind $3
*** HOLE CARDS ***
DECAlpha: folds
Uncalled bet ($2) returned to favete lin
favete lin collected $2 from pot
favete lin: doesn't show hand
*** SUMMARY ***
Total pot $2 | Rake $0
Seat 1: DECAlpha (button) (small blind) folded before Flop
Seat 3: favete lin (big blind) collected ($2)


PokerStars Hand #174378914340:  Hold'em Limit ($3/$6 USD) - 2017/08/15 16:42:06 ET
Table 'Smither' 6-max Seat #3 is the button
Seat 1: DECAlpha ($105.10 in chips)
Seat 3: favete lin ($211.11 in chips)
favete lin: posts small blind $1
DECAlpha: posts big blind $3
*** HOLE CARDS ***
favete lin: folds
Uncalled bet ($2) returned to DECAlpha
DECAlpha collected $2 from pot
DECAlpha: doesn't show hand
*** SUMMARY ***
Total pot $2 | Rake $0
Seat 1: DECAlpha (big blind) collected ($2)
Seat 3: favete lin (button) (small blind) folded before Flop


PokerStars Hand #174378969144:  Hold'em Limit ($3/$6 USD) - 2017/08/15 16:43:21 ET
Table 'Smither' 6-max Seat #1 is the button
Seat 1: DECAlpha ($98.62 in chips)
Seat 3: favete lin ($216.49 in chips)
DECAlpha: posts small blind $1
favete lin: posts big blind $3
*** HOLE CARDS ***
DECAlpha: raises $3 to $6
favete lin: folds
Uncalled bet ($3) returned to DECAlpha
DECAlpha collected $6 from pot
DECAlpha: doesn't show hand
*** SUMMARY ***
Total pot $6 | Rake $0
Seat 1: DECAlpha (button) (small blind) collected ($6)
Seat 3: favete lin (big blind) folded before Flop


PokerStars Hand #174378952319:  Hold'em Limit ($3/$6 USD) - 2017/08/15 16:42:58 ET
Table 'Smither' 6-max Seat #3 is the button
Seat 1: DECAlpha ($113.62 in chips)
Seat 3: favete lin ($201.99 in chips)
favete lin: posts small blind $1
DECAlpha: posts big blind $3
*** HOLE CARDS ***
favete lin: raises $3 to $6
DECAlpha: raises $3 to $9
favete lin: calls $3
*** FLOP *** [9h 7h Kh]
DECAlpha: checks
favete lin: checks
*** TURN *** [9h 7h Kh] [8c]
DECAlpha: bets $6
favete lin: calls $6
*** RIVER *** [9h 7h Kh 8c] [Qc]
DECAlpha: checks
favete lin: checks
*** SHOW DOWN ***
DECAlpha: shows [Ad 6d] (high card Ace)
favete lin: shows [3c 3s] (a pair of Threes)
favete lin collected $29.50 from pot
*** SUMMARY ***
Total pot $30 | Rake $0.50
Board [9h 7h Kh 8c Qc]
Seat 1: DECAlpha (big blind) showed [Ad 6d] and lost with high card Ace
Seat 3: favete lin (button) (small blind) showed [3c 3s] and won ($29.50) with a pair of Threes


PokerStars Hand #174378991675:  Hold'em Limit ($3/$6 USD) - 2017/08/15 16:43:50 ET
Table 'Smither' 6-max Seat #1 is the button
Seat 1: DECAlpha ($131.12 in chips)
Seat 3: favete lin ($183.49 in chips)
DECAlpha: posts small blind $1
favete lin: posts big blind $3
*** HOLE CARDS ***
DECAlpha: raises $3 to $6
favete lin: folds
Uncalled bet ($3) returned to DECAlpha
DECAlpha collected $6 from pot
DECAlpha: doesn't show hand
*** SUMMARY ***
Total pot $6 | Rake $0
Seat 1: DECAlpha (button) (small blind) collected ($6)
Seat 3: favete lin (big blind) folded before Flop


PokerStars Hand #174379025295:  Hold'em Limit ($3/$6 USD) - 2017/08/15 16:44:35 ET
Table 'Smither' 6-max Seat #3 is the button
Seat 1: DECAlpha ($115.88 in chips)
Seat 3: favete lin ($197.99 in chips)
favete lin: posts small blind $1
DECAlpha: posts big blind $3
*** HOLE CARDS ***
favete lin: raises $3 to $6
DECAlpha: calls $3
*** FLOP *** [3c Qh Qc]
DECAlpha: checks
favete lin: bets $3
DECAlpha: folds
Uncalled bet ($3) returned to favete lin
favete lin collected $11.76 from pot
favete lin: doesn't show hand
*** SUMMARY ***
Total pot $12 | Rake $0.24
Board [3c Qh Qc]
Seat 1: DECAlpha (big blind) folded on the Flop
Seat 3: favete lin (button) (small blind) collected ($11.76)


PokerStars Hand #174379032692:  Hold'em Limit ($3/$6 USD) - 2017/08/15 16:44:45 ET
Table 'Smither' 6-max Seat #1 is the button
Seat 1: DECAlpha ($109.88 in chips)
Seat 3: favete lin ($203.75 in chips)
DECAlpha: posts small blind $1
favete lin: posts big blind $3
*** HOLE CARDS ***
DECAlpha: raises $3 to $6
favete lin: raises $3 to $9
DECAlpha: calls $3
*** FLOP *** [4s 8h 7s]
favete lin: bets $3
DECAlpha: raises $3 to $6
favete lin: calls $3
*** TURN *** [4s 8h 7s] [Qs]
favete lin: checks
DECAlpha: bets $6
favete lin: folds
Uncalled bet ($6) returned to DECAlpha
DECAlpha collected $29.50 from pot
DECAlpha: doesn't show hand
*** SUMMARY ***
Total pot $30 | Rake $0.50
Board [4s 8h 7s Qs]
Seat 1: DECAlpha (button) (small blind) collected ($29.50)
Seat 3: favete lin (big blind) folded on the Turn


PokerStars Hand #174379005247:  Hold'em Limit ($3/$6 USD) - 2017/08/15 16:44:08 ET
Table 'Smither' 6-max Seat #3 is the button
Seat 1: DECAlpha ($134.12 in chips)
Seat 3: favete lin ($180.49 in chips)
favete lin: posts small blind $1
DECAlpha: posts big blind $3
*** HOLE CARDS ***
favete lin: raises $3 to $6
DECAlpha: raises $3 to $9
favete lin: calls $3
*** FLOP *** [4c 7c 9d]
DECAlpha: bets $3
favete lin: calls $3
*** TURN *** [4c 7c 9d] [Jd]
DECAlpha: bets $6
favete lin: calls $6
*** RIVER *** [4c 7c 9d Jd] [4s]
DECAlpha: bets $6
favete lin: calls $6
*** SHOW DOWN ***
DECAlpha: shows [Ac Tc] (a pair of Fours)
favete lin: shows [3s 3d] (two pair, Fours and Threes)
favete lin collected $47.50 from pot
*** SUMMARY ***
Total pot $48 | Rake $0.50
Board [4c 7c 9d Jd 4s]
Seat 1: DECAlpha (big blind) showed [Ac Tc] and lost with a pair of Fours
Seat 3: favete lin (button) (small blind) showed [3s 3d] and won ($47.50) with two pair, Fours and Threes


PokerStars Hand #174379047873:  Hold'em Limit ($3/$6 USD) - 2017/08/15 16:45:06 ET
Table 'Smither' 6-max Seat #3 is the button
Seat 1: DECAlpha ($124.38 in chips)
Seat 3: favete lin ($188.75 in chips)
favete lin: posts small blind $1
DECAlpha: posts big blind $3
*** HOLE CARDS ***
favete lin: raises $3 to $6
DECAlpha: calls $3
*** FLOP *** [6c As 5d]
DECAlpha: checks
favete lin: bets $3
DECAlpha: folds
Uncalled bet ($3) returned to favete lin
favete lin collected $11.76 from pot
favete lin: doesn't show hand
*** SUMMARY ***
Total pot $12 | Rake $0.24
Board [6c As 5d]
Seat 1: DECAlpha (big blind) folded on the Flop
Seat 3: favete lin (button) (small blind) collected ($11.76)


PokerStars Hand #174379067727:  Hold'em Limit ($3/$6 USD) - 2017/08/15 16:45:33 ET
Table 'Smither' 6-max Seat #3 is the button
Seat 1: DECAlpha ($97.38 in chips)
Seat 3: favete lin ($215.01 in chips)
favete lin: posts small blind $1
DECAlpha: posts big blind $3
*** HOLE CARDS ***
DECAlpha said, "lol  bingo!"
favete lin: folds
Uncalled bet ($2) returned to DECAlpha
DECAlpha collected $2 from pot
DECAlpha: doesn't show hand
*** SUMMARY ***
Total pot $2 | Rake $0
Seat 1: DECAlpha (big blind) collected ($2)
Seat 3: favete lin (button) (small blind) folded before Flop


PokerStars Hand #174379054698:  Hold'em Limit ($3/$6 USD) - 2017/08/15 16:45:15 ET
Table 'Smither' 6-max Seat #1 is the button
Seat 1: DECAlpha ($118.38 in chips)
Seat 3: favete lin ($194.51 in chips)
DECAlpha: posts small blind $1
favete lin: posts big blind $3
*** HOLE CARDS ***
DECAlpha: raises $3 to $6
favete lin: raises $3 to $9
DECAlpha: raises $3 to $12
Betting is capped
favete lin: calls $3
*** FLOP *** [7c 7h 7d]
favete lin: checks
DECAlpha: bets $3
favete lin: calls $3
*** TURN *** [7c 7h 7d] [2d]
favete lin: checks
DECAlpha: checks
*** RIVER *** [7c 7h 7d 2d] [Th]
favete lin: bets $6
DECAlpha: calls $6
*** SHOW DOWN ***
favete lin: shows [Tc Ah] (a full house, Sevens full of Tens)
DECAlpha: mucks hand
favete lin collected $41.50 from pot
*** SUMMARY ***
Total pot $42 | Rake $0.50
Board [7c 7h 7d 2d Th]
Seat 1: DECAlpha (button) (small blind) mucked
Seat 3: favete lin (big blind) showed [Tc Ah] and won ($41.50) with a full house, Sevens full of Tens


PokerStars Hand #174379074778:  Hold'em Limit ($3/$6 USD) - 2017/08/15 16:45:43 ET
Table 'Smither' 6-max Seat #1 is the button
Seat 1: DECAlpha ($98.38 in chips)
Seat 3: favete lin ($214.01 in chips)
DECAlpha: posts small blind $1
favete lin: posts big blind $3
*** HOLE CARDS ***
DECAlpha: folds
Uncalled bet ($2) returned to favete lin
favete lin collected $2 from pot
favete lin: doesn't show hand
*** SUMMARY ***
Total pot $2 | Rake $0
Seat 1: DECAlpha (button) (small blind) folded before Flop
Seat 3: favete lin (big blind) collected ($2)


PokerStars Hand #174379093286:  Hold'em Limit ($3/$6 USD) - 2017/08/15 16:46:07 ET
Table 'Smither' 6-max Seat #3 is the button
Seat 1: DECAlpha ($105.02 in chips)
Seat 3: favete lin ($207.01 in chips)
favete lin: posts small blind $1
DECAlpha: posts big blind $3
*** HOLE CARDS ***
favete lin: raises $3 to $6
DECAlpha: calls $3
*** FLOP *** [Kd Qh Ks]
DECAlpha: checks
favete lin: bets $3
DECAlpha: folds
Uncalled bet ($3) returned to favete lin
favete lin collected $11.76 from pot
favete lin: doesn't show hand
*** SUMMARY ***
Total pot $12 | Rake $0.24
Board [Kd Qh Ks]
Seat 1: DECAlpha (big blind) folded on the Flop
Seat 3: favete lin (button) (small blind) collected ($11.76)


PokerStars Hand #174379089866:  Hold'em Limit ($3/$6 USD) - 2017/08/15 16:46:03 ET
Table 'Smither' 6-max Seat #1 is the button
Seat 1: DECAlpha ($106.02 in chips)
Seat 3: favete lin ($206.01 in chips)
DECAlpha: posts small blind $1
favete lin: posts big blind $3
*** HOLE CARDS ***
DECAlpha: folds
Uncalled bet ($2) returned to favete lin
favete lin collected $2 from pot
favete lin: doesn't show hand
*** SUMMARY ***
Total pot $2 | Rake $0
Seat 1: DECAlpha (button) (small blind) folded before Flop
Seat 3: favete lin (big blind) collected ($2)


PokerStars Hand #174379078460:  Hold'em Limit ($3/$6 USD) - 2017/08/15 16:45:48 ET
Table 'Smither' 6-max Seat #3 is the button
Seat 1: DECAlpha ($97.38 in chips)
Seat 3: favete lin ($215.01 in chips)
favete lin: posts small blind $1
DECAlpha: posts big blind $3
*** HOLE CARDS ***
favete lin: raises $3 to $6
DECAlpha: calls $3
*** FLOP *** [Js Ad 6s]
DECAlpha: checks
favete lin: bets $3
DECAlpha: calls $3
*** TURN *** [Js Ad 6s] [4d]
DECAlpha: bets $6
favete lin: folds
Uncalled bet ($6) returned to DECAlpha
DECAlpha collected $17.64 from pot
DECAlpha: doesn't show hand
*** SUMMARY ***
Total pot $18 | Rake $0.36
Board [Js Ad 6s 4d]
Seat 1: DECAlpha (big blind) collected ($17.64)
Seat 3: favete lin (button) (small blind) folded on the Turn


PokerStars Hand #174379100629:  Hold'em Limit ($3/$6 USD) - 2017/08/15 16:46:17 ET
Table 'Smither' 6-max Seat #1 is the button
Seat 1: DECAlpha ($99.02 in chips)
Seat 3: favete lin ($212.77 in chips)
DECAlpha: posts small blind $1
favete lin: posts big blind $3
*** HOLE CARDS ***
DECAlpha: folds
Uncalled bet ($2) returned to favete lin
favete lin collected $2 from pot
favete lin: doesn't show hand
*** SUMMARY ***
Total pot $2 | Rake $0
Seat 1: DECAlpha (button) (small blind) folded before Flop
Seat 3: favete lin (big blind) collected ($2)


PokerStars Hand #174379104041:  Hold'em Limit ($3/$6 USD) - 2017/08/15 16:46:22 ET
Table 'Smither' 6-max Seat #3 is the button
Seat 1: DECAlpha ($98.02 in chips)
Seat 3: favete lin ($213.77 in chips)
favete lin: posts small blind $1
DECAlpha: posts big blind $3
*** HOLE CARDS ***
favete lin: raises $3 to $6
DECAlpha: calls $3
*** FLOP *** [4s 2h 9h]
DECAlpha: checks
favete lin: bets $3
DECAlpha: folds
Uncalled bet ($3) returned to favete lin
favete lin collected $11.76 from pot
favete lin: doesn't show hand
*** SUMMARY ***
Total pot $12 | Rake $0.24
Board [4s 2h 9h]
Seat 1: DECAlpha (big blind) folded on the Flop
Seat 3: favete lin (button) (small blind) collected ($11.76)


