PokerStars Hand #156461134095:  Hold'em Limit ($3/$6 USD) - 2016/07/26 7:25:16 ET
Table 'Sniadeckia' 6-max Seat #4 is the button
Seat 4: BuzovaPro ($72 in chips)
Seat 5: asino222 ($64 in chips)
BuzovaPro: posts small blind $1
asino222: posts big blind $3
*** HOLE CARDS ***
BuzovaPro: raises $3 to $6
asino222: calls $3
*** FLOP *** [4h 9d 6c]
asino222: checks
BuzovaPro: checks
*** TURN *** [4h 9d 6c] [9h]
asino222: bets $6
BuzovaPro: folds
Uncalled bet ($6) returned to asino222
asino222 collected $11.76 from pot
asino222: doesn't show hand
*** SUMMARY ***
Total pot $12 | Rake $0.24
Board [4h 9d 6c 9h]
Seat 4: BuzovaPro (button) (small blind) folded on the Turn
Seat 5: asino222 (big blind) collected ($11.76)


PokerStars Hand #156461131441:  Hold'em Limit ($3/$6 USD) - 2016/07/26 7:25:09 ET
Table 'Sniadeckia' 6-max Seat #5 is the button
Seat 4: BuzovaPro ($72 in chips)
Seat 5: asino222 ($61 in chips)
asino222: posts small blind $1
BuzovaPro: posts big blind $3
*** HOLE CARDS ***
asino222: raises $3 to $6
BuzovaPro: folds
Uncalled bet ($3) returned to asino222
asino222 collected $6 from pot
asino222: doesn't show hand
*** SUMMARY ***
Total pot $6 | Rake $0
Seat 4: BuzovaPro (big blind) folded before Flop
Seat 5: asino222 (button) (small blind) collected ($6)


PokerStars Hand #156461164609:  Hold'em Limit ($3/$6 USD) - 2016/07/26 7:26:29 ET
Table 'Sniadeckia' 6-max Seat #4 is the button
Seat 4: BuzovaPro ($72 in chips)
Seat 5: asino222 ($75.52 in chips)
BuzovaPro: posts small blind $1
asino222: posts big blind $3
*** HOLE CARDS ***
BuzovaPro: folds
Uncalled bet ($2) returned to asino222
asino222 collected $2 from pot
asino222: doesn't show hand
*** SUMMARY ***
Total pot $2 | Rake $0
Seat 4: BuzovaPro (button) (small blind) folded before Flop
Seat 5: asino222 (big blind) collected ($2)


PokerStars Hand #156461145256:  Hold'em Limit ($3/$6 USD) - 2016/07/26 7:25:43 ET
Table 'Sniadeckia' 6-max Seat #5 is the button
Seat 4: BuzovaPro ($72 in chips)
Seat 5: asino222 ($69.76 in chips)
asino222: posts small blind $1
BuzovaPro: posts big blind $3
*** HOLE CARDS ***
asino222: raises $3 to $6
BuzovaPro: calls $3
*** FLOP *** [Ac 4d Th]
BuzovaPro: checks
asino222: bets $3
BuzovaPro: folds
Uncalled bet ($3) returned to asino222
asino222 collected $11.76 from pot
asino222: doesn't show hand
*** SUMMARY ***
Total pot $12 | Rake $0.24
Board [Ac 4d Th]
Seat 4: BuzovaPro (big blind) folded on the Flop
Seat 5: asino222 (button) (small blind) collected ($11.76)


PokerStars Hand #156461180415:  Hold'em Limit ($3/$6 USD) - 2016/07/26 7:27:07 ET
Table 'Sniadeckia' 6-max Seat #4 is the button
Seat 4: BuzovaPro ($86.50 in chips)
Seat 5: asino222 ($61.52 in chips)
BuzovaPro: posts small blind $1
asino222: posts big blind $3
*** HOLE CARDS ***
BuzovaPro: raises $3 to $6
asino222: folds
Uncalled bet ($3) returned to BuzovaPro
BuzovaPro collected $6 from pot
BuzovaPro: doesn't show hand
*** SUMMARY ***
Total pot $6 | Rake $0
Seat 4: BuzovaPro (button) (small blind) collected ($6)
Seat 5: asino222 (big blind) folded before Flop


PokerStars Hand #156461166617:  Hold'em Limit ($3/$6 USD) - 2016/07/26 7:26:34 ET
Table 'Sniadeckia' 6-max Seat #5 is the button
Seat 4: BuzovaPro ($72 in chips)
Seat 5: asino222 ($76.52 in chips)
asino222: posts small blind $1
BuzovaPro: posts big blind $3
*** HOLE CARDS ***
asino222: raises $3 to $6
BuzovaPro: raises $3 to $9
asino222: calls $3
*** FLOP *** [5s 3h Qh]
BuzovaPro: bets $3
asino222: raises $3 to $6
BuzovaPro: calls $3
*** TURN *** [5s 3h Qh] [Ts]
BuzovaPro: checks
asino222: checks
*** RIVER *** [5s 3h Qh Ts] [7d]
BuzovaPro: bets $6
asino222: folds
Uncalled bet ($6) returned to BuzovaPro
BuzovaPro collected $29.50 from pot
BuzovaPro: doesn't show hand
*** SUMMARY ***
Total pot $30 | Rake $0.50
Board [5s 3h Qh Ts 7d]
Seat 4: BuzovaPro (big blind) collected ($29.50)
Seat 5: asino222 (button) (small blind) folded on the River


PokerStars Hand #156461183226:  Hold'em Limit ($3/$6 USD) - 2016/07/26 7:27:13 ET
Table 'Sniadeckia' 6-max Seat #5 is the button
Seat 4: BuzovaPro ($89.50 in chips)
Seat 5: asino222 ($58.52 in chips)
asino222: posts small blind $1
BuzovaPro: posts big blind $3
*** HOLE CARDS ***
asino222: raises $3 to $6
BuzovaPro: folds
Uncalled bet ($3) returned to asino222
asino222 collected $6 from pot
asino222: doesn't show hand
*** SUMMARY ***
Total pot $6 | Rake $0
Seat 4: BuzovaPro (big blind) folded before Flop
Seat 5: asino222 (button) (small blind) collected ($6)


PokerStars Hand #156461186630:  Hold'em Limit ($3/$6 USD) - 2016/07/26 7:27:22 ET
Table 'Sniadeckia' 6-max Seat #4 is the button
Seat 4: BuzovaPro ($86.50 in chips)
Seat 5: asino222 ($61.52 in chips)
BuzovaPro: posts small blind $1
asino222: posts big blind $3
*** HOLE CARDS ***
BuzovaPro: raises $3 to $6
asino222: calls $3
*** FLOP *** [4d 6s Jh]
asino222: checks
BuzovaPro: checks
*** TURN *** [4d 6s Jh] [Qh]
asino222: checks
BuzovaPro: bets $6
asino222: folds
Uncalled bet ($6) returned to BuzovaPro
BuzovaPro collected $11.76 from pot
BuzovaPro: doesn't show hand
*** SUMMARY ***
Total pot $12 | Rake $0.24
Board [4d 6s Jh Qh]
Seat 4: BuzovaPro (button) (small blind) collected ($11.76)
Seat 5: asino222 (big blind) folded on the Turn


PokerStars Hand #156461198239:  Hold'em Limit ($3/$6 USD) - 2016/07/26 7:27:50 ET
Table 'Sniadeckia' 6-max Seat #5 is the button
Seat 4: BuzovaPro ($92.26 in chips)
Seat 5: asino222 ($55.52 in chips)
asino222: posts small blind $1
BuzovaPro: posts big blind $3
*** HOLE CARDS ***
asino222: raises $3 to $6
BuzovaPro: calls $3
*** FLOP *** [2d 4d Kc]
BuzovaPro: checks
asino222: bets $3
BuzovaPro: folds
Uncalled bet ($3) returned to asino222
asino222 collected $11.76 from pot
asino222: doesn't show hand
*** SUMMARY ***
Total pot $12 | Rake $0.24
Board [2d 4d Kc]
Seat 4: BuzovaPro (big blind) folded on the Flop
Seat 5: asino222 (button) (small blind) collected ($11.76)


PokerStars Hand #156461204292:  Hold'em Limit ($3/$6 USD) - 2016/07/26 7:28:04 ET
Table 'Sniadeckia' 6-max Seat #4 is the button
Seat 4: BuzovaPro ($86.26 in chips)
Seat 5: asino222 ($61.28 in chips)
BuzovaPro: posts small blind $1
asino222: posts big blind $3
*** HOLE CARDS ***
BuzovaPro: raises $3 to $6
asino222: raises $3 to $9
BuzovaPro: calls $3
*** FLOP *** [Jd Kc 7c]
asino222: bets $3
BuzovaPro: calls $3
*** TURN *** [Jd Kc 7c] [Ks]
asino222: bets $6
BuzovaPro: calls $6
*** RIVER *** [Jd Kc 7c Ks] [4d]
asino222: bets $6
BuzovaPro: calls $6
*** SHOW DOWN ***
asino222: shows [7s Ac] (two pair, Kings and Sevens)
BuzovaPro: shows [Qc Qs] (two pair, Kings and Queens)
BuzovaPro collected $47.50 from pot
*** SUMMARY ***
Total pot $48 | Rake $0.50
Board [Jd Kc 7c Ks 4d]
Seat 4: BuzovaPro (button) (small blind) showed [Qc Qs] and won ($47.50) with two pair, Kings and Queens
Seat 5: asino222 (big blind) showed [7s Ac] and lost with two pair, Kings and Sevens


PokerStars Hand #156461214874:  Hold'em Limit ($3/$6 USD) - 2016/07/26 7:28:30 ET
Table 'Sniadeckia' 6-max Seat #5 is the button
Seat 4: BuzovaPro ($109.76 in chips)
Seat 5: asino222 ($37.28 in chips)
asino222: posts small blind $1
BuzovaPro: posts big blind $3
*** HOLE CARDS ***
asino222: raises $3 to $6
BuzovaPro: calls $3
*** FLOP *** [3c 8d 8c]
BuzovaPro: checks
asino222: bets $3
BuzovaPro: calls $3
*** TURN *** [3c 8d 8c] [8s]
BuzovaPro: checks
asino222: bets $6
BuzovaPro: folds
Uncalled bet ($6) returned to asino222
asino222 collected $17.64 from pot
asino222: doesn't show hand
*** SUMMARY ***
Total pot $18 | Rake $0.36
Board [3c 8d 8c 8s]
Seat 4: BuzovaPro (big blind) folded on the Turn
Seat 5: asino222 (button) (small blind) collected ($17.64)


PokerStars Hand #156461224771:  Hold'em Limit ($3/$6 USD) - 2016/07/26 7:28:53 ET
Table 'Sniadeckia' 6-max Seat #4 is the button
Seat 4: BuzovaPro ($100.76 in chips)
Seat 5: asino222 ($45.92 in chips)
BuzovaPro: posts small blind $1
asino222: posts big blind $3
*** HOLE CARDS ***
BuzovaPro: raises $3 to $6
Omega74 joins the table at seat #1
asino222: folds
Uncalled bet ($3) returned to BuzovaPro
BuzovaPro collected $6 from pot
BuzovaPro: doesn't show hand
*** SUMMARY ***
Total pot $6 | Rake $0
Seat 4: BuzovaPro (button) (small blind) collected ($6)
Seat 5: asino222 (big blind) folded before Flop


