PokerStars Hand #144724084711:  Hold'em Limit ($3/$6 USD) - 2015/12/02 15:00:25 ET
Table 'Sniadeckia' 2-max Seat #2 is the button
Seat 1: hartiedd1 ($119.76 in chips)
Seat 2: kdcl ($52.85 in chips)
kdcl: posts small blind $1
hartiedd1: posts big blind $3
*** HOLE CARDS ***
kdcl: raises $3 to $6
hartiedd1: calls $3
*** FLOP *** [9c 5d Qh]
hartiedd1: checks
kdcl: bets $3
hartiedd1: calls $3
*** TURN *** [9c 5d Qh] [6s]
hartiedd1: checks
kdcl: checks
*** RIVER *** [9c 5d Qh 6s] [8c]
hartiedd1: checks
kdcl: bets $6
hartiedd1: folds
Uncalled bet ($6) returned to kdcl
kdcl collected $17.64 from pot
*** SUMMARY ***
Total pot $18 | Rake $0.36
Board [9c 5d Qh 6s 8c]
Seat 1: hartiedd1 (big blind) folded on the River
Seat 2: kdcl (button) (small blind) collected ($17.64)


PokerStars Hand #144724152547:  Hold'em Limit ($3/$6 USD) - 2015/12/02 15:01:42 ET
Table 'Sniadeckia' 2-max Seat #1 is the button
Seat 1: hartiedd1 ($104.26 in chips)
Seat 2: kdcl ($66.99 in chips)
hartiedd1: posts small blind $1
kdcl: posts big blind $3
*** HOLE CARDS ***
hartiedd1: folds
Uncalled bet ($2) returned to kdcl
kdcl collected $2 from pot
*** SUMMARY ***
Total pot $2 | Rake $0
Seat 1: hartiedd1 (button) (small blind) folded before Flop
Seat 2: kdcl (big blind) collected ($2)


PokerStars Hand #144724129131:  Hold'em Limit ($3/$6 USD) - 2015/12/02 15:01:17 ET
Table 'Sniadeckia' 2-max Seat #2 is the button
Seat 1: hartiedd1 ($125.26 in chips)
Seat 2: kdcl ($46.49 in chips)
kdcl: posts small blind $1
hartiedd1: posts big blind $3
*** HOLE CARDS ***
kdcl: raises $3 to $6
hartiedd1: calls $3
*** FLOP *** [3c 9d 3s]
hartiedd1: checks
kdcl: bets $3
hartiedd1: calls $3
*** TURN *** [3c 9d 3s] [3d]
hartiedd1: checks
kdcl: bets $6
hartiedd1: calls $6
*** RIVER *** [3c 9d 3s 3d] [Tc]
hartiedd1: checks
kdcl: bets $6
hartiedd1: calls $6
*** SHOW DOWN ***
kdcl: shows [9s Ts] (a full house, Threes full of Tens)
hartiedd1: mucks hand
kdcl collected $41.50 from pot
*** SUMMARY ***
Total pot $42 | Rake $0.50
Board [3c 9d 3s 3d Tc]
Seat 1: hartiedd1 (big blind) mucked
Seat 2: kdcl (button) (small blind) showed [9s Ts] and won ($41.50) with a full house, Threes full of Tens


PokerStars Hand #144724101857:  Hold'em Limit ($3/$6 USD) - 2015/12/02 15:00:46 ET
Table 'Sniadeckia' 2-max Seat #1 is the button
Seat 1: hartiedd1 ($110.76 in chips)
Seat 2: kdcl ($61.49 in chips)
hartiedd1: posts small blind $1
kdcl: posts big blind $3
*** HOLE CARDS ***
hartiedd1: raises $3 to $6
kdcl: calls $3
*** FLOP *** [Jh Ah 8c]
kdcl: checks
hartiedd1: bets $3
kdcl: calls $3
*** TURN *** [Jh Ah 8c] [2h]
kdcl: checks
hartiedd1: checks
*** RIVER *** [Jh Ah 8c 2h] [Ks]
kdcl: checks
hartiedd1: bets $6
kdcl: calls $6
*** SHOW DOWN ***
hartiedd1: shows [Kd 9c] (a pair of Kings)
kdcl: mucks hand
hartiedd1 collected $29.50 from pot
*** SUMMARY ***
Total pot $30 | Rake $0.50
Board [Jh Ah 8c 2h Ks]
Seat 1: hartiedd1 (button) (small blind) showed [Kd 9c] and won ($29.50) with a pair of Kings
Seat 2: kdcl (big blind) mucked


PokerStars Hand #144724199009:  Hold'em Limit ($3/$6 USD) - 2015/12/02 15:02:30 ET
Table 'Sniadeckia' 2-max Seat #2 is the button
Seat 1: hartiedd1 ($96.26 in chips)
Seat 2: kdcl ($74.75 in chips)
kdcl: posts small blind $1
hartiedd1: posts big blind $3
*** HOLE CARDS ***
kdcl: folds
Uncalled bet ($2) returned to hartiedd1
hartiedd1 collected $2 from pot
hartiedd1: doesn't show hand
*** SUMMARY ***
Total pot $2 | Rake $0
Seat 1: hartiedd1 (big blind) collected ($2)
Seat 2: kdcl (button) (small blind) folded before Flop


PokerStars Hand #144724184671:  Hold'em Limit ($3/$6 USD) - 2015/12/02 15:02:15 ET
Table 'Sniadeckia' 2-max Seat #1 is the button
Seat 1: hartiedd1 ($97.26 in chips)
Seat 2: kdcl ($73.75 in chips)
hartiedd1: posts small blind $1
kdcl: posts big blind $3
*** HOLE CARDS ***
hartiedd1: folds
Uncalled bet ($2) returned to kdcl
kdcl collected $2 from pot
*** SUMMARY ***
Total pot $2 | Rake $0
Seat 1: hartiedd1 (button) (small blind) folded before Flop
Seat 2: kdcl (big blind) collected ($2)


PokerStars Hand #144724159640:  Hold'em Limit ($3/$6 USD) - 2015/12/02 15:01:49 ET
Table 'Sniadeckia' 2-max Seat #2 is the button
Seat 1: hartiedd1 ($103.26 in chips)
Seat 2: kdcl ($67.99 in chips)
kdcl: posts small blind $1
hartiedd1: posts big blind $3
*** HOLE CARDS ***
kdcl: raises $3 to $6
hartiedd1: calls $3
*** FLOP *** [Jd 6h 6c]
hartiedd1: checks
kdcl: checks
*** TURN *** [Jd 6h 6c] [7d]
hartiedd1: checks
kdcl: bets $6
hartiedd1: folds
Uncalled bet ($6) returned to kdcl
kdcl collected $11.76 from pot
*** SUMMARY ***
Total pot $12 | Rake $0.24
Board [Jd 6h 6c 7d]
Seat 1: hartiedd1 (big blind) folded on the Turn
Seat 2: kdcl (button) (small blind) collected ($11.76)


PokerStars Hand #144724244111:  Hold'em Limit ($3/$6 USD) - 2015/12/02 15:03:15 ET
Table 'Sniadeckia' 2-max Seat #1 is the button
Seat 1: hartiedd1 ($97.02 in chips)
Seat 2: kdcl ($73.51 in chips)
hartiedd1: posts small blind $1
kdcl: posts big blind $3
*** HOLE CARDS ***
hartiedd1: raises $3 to $6
kdcl: calls $3
*** FLOP *** [6d 4h Td]
kdcl: checks
hartiedd1: checks
*** TURN *** [6d 4h Td] [Tc]
kdcl: bets $6
hartiedd1: calls $6
*** RIVER *** [6d 4h Td Tc] [4s]
kdcl: bets $6
hartiedd1: calls $6
*** SHOW DOWN ***
kdcl: shows [9d Ks] (two pair, Tens and Fours)
hartiedd1: shows [Kc Qs] (two pair, Tens and Fours)
kdcl collected $17.75 from pot
hartiedd1 collected $17.75 from pot
*** SUMMARY ***
Total pot $36 | Rake $0.50
Board [6d 4h Td Tc 4s]
Seat 1: hartiedd1 (button) (small blind) showed [Kc Qs] and won ($17.75) with two pair, Tens and Fours
Seat 2: kdcl (big blind) showed [9d Ks] and won ($17.75) with two pair, Tens and Fours


PokerStars Hand #144724218772:  Hold'em Limit ($3/$6 USD) - 2015/12/02 15:02:49 ET
Table 'Sniadeckia' 2-max Seat #2 is the button
Seat 1: hartiedd1 ($103.02 in chips)
Seat 2: kdcl ($67.75 in chips)
kdcl: posts small blind $1
hartiedd1: posts big blind $3
*** HOLE CARDS ***
kdcl: raises $3 to $6
hartiedd1: calls $3
*** FLOP *** [8d Js Ks]
hartiedd1: checks
kdcl: checks
*** TURN *** [8d Js Ks] [Ad]
hartiedd1: checks
kdcl: bets $6
hartiedd1: folds
Uncalled bet ($6) returned to kdcl
kdcl collected $11.76 from pot
*** SUMMARY ***
Total pot $12 | Rake $0.24
Board [8d Js Ks Ad]
Seat 1: hartiedd1 (big blind) folded on the Turn
Seat 2: kdcl (button) (small blind) collected ($11.76)


PokerStars Hand #144724203766:  Hold'em Limit ($3/$6 USD) - 2015/12/02 15:02:35 ET
Table 'Sniadeckia' 2-max Seat #1 is the button
Seat 1: hartiedd1 ($97.26 in chips)
Seat 2: kdcl ($73.75 in chips)
hartiedd1: posts small blind $1
kdcl: posts big blind $3
*** HOLE CARDS ***
hartiedd1: raises $3 to $6
kdcl: calls $3
*** FLOP *** [Qs 7c 3c]
kdcl: checks
hartiedd1: bets $3
kdcl: folds
Uncalled bet ($3) returned to hartiedd1
hartiedd1 collected $11.76 from pot
hartiedd1: doesn't show hand
*** SUMMARY ***
Total pot $12 | Rake $0.24
Board [Qs 7c 3c]
Seat 1: hartiedd1 (button) (small blind) collected ($11.76)
Seat 2: kdcl (big blind) folded on the Flop


PokerStars Hand #144724321589:  Hold'em Limit ($3/$6 USD) - 2015/12/02 15:04:31 ET
Table 'Sniadeckia' 2-max Seat #1 is the button
Seat 1: hartiedd1 ($117.27 in chips)
Seat 2: kdcl ($52.26 in chips)
hartiedd1: posts small blind $1
kdcl: posts big blind $3
*** HOLE CARDS ***
hartiedd1: raises $3 to $6
kdcl: calls $3
*** FLOP *** [6h Qs Js]
kdcl: checks
hartiedd1: bets $3
kdcl: calls $3
*** TURN *** [6h Qs Js] [3s]
kdcl: checks
hartiedd1: bets $6
kdcl: folds
Uncalled bet ($6) returned to hartiedd1
hartiedd1 collected $17.64 from pot
hartiedd1: doesn't show hand
*** SUMMARY ***
Total pot $18 | Rake $0.36
Board [6h Qs Js 3s]
Seat 1: hartiedd1 (button) (small blind) collected ($17.64)
Seat 2: kdcl (big blind) folded on the Turn


PokerStars Hand #144724275031:  Hold'em Limit ($3/$6 USD) - 2015/12/02 15:03:45 ET
Table 'Sniadeckia' 2-max Seat #2 is the button
Seat 1: hartiedd1 ($96.77 in chips)
Seat 2: kdcl ($73.26 in chips)
kdcl: posts small blind $1
hartiedd1: posts big blind $3
*** HOLE CARDS ***
kdcl: raises $3 to $6
hartiedd1 is connected
hartiedd1: calls $3
*** FLOP *** [Tc 2s 4c]
hartiedd1: checks
kdcl: bets $3
hartiedd1: calls $3
*** TURN *** [Tc 2s 4c] [Qs]
hartiedd1: bets $6
kdcl: calls $6
*** RIVER *** [Tc 2s 4c Qs] [2c]
hartiedd1: checks
kdcl: bets $6
hartiedd1: calls $6
*** SHOW DOWN ***
kdcl: shows [8c 8s] (two pair, Eights and Deuces)
hartiedd1: shows [9d Ts] (two pair, Tens and Deuces)
hartiedd1 collected $41.50 from pot
*** SUMMARY ***
Total pot $42 | Rake $0.50
Board [Tc 2s 4c Qs 2c]
Seat 1: hartiedd1 (big blind) showed [9d Ts] and won ($41.50) with two pair, Tens and Deuces
Seat 2: kdcl (button) (small blind) showed [8c 8s] and lost with two pair, Eights and Deuces


PokerStars Hand #144724381570:  Hold'em Limit ($3/$6 USD) - 2015/12/02 15:05:30 ET
Table 'Sniadeckia' 2-max Seat #1 is the button
Seat 1: hartiedd1 ($138.41 in chips)
Seat 2: kdcl ($30.26 in chips)
hartiedd1: posts small blind $1
kdcl: posts big blind $3
*** HOLE CARDS ***
hartiedd1: folds
Uncalled bet ($2) returned to kdcl
kdcl collected $2 from pot
*** SUMMARY ***
Total pot $2 | Rake $0
Seat 1: hartiedd1 (button) (small blind) folded before Flop
Seat 2: kdcl (big blind) collected ($2)


PokerStars Hand #144724375320:  Hold'em Limit ($3/$6 USD) - 2015/12/02 15:05:24 ET
Table 'Sniadeckia' 2-max Seat #2 is the button
Seat 1: hartiedd1 ($141.41 in chips)
Seat 2: kdcl ($27.26 in chips)
kdcl: posts small blind $1
hartiedd1: posts big blind $3
*** HOLE CARDS ***
kdcl: raises $3 to $6
hartiedd1: folds
Uncalled bet ($3) returned to kdcl
kdcl collected $6 from pot
*** SUMMARY ***
Total pot $6 | Rake $0
Seat 1: hartiedd1 (big blind) folded before Flop
Seat 2: kdcl (button) (small blind) collected ($6)


PokerStars Hand #144724350656:  Hold'em Limit ($3/$6 USD) - 2015/12/02 15:04:59 ET
Table 'Sniadeckia' 2-max Seat #1 is the button
Seat 1: hartiedd1 ($126.91 in chips)
Seat 2: kdcl ($42.26 in chips)
hartiedd1: posts small blind $1
kdcl: posts big blind $3
*** HOLE CARDS ***
hartiedd1: raises $3 to $6
kdcl: calls $3
*** FLOP *** [6c Jd 3c]
kdcl: checks
hartiedd1: bets $3
kdcl: calls $3
*** TURN *** [6c Jd 3c] [Qh]
kdcl: checks
hartiedd1: checks
*** RIVER *** [6c Jd 3c Qh] [2h]
kdcl: bets $6
hartiedd1: calls $6
*** SHOW DOWN ***
kdcl: shows [7d 4c] (high card Queen)
hartiedd1: shows [Th Ts] (a pair of Tens)
hartiedd1 collected $29.50 from pot
*** SUMMARY ***
Total pot $30 | Rake $0.50
Board [6c Jd 3c Qh 2h]
Seat 1: hartiedd1 (button) (small blind) showed [Th Ts] and won ($29.50) with a pair of Tens
Seat 2: kdcl (big blind) showed [7d 4c] and lost with high card Queen


PokerStars Hand #144724345389:  Hold'em Limit ($3/$6 USD) - 2015/12/02 15:04:54 ET
Table 'Sniadeckia' 2-max Seat #2 is the button
Seat 1: hartiedd1 ($125.91 in chips)
Seat 2: kdcl ($43.26 in chips)
kdcl: posts small blind $1
hartiedd1: posts big blind $3
*** HOLE CARDS ***
kdcl: folds
Uncalled bet ($2) returned to hartiedd1
hartiedd1 collected $2 from pot
hartiedd1: doesn't show hand
*** SUMMARY ***
Total pot $2 | Rake $0
Seat 1: hartiedd1 (big blind) collected ($2)
Seat 2: kdcl (button) (small blind) folded before Flop


PokerStars Hand #144724423920:  Hold'em Limit ($3/$6 USD) - 2015/12/02 15:06:12 ET
Table 'Sniadeckia' 2-max Seat #2 is the button
Seat 1: hartiedd1 ($134.41 in chips)
Seat 2: kdcl ($34.02 in chips)
kdcl: posts small blind $1
hartiedd1: posts big blind $3
*** HOLE CARDS ***
kdcl: raises $3 to $6
hartiedd1: calls $3
*** FLOP *** [3s Th 6h]
hartiedd1: bets $3
kdcl: calls $3
*** TURN *** [3s Th 6h] [Kh]
hartiedd1: checks
kdcl: bets $6
hartiedd1: calls $6
*** RIVER *** [3s Th 6h Kh] [7s]
hartiedd1: checks
kdcl: bets $6
hartiedd1: calls $6
*** SHOW DOWN ***
kdcl: shows [3h Ah] (a flush, Ace high)
hartiedd1: mucks hand
kdcl collected $41.50 from pot
*** SUMMARY ***
Total pot $42 | Rake $0.50
Board [3s Th 6h Kh 7s]
Seat 1: hartiedd1 (big blind) mucked
Seat 2: kdcl (button) (small blind) showed [3h Ah] and won ($41.50) with a flush, Ace high


PokerStars Hand #144724415866:  Hold'em Limit ($3/$6 USD) - 2015/12/02 15:06:04 ET
Table 'Sniadeckia' 2-max Seat #1 is the button
Seat 1: hartiedd1 ($131.41 in chips)
Seat 2: kdcl ($37.02 in chips)
hartiedd1: posts small blind $1
kdcl: posts big blind $3
*** HOLE CARDS ***
hartiedd1: raises $3 to $6
kdcl: folds
Uncalled bet ($3) returned to hartiedd1
hartiedd1 collected $6 from pot
hartiedd1: doesn't show hand
*** SUMMARY ***
Total pot $6 | Rake $0
Seat 1: hartiedd1 (button) (small blind) collected ($6)
Seat 2: kdcl (big blind) folded before Flop


PokerStars Hand #144724388319:  Hold'em Limit ($3/$6 USD) - 2015/12/02 15:05:37 ET
Table 'Sniadeckia' 2-max Seat #2 is the button
Seat 1: hartiedd1 ($137.41 in chips)
Seat 2: kdcl ($31.26 in chips)
kdcl: posts small blind $1
hartiedd1: posts big blind $3
*** HOLE CARDS ***
kdcl: raises $3 to $6
hartiedd1: calls $3
*** FLOP *** [9s Kh Qd]
hartiedd1 is connected
hartiedd1: checks
kdcl: checks
*** TURN *** [9s Kh Qd] [3h]
hartiedd1: checks
kdcl: bets $6
hartiedd1: folds
Uncalled bet ($6) returned to kdcl
kdcl collected $11.76 from pot
*** SUMMARY ***
Total pot $12 | Rake $0.24
Board [9s Kh Qd 3h]
Seat 1: hartiedd1 (big blind) folded on the Turn
Seat 2: kdcl (button) (small blind) collected ($11.76)


PokerStars Hand #144724497056:  Hold'em Limit ($3/$6 USD) - 2015/12/02 15:07:24 ET
Table 'Sniadeckia' 2-max Seat #1 is the button
Seat 1: hartiedd1 ($130.69 in chips)
Seat 2: kdcl ($36.52 in chips)
hartiedd1: posts small blind $1
kdcl: posts big blind $3
*** HOLE CARDS ***
hartiedd1: raises $3 to $6
kdcl: folds
Uncalled bet ($3) returned to hartiedd1
hartiedd1 collected $6 from pot
hartiedd1: doesn't show hand
*** SUMMARY ***
Total pot $6 | Rake $0
Seat 1: hartiedd1 (button) (small blind) collected ($6)
Seat 2: kdcl (big blind) folded before Flop


PokerStars Hand #144724474767:  Hold'em Limit ($3/$6 USD) - 2015/12/02 15:07:02 ET
Table 'Sniadeckia' 2-max Seat #2 is the button
Seat 1: hartiedd1 ($119.17 in chips)
Seat 2: kdcl ($48.52 in chips)
kdcl: posts small blind $1
hartiedd1: posts big blind $3
*** HOLE CARDS ***
kdcl: raises $3 to $6
hartiedd1: calls $3
*** FLOP *** [Ts Th 6d]
hartiedd1: checks
kdcl: checks
*** TURN *** [Ts Th 6d] [Jh]
hartiedd1: bets $6
kdcl: calls $6
*** RIVER *** [Ts Th 6d Jh] [Td]
hartiedd1: checks
kdcl: checks
*** SHOW DOWN ***
hartiedd1: shows [5c 5s] (a full house, Tens full of Fives)
kdcl: mucks hand
hartiedd1 collected $23.52 from pot
*** SUMMARY ***
Total pot $24 | Rake $0.48
Board [Ts Th 6d Jh Td]
Seat 1: hartiedd1 (big blind) showed [5c 5s] and won ($23.52) with a full house, Tens full of Fives
Seat 2: kdcl (button) (small blind) mucked


PokerStars Hand #144724454767:  Hold'em Limit ($3/$6 USD) - 2015/12/02 15:06:42 ET
Table 'Sniadeckia' 2-max Seat #1 is the button
Seat 1: hartiedd1 ($113.41 in chips)
Seat 2: kdcl ($54.52 in chips)
hartiedd1: posts small blind $1
kdcl: posts big blind $3
*** HOLE CARDS ***
hartiedd1: raises $3 to $6
kdcl: calls $3
*** FLOP *** [Kc Js Qc]
kdcl: checks
hartiedd1: checks
*** TURN *** [Kc Js Qc] [4c]
kdcl: checks
hartiedd1: bets $6
kdcl: folds
Uncalled bet ($6) returned to hartiedd1
hartiedd1 collected $11.76 from pot
hartiedd1: doesn't show hand
*** SUMMARY ***
Total pot $12 | Rake $0.24
Board [Kc Js Qc 4c]
Seat 1: hartiedd1 (button) (small blind) collected ($11.76)
Seat 2: kdcl (big blind) folded on the Turn


PokerStars Hand #144724559690:  Hold'em Limit ($3/$6 USD) - 2015/12/02 15:08:26 ET
Table 'Sniadeckia' 2-max Seat #2 is the button
Seat 1: hartiedd1 ($123.69 in chips)
Seat 2: kdcl ($42.54 in chips)
kdcl: posts small blind $1
hartiedd1: posts big blind $3
*** HOLE CARDS ***
kdcl: raises $3 to $6
hartiedd1: calls $3
*** FLOP *** [4d 3s Kc]
hartiedd1: checks
kdcl: checks
*** TURN *** [4d 3s Kc] [2s]
hartiedd1: bets $6
kdcl: calls $6
*** RIVER *** [4d 3s Kc 2s] [Qh]
hartiedd1: checks
kdcl: bets $6
hartiedd1: calls $6
*** SHOW DOWN ***
kdcl: shows [6h Qd] (a pair of Queens)
hartiedd1: mucks hand
kdcl collected $35.50 from pot
*** SUMMARY ***
Total pot $36 | Rake $0.50
Board [4d 3s Kc 2s Qh]
Seat 1: hartiedd1 (big blind) mucked
Seat 2: kdcl (button) (small blind) showed [6h Qd] and won ($35.50) with a pair of Queens


PokerStars Hand #144724539954:  Hold'em Limit ($3/$6 USD) - 2015/12/02 15:08:07 ET
Table 'Sniadeckia' 2-max Seat #1 is the button
Seat 1: hartiedd1 ($145.21 in chips)
Seat 2: kdcl ($21.52 in chips)
hartiedd1: posts small blind $1
kdcl: posts big blind $3
*** HOLE CARDS ***
hartiedd1: raises $3 to $6
kdcl: raises $3 to $9
hartiedd1: raises $3 to $12
Betting is capped
kdcl: calls $3
*** FLOP *** [2d 7h 3s]
kdcl: bets $3
hartiedd1: calls $3
*** TURN *** [2d 7h 3s] [Td]
kdcl: bets $6
hartiedd1: raises $6 to $12
kdcl: calls $0.52 and is all-in
Uncalled bet ($5.48) returned to hartiedd1
*** RIVER *** [2d 7h 3s Td] [9c]
*** SHOW DOWN ***
kdcl: shows [6h 6c] (a pair of Sixes)
hartiedd1: shows [Kc Ad] (high card Ace)
kdcl collected $42.54 from pot
*** SUMMARY ***
Total pot $43.04 | Rake $0.50
Board [2d 7h 3s Td 9c]
Seat 1: hartiedd1 (button) (small blind) showed [Kc Ad] and lost with high card Ace
Seat 2: kdcl (big blind) showed [6h 6c] and won ($42.54) with a pair of Sixes


PokerStars Hand #144724506549:  Hold'em Limit ($3/$6 USD) - 2015/12/02 15:07:33 ET
Table 'Sniadeckia' 2-max Seat #2 is the button
Seat 1: hartiedd1 ($133.69 in chips)
Seat 2: kdcl ($33.52 in chips)
kdcl: posts small blind $1
hartiedd1: posts big blind $3
*** HOLE CARDS ***
kdcl: raises $3 to $6
hartiedd1: calls $3
*** FLOP *** [6c Th 9d]
hartiedd1: checks
kdcl: checks
*** TURN *** [6c Th 9d] [Td]
hartiedd1: checks
kdcl: bets $6
hartiedd1: calls $6
*** RIVER *** [6c Th 9d Td] [4d]
hartiedd1: bets $6
kdcl: folds
Uncalled bet ($6) returned to hartiedd1
hartiedd1 collected $23.52 from pot
hartiedd1: doesn't show hand
*** SUMMARY ***
Total pot $24 | Rake $0.48
Board [6c Th 9d Td 4d]
Seat 1: hartiedd1 (big blind) collected ($23.52)
Seat 2: kdcl (button) (small blind) folded on the River


PokerStars Hand #144724582414:  Hold'em Limit ($3/$6 USD) - 2015/12/02 15:08:48 ET
Table 'Sniadeckia' 2-max Seat #1 is the button
Seat 1: hartiedd1 ($105.69 in chips)
Seat 2: kdcl ($60.04 in chips)
hartiedd1: posts small blind $1
kdcl: posts big blind $3
*** HOLE CARDS ***
hartiedd1: raises $3 to $6
kdcl: calls $3
*** FLOP *** [2s 4h 9s]
kdcl: checks
hartiedd1: bets $3
kdcl: raises $3 to $6
hartiedd1: calls $3
*** TURN *** [2s 4h 9s] [As]
kdcl: checks
hartiedd1: checks
*** RIVER *** [2s 4h 9s As] [Tc]
kdcl: checks
hartiedd1: checks
*** SHOW DOWN ***
kdcl: shows [7d 4c] (a pair of Fours)
hartiedd1: shows [7h 7c] (a pair of Sevens)
hartiedd1 collected $23.52 from pot
*** SUMMARY ***
Total pot $24 | Rake $0.48
Board [2s 4h 9s As Tc]
Seat 1: hartiedd1 (button) (small blind) showed [7h 7c] and won ($23.52) with a pair of Sevens
Seat 2: kdcl (big blind) showed [7d 4c] and lost with a pair of Fours


PokerStars Hand #144724602096:  Hold'em Limit ($3/$6 USD) - 2015/12/02 15:09:08 ET
Table 'Sniadeckia' 2-max Seat #2 is the button
Seat 1: hartiedd1 ($117.21 in chips)
Seat 2: kdcl ($48.04 in chips)
kdcl: posts small blind $1
hartiedd1: posts big blind $3
*** HOLE CARDS ***
kdcl: raises $3 to $6
hartiedd1: calls $3
*** FLOP *** [Qs Th Ac]
hartiedd1: checks
kdcl: bets $3
hartiedd1: calls $3
*** TURN *** [Qs Th Ac] [6s]
hartiedd1: checks
kdcl: checks
*** RIVER *** [Qs Th Ac 6s] [Tc]
hartiedd1: checks
kdcl: checks
*** SHOW DOWN ***
hartiedd1: shows [9d Kc] (a pair of Tens)
kdcl: mucks hand
hartiedd1 collected $17.64 from pot
*** SUMMARY ***
Total pot $18 | Rake $0.36
Board [Qs Th Ac 6s Tc]
Seat 1: hartiedd1 (big blind) showed [9d Kc] and won ($17.64) with a pair of Tens
Seat 2: kdcl (button) (small blind) mucked


PokerStars Hand #144724637285:  Hold'em Limit ($3/$6 USD) - 2015/12/02 15:09:43 ET
Table 'Sniadeckia' 2-max Seat #1 is the button
Seat 1: hartiedd1 ($125.85 in chips)
Seat 2: kdcl ($39.04 in chips)
hartiedd1: posts small blind $1
kdcl: posts big blind $3
*** HOLE CARDS ***
hartiedd1: raises $3 to $6
kdcl: calls $3
*** FLOP *** [7d As Qd]
kdcl: checks
hartiedd1: bets $3
kdcl: raises $3 to $6
hartiedd1: calls $3
*** TURN *** [7d As Qd] [Ts]
kdcl: bets $6
hartiedd1: calls $6
*** RIVER *** [7d As Qd Ts] [7c]
kdcl: bets $6
hartiedd1: calls $6
*** SHOW DOWN ***
kdcl: shows [Ac 2c] (two pair, Aces and Sevens)
hartiedd1: mucks hand
kdcl collected $47.50 from pot
*** SUMMARY ***
Total pot $48 | Rake $0.50
Board [7d As Qd Ts 7c]
Seat 1: hartiedd1 (button) (small blind) mucked
Seat 2: kdcl (big blind) showed [Ac 2c] and won ($47.50) with two pair, Aces and Sevens


PokerStars Hand #144724657916:  Hold'em Limit ($3/$6 USD) - 2015/12/02 15:10:03 ET
Table 'Sniadeckia' 2-max Seat #2 is the button
Seat 1: hartiedd1 ($101.85 in chips)
Seat 2: kdcl ($62.54 in chips)
kdcl: posts small blind $1
hartiedd1: posts big blind $3
*** HOLE CARDS ***
kdcl: raises $3 to $6
hartiedd1: raises $3 to $9
kdcl: calls $3
*** FLOP *** [2c Jc 5d]
hartiedd1: bets $3
kdcl: calls $3
*** TURN *** [2c Jc 5d] [Jd]
hartiedd1: bets $6
kdcl: calls $6
*** RIVER *** [2c Jc 5d Jd] [8c]
hartiedd1: checks
kdcl: bets $6
hartiedd1: calls $6
*** SHOW DOWN ***
kdcl: shows [5h 6c] (two pair, Jacks and Fives)
hartiedd1: mucks hand
kdcl collected $47.50 from pot
*** SUMMARY ***
Total pot $48 | Rake $0.50
Board [2c Jc 5d Jd 8c]
Seat 1: hartiedd1 (big blind) mucked
Seat 2: kdcl (button) (small blind) showed [5h 6c] and won ($47.50) with two pair, Jacks and Fives


PokerStars Hand #144724675963:  Hold'em Limit ($3/$6 USD) - 2015/12/02 15:10:21 ET
Table 'Sniadeckia' 2-max Seat #1 is the button
Seat 1: hartiedd1 ($77.85 in chips)
Seat 2: kdcl ($86.04 in chips)
hartiedd1: posts small blind $1
kdcl: posts big blind $3
*** HOLE CARDS ***
hartiedd1: raises $3 to $6
kdcl: calls $3
*** FLOP *** [5s Kd 2d]
kdcl: checks
hartiedd1: bets $3
kdcl: calls $3
*** TURN *** [5s Kd 2d] [Ks]
kdcl: checks
hartiedd1: checks
*** RIVER *** [5s Kd 2d Ks] [Js]
kdcl: bets $6
hartiedd1: calls $6
*** SHOW DOWN ***
kdcl: shows [6c 9d] (a pair of Kings)
hartiedd1: shows [5c 2c] (two pair, Kings and Fives)
hartiedd1 collected $29.50 from pot
*** SUMMARY ***
Total pot $30 | Rake $0.50
Board [5s Kd 2d Ks Js]
Seat 1: hartiedd1 (button) (small blind) showed [5c 2c] and won ($29.50) with two pair, Kings and Fives
Seat 2: kdcl (big blind) showed [6c 9d] and lost with a pair of Kings


PokerStars Hand #144724702566:  Hold'em Limit ($3/$6 USD) - 2015/12/02 15:10:48 ET
Table 'Sniadeckia' 2-max Seat #2 is the button
Seat 1: hartiedd1 ($92.35 in chips)
Seat 2: kdcl ($71.04 in chips)
kdcl: posts small blind $1
hartiedd1: posts big blind $3
*** HOLE CARDS ***
kdcl: folds
Uncalled bet ($2) returned to hartiedd1
hartiedd1 collected $2 from pot
hartiedd1: doesn't show hand
*** SUMMARY ***
Total pot $2 | Rake $0
Seat 1: hartiedd1 (big blind) collected ($2)
Seat 2: kdcl (button) (small blind) folded before Flop


PokerStars Hand #144724708412:  Hold'em Limit ($3/$6 USD) - 2015/12/02 15:10:54 ET
Table 'Sniadeckia' 2-max Seat #1 is the button
Seat 1: hartiedd1 ($93.35 in chips)
Seat 2: kdcl ($70.04 in chips)
hartiedd1: posts small blind $1
kdcl: posts big blind $3
*** HOLE CARDS ***
hartiedd1: raises $3 to $6
kdcl: calls $3
*** FLOP *** [Td Kc Qs]
kdcl: checks
hartiedd1: checks
*** TURN *** [Td Kc Qs] [Ad]
kdcl: checks
hartiedd1: checks
*** RIVER *** [Td Kc Qs Ad] [Jh]
kdcl: checks
hartiedd1: checks
*** SHOW DOWN ***
kdcl: shows [8s 7c] (a straight, Ten to Ace)
hartiedd1: shows [3s 3h] (a straight, Ten to Ace)
kdcl collected $5.88 from pot
hartiedd1 collected $5.88 from pot
*** SUMMARY ***
Total pot $12 | Rake $0.24
Board [Td Kc Qs Ad Jh]
Seat 1: hartiedd1 (button) (small blind) showed [3s 3h] and won ($5.88) with a straight, Ten to Ace
Seat 2: kdcl (big blind) showed [8s 7c] and won ($5.88) with a straight, Ten to Ace


PokerStars Hand #144724725171:  Hold'em Limit ($3/$6 USD) - 2015/12/02 15:11:11 ET
Table 'Sniadeckia' 2-max Seat #2 is the button
Seat 1: hartiedd1 ($93.23 in chips)
Seat 2: kdcl ($69.92 in chips)
kdcl: posts small blind $1
hartiedd1: posts big blind $3
*** HOLE CARDS ***
kdcl: raises $3 to $6
hartiedd1: calls $3
*** FLOP *** [6h Ts 4h]
hartiedd1: checks
kdcl: bets $3
hartiedd1: raises $3 to $6
kdcl: calls $3
*** TURN *** [6h Ts 4h] [5c]
hartiedd1: bets $6
kdcl: calls $6
*** RIVER *** [6h Ts 4h 5c] [Ac]
hartiedd1: bets $6
kdcl: folds
Uncalled bet ($6) returned to hartiedd1
hartiedd1 collected $35.50 from pot
hartiedd1: doesn't show hand
*** SUMMARY ***
Total pot $36 | Rake $0.50
Board [6h Ts 4h 5c Ac]
Seat 1: hartiedd1 (big blind) collected ($35.50)
Seat 2: kdcl (button) (small blind) folded on the River


PokerStars Hand #144724753201:  Hold'em Limit ($3/$6 USD) - 2015/12/02 15:11:38 ET
Table 'Sniadeckia' 2-max Seat #2 is the button
Seat 1: hartiedd1 ($109.73 in chips)
Seat 2: kdcl ($52.92 in chips)
kdcl: posts small blind $1
hartiedd1: posts big blind $3
*** HOLE CARDS ***
kdcl: folds
Uncalled bet ($2) returned to hartiedd1
hartiedd1 collected $2 from pot
hartiedd1: doesn't show hand
*** SUMMARY ***
Total pot $2 | Rake $0
Seat 1: hartiedd1 (big blind) collected ($2)
Seat 2: kdcl (button) (small blind) folded before Flop


PokerStars Hand #144724747787:  Hold'em Limit ($3/$6 USD) - 2015/12/02 15:11:33 ET
Table 'Sniadeckia' 2-max Seat #1 is the button
Seat 1: hartiedd1 ($110.73 in chips)
Seat 2: kdcl ($51.92 in chips)
hartiedd1: posts small blind $1
kdcl: posts big blind $3
*** HOLE CARDS ***
hartiedd1: folds
Uncalled bet ($2) returned to kdcl
kdcl collected $2 from pot
*** SUMMARY ***
Total pot $2 | Rake $0
Seat 1: hartiedd1 (button) (small blind) folded before Flop
Seat 2: kdcl (big blind) collected ($2)


PokerStars Hand #144724758237:  Hold'em Limit ($3/$6 USD) - 2015/12/02 15:11:43 ET
Table 'Sniadeckia' 2-max Seat #1 is the button
Seat 1: hartiedd1 ($110.73 in chips)
Seat 2: kdcl ($51.92 in chips)
hartiedd1: posts small blind $1
kdcl: posts big blind $3
*** HOLE CARDS ***
hartiedd1: raises $3 to $6
kdcl: raises $3 to $9
hartiedd1: calls $3
*** FLOP *** [Ac 8h 5d]
kdcl: bets $3
hartiedd1: calls $3
*** TURN *** [Ac 8h 5d] [Kc]
kdcl: bets $6
hartiedd1: calls $6
*** RIVER *** [Ac 8h 5d Kc] [2d]
kdcl: bets $6
hartiedd1: calls $6
*** SHOW DOWN ***
kdcl: shows [Ah Js] (a pair of Aces)
hartiedd1: mucks hand
kdcl collected $47.50 from pot
*** SUMMARY ***
Total pot $48 | Rake $0.50
Board [Ac 8h 5d Kc 2d]
Seat 1: hartiedd1 (button) (small blind) mucked
Seat 2: kdcl (big blind) showed [Ah Js] and won ($47.50) with a pair of Aces


PokerStars Hand #144724775499:  Hold'em Limit ($3/$6 USD) - 2015/12/02 15:12:01 ET
Table 'Sniadeckia' 2-max Seat #2 is the button
Seat 1: hartiedd1 ($86.73 in chips)
Seat 2: kdcl ($75.42 in chips)
kdcl: posts small blind $1
hartiedd1: posts big blind $3
*** HOLE CARDS ***
kdcl: folds
Uncalled bet ($2) returned to hartiedd1
hartiedd1 collected $2 from pot
hartiedd1: doesn't show hand
*** SUMMARY ***
Total pot $2 | Rake $0
Seat 1: hartiedd1 (big blind) collected ($2)
Seat 2: kdcl (button) (small blind) folded before Flop


PokerStars Hand #144724795531:  Hold'em Limit ($3/$6 USD) - 2015/12/02 15:12:21 ET
Table 'Sniadeckia' 2-max Seat #2 is the button
Seat 1: hartiedd1 ($75.73 in chips)
Seat 2: kdcl ($85.94 in chips)
kdcl: posts small blind $1
hartiedd1: posts big blind $3
*** HOLE CARDS ***
kdcl: folds
Uncalled bet ($2) returned to hartiedd1
hartiedd1 collected $2 from pot
hartiedd1: doesn't show hand
*** SUMMARY ***
Total pot $2 | Rake $0
Seat 1: hartiedd1 (big blind) collected ($2)
Seat 2: kdcl (button) (small blind) folded before Flop


PokerStars Hand #144724780518:  Hold'em Limit ($3/$6 USD) - 2015/12/02 15:12:06 ET
Table 'Sniadeckia' 2-max Seat #1 is the button
Seat 1: hartiedd1 ($87.73 in chips)
Seat 2: kdcl ($74.42 in chips)
hartiedd1: posts small blind $1
kdcl: posts big blind $3
*** HOLE CARDS ***
hartiedd1: raises $3 to $6
kdcl: calls $3
*** FLOP *** [2s 5c 7s]
kdcl: checks
hartiedd1: bets $3
kdcl: raises $3 to $6
hartiedd1: calls $3
*** TURN *** [2s 5c 7s] [Td]
kdcl: bets $6
hartiedd1: folds
Uncalled bet ($6) returned to kdcl
kdcl collected $23.52 from pot
*** SUMMARY ***
Total pot $24 | Rake $0.48
Board [2s 5c 7s Td]
Seat 1: hartiedd1 (button) (small blind) folded on the Turn
Seat 2: kdcl (big blind) collected ($23.52)


PokerStars Hand #144725043670:  Hold'em Limit ($3/$6 USD) - 2015/12/02 15:16:29 ET
Table 'Sniadeckia' 2-max Seat #2 is the button
Seat 1: hartiedd1 ($97.81 in chips)
Seat 2: kdcl ($59.24 in chips)
kdcl: posts small blind $1
hartiedd1: posts big blind $3
*** HOLE CARDS ***
kdcl: folds
Uncalled bet ($2) returned to hartiedd1
hartiedd1 collected $2 from pot
hartiedd1: doesn't show hand
*** SUMMARY ***
Total pot $2 | Rake $0
Seat 1: hartiedd1 (big blind) collected ($2)
Seat 2: kdcl (button) (small blind) folded before Flop


PokerStars Hand #144725026865:  Hold'em Limit ($3/$6 USD) - 2015/12/02 15:16:12 ET
Table 'Sniadeckia' 2-max Seat #1 is the button
Seat 1: hartiedd1 ($86.29 in chips)
Seat 2: kdcl ($71.24 in chips)
hartiedd1: posts small blind $1
kdcl: posts big blind $3
*** HOLE CARDS ***
hartiedd1: raises $3 to $6
kdcl: raises $3 to $9
hartiedd1: calls $3
*** FLOP *** [9d 9s 5s]
kdcl: bets $3
hartiedd1: calls $3
*** TURN *** [9d 9s 5s] [2d]
kdcl: checks
hartiedd1: checks
*** RIVER *** [9d 9s 5s 2d] [6h]
kdcl: checks
hartiedd1: checks
*** SHOW DOWN ***
kdcl: shows [Qc Tc] (a pair of Nines)
hartiedd1: shows [8s Kd] (a pair of Nines - King kicker)
hartiedd1 collected $23.52 from pot
*** SUMMARY ***
Total pot $24 | Rake $0.48
Board [9d 9s 5s 2d 6h]
Seat 1: hartiedd1 (button) (small blind) showed [8s Kd] and won ($23.52) with a pair of Nines
Seat 2: kdcl (big blind) showed [Qc Tc] and lost with a pair of Nines


PokerStars Hand #144725060086:  Hold'em Limit ($3/$6 USD) - 2015/12/02 15:16:45 ET
Table 'Sniadeckia' 2-max Seat #2 is the button
Seat 1: hartiedd1 ($104.57 in chips)
Seat 2: kdcl ($52.24 in chips)
kdcl: posts small blind $1
hartiedd1: posts big blind $3
*** HOLE CARDS ***
kdcl: raises $3 to $6
hartiedd1: calls $3
*** FLOP *** [6d 3d Ac]
hartiedd1: bets $3
kdcl: folds
Uncalled bet ($3) returned to hartiedd1
hartiedd1 collected $11.76 from pot
hartiedd1: doesn't show hand
*** SUMMARY ***
Total pot $12 | Rake $0.24
Board [6d 3d Ac]
Seat 1: hartiedd1 (big blind) collected ($11.76)
Seat 2: kdcl (button) (small blind) folded on the Flop


PokerStars Hand #144725048670:  Hold'em Limit ($3/$6 USD) - 2015/12/02 15:16:34 ET
Table 'Sniadeckia' 2-max Seat #1 is the button
Seat 1: hartiedd1 ($98.81 in chips)
Seat 2: kdcl ($58.24 in chips)
hartiedd1: posts small blind $1
kdcl: posts big blind $3
*** HOLE CARDS ***
hartiedd1: raises $3 to $6
kdcl: calls $3
*** FLOP *** [7h As Qh]
kdcl: checks
hartiedd1: bets $3
kdcl: folds
Uncalled bet ($3) returned to hartiedd1
hartiedd1 collected $11.76 from pot
hartiedd1: doesn't show hand
*** SUMMARY ***
Total pot $12 | Rake $0.24
Board [7h As Qh]
Seat 1: hartiedd1 (button) (small blind) collected ($11.76)
Seat 2: kdcl (big blind) folded on the Flop


PokerStars Hand #144725070698:  Hold'em Limit ($3/$6 USD) - 2015/12/02 15:16:55 ET
Table 'Sniadeckia' 2-max Seat #1 is the button
Seat 1: hartiedd1 ($110.33 in chips)
Seat 2: kdcl ($46.24 in chips)
hartiedd1: posts small blind $1
kdcl: posts big blind $3
*** HOLE CARDS ***
hartiedd1: folds
Uncalled bet ($2) returned to kdcl
kdcl collected $2 from pot
*** SUMMARY ***
Total pot $2 | Rake $0
Seat 1: hartiedd1 (button) (small blind) folded before Flop
Seat 2: kdcl (big blind) collected ($2)


PokerStars Hand #144725075824:  Hold'em Limit ($3/$6 USD) - 2015/12/02 15:17:00 ET
Table 'Sniadeckia' 2-max Seat #2 is the button
Seat 1: hartiedd1 ($109.33 in chips)
Seat 2: kdcl ($47.24 in chips)
kdcl: posts small blind $1
hartiedd1: posts big blind $3
*** HOLE CARDS ***
kdcl: raises $3 to $6
hartiedd1: calls $3
*** FLOP *** [2h 4s 7d]
hartiedd1: checks
kdcl: checks
*** TURN *** [2h 4s 7d] [8s]
hartiedd1: checks
kdcl: bets $6
hartiedd1: folds
Uncalled bet ($6) returned to kdcl
kdcl collected $11.76 from pot
*** SUMMARY ***
Total pot $12 | Rake $0.24
Board [2h 4s 7d 8s]
Seat 1: hartiedd1 (big blind) folded on the Turn
Seat 2: kdcl (button) (small blind) collected ($11.76)


PokerStars Hand #144725110511:  Hold'em Limit ($3/$6 USD) - 2015/12/02 15:17:35 ET
Table 'Sniadeckia' 2-max Seat #2 is the button
Seat 1: hartiedd1 ($111.97 in chips)
Seat 2: kdcl ($44 in chips)
kdcl: posts small blind $1
hartiedd1: posts big blind $3
*** HOLE CARDS ***
kdcl: folds
Uncalled bet ($2) returned to hartiedd1
hartiedd1 collected $2 from pot
hartiedd1: doesn't show hand
*** SUMMARY ***
Total pot $2 | Rake $0
Seat 1: hartiedd1 (big blind) collected ($2)
Seat 2: kdcl (button) (small blind) folded before Flop


PokerStars Hand #144725092295:  Hold'em Limit ($3/$6 USD) - 2015/12/02 15:17:17 ET
Table 'Sniadeckia' 2-max Seat #1 is the button
Seat 1: hartiedd1 ($103.33 in chips)
Seat 2: kdcl ($53 in chips)
hartiedd1: posts small blind $1
kdcl: posts big blind $3
*** HOLE CARDS ***
hartiedd1: raises $3 to $6
kdcl: calls $3
*** FLOP *** [4s Jd 6s]
kdcl: checks
hartiedd1: bets $3
kdcl: calls $3
*** TURN *** [4s Jd 6s] [8h]
kdcl: checks
hartiedd1: checks
*** RIVER *** [4s Jd 6s 8h] [8d]
kdcl: checks
hartiedd1: checks
*** SHOW DOWN ***
kdcl: shows [Ac 3d] (a pair of Eights)
hartiedd1: shows [Kc 4h] (two pair, Eights and Fours)
hartiedd1 collected $17.64 from pot
*** SUMMARY ***
Total pot $18 | Rake $0.36
Board [4s Jd 6s 8h 8d]
Seat 1: hartiedd1 (button) (small blind) showed [Kc 4h] and won ($17.64) with two pair, Eights and Fours
Seat 2: kdcl (big blind) showed [Ac 3d] and lost with a pair of Eights


PokerStars Hand #144725115621:  Hold'em Limit ($3/$6 USD) - 2015/12/02 15:17:40 ET
Table 'Sniadeckia' 2-max Seat #1 is the button
Seat 1: hartiedd1 ($112.97 in chips)
Seat 2: kdcl ($43 in chips)
hartiedd1: posts small blind $1
kdcl: posts big blind $3
*** HOLE CARDS ***
hartiedd1: raises $3 to $6
kdcl: calls $3
*** FLOP *** [9h 4d Kh]
kdcl: checks
hartiedd1: checks
*** TURN *** [9h 4d Kh] [Tc]
kdcl: checks
hartiedd1: checks
*** RIVER *** [9h 4d Kh Tc] [5h]
kdcl: checks
hartiedd1: bets $6
kdcl: calls $6
*** SHOW DOWN ***
hartiedd1: shows [7h 9d] (a pair of Nines)
kdcl: mucks hand
hartiedd1 collected $23.52 from pot
*** SUMMARY ***
Total pot $24 | Rake $0.48
Board [9h 4d Kh Tc 5h]
Seat 1: hartiedd1 (button) (small blind) showed [7h 9d] and won ($23.52) with a pair of Nines
Seat 2: kdcl (big blind) mucked


PokerStars Hand #144725143727:  Hold'em Limit ($3/$6 USD) - 2015/12/02 15:18:08 ET
Table 'Sniadeckia' 2-max Seat #2 is the button
Seat 1: hartiedd1 ($124.49 in chips)
Seat 2: kdcl ($31 in chips)
kdcl: posts small blind $1
hartiedd1: posts big blind $3
*** HOLE CARDS ***
kdcl: folds
Uncalled bet ($2) returned to hartiedd1
hartiedd1 collected $2 from pot
hartiedd1: doesn't show hand
*** SUMMARY ***
Total pot $2 | Rake $0
Seat 1: hartiedd1 (big blind) collected ($2)
Seat 2: kdcl (button) (small blind) folded before Flop


PokerStars Hand #144725148844:  Hold'em Limit ($3/$6 USD) - 2015/12/02 15:18:13 ET
Table 'Sniadeckia' 2-max Seat #1 is the button
Seat 1: hartiedd1 ($125.49 in chips)
Seat 2: kdcl ($30 in chips)
hartiedd1: posts small blind $1
kdcl: posts big blind $3
*** HOLE CARDS ***
hartiedd1: raises $3 to $6
kdcl: calls $3
*** FLOP *** [Qs 6c Ad]
kdcl: checks
hartiedd1: checks
*** TURN *** [Qs 6c Ad] [Ts]
kdcl: bets $6
hartiedd1: folds
Uncalled bet ($6) returned to kdcl
kdcl collected $11.76 from pot
*** SUMMARY ***
Total pot $12 | Rake $0.24
Board [Qs 6c Ad Ts]
Seat 1: hartiedd1 (button) (small blind) folded on the Turn
Seat 2: kdcl (big blind) collected ($11.76)


PokerStars Hand #144725185471:  Hold'em Limit ($3/$6 USD) - 2015/12/02 15:18:49 ET
Table 'Sniadeckia' 2-max Seat #2 is the button
Seat 1: hartiedd1 ($124.25 in chips)
Seat 2: kdcl ($30.76 in chips)
kdcl: posts small blind $1
hartiedd1: posts big blind $3
*** HOLE CARDS ***
kdcl: raises $3 to $6
hartiedd1: calls $3
*** FLOP *** [As 8d 9h]
hartiedd1: checks
kdcl: bets $3
hartiedd1: folds
Uncalled bet ($3) returned to kdcl
kdcl collected $11.76 from pot
*** SUMMARY ***
Total pot $12 | Rake $0.24
Board [As 8d 9h]
Seat 1: hartiedd1 (big blind) folded on the Flop
Seat 2: kdcl (button) (small blind) collected ($11.76)


PokerStars Hand #144725180621:  Hold'em Limit ($3/$6 USD) - 2015/12/02 15:18:44 ET
Table 'Sniadeckia' 2-max Seat #1 is the button
Seat 1: hartiedd1 ($125.25 in chips)
Seat 2: kdcl ($29.76 in chips)
hartiedd1: posts small blind $1
kdcl: posts big blind $3
*** HOLE CARDS ***
hartiedd1: folds
Uncalled bet ($2) returned to kdcl
kdcl collected $2 from pot
*** SUMMARY ***
Total pot $2 | Rake $0
Seat 1: hartiedd1 (button) (small blind) folded before Flop
Seat 2: kdcl (big blind) collected ($2)


PokerStars Hand #144725243493:  Hold'em Limit ($3/$6 USD) - 2015/12/02 15:19:46 ET
Table 'Sniadeckia' 2-max Seat #1 is the button
Seat 1: hartiedd1 ($84.25 in chips)
Seat 2: kdcl ($69.78 in chips)
hartiedd1: posts small blind $1
kdcl: posts big blind $3
*** HOLE CARDS ***
hartiedd1: raises $3 to $6
kdcl: raises $3 to $9
hartiedd1: calls $3
*** FLOP *** [4s 4d 8h]
kdcl: bets $3
hartiedd1: calls $3
*** TURN *** [4s 4d 8h] [2h]
kdcl: bets $6
hartiedd1: calls $6
*** RIVER *** [4s 4d 8h 2h] [7s]
kdcl: bets $6
hartiedd1: calls $6
*** SHOW DOWN ***
kdcl: shows [8s Th] (two pair, Eights and Fours)
hartiedd1: mucks hand
kdcl collected $47.50 from pot
*** SUMMARY ***
Total pot $48 | Rake $0.50
Board [4s 4d 8h 2h 7s]
Seat 1: hartiedd1 (button) (small blind) mucked
Seat 2: kdcl (big blind) showed [8s Th] and won ($47.50) with two pair, Eights and Fours


PokerStars Hand #144725233657:  Hold'em Limit ($3/$6 USD) - 2015/12/02 15:19:36 ET
Table 'Sniadeckia' 2-max Seat #2 is the button
Seat 1: hartiedd1 ($90.25 in chips)
Seat 2: kdcl ($64.02 in chips)
kdcl: posts small blind $1
hartiedd1: posts big blind $3
*** HOLE CARDS ***
kdcl: raises $3 to $6
hartiedd1: calls $3
*** FLOP *** [9s Qd 4c]
hartiedd1: checks
kdcl: bets $3
hartiedd1: folds
Uncalled bet ($3) returned to kdcl
kdcl collected $11.76 from pot
*** SUMMARY ***
Total pot $12 | Rake $0.24
Board [9s Qd 4c]
Seat 1: hartiedd1 (big blind) folded on the Flop
Seat 2: kdcl (button) (small blind) collected ($11.76)


PokerStars Hand #144725212042:  Hold'em Limit ($3/$6 USD) - 2015/12/02 15:19:15 ET
Table 'Sniadeckia' 2-max Seat #1 is the button
Seat 1: hartiedd1 ($114.25 in chips)
Seat 2: kdcl ($40.52 in chips)
hartiedd1: posts small blind $1
kdcl: posts big blind $3
*** HOLE CARDS ***
hartiedd1: raises $3 to $6
kdcl: calls $3
*** FLOP *** [2c 3s 5c]
kdcl: checks
hartiedd1: checks
*** TURN *** [2c 3s 5c] [Kh]
kdcl: bets $6
hartiedd1: raises $6 to $12
kdcl: calls $6
*** RIVER *** [2c 3s 5c Kh] [9h]
kdcl: bets $6
hartiedd1: calls $6
*** SHOW DOWN ***
kdcl: shows [Kd 9c] (two pair, Kings and Nines)
hartiedd1: mucks hand
kdcl collected $47.50 from pot
*** SUMMARY ***
Total pot $48 | Rake $0.50
Board [2c 3s 5c Kh 9h]
Seat 1: hartiedd1 (button) (small blind) mucked
Seat 2: kdcl (big blind) showed [Kd 9c] and won ($47.50) with two pair, Kings and Nines


PokerStars Hand #144725205592:  Hold'em Limit ($3/$6 USD) - 2015/12/02 15:19:09 ET
Table 'Sniadeckia' 2-max Seat #2 is the button
Seat 1: hartiedd1 ($117.25 in chips)
Seat 2: kdcl ($37.52 in chips)
kdcl: posts small blind $1
hartiedd1: posts big blind $3
*** HOLE CARDS ***
kdcl: raises $3 to $6
hartiedd1: folds
Uncalled bet ($3) returned to kdcl
kdcl collected $6 from pot
*** SUMMARY ***
Total pot $6 | Rake $0
Seat 1: hartiedd1 (big blind) folded before Flop
Seat 2: kdcl (button) (small blind) collected ($6)


PokerStars Hand #144725198969:  Hold'em Limit ($3/$6 USD) - 2015/12/02 15:19:02 ET
Table 'Sniadeckia' 2-max Seat #1 is the button
Seat 1: hartiedd1 ($118.25 in chips)
Seat 2: kdcl ($36.52 in chips)
hartiedd1: posts small blind $1
kdcl: posts big blind $3
*** HOLE CARDS ***
hartiedd1: folds
Uncalled bet ($2) returned to kdcl
kdcl collected $2 from pot
*** SUMMARY ***
Total pot $2 | Rake $0
Seat 1: hartiedd1 (button) (small blind) folded before Flop
Seat 2: kdcl (big blind) collected ($2)


PokerStars Hand #144725167877:  Hold'em Limit ($3/$6 USD) - 2015/12/02 15:18:31 ET
Table 'Sniadeckia' 2-max Seat #2 is the button
Seat 1: hartiedd1 ($119.49 in chips)
Seat 2: kdcl ($35.76 in chips)
kdcl: posts small blind $1
hartiedd1: posts big blind $3
*** HOLE CARDS ***
kdcl: raises $3 to $6
hartiedd1: calls $3
*** FLOP *** [7d Tc 9c]
hartiedd1: checks
kdcl: checks
*** TURN *** [7d Tc 9c] [8h]
hartiedd1: bets $6
kdcl: folds
Uncalled bet ($6) returned to hartiedd1
hartiedd1 collected $11.76 from pot
hartiedd1: doesn't show hand
*** SUMMARY ***
Total pot $12 | Rake $0.24
Board [7d Tc 9c 8h]
Seat 1: hartiedd1 (big blind) collected ($11.76)
Seat 2: kdcl (button) (small blind) folded on the Turn


PokerStars Hand #144725291058:  Hold'em Limit ($3/$6 USD) - 2015/12/02 15:20:34 ET
Table 'Sniadeckia' 2-max Seat #1 is the button
Seat 1: hartiedd1 ($162.52 in chips)
Seat 2: kdcl ($86.04 in chips)
hartiedd1: posts small blind $1
kdcl: posts big blind $3
*** HOLE CARDS ***
hartiedd1: raises $3 to $6
kdcl: calls $3
*** FLOP *** [7c 9h 4c]
kdcl: checks
hartiedd1: bets $3
kdcl: raises $3 to $6
hartiedd1: raises $3 to $9
kdcl: raises $3 to $12
Betting is capped
hartiedd1: calls $3
*** TURN *** [7c 9h 4c] [Th]
kdcl: bets $6
hartiedd1: calls $6
*** RIVER *** [7c 9h 4c Th] [2s]
kdcl: bets $6
hartiedd1: calls $6
*** SHOW DOWN ***
kdcl: shows [4d 9s] (two pair, Nines and Fours)
hartiedd1: mucks hand
kdcl collected $59.50 from pot
*** SUMMARY ***
Total pot $60 | Rake $0.50
Board [7c 9h 4c Th 2s]
Seat 1: hartiedd1 (button) (small blind) mucked
Seat 2: kdcl (big blind) showed [4d 9s] and won ($59.50) with two pair, Nines and Fours


PokerStars Hand #144725285500:  Hold'em Limit ($3/$6 USD) - 2015/12/02 15:20:28 ET
Table 'Sniadeckia' 2-max Seat #2 is the button
Seat 1: hartiedd1 ($161.52 in chips)
Seat 2: kdcl ($87.04 in chips)
kdcl: posts small blind $1
hartiedd1: posts big blind $3
*** HOLE CARDS ***
kdcl: folds
Uncalled bet ($2) returned to hartiedd1
hartiedd1 collected $2 from pot
hartiedd1: doesn't show hand
*** SUMMARY ***
Total pot $2 | Rake $0
Seat 1: hartiedd1 (big blind) collected ($2)
Seat 2: kdcl (button) (small blind) folded before Flop


PokerStars Hand #144725270011:  Hold'em Limit ($3/$6 USD) - 2015/12/02 15:20:13 ET
Table 'Sniadeckia' 2-max Seat #1 is the button
Seat 1: hartiedd1 ($150 in chips)
Seat 2: kdcl ($99.04 in chips)
hartiedd1: posts small blind $1
kdcl: posts big blind $3
*** HOLE CARDS ***
hartiedd1: raises $3 to $6
kdcl: raises $3 to $9
hartiedd1: calls $3
*** FLOP *** [4d Ah 2s]
kdcl: bets $3
hartiedd1: raises $3 to $6
kdcl: folds
Uncalled bet ($3) returned to hartiedd1
hartiedd1 collected $23.52 from pot
hartiedd1: doesn't show hand
*** SUMMARY ***
Total pot $24 | Rake $0.48
Board [4d Ah 2s]
Seat 1: hartiedd1 (button) (small blind) collected ($23.52)
Seat 2: kdcl (big blind) folded on the Flop


PokerStars Hand #144725260851:  Hold'em Limit ($3/$6 USD) - 2015/12/02 15:20:03 ET
Table 'Sniadeckia' 2-max Seat #2 is the button
Seat 1: hartiedd1 ($60.25 in chips)
Seat 2: kdcl ($93.28 in chips)
kdcl: posts small blind $1
hartiedd1: posts big blind $3
*** HOLE CARDS ***
kdcl: raises $3 to $6
hartiedd1: calls $3
*** FLOP *** [4h 4c Kd]
hartiedd1: checks
kdcl: bets $3
hartiedd1: folds
Uncalled bet ($3) returned to kdcl
kdcl collected $11.76 from pot
*** SUMMARY ***
Total pot $12 | Rake $0.24
Board [4h 4c Kd]
Seat 1: hartiedd1 (big blind) folded on the Flop
Seat 2: kdcl (button) (small blind) collected ($11.76)


PokerStars Hand #144725357845:  Hold'em Limit ($3/$6 USD) - 2015/12/02 15:21:40 ET
Table 'Sniadeckia' 2-max Seat #1 is the button
Seat 1: hartiedd1 ($129.04 in chips)
Seat 2: kdcl ($117.94 in chips)
hartiedd1: posts small blind $1
kdcl: posts big blind $3
*** HOLE CARDS ***
hartiedd1: raises $3 to $6
kdcl: calls $3
*** FLOP *** [2s 7d 7c]
kdcl: checks
hartiedd1: bets $3
kdcl: calls $3
*** TURN *** [2s 7d 7c] [5s]
kdcl: checks
hartiedd1: bets $6
kdcl: raises $6 to $12
hartiedd1: calls $6
*** RIVER *** [2s 7d 7c 5s] [Qs]
kdcl: bets $6
hartiedd1: calls $6
*** SHOW DOWN ***
kdcl: shows [7h Qh] (a full house, Sevens full of Queens)
hartiedd1: mucks hand
kdcl collected $53.50 from pot
*** SUMMARY ***
Total pot $54 | Rake $0.50
Board [2s 7d 7c 5s Qs]
Seat 1: hartiedd1 (button) (small blind) mucked
Seat 2: kdcl (big blind) showed [7h Qh] and won ($53.50) with a full house, Sevens full of Queens


PokerStars Hand #144725343183:  Hold'em Limit ($3/$6 USD) - 2015/12/02 15:21:25 ET
Table 'Sniadeckia' 2-max Seat #2 is the button
Seat 1: hartiedd1 ($117.52 in chips)
Seat 2: kdcl ($129.94 in chips)
kdcl: posts small blind $1
hartiedd1: posts big blind $3
*** HOLE CARDS ***
kdcl: raises $3 to $6
hartiedd1: raises $3 to $9
kdcl: calls $3
*** FLOP *** [6s Qs 6d]
hartiedd1: bets $3
kdcl: calls $3
*** TURN *** [6s Qs 6d] [Ah]
hartiedd1: bets $6
kdcl: folds
Uncalled bet ($6) returned to hartiedd1
hartiedd1 collected $23.52 from pot
hartiedd1: doesn't show hand
*** SUMMARY ***
Total pot $24 | Rake $0.48
Board [6s Qs 6d Ah]
Seat 1: hartiedd1 (big blind) collected ($23.52)
Seat 2: kdcl (button) (small blind) folded on the Turn


PokerStars Hand #144725332306:  Hold'em Limit ($3/$6 USD) - 2015/12/02 15:21:14 ET
Table 'Sniadeckia' 2-max Seat #1 is the button
Seat 1: hartiedd1 ($126.52 in chips)
Seat 2: kdcl ($121.30 in chips)
hartiedd1: posts small blind $1
kdcl: posts big blind $3
*** HOLE CARDS ***
hartiedd1: raises $3 to $6
kdcl: raises $3 to $9
hartiedd1: calls $3
*** FLOP *** [Jc Js 4d]
kdcl: bets $3
hartiedd1: folds
Uncalled bet ($3) returned to kdcl
kdcl collected $17.64 from pot
*** SUMMARY ***
Total pot $18 | Rake $0.36
Board [Jc Js 4d]
Seat 1: hartiedd1 (button) (small blind) folded on the Flop
Seat 2: kdcl (big blind) collected ($17.64)


PokerStars Hand #144725319310:  Hold'em Limit ($3/$6 USD) - 2015/12/02 15:21:02 ET
Table 'Sniadeckia' 2-max Seat #2 is the button
Seat 1: hartiedd1 ($132.52 in chips)
Seat 2: kdcl ($115.54 in chips)
kdcl: posts small blind $1
hartiedd1: posts big blind $3
*** HOLE CARDS ***
kdcl: raises $3 to $6
hartiedd1: calls $3
*** FLOP *** [Kc 3h 6s]
hartiedd1: checks
kdcl: checks
*** TURN *** [Kc 3h 6s] [Kh]
hartiedd1: checks
kdcl: bets $6
hartiedd1: folds
Uncalled bet ($6) returned to kdcl
kdcl collected $11.76 from pot
*** SUMMARY ***
Total pot $12 | Rake $0.24
Board [Kc 3h 6s Kh]
Seat 1: hartiedd1 (big blind) folded on the Turn
Seat 2: kdcl (button) (small blind) collected ($11.76)


PokerStars Hand #144725406814:  Hold'em Limit ($3/$6 USD) - 2015/12/02 15:22:29 ET
Table 'Sniadeckia' 2-max Seat #2 is the button
Seat 1: hartiedd1 ($90.04 in chips)
Seat 2: kdcl ($155.96 in chips)
kdcl: posts small blind $1
hartiedd1: posts big blind $3
*** HOLE CARDS ***
kdcl: raises $3 to $6
hartiedd1: calls $3
*** FLOP *** [3h 8d Ad]
hartiedd1: bets $3
kdcl: folds
Uncalled bet ($3) returned to hartiedd1
hartiedd1 collected $11.76 from pot
hartiedd1: doesn't show hand
*** SUMMARY ***
Total pot $12 | Rake $0.24
Board [3h 8d Ad]
Seat 1: hartiedd1 (big blind) collected ($11.76)
Seat 2: kdcl (button) (small blind) folded on the Flop


PokerStars Hand #144725390266:  Hold'em Limit ($3/$6 USD) - 2015/12/02 15:22:12 ET
Table 'Sniadeckia' 2-max Seat #1 is the button
Seat 1: hartiedd1 ($96.04 in chips)
Seat 2: kdcl ($150.20 in chips)
hartiedd1: posts small blind $1
kdcl: posts big blind $3
*** HOLE CARDS ***
hartiedd1: raises $3 to $6
kdcl: calls $3
*** FLOP *** [2h Ac 2d]
kdcl: checks
hartiedd1: checks
*** TURN *** [2h Ac 2d] [Ad]
kdcl: bets $6
hartiedd1: folds
Uncalled bet ($6) returned to kdcl
kdcl collected $11.76 from pot
*** SUMMARY ***
Total pot $12 | Rake $0.24
Board [2h Ac 2d Ad]
Seat 1: hartiedd1 (button) (small blind) folded on the Turn
Seat 2: kdcl (big blind) collected ($11.76)


PokerStars Hand #144725376855:  Hold'em Limit ($3/$6 USD) - 2015/12/02 15:21:59 ET
Table 'Sniadeckia' 2-max Seat #2 is the button
Seat 1: hartiedd1 ($102.04 in chips)
Seat 2: kdcl ($144.44 in chips)
kdcl: posts small blind $1
hartiedd1: posts big blind $3
*** HOLE CARDS ***
kdcl: raises $3 to $6
hartiedd1: calls $3
*** FLOP *** [As 6s Jc]
hartiedd1: checks
kdcl: bets $3
hartiedd1: folds
Uncalled bet ($3) returned to kdcl
kdcl collected $11.76 from pot
*** SUMMARY ***
Total pot $12 | Rake $0.24
Board [As 6s Jc]
Seat 1: hartiedd1 (big blind) folded on the Flop
Seat 2: kdcl (button) (small blind) collected ($11.76)


PokerStars Hand #144725480591:  Hold'em Limit ($3/$6 USD) - 2015/12/02 15:23:42 ET
Table 'Sniadeckia' 2-max Seat #2 is the button
Seat 1: hartiedd1 ($118.82 in chips)
Seat 2: kdcl ($125.48 in chips)
kdcl: posts small blind $1
hartiedd1: posts big blind $3
*** HOLE CARDS ***
kdcl: raises $3 to $6
hartiedd1: folds
Uncalled bet ($3) returned to kdcl
kdcl collected $6 from pot
*** SUMMARY ***
Total pot $6 | Rake $0
Seat 1: hartiedd1 (big blind) folded before Flop
Seat 2: kdcl (button) (small blind) collected ($6)


PokerStars Hand #144725464303:  Hold'em Limit ($3/$6 USD) - 2015/12/02 15:23:26 ET
Table 'Sniadeckia' 2-max Seat #1 is the button
Seat 1: hartiedd1 ($130.82 in chips)
Seat 2: kdcl ($113.96 in chips)
hartiedd1: posts small blind $1
kdcl: posts big blind $3
*** HOLE CARDS ***
hartiedd1: raises $3 to $6
kdcl: calls $3
*** FLOP *** [8h Th 5c]
kdcl: checks
hartiedd1: checks
*** TURN *** [8h Th 5c] [7d]
kdcl: bets $6
hartiedd1: calls $6
*** RIVER *** [8h Th 5c 7d] [Ad]
kdcl: bets $6
hartiedd1: folds
Uncalled bet ($6) returned to kdcl
kdcl collected $23.52 from pot
*** SUMMARY ***
Total pot $24 | Rake $0.48
Board [8h Th 5c 7d Ad]
Seat 1: hartiedd1 (button) (small blind) folded on the River
Seat 2: kdcl (big blind) collected ($23.52)


PokerStars Hand #144725448765:  Hold'em Limit ($3/$6 USD) - 2015/12/02 15:23:11 ET
Table 'Sniadeckia' 2-max Seat #2 is the button
Seat 1: hartiedd1 ($119.30 in chips)
Seat 2: kdcl ($125.96 in chips)
kdcl: posts small blind $1
hartiedd1: posts big blind $3
*** HOLE CARDS ***
kdcl: raises $3 to $6
hartiedd1: raises $3 to $9
kdcl: calls $3
*** FLOP *** [Kc Js 9c]
hartiedd1: bets $3
kdcl: calls $3
*** TURN *** [Kc Js 9c] [Ks]
hartiedd1: bets $6
kdcl: folds
Uncalled bet ($6) returned to hartiedd1
hartiedd1 collected $23.52 from pot
hartiedd1: doesn't show hand
*** SUMMARY ***
Total pot $24 | Rake $0.48
Board [Kc Js 9c Ks]
Seat 1: hartiedd1 (big blind) collected ($23.52)
Seat 2: kdcl (button) (small blind) folded on the Turn


PokerStars Hand #144725420729:  Hold'em Limit ($3/$6 USD) - 2015/12/02 15:22:43 ET
Table 'Sniadeckia' 2-max Seat #1 is the button
Seat 1: hartiedd1 ($95.80 in chips)
Seat 2: kdcl ($149.96 in chips)
hartiedd1: posts small blind $1
kdcl: posts big blind $3
*** HOLE CARDS ***
hartiedd1: raises $3 to $6
kdcl: calls $3
*** FLOP *** [Kd 3s Ts]
kdcl: checks
hartiedd1: checks
*** TURN *** [Kd 3s Ts] [6d]
kdcl: bets $6
hartiedd1: calls $6
*** RIVER *** [Kd 3s Ts 6d] [4d]
kdcl: bets $6
hartiedd1: raises $6 to $12
kdcl: calls $6
*** SHOW DOWN ***
hartiedd1: shows [8d 2d] (a flush, King high)
kdcl: mucks hand
hartiedd1 collected $47.50 from pot
*** SUMMARY ***
Total pot $48 | Rake $0.50
Board [Kd 3s Ts 6d 4d]
Seat 1: hartiedd1 (button) (small blind) showed [8d 2d] and won ($47.50) with a flush, King high
Seat 2: kdcl (big blind) mucked


PokerStars Hand #144725512508:  Hold'em Limit ($3/$6 USD) - 2015/12/02 15:24:14 ET
Table 'Sniadeckia' 2-max Seat #2 is the button
Seat 1: hartiedd1 ($139.32 in chips)
Seat 2: kdcl ($104.48 in chips)
kdcl: posts small blind $1
hartiedd1: posts big blind $3
*** HOLE CARDS ***
kdcl: folds
Uncalled bet ($2) returned to hartiedd1
hartiedd1 collected $2 from pot
hartiedd1: doesn't show hand
*** SUMMARY ***
Total pot $2 | Rake $0
Seat 1: hartiedd1 (big blind) collected ($2)
Seat 2: kdcl (button) (small blind) folded before Flop


PokerStars Hand #144725488098:  Hold'em Limit ($3/$6 USD) - 2015/12/02 15:23:50 ET
Table 'Sniadeckia' 2-max Seat #1 is the button
Seat 1: hartiedd1 ($115.82 in chips)
Seat 2: kdcl ($128.48 in chips)
hartiedd1: posts small blind $1
kdcl: posts big blind $3
*** HOLE CARDS ***
hartiedd1: raises $3 to $6
kdcl: calls $3
*** FLOP *** [Qd Ah 7s]
kdcl: checks
hartiedd1: bets $3
kdcl: raises $3 to $6
hartiedd1: calls $3
*** TURN *** [Qd Ah 7s] [2s]
kdcl: checks
hartiedd1: bets $6
kdcl: calls $6
*** RIVER *** [Qd Ah 7s 2s] [Kc]
kdcl: checks
hartiedd1: bets $6
kdcl: calls $6
*** SHOW DOWN ***
hartiedd1: shows [Qc 2c] (two pair, Queens and Deuces)
kdcl: mucks hand
hartiedd1 collected $47.50 from pot
*** SUMMARY ***
Total pot $48 | Rake $0.50
Board [Qd Ah 7s 2s Kc]
Seat 1: hartiedd1 (button) (small blind) showed [Qc 2c] and won ($47.50) with two pair, Queens and Deuces
Seat 2: kdcl (big blind) mucked


