PokerStars Hand #161090665550:  Hold'em Limit ($3/$6 USD) - 2016/11/08 9:51:54 ET
Table 'Sniadeckia II' 6-max Seat #2 is the button
Seat 1: sodnom77 ($81.30 in chips)
Seat 2: B_loJkl ($129 in chips)
B_loJkl: posts small blind $1
TbIP-TbIP 88: is sitting out
Chessnok: is sitting out
sodnom77: posts big blind $3
*** HOLE CARDS ***
Chessnok leaves the table
B_loJkl: raises $3 to $6
sodnom77: calls $3
*** FLOP *** [Ts Tc 4s]
sodnom77: checks
B_loJkl: bets $3
sodnom77: folds
Uncalled bet ($3) returned to B_loJkl
B_loJkl collected $11.76 from pot
B_loJkl: doesn't show hand
*** SUMMARY ***
Total pot $12 | Rake $0.24
Board [Ts Tc 4s]
Seat 1: sodnom77 (big blind) folded on the Flop
Seat 2: B_loJkl (button) (small blind) collected ($11.76)


PokerStars Hand #161090702234:  Hold'em Limit ($3/$6 USD) - 2016/11/08 9:52:51 ET
Table 'Sniadeckia II' 6-max Seat #2 is the button
Seat 1: sodnom77 ($66.30 in chips)
Seat 2: B_loJkl ($143.40 in chips)
B_loJkl: posts small blind $1
sodnom77: posts big blind $3
*** HOLE CARDS ***
B_loJkl: raises $3 to $6
sodnom77: calls $3
*** FLOP *** [5d Tc 4c]
sodnom77: checks
B_loJkl: bets $3
sodnom77: calls $3
*** TURN *** [5d Tc 4c] [5s]
sodnom77: checks
B_loJkl: bets $6
sodnom77: folds
Uncalled bet ($6) returned to B_loJkl
B_loJkl collected $17.64 from pot
B_loJkl: doesn't show hand
*** SUMMARY ***
Total pot $18 | Rake $0.36
Board [5d Tc 4c 5s]
Seat 1: sodnom77 (big blind) folded on the Turn
Seat 2: B_loJkl (button) (small blind) collected ($17.64)


PokerStars Hand #161090682780:  Hold'em Limit ($3/$6 USD) - 2016/11/08 9:52:21 ET
Table 'Sniadeckia II' 6-max Seat #1 is the button
Seat 1: sodnom77 ($75.30 in chips)
Seat 2: B_loJkl ($134.76 in chips)
sodnom77: posts small blind $1
B_loJkl: posts big blind $3
*** HOLE CARDS ***
sodnom77: raises $3 to $6
B_loJkl: calls $3
*** FLOP *** [5h 6d 2d]
B_loJkl: checks
sodnom77: bets $3
B_loJkl: calls $3
*** TURN *** [5h 6d 2d] [5d]
B_loJkl: checks
sodnom77: checks
*** RIVER *** [5h 6d 2d 5d] [Ks]
B_loJkl: checks
sodnom77: checks
*** SHOW DOWN ***
B_loJkl: shows [Jc Th] (a pair of Fives)
sodnom77: mucks hand
B_loJkl collected $17.64 from pot
*** SUMMARY ***
Total pot $18 | Rake $0.36
Board [5h 6d 2d 5d Ks]
Seat 1: sodnom77 (button) (small blind) mucked
Seat 2: B_loJkl (big blind) showed [Jc Th] and won ($17.64) with a pair of Fives


PokerStars Hand #161090720074:  Hold'em Limit ($3/$6 USD) - 2016/11/08 9:53:18 ET
Table 'Sniadeckia II' 6-max Seat #1 is the button
Seat 1: sodnom77 ($57.30 in chips)
Seat 2: B_loJkl ($152.04 in chips)
sodnom77: posts small blind $1
B_loJkl: posts big blind $3
*** HOLE CARDS ***
sodnom77: raises $3 to $6
B_loJkl: calls $3
*** FLOP *** [8d Jd 8c]
B_loJkl: checks
sodnom77: checks
*** TURN *** [8d Jd 8c] [6d]
B_loJkl: bets $6
sodnom77: calls $6
*** RIVER *** [8d Jd 8c 6d] [2d]
B_loJkl: checks
sodnom77: bets $6
B_loJkl: calls $6
*** SHOW DOWN ***
sodnom77: shows [9d As] (a flush, Jack high)
B_loJkl: mucks hand
sodnom77 collected $35.50 from pot
*** SUMMARY ***
Total pot $36 | Rake $0.50
Board [8d Jd 8c 6d 2d]
Seat 1: sodnom77 (button) (small blind) showed [9d As] and won ($35.50) with a flush, Jack high
Seat 2: B_loJkl (big blind) mucked


PokerStars Hand #161090737567:  Hold'em Limit ($3/$6 USD) - 2016/11/08 9:53:45 ET
Table 'Sniadeckia II' 6-max Seat #2 is the button
Seat 1: sodnom77 ($74.80 in chips)
Seat 2: B_loJkl ($134.04 in chips)
B_loJkl: posts small blind $1
sodnom77: posts big blind $3
*** HOLE CARDS ***
B_loJkl: raises $3 to $6
sodnom77: calls $3
*** FLOP *** [Jc Kc 4c]
sodnom77: checks
B_loJkl: bets $3
sodnom77: calls $3
*** TURN *** [Jc Kc 4c] [9h]
sodnom77: checks
B_loJkl: checks
*** RIVER *** [Jc Kc 4c 9h] [9s]
sodnom77: checks
B_loJkl: checks
*** SHOW DOWN ***
sodnom77: shows [Ah 3c] (a pair of Nines)
B_loJkl: shows [2d Ad] (a pair of Nines)
sodnom77 collected $8.82 from pot
B_loJkl collected $8.82 from pot
*** SUMMARY ***
Total pot $18 | Rake $0.36
Board [Jc Kc 4c 9h 9s]
Seat 1: sodnom77 (big blind) showed [Ah 3c] and won ($8.82) with a pair of Nines
Seat 2: B_loJkl (button) (small blind) showed [2d Ad] and won ($8.82) with a pair of Nines


PokerStars Hand #161090758307:  Hold'em Limit ($3/$6 USD) - 2016/11/08 9:54:17 ET
Table 'Sniadeckia II' 6-max Seat #2 is the button
Seat 1: sodnom77 ($77.62 in chips)
Seat 2: B_loJkl ($130.86 in chips)
B_loJkl: posts small blind $1
sodnom77: posts big blind $3
*** HOLE CARDS ***
B_loJkl: raises $3 to $6
sodnom77: folds
Uncalled bet ($3) returned to B_loJkl
B_loJkl collected $6 from pot
B_loJkl: doesn't show hand
*** SUMMARY ***
Total pot $6 | Rake $0
Seat 1: sodnom77 (big blind) folded before Flop
Seat 2: B_loJkl (button) (small blind) collected ($6)


PokerStars Hand #161090752623:  Hold'em Limit ($3/$6 USD) - 2016/11/08 9:54:08 ET
Table 'Sniadeckia II' 6-max Seat #1 is the button
Seat 1: sodnom77 ($74.62 in chips)
Seat 2: B_loJkl ($133.86 in chips)
sodnom77: posts small blind $1
B_loJkl: posts big blind $3
*** HOLE CARDS ***
sodnom77: raises $3 to $6
B_loJkl: folds
Uncalled bet ($3) returned to sodnom77
sodnom77 collected $6 from pot
*** SUMMARY ***
Total pot $6 | Rake $0
Seat 1: sodnom77 (button) (small blind) collected ($6)
Seat 2: B_loJkl (big blind) folded before Flop


PokerStars Hand #161090776001:  Hold'em Limit ($3/$6 USD) - 2016/11/08 9:54:44 ET
Table 'Sniadeckia II' 6-max Seat #2 is the button
Seat 1: sodnom77 ($73.62 in chips)
Seat 2: B_loJkl ($134.86 in chips)
B_loJkl: posts small blind $1
sodnom77: posts big blind $3
*** HOLE CARDS ***
B_loJkl: raises $3 to $6
sodnom77: folds
Uncalled bet ($3) returned to B_loJkl
B_loJkl collected $6 from pot
B_loJkl: doesn't show hand
*** SUMMARY ***
Total pot $6 | Rake $0
Seat 1: sodnom77 (big blind) folded before Flop
Seat 2: B_loJkl (button) (small blind) collected ($6)


PokerStars Hand #161090762651:  Hold'em Limit ($3/$6 USD) - 2016/11/08 9:54:24 ET
Table 'Sniadeckia II' 6-max Seat #1 is the button
Seat 1: sodnom77 ($74.62 in chips)
Seat 2: B_loJkl ($133.86 in chips)
sodnom77: posts small blind $1
B_loJkl: posts big blind $3
*** HOLE CARDS ***
sodnom77: folds
Uncalled bet ($2) returned to B_loJkl
B_loJkl collected $2 from pot
B_loJkl: doesn't show hand
*** SUMMARY ***
Total pot $2 | Rake $0
Seat 1: sodnom77 (button) (small blind) folded before Flop
Seat 2: B_loJkl (big blind) collected ($2)


PokerStars Hand #161090771202:  Hold'em Limit ($3/$6 USD) - 2016/11/08 9:54:37 ET
Table 'Sniadeckia II' 6-max Seat #1 is the button
Seat 1: sodnom77 ($70.62 in chips)
Seat 2: B_loJkl ($137.86 in chips)
sodnom77: posts small blind $1
B_loJkl: posts big blind $3
*** HOLE CARDS ***
sodnom77: raises $3 to $6
B_loJkl: folds
Uncalled bet ($3) returned to sodnom77
sodnom77 collected $6 from pot
*** SUMMARY ***
Total pot $6 | Rake $0
Seat 1: sodnom77 (button) (small blind) collected ($6)
Seat 2: B_loJkl (big blind) folded before Flop


PokerStars Hand #161090766038:  Hold'em Limit ($3/$6 USD) - 2016/11/08 9:54:29 ET
Table 'Sniadeckia II' 6-max Seat #2 is the button
Seat 1: sodnom77 ($73.62 in chips)
Seat 2: B_loJkl ($134.86 in chips)
B_loJkl: posts small blind $1
sodnom77: posts big blind $3
*** HOLE CARDS ***
B_loJkl: raises $3 to $6
sodnom77: folds
Uncalled bet ($3) returned to B_loJkl
B_loJkl collected $6 from pot
B_loJkl: doesn't show hand
*** SUMMARY ***
Total pot $6 | Rake $0
Seat 1: sodnom77 (big blind) folded before Flop
Seat 2: B_loJkl (button) (small blind) collected ($6)


PokerStars Hand #161090783206:  Hold'em Limit ($3/$6 USD) - 2016/11/08 9:54:55 ET
Table 'Sniadeckia II' 6-max Seat #1 is the button
Seat 1: sodnom77 ($70.62 in chips)
Seat 2: B_loJkl ($137.86 in chips)
sodnom77: posts small blind $1
B_loJkl: posts big blind $3
*** HOLE CARDS ***
sodnom77: raises $3 to $6
B_loJkl: calls $3
*** FLOP *** [6s 5h 7h]
B_loJkl: checks
sodnom77: checks
*** TURN *** [6s 5h 7h] [Th]
B_loJkl: bets $6
sodnom77: calls $6
*** RIVER *** [6s 5h 7h Th] [4s]
B_loJkl: bets $6
sodnom77: folds
Uncalled bet ($6) returned to B_loJkl
B_loJkl collected $23.52 from pot
B_loJkl: doesn't show hand
*** SUMMARY ***
Total pot $24 | Rake $0.48
Board [6s 5h 7h Th 4s]
Seat 1: sodnom77 (button) (small blind) folded on the River
Seat 2: B_loJkl (big blind) collected ($23.52)


PokerStars Hand #161090796667:  Hold'em Limit ($3/$6 USD) - 2016/11/08 9:55:16 ET
Table 'Sniadeckia II' 6-max Seat #2 is the button
Seat 1: sodnom77 ($58.62 in chips)
Seat 2: B_loJkl ($149.38 in chips)
B_loJkl: posts small blind $1
sodnom77: posts big blind $3
*** HOLE CARDS ***
B_loJkl: raises $3 to $6
sodnom77: raises $3 to $9
B_loJkl: calls $3
*** FLOP *** [Tc 8s 3s]
sodnom77: bets $3
B_loJkl: calls $3
*** TURN *** [Tc 8s 3s] [4h]
sodnom77: bets $6
B_loJkl: folds
Uncalled bet ($6) returned to sodnom77
sodnom77 collected $23.52 from pot
*** SUMMARY ***
Total pot $24 | Rake $0.48
Board [Tc 8s 3s 4h]
Seat 1: sodnom77 (big blind) collected ($23.52)
Seat 2: B_loJkl (button) (small blind) folded on the Turn


PokerStars Hand #161090831620:  Hold'em Limit ($3/$6 USD) - 2016/11/08 9:56:17 ET
Table 'Sniadeckia II' 6-max Seat #1 is the button
Seat 1: sodnom77 ($99.64 in chips)
Seat 2: B_loJkl ($107.38 in chips)
sodnom77: posts small blind $1
B_loJkl: posts big blind $3
*** HOLE CARDS ***
sodnom77: folds
Uncalled bet ($2) returned to B_loJkl
B_loJkl collected $2 from pot
B_loJkl: doesn't show hand
*** SUMMARY ***
Total pot $2 | Rake $0
Seat 1: sodnom77 (button) (small blind) folded before Flop
Seat 2: B_loJkl (big blind) collected ($2)


PokerStars Hand #161090824967:  Hold'em Limit ($3/$6 USD) - 2016/11/08 9:56:06 ET
Table 'Sniadeckia II' 6-max Seat #2 is the button
Seat 1: sodnom77 ($102.64 in chips)
Seat 2: B_loJkl ($104.38 in chips)
B_loJkl: posts small blind $1
sodnom77: posts big blind $3
*** HOLE CARDS ***
B_loJkl: raises $3 to $6
sodnom77: folds
Uncalled bet ($3) returned to B_loJkl
B_loJkl collected $6 from pot
B_loJkl: doesn't show hand
*** SUMMARY ***
Total pot $6 | Rake $0
Seat 1: sodnom77 (big blind) folded before Flop
Seat 2: B_loJkl (button) (small blind) collected ($6)


PokerStars Hand #161090808915:  Hold'em Limit ($3/$6 USD) - 2016/11/08 9:55:37 ET
Table 'Sniadeckia II' 6-max Seat #1 is the button
Seat 1: sodnom77 ($70.14 in chips)
Seat 2: B_loJkl ($137.38 in chips)
sodnom77: posts small blind $1
B_loJkl: posts big blind $3
*** HOLE CARDS ***
sodnom77: raises $3 to $6
B_loJkl: calls $3
*** FLOP *** [Qc 6s 2h]
B_loJkl: checks
sodnom77: bets $3
B_loJkl: raises $3 to $6
sodnom77: raises $3 to $9
B_loJkl: calls $3
*** TURN *** [Qc 6s 2h] [7c]
B_loJkl: checks
sodnom77: bets $6
B_loJkl: raises $6 to $12
sodnom77: calls $6
*** RIVER *** [Qc 6s 2h 7c] [Th]
B_loJkl: bets $6
sodnom77: calls $6
*** SHOW DOWN ***
B_loJkl: shows [Qs Ad] (a pair of Queens)
sodnom77: shows [Kd Ks] (a pair of Kings)
sodnom77 collected $65.50 from pot
*** SUMMARY ***
Total pot $66 | Rake $0.50
Board [Qc 6s 2h 7c Th]
Seat 1: sodnom77 (button) (small blind) showed [Kd Ks] and won ($65.50) with a pair of Kings
Seat 2: B_loJkl (big blind) showed [Qs Ad] and lost with a pair of Queens


PokerStars Hand #161090841542:  Hold'em Limit ($3/$6 USD) - 2016/11/08 9:56:35 ET
Table 'Sniadeckia II' 6-max Seat #2 is the button
Seat 1: sodnom77 ($94.64 in chips)
Seat 2: B_loJkl ($112.38 in chips)
B_loJkl: posts small blind $1
sodnom77: posts big blind $3
*** HOLE CARDS ***
B_loJkl: raises $3 to $6
sodnom77: folds
Uncalled bet ($3) returned to B_loJkl
B_loJkl collected $6 from pot
B_loJkl: doesn't show hand
*** SUMMARY ***
Total pot $6 | Rake $0
Seat 1: sodnom77 (big blind) folded before Flop
Seat 2: B_loJkl (button) (small blind) collected ($6)


PokerStars Hand #161090838216:  Hold'em Limit ($3/$6 USD) - 2016/11/08 9:56:29 ET
Table 'Sniadeckia II' 6-max Seat #1 is the button
Seat 1: sodnom77 ($95.64 in chips)
Seat 2: B_loJkl ($111.38 in chips)
sodnom77: posts small blind $1
B_loJkl: posts big blind $3
*** HOLE CARDS ***
sodnom77: folds
Uncalled bet ($2) returned to B_loJkl
B_loJkl collected $2 from pot
B_loJkl: doesn't show hand
*** SUMMARY ***
Total pot $2 | Rake $0
Seat 1: sodnom77 (button) (small blind) folded before Flop
Seat 2: B_loJkl (big blind) collected ($2)


PokerStars Hand #161090834485:  Hold'em Limit ($3/$6 USD) - 2016/11/08 9:56:23 ET
Table 'Sniadeckia II' 6-max Seat #2 is the button
Seat 1: sodnom77 ($98.64 in chips)
Seat 2: B_loJkl ($108.38 in chips)
B_loJkl: posts small blind $1
sodnom77: posts big blind $3
*** HOLE CARDS ***
B_loJkl: raises $3 to $6
sodnom77: folds
Uncalled bet ($3) returned to B_loJkl
B_loJkl collected $6 from pot
B_loJkl: doesn't show hand
*** SUMMARY ***
Total pot $6 | Rake $0
Seat 1: sodnom77 (big blind) folded before Flop
Seat 2: B_loJkl (button) (small blind) collected ($6)


PokerStars Hand #161090847931:  Hold'em Limit ($3/$6 USD) - 2016/11/08 9:56:46 ET
Table 'Sniadeckia II' 6-max Seat #1 is the button
Seat 1: sodnom77 ($91.64 in chips)
Seat 2: B_loJkl ($115.38 in chips)
sodnom77: posts small blind $1
B_loJkl: posts big blind $3
*** HOLE CARDS ***
sodnom77: raises $3 to $6
B_loJkl: calls $3
*** FLOP *** [Ts 2d As]
B_loJkl: checks
sodnom77: bets $3
B_loJkl: calls $3
*** TURN *** [Ts 2d As] [6h]
B_loJkl: checks
sodnom77: checks
*** RIVER *** [Ts 2d As 6h] [2s]
B_loJkl: checks
sodnom77: checks
*** SHOW DOWN ***
B_loJkl: shows [Qd 8s] (a pair of Deuces)
sodnom77: mucks hand
B_loJkl collected $17.64 from pot
*** SUMMARY ***
Total pot $18 | Rake $0.36
Board [Ts 2d As 6h 2s]
Seat 1: sodnom77 (button) (small blind) mucked
Seat 2: B_loJkl (big blind) showed [Qd 8s] and won ($17.64) with a pair of Deuces


PokerStars Hand #161090880735:  Hold'em Limit ($3/$6 USD) - 2016/11/08 9:57:44 ET
Table 'Sniadeckia II' 6-max Seat #1 is the button
Seat 1: sodnom77 ($94.16 in chips)
Seat 2: B_loJkl ($112.02 in chips)
sodnom77: posts small blind $1
B_loJkl: posts big blind $3
*** HOLE CARDS ***
sodnom77: raises $3 to $6
B_loJkl: calls $3
*** FLOP *** [9d Tc 4s]
B_loJkl: checks
sodnom77: bets $3
B_loJkl: calls $3
*** TURN *** [9d Tc 4s] [9h]
B_loJkl: checks
sodnom77: bets $6
B_loJkl: calls $6
*** RIVER *** [9d Tc 4s 9h] [Qh]
B_loJkl: checks
sodnom77: bets $6
B_loJkl: calls $6
*** SHOW DOWN ***
sodnom77: shows [4h 4d] (a full house, Fours full of Nines)
B_loJkl: mucks hand
sodnom77 collected $41.50 from pot
*** SUMMARY ***
Total pot $42 | Rake $0.50
Board [9d Tc 4s 9h Qh]
Seat 1: sodnom77 (button) (small blind) showed [4h 4d] and won ($41.50) with a full house, Fours full of Nines
Seat 2: B_loJkl (big blind) mucked


PokerStars Hand #161090870474:  Hold'em Limit ($3/$6 USD) - 2016/11/08 9:57:26 ET
Table 'Sniadeckia II' 6-max Seat #2 is the button
Seat 1: sodnom77 ($82.64 in chips)
Seat 2: B_loJkl ($124.02 in chips)
B_loJkl: posts small blind $1
sodnom77: posts big blind $3
*** HOLE CARDS ***
B_loJkl: raises $3 to $6
sodnom77: calls $3
*** FLOP *** [7d Td 6d]
sodnom77: checks
B_loJkl: checks
*** TURN *** [7d Td 6d] [8s]
sodnom77: checks
B_loJkl: checks
*** RIVER *** [7d Td 6d 8s] [Th]
sodnom77: bets $6
B_loJkl: calls $6
*** SHOW DOWN ***
sodnom77: shows [3s 9s] (a straight, Six to Ten)
B_loJkl: mucks hand
sodnom77 collected $23.52 from pot
*** SUMMARY ***
Total pot $24 | Rake $0.48
Board [7d Td 6d 8s Th]
Seat 1: sodnom77 (big blind) showed [3s 9s] and won ($23.52) with a straight, Six to Ten
Seat 2: B_loJkl (button) (small blind) mucked


PokerStars Hand #161090900563:  Hold'em Limit ($3/$6 USD) - 2016/11/08 9:58:19 ET
Table 'Sniadeckia II' 6-max Seat #1 is the button
Seat 1: sodnom77 ($111.66 in chips)
Seat 2: B_loJkl ($94.02 in chips)
sodnom77: posts small blind $1
B_loJkl: posts big blind $3
*** HOLE CARDS ***
sodnom77: folds
Uncalled bet ($2) returned to B_loJkl
B_loJkl collected $2 from pot
B_loJkl: doesn't show hand
*** SUMMARY ***
Total pot $2 | Rake $0
Seat 1: sodnom77 (button) (small blind) folded before Flop
Seat 2: B_loJkl (big blind) collected ($2)


PokerStars Hand #161090893973:  Hold'em Limit ($3/$6 USD) - 2016/11/08 9:58:07 ET
Table 'Sniadeckia II' 6-max Seat #2 is the button
Seat 1: sodnom77 ($114.66 in chips)
Seat 2: B_loJkl ($91.02 in chips)
B_loJkl: posts small blind $1
sodnom77: posts big blind $3
*** HOLE CARDS ***
B_loJkl: raises $3 to $6
sodnom77: folds
Uncalled bet ($3) returned to B_loJkl
B_loJkl collected $6 from pot
B_loJkl: doesn't show hand
*** SUMMARY ***
Total pot $6 | Rake $0
Seat 1: sodnom77 (big blind) folded before Flop
Seat 2: B_loJkl (button) (small blind) collected ($6)


PokerStars Hand #161090921960:  Hold'em Limit ($3/$6 USD) - 2016/11/08 9:58:56 ET
Table 'Sniadeckia II' 6-max Seat #2 is the button
Seat 1: sodnom77 ($116.30 in chips)
Seat 2: B_loJkl ($89.02 in chips)
B_loJkl: posts small blind $1
sodnom77: posts big blind $3
*** HOLE CARDS ***
B_loJkl: raises $3 to $6
sodnom77: folds
Uncalled bet ($3) returned to B_loJkl
B_loJkl collected $6 from pot
B_loJkl: doesn't show hand
*** SUMMARY ***
Total pot $6 | Rake $0
Seat 1: sodnom77 (big blind) folded before Flop
Seat 2: B_loJkl (button) (small blind) collected ($6)


PokerStars Hand #161090908383:  Hold'em Limit ($3/$6 USD) - 2016/11/08 9:58:32 ET
Table 'Sniadeckia II' 6-max Seat #1 is the button
Seat 1: sodnom77 ($107.66 in chips)
Seat 2: B_loJkl ($98.02 in chips)
sodnom77: posts small blind $1
B_loJkl: posts big blind $3
*** HOLE CARDS ***
sodnom77: raises $3 to $6
B_loJkl: calls $3
*** FLOP *** [8d 3h Kh]
B_loJkl: bets $3
sodnom77: calls $3
*** TURN *** [8d 3h Kh] [Td]
B_loJkl: checks
sodnom77: bets $6
B_loJkl: folds
Uncalled bet ($6) returned to sodnom77
sodnom77 collected $17.64 from pot
*** SUMMARY ***
Total pot $18 | Rake $0.36
Board [8d 3h Kh Td]
Seat 1: sodnom77 (button) (small blind) collected ($17.64)
Seat 2: B_loJkl (big blind) folded on the Turn


PokerStars Hand #161090903821:  Hold'em Limit ($3/$6 USD) - 2016/11/08 9:58:24 ET
Table 'Sniadeckia II' 6-max Seat #2 is the button
Seat 1: sodnom77 ($110.66 in chips)
Seat 2: B_loJkl ($95.02 in chips)
B_loJkl: posts small blind $1
sodnom77: posts big blind $3
*** HOLE CARDS ***
B_loJkl: raises $3 to $6
sodnom77: folds
Uncalled bet ($3) returned to B_loJkl
B_loJkl collected $6 from pot
B_loJkl: doesn't show hand
*** SUMMARY ***
Total pot $6 | Rake $0
Seat 1: sodnom77 (big blind) folded before Flop
Seat 2: B_loJkl (button) (small blind) collected ($6)


PokerStars Hand #161090960526:  Hold'em Limit ($3/$6 USD) - 2016/11/08 10:00:03 ET
Table 'Sniadeckia II' 6-max Seat #1 is the button
Seat 1: sodnom77 ($94.30 in chips)
Seat 2: B_loJkl ($110.54 in chips)
sodnom77: posts small blind $1
B_loJkl: posts big blind $3
*** HOLE CARDS ***
sodnom77: raises $3 to $6
B_loJkl: calls $3
*** FLOP *** [7c 9h 2s]
B_loJkl: checks
sodnom77: bets $3
B_loJkl: folds
Uncalled bet ($3) returned to sodnom77
sodnom77 collected $11.76 from pot
*** SUMMARY ***
Total pot $12 | Rake $0.24
Board [7c 9h 2s]
Seat 1: sodnom77 (button) (small blind) collected ($11.76)
Seat 2: B_loJkl (big blind) folded on the Flop


PokerStars Hand #161090957459:  Hold'em Limit ($3/$6 USD) - 2016/11/08 9:59:58 ET
Table 'Sniadeckia II' 6-max Seat #2 is the button
Seat 1: sodnom77 ($93.30 in chips)
Seat 2: B_loJkl ($111.54 in chips)
B_loJkl: posts small blind $1
sodnom77: posts big blind $3
*** HOLE CARDS ***
B_loJkl: folds
Uncalled bet ($2) returned to sodnom77
sodnom77 collected $2 from pot
*** SUMMARY ***
Total pot $2 | Rake $0
Seat 1: sodnom77 (big blind) collected ($2)
Seat 2: B_loJkl (button) (small blind) folded before Flop


PokerStars Hand #161090954502:  Hold'em Limit ($3/$6 USD) - 2016/11/08 9:59:53 ET
Table 'Sniadeckia II' 6-max Seat #1 is the button
Seat 1: sodnom77 ($94.30 in chips)
Seat 2: B_loJkl ($110.54 in chips)
sodnom77: posts small blind $1
B_loJkl: posts big blind $3
*** HOLE CARDS ***
sodnom77: folds
Uncalled bet ($2) returned to B_loJkl
B_loJkl collected $2 from pot
B_loJkl: doesn't show hand
*** SUMMARY ***
Total pot $2 | Rake $0
Seat 1: sodnom77 (button) (small blind) folded before Flop
Seat 2: B_loJkl (big blind) collected ($2)


PokerStars Hand #161090949307:  Hold'em Limit ($3/$6 USD) - 2016/11/08 9:59:44 ET
Table 'Sniadeckia II' 6-max Seat #2 is the button
Seat 1: sodnom77 ($97.30 in chips)
Seat 2: B_loJkl ($107.54 in chips)
B_loJkl: posts small blind $1
sodnom77: posts big blind $3
*** HOLE CARDS ***
B_loJkl: raises $3 to $6
sodnom77: folds
Uncalled bet ($3) returned to B_loJkl
B_loJkl collected $6 from pot
B_loJkl: doesn't show hand
*** SUMMARY ***
Total pot $6 | Rake $0
Seat 1: sodnom77 (big blind) folded before Flop
Seat 2: B_loJkl (button) (small blind) collected ($6)


PokerStars Hand #161090946374:  Hold'em Limit ($3/$6 USD) - 2016/11/08 9:59:39 ET
Table 'Sniadeckia II' 6-max Seat #1 is the button
Seat 1: sodnom77 ($98.30 in chips)
Seat 2: B_loJkl ($106.54 in chips)
sodnom77: posts small blind $1
B_loJkl: posts big blind $3
*** HOLE CARDS ***
sodnom77: folds
Uncalled bet ($2) returned to B_loJkl
B_loJkl collected $2 from pot
B_loJkl: doesn't show hand
*** SUMMARY ***
Total pot $2 | Rake $0
Seat 1: sodnom77 (button) (small blind) folded before Flop
Seat 2: B_loJkl (big blind) collected ($2)


PokerStars Hand #161090943008:  Hold'em Limit ($3/$6 USD) - 2016/11/08 9:59:33 ET
Table 'Sniadeckia II' 6-max Seat #2 is the button
Seat 1: sodnom77 ($101.30 in chips)
Seat 2: B_loJkl ($103.54 in chips)
B_loJkl: posts small blind $1
sodnom77: posts big blind $3
*** HOLE CARDS ***
B_loJkl: raises $3 to $6
sodnom77: folds
Uncalled bet ($3) returned to B_loJkl
B_loJkl collected $6 from pot
B_loJkl: doesn't show hand
*** SUMMARY ***
Total pot $6 | Rake $0
Seat 1: sodnom77 (big blind) folded before Flop
Seat 2: B_loJkl (button) (small blind) collected ($6)


PokerStars Hand #161090926951:  Hold'em Limit ($3/$6 USD) - 2016/11/08 9:59:05 ET
Table 'Sniadeckia II' 6-max Seat #1 is the button
Seat 1: sodnom77 ($113.30 in chips)
Seat 2: B_loJkl ($92.02 in chips)
sodnom77: posts small blind $1
B_loJkl: posts big blind $3
*** HOLE CARDS ***
sodnom77: raises $3 to $6
B_loJkl: calls $3
*** FLOP *** [9h 8h Jh]
B_loJkl: checks
sodnom77: checks
*** TURN *** [9h 8h Jh] [Qs]
B_loJkl: bets $6
sodnom77: calls $6
*** RIVER *** [9h 8h Jh Qs] [Js]
B_loJkl: bets $6
sodnom77: folds
Uncalled bet ($6) returned to B_loJkl
B_loJkl collected $23.52 from pot
B_loJkl: doesn't show hand
*** SUMMARY ***
Total pot $24 | Rake $0.48
Board [9h 8h Jh Qs Js]
Seat 1: sodnom77 (button) (small blind) folded on the River
Seat 2: B_loJkl (big blind) collected ($23.52)


PokerStars Hand #161090966936:  Hold'em Limit ($3/$6 USD) - 2016/11/08 10:00:14 ET
Table 'Sniadeckia II' 6-max Seat #2 is the button
Seat 1: sodnom77 ($100.06 in chips)
Seat 2: B_loJkl ($104.54 in chips)
B_loJkl: posts small blind $1
sodnom77: posts big blind $3
*** HOLE CARDS ***
B_loJkl: raises $3 to $6
sodnom77: calls $3
*** FLOP *** [4d 6c Kc]
sodnom77: checks
B_loJkl: bets $3
sodnom77: calls $3
*** TURN *** [4d 6c Kc] [5c]
sodnom77: checks
B_loJkl: checks
*** RIVER *** [4d 6c Kc 5c] [2s]
sodnom77: checks
B_loJkl: checks
*** SHOW DOWN ***
sodnom77: shows [Th Qc] (high card King)
B_loJkl: shows [7c 4s] (a pair of Fours)
B_loJkl collected $17.64 from pot
*** SUMMARY ***
Total pot $18 | Rake $0.36
Board [4d 6c Kc 5c 2s]
Seat 1: sodnom77 (big blind) showed [Th Qc] and lost with high card King
Seat 2: B_loJkl (button) (small blind) showed [7c 4s] and won ($17.64) with a pair of Fours


PokerStars Hand #161090980957:  Hold'em Limit ($3/$6 USD) - 2016/11/08 10:00:38 ET
Table 'Sniadeckia II' 6-max Seat #1 is the button
Seat 1: sodnom77 ($91.06 in chips)
Seat 2: B_loJkl ($113.18 in chips)
sodnom77: posts small blind $1
B_loJkl: posts big blind $3
*** HOLE CARDS ***
sodnom77: raises $3 to $6
B_loJkl: calls $3
*** FLOP *** [Jd Td Qd]
B_loJkl: checks
sodnom77: bets $3
B_loJkl: calls $3
*** TURN *** [Jd Td Qd] [2c]
B_loJkl: checks
sodnom77: bets $6
B_loJkl: calls $6
*** RIVER *** [Jd Td Qd 2c] [5d]
B_loJkl: checks
sodnom77: bets $6
B_loJkl: folds
Uncalled bet ($6) returned to sodnom77
sodnom77 collected $29.50 from pot
*** SUMMARY ***
Total pot $30 | Rake $0.50
Board [Jd Td Qd 2c 5d]
Seat 1: sodnom77 (button) (small blind) collected ($29.50)
Seat 2: B_loJkl (big blind) folded on the River


PokerStars Hand #161091026510:  Hold'em Limit ($3/$6 USD) - 2016/11/08 10:01:49 ET
Table 'Sniadeckia II' 6-max Seat #1 is the button
Seat 1: sodnom77 ($96.56 in chips)
Seat 2: B_loJkl ($106.82 in chips)
sodnom77: posts small blind $1
B_loJkl: posts big blind $3
*** HOLE CARDS ***
sodnom77: raises $3 to $6
B_loJkl: calls $3
*** FLOP *** [3h 9s 6s]
B_loJkl: checks
sodnom77: bets $3
B_loJkl: calls $3
*** TURN *** [3h 9s 6s] [2h]
B_loJkl: bets $6
sodnom77: calls $6
*** RIVER *** [3h 9s 6s 2h] [Tc]
B_loJkl: bets $6
sodnom77: folds
Uncalled bet ($6) returned to B_loJkl
B_loJkl collected $29.50 from pot
B_loJkl: doesn't show hand
*** SUMMARY ***
Total pot $30 | Rake $0.50
Board [3h 9s 6s 2h Tc]
Seat 1: sodnom77 (button) (small blind) folded on the River
Seat 2: B_loJkl (big blind) collected ($29.50)


PokerStars Hand #161091009218:  Hold'em Limit ($3/$6 USD) - 2016/11/08 10:01:23 ET
Table 'Sniadeckia II' 6-max Seat #2 is the button
Seat 1: sodnom77 ($105.56 in chips)
Seat 2: B_loJkl ($98.18 in chips)
B_loJkl: posts small blind $1
sodnom77: posts big blind $3
*** HOLE CARDS ***
B_loJkl: raises $3 to $6
sodnom77: calls $3
*** FLOP *** [Js 7d 6h]
sodnom77: checks
B_loJkl: bets $3
sodnom77: calls $3
*** TURN *** [Js 7d 6h] [4c]
sodnom77: checks
B_loJkl: bets $6
sodnom77: folds
Uncalled bet ($6) returned to B_loJkl
B_loJkl collected $17.64 from pot
B_loJkl: doesn't show hand
*** SUMMARY ***
Total pot $18 | Rake $0.36
Board [Js 7d 6h 4c]
Seat 1: sodnom77 (big blind) folded on the Turn
Seat 2: B_loJkl (button) (small blind) collected ($17.64)


PokerStars Hand #161091058645:  Hold'em Limit ($3/$6 USD) - 2016/11/08 10:02:39 ET
Table 'Sniadeckia II' 6-max Seat #1 is the button
Seat 1: sodnom77 ($66.56 in chips)
Seat 2: B_loJkl ($135.82 in chips)
sodnom77: posts small blind $1
B_loJkl: posts big blind $3
*** HOLE CARDS ***
sodnom77: raises $3 to $6
B_loJkl: calls $3
*** FLOP *** [5s 3d Qd]
B_loJkl: checks
TbIP-TbIP 88 leaves the table
sodnom77: bets $3
B_loJkl: folds
Uncalled bet ($3) returned to sodnom77
sodnom77 collected $11.76 from pot
*** SUMMARY ***
Total pot $12 | Rake $0.24
Board [5s 3d Qd]
Seat 1: sodnom77 (button) (small blind) collected ($11.76)
Seat 2: B_loJkl (big blind) folded on the Flop


PokerStars Hand #161091039219:  Hold'em Limit ($3/$6 USD) - 2016/11/08 10:02:09 ET
Table 'Sniadeckia II' 6-max Seat #2 is the button
Seat 1: sodnom77 ($81.56 in chips)
Seat 2: B_loJkl ($121.32 in chips)
B_loJkl: posts small blind $1
sodnom77: posts big blind $3
*** HOLE CARDS ***
B_loJkl: raises $3 to $6
sodnom77: calls $3
*** FLOP *** [3c 4h 8s]
sodnom77: checks
B_loJkl: bets $3
sodnom77: calls $3
*** TURN *** [3c 4h 8s] [Ts]
sodnom77: checks
B_loJkl: bets $6
sodnom77: calls $6
*** RIVER *** [3c 4h 8s Ts] [7d]
sodnom77: checks
B_loJkl: bets $6
sodnom77: folds
Uncalled bet ($6) returned to B_loJkl
B_loJkl collected $29.50 from pot
B_loJkl: doesn't show hand
*** SUMMARY ***
Total pot $30 | Rake $0.50
Board [3c 4h 8s Ts 7d]
Seat 1: sodnom77 (big blind) folded on the River
Seat 2: B_loJkl (button) (small blind) collected ($29.50)


PokerStars Hand #161091109907:  Hold'em Limit ($3/$6 USD) - 2016/11/08 10:03:56 ET
Table 'Sniadeckia II' 6-max Seat #1 is the button
Seat 1: sodnom77 ($48.32 in chips)
Seat 2: B_loJkl ($153.32 in chips)
sodnom77: posts small blind $1
B_loJkl: posts big blind $3
*** HOLE CARDS ***
sodnom77: folds
Uncalled bet ($2) returned to B_loJkl
B_loJkl collected $2 from pot
B_loJkl: doesn't show hand
*** SUMMARY ***
Total pot $2 | Rake $0
Seat 1: sodnom77 (button) (small blind) folded before Flop
Seat 2: B_loJkl (big blind) collected ($2)


PokerStars Hand #161091083618:  Hold'em Limit ($3/$6 USD) - 2016/11/08 10:03:17 ET
Table 'Sniadeckia II' 6-max Seat #2 is the button
Seat 1: sodnom77 ($72.32 in chips)
Seat 2: B_loJkl ($129.82 in chips)
B_loJkl: posts small blind $1
sodnom77: posts big blind $3
*** HOLE CARDS ***
B_loJkl: raises $3 to $6
sodnom77: raises $3 to $9
B_loJkl: calls $3
*** FLOP *** [4c 7d 5s]
sodnom77: bets $3
B_loJkl: calls $3
*** TURN *** [4c 7d 5s] [6c]
sodnom77: checks
B_loJkl: bets $6
sodnom77: calls $6
*** RIVER *** [4c 7d 5s 6c] [6h]
sodnom77: checks
B_loJkl: bets $6
sodnom77: calls $6
*** SHOW DOWN ***
B_loJkl: shows [8d Td] (a straight, Four to Eight)
sodnom77: mucks hand
B_loJkl collected $47.50 from pot
*** SUMMARY ***
Total pot $48 | Rake $0.50
Board [4c 7d 5s 6c 6h]
Seat 1: sodnom77 (big blind) mucked
Seat 2: B_loJkl (button) (small blind) showed [8d Td] and won ($47.50) with a straight, Four to Eight


PokerStars Hand #161091113523:  Hold'em Limit ($3/$6 USD) - 2016/11/08 10:04:01 ET
Table 'Sniadeckia II' 6-max Seat #2 is the button
Seat 1: sodnom77 ($47.32 in chips)
Seat 2: B_loJkl ($154.32 in chips)
B_loJkl: posts small blind $1
sodnom77: posts big blind $3
*** HOLE CARDS ***
B_loJkl: raises $3 to $6
sodnom77: raises $3 to $9
B_loJkl: calls $3
*** FLOP *** [3d 6s Qs]
sodnom77: bets $3
B_loJkl: calls $3
*** TURN *** [3d 6s Qs] [Tc]
sodnom77: bets $6
B_loJkl: folds
Uncalled bet ($6) returned to sodnom77
sodnom77 collected $23.52 from pot
*** SUMMARY ***
Total pot $24 | Rake $0.48
Board [3d 6s Qs Tc]
Seat 1: sodnom77 (big blind) collected ($23.52)
Seat 2: B_loJkl (button) (small blind) folded on the Turn


PokerStars Hand #161091142970:  Hold'em Limit ($3/$6 USD) - 2016/11/08 10:04:45 ET
Table 'Sniadeckia II' 6-max Seat #1 is the button
Seat 1: sodnom77 ($66.48 in chips)
Seat 2: B_loJkl ($134.32 in chips)
sodnom77: posts small blind $1
B_loJkl: posts big blind $3
*** HOLE CARDS ***
sodnom77: folds
Uncalled bet ($2) returned to B_loJkl
B_loJkl collected $2 from pot
B_loJkl: doesn't show hand
*** SUMMARY ***
Total pot $2 | Rake $0
Seat 1: sodnom77 (button) (small blind) folded before Flop
Seat 2: B_loJkl (big blind) collected ($2)


PokerStars Hand #161091134612:  Hold'em Limit ($3/$6 USD) - 2016/11/08 10:04:32 ET
Table 'Sniadeckia II' 6-max Seat #2 is the button
Seat 1: sodnom77 ($57.84 in chips)
Seat 2: B_loJkl ($143.32 in chips)
B_loJkl: posts small blind $1
sodnom77: posts big blind $3
*** HOLE CARDS ***
B_loJkl: raises $3 to $6
sodnom77: raises $3 to $9
B_loJkl: calls $3
*** FLOP *** [2h Kd Ks]
sodnom77: bets $3
B_loJkl: folds
Uncalled bet ($3) returned to sodnom77
sodnom77 collected $17.64 from pot
*** SUMMARY ***
Total pot $18 | Rake $0.36
Board [2h Kd Ks]
Seat 1: sodnom77 (big blind) collected ($17.64)
Seat 2: B_loJkl (button) (small blind) folded on the Flop


PokerStars Hand #161091160754:  Hold'em Limit ($3/$6 USD) - 2016/11/08 10:05:12 ET
Table 'Sniadeckia II' 6-max Seat #1 is the button
Seat 1: sodnom77 ($74.12 in chips)
Seat 2: B_loJkl ($126.32 in chips)
sodnom77: posts small blind $1
B_loJkl: posts big blind $3
*** HOLE CARDS ***
sodnom77: folds
Uncalled bet ($2) returned to B_loJkl
B_loJkl collected $2 from pot
B_loJkl: doesn't show hand
*** SUMMARY ***
Total pot $2 | Rake $0
Seat 1: sodnom77 (button) (small blind) folded before Flop
Seat 2: B_loJkl (big blind) collected ($2)


PokerStars Hand #161091146625:  Hold'em Limit ($3/$6 USD) - 2016/11/08 10:04:50 ET
Table 'Sniadeckia II' 6-max Seat #2 is the button
Seat 1: sodnom77 ($65.48 in chips)
Seat 2: B_loJkl ($135.32 in chips)
B_loJkl: posts small blind $1
sodnom77: posts big blind $3
*** HOLE CARDS ***
B_loJkl: raises $3 to $6
sodnom77: raises $3 to $9
B_loJkl: calls $3
*** FLOP *** [3c Ks Td]
sodnom77: bets $3
B_loJkl: folds
Uncalled bet ($3) returned to sodnom77
sodnom77 collected $17.64 from pot
*** SUMMARY ***
Total pot $18 | Rake $0.36
Board [3c Ks Td]
Seat 1: sodnom77 (big blind) collected ($17.64)
Seat 2: B_loJkl (button) (small blind) folded on the Flop


PokerStars Hand #161091178730:  Hold'em Limit ($3/$6 USD) - 2016/11/08 10:05:38 ET
Table 'Sniadeckia II' 6-max Seat #1 is the button
Seat 1: sodnom77 ($55.12 in chips)
Seat 2: B_loJkl ($144.82 in chips)
Ultrafranke joins the table at seat #3
sodnom77: posts small blind $1
B_loJkl: posts big blind $3
*** HOLE CARDS ***
sodnom77: folds
Uncalled bet ($2) returned to B_loJkl
B_loJkl collected $2 from pot
B_loJkl: doesn't show hand
*** SUMMARY ***
Total pot $2 | Rake $0
Seat 1: sodnom77 (button) (small blind) folded before Flop
Seat 2: B_loJkl (big blind) collected ($2)


PokerStars Hand #161091164035:  Hold'em Limit ($3/$6 USD) - 2016/11/08 10:05:16 ET
Table 'Sniadeckia II' 6-max Seat #2 is the button
Seat 1: sodnom77 ($73.12 in chips)
Seat 2: B_loJkl ($127.32 in chips)
B_loJkl: posts small blind $1
sodnom77: posts big blind $3
*** HOLE CARDS ***
B_loJkl: raises $3 to $6
sodnom77: raises $3 to $9
B_loJkl: calls $3
*** FLOP *** [4h 5d 6d]
sodnom77: bets $3
B_loJkl: calls $3
*** TURN *** [4h 5d 6d] [9s]
sodnom77: bets $6
B_loJkl: calls $6
*** RIVER *** [4h 5d 6d 9s] [7h]
sodnom77: checks
B_loJkl: checks
*** SHOW DOWN ***
sodnom77: shows [Ac 6h] (a pair of Sixes)
B_loJkl: shows [9d Ts] (a pair of Nines)
B_loJkl collected $35.50 from pot
*** SUMMARY ***
Total pot $36 | Rake $0.50
Board [4h 5d 6d 9s 7h]
Seat 1: sodnom77 (big blind) showed [Ac 6h] and lost with a pair of Sixes
Seat 2: B_loJkl (button) (small blind) showed [9d Ts] and won ($35.50) with a pair of Nines


PokerStars Hand #161091256081:  Hold'em Limit ($3/$6 USD) - 2016/11/08 10:07:34 ET
Table 'Sniadeckia II' 6-max Seat #1 is the button
Seat 1: sodnom77 ($30 in chips)
Seat 3: Ultrafranke ($104 in chips)
sodnom77: posts small blind $1
B_loJkl: is sitting out
Ultrafranke: posts big blind $3
*** HOLE CARDS ***
sodnom77: folds
Uncalled bet ($2) returned to Ultrafranke
Ultrafranke collected $2 from pot
*** SUMMARY ***
Total pot $2 | Rake $0
Seat 1: sodnom77 (button) (small blind) folded before Flop
Seat 3: Ultrafranke (big blind) collected ($2)


PokerStars Hand #161091263715:  Hold'em Limit ($3/$6 USD) - 2016/11/08 10:07:45 ET
Table 'Sniadeckia II' 6-max Seat #2 is the button
Seat 2: B_loJkl ($213.12 in chips)
Seat 3: Ultrafranke ($104 in chips)
B_loJkl: posts small blind $1
Ultrafranke: posts big blind $3
*** HOLE CARDS ***
B_loJkl: raises $3 to $6
Ultrafranke: calls $3
*** FLOP *** [3d Kh 6d]
Ultrafranke: bets $3
B_loJkl: raises $3 to $6
Ultrafranke: calls $3
*** TURN *** [3d Kh 6d] [8h]
Ultrafranke: checks
B_loJkl: checks
*** RIVER *** [3d Kh 6d 8h] [Jh]
Ultrafranke: checks
B_loJkl: bets $6
Ultrafranke: calls $6
*** SHOW DOWN ***
B_loJkl: shows [Qh Jc] (a pair of Jacks)
Ultrafranke: mucks hand
B_loJkl collected $35.50 from pot
*** SUMMARY ***
Total pot $36 | Rake $0.50
Board [3d Kh 6d 8h Jh]
Seat 2: B_loJkl (button) (small blind) showed [Qh Jc] and won ($35.50) with a pair of Jacks
Seat 3: Ultrafranke (big blind) mucked


PokerStars Hand #161091260613:  Hold'em Limit ($3/$6 USD) - 2016/11/08 10:07:41 ET
Table 'Sniadeckia II' 6-max Seat #3 is the button
Seat 2: B_loJkl ($212.12 in chips)
Seat 3: Ultrafranke ($105 in chips)
Ultrafranke: posts small blind $1
B_loJkl: posts big blind $3
*** HOLE CARDS ***
sodnom77 leaves the table
Ultrafranke: folds
Uncalled bet ($2) returned to B_loJkl
B_loJkl collected $2 from pot
B_loJkl: doesn't show hand
*** SUMMARY ***
Total pot $2 | Rake $0
Seat 2: B_loJkl (big blind) collected ($2)
Seat 3: Ultrafranke (button) (small blind) folded before Flop


