PokerStars Hand #162295196496:  Hold'em Limit ($3/$6 USD) - 2016/12/02 11:58:07 ET
Table 'Sniadeckia II' 6-max Seat #4 is the button
Seat 4: Agrotait ($76 in chips)
Seat 6: DimaZips ($130 in chips)
Agrotait: posts small blind $1
DimaZips: posts big blind $3
*** HOLE CARDS ***
Agrotait: raises $3 to $6
DimaZips: raises $3 to $9
Agrotait: calls $3
*** FLOP *** [9s 5s 5h]
DimaZips: bets $3
Agrotait: folds
Uncalled bet ($3) returned to DimaZips
DimaZips collected $17.64 from pot
DimaZips: doesn't show hand
*** SUMMARY ***
Total pot $18 | Rake $0.36
Board [9s 5s 5h]
Seat 4: Agrotait (button) (small blind) folded on the Flop
Seat 6: DimaZips (big blind) collected ($17.64)


PokerStars Hand #162295210549:  Hold'em Limit ($3/$6 USD) - 2016/12/02 11:58:28 ET
Table 'Sniadeckia II' 6-max Seat #4 is the button
Seat 4: Agrotait ($68 in chips)
Seat 6: DimaZips ($137.64 in chips)
Agrotait: posts small blind $1
DimaZips: posts big blind $3
*** HOLE CARDS ***
Agrotait: raises $3 to $6
DimaZips: calls $3
*** FLOP *** [Qh Jd 9s]
DimaZips: checks
Agrotait: bets $3
DimaZips: folds
Uncalled bet ($3) returned to Agrotait
Agrotait collected $11.76 from pot
Agrotait: doesn't show hand
*** SUMMARY ***
Total pot $12 | Rake $0.24
Board [Qh Jd 9s]
Seat 4: Agrotait (button) (small blind) collected ($11.76)
Seat 6: DimaZips (big blind) folded on the Flop


PokerStars Hand #162295207567:  Hold'em Limit ($3/$6 USD) - 2016/12/02 11:58:24 ET
Table 'Sniadeckia II' 6-max Seat #6 is the button
Seat 4: Agrotait ($67 in chips)
Seat 6: DimaZips ($138.64 in chips)
DimaZips: posts small blind $1
Agrotait: posts big blind $3
*** HOLE CARDS ***
DimaZips: folds
Uncalled bet ($2) returned to Agrotait
Agrotait collected $2 from pot
Agrotait: doesn't show hand
*** SUMMARY ***
Total pot $2 | Rake $0
Seat 4: Agrotait (big blind) collected ($2)
Seat 6: DimaZips (button) (small blind) folded before Flop


