PokerStars Hand #161151824636:  Hold'em Limit ($3/$6 USD) - 2016/11/09 14:19:30 ET
Table 'Sodankyla II' 10-max Seat #5 is the button
Seat 2: Steffi1001 ($14.07 in chips)
Seat 5: AnVan ($53.42 in chips)
AnVan: posts small blind $1
Steffi1001: posts big blind $3
*** HOLE CARDS ***
AnVan: raises $3 to $6
Steffi1001: calls $3
*** FLOP *** [9d Qc 4s]
Psynto joins the table at seat #4
Steffi1001: checks
AnVan: checks
*** TURN *** [9d Qc 4s] [Ah]
Steffi1001: checks
AnVan: checks
*** RIVER *** [9d Qc 4s Ah] [8s]
Steffi1001: checks
AnVan: bets $6
Steffi1001: calls $6
*** SHOW DOWN ***
AnVan: shows [5s 8h] (a pair of Eights)
Steffi1001: shows [8c 5c] (a pair of Eights)
Steffi1001 collected $11.76 from pot
AnVan collected $11.76 from pot
*** SUMMARY ***
Total pot $24 | Rake $0.48
Board [9d Qc 4s Ah 8s]
Seat 2: Steffi1001 (big blind) showed [8c 5c] and won ($11.76) with a pair of Eights
Seat 5: AnVan (button) (small blind) showed [5s 8h] and won ($11.76) with a pair of Eights


PokerStars Hand #161151804944:  Hold'em Limit ($3/$6 USD) - 2016/11/09 14:19:09 ET
Table 'Sodankyla II' 10-max Seat #2 is the button
Seat 2: Steffi1001 ($35.07 in chips)
Seat 5: AnVan ($32.92 in chips)
Steffi1001: posts small blind $1
AnVan: posts big blind $3
*** HOLE CARDS ***
Steffi1001: calls $2
AnVan: raises $3 to $6
Steffi1001: calls $3
*** FLOP *** [4s Kc Ks]
AnVan: bets $3
Steffi1001: calls $3
*** TURN *** [4s Kc Ks] [9s]
AnVan: bets $6
Steffi1001: calls $6
*** RIVER *** [4s Kc Ks 9s] [7s]
AnVan: bets $6
Steffi1001: calls $6
*** SHOW DOWN ***
AnVan: shows [As 9d] (a flush, Ace high)
Steffi1001: mucks hand
AnVan collected $41.50 from pot
*** SUMMARY ***
Total pot $42 | Rake $0.50
Board [4s Kc Ks 9s 7s]
Seat 2: Steffi1001 (button) (small blind) mucked
Seat 5: AnVan (big blind) showed [As 9d] and won ($41.50) with a flush, Ace high


PokerStars Hand #161151788217:  Hold'em Limit ($3/$6 USD) - 2016/11/09 14:18:50 ET
Table 'Sodankyla II' 10-max Seat #5 is the button
Seat 2: Steffi1001 ($41.07 in chips)
Seat 5: AnVan ($27.16 in chips)
AnVan: posts small blind $1
assitoni: is sitting out
Steffi1001: posts big blind $3
*** HOLE CARDS ***
AnVan: raises $3 to $6
Steffi1001: calls $3
*** FLOP *** [5c 3d 9c]
Steffi1001: checks
AnVan: bets $3
Steffi1001: folds
Uncalled bet ($3) returned to AnVan
AnVan collected $11.76 from pot
*** SUMMARY ***
Total pot $12 | Rake $0.24
Board [5c 3d 9c]
Seat 2: Steffi1001 (big blind) folded on the Flop
Seat 5: AnVan (button) (small blind) collected ($11.76)


PokerStars Hand #161151920613:  Hold'em Limit ($3/$6 USD) - 2016/11/09 14:21:15 ET
Table 'Sodankyla II' 10-max Seat #3 is the button
Seat 2: Steffi1001 ($38.88 in chips)
Seat 3: vestimokrec ($121.64 in chips)
vestimokrec: posts small blind $1
Steffi1001: posts big blind $3
*** HOLE CARDS ***
vestimokrec: raises $3 to $6
Steffi1001: raises $3 to $9
vestimokrec: calls $3
*** FLOP *** [3h 6c Ah]
Steffi1001: checks
vestimokrec: checks
*** TURN *** [3h 6c Ah] [Kc]
Steffi1001: checks
vestimokrec: checks
*** RIVER *** [3h 6c Ah Kc] [5d]
Steffi1001: checks
vestimokrec: bets $6
Steffi1001: calls $6
*** SHOW DOWN ***
vestimokrec: shows [7c Kd] (a pair of Kings)
Steffi1001: mucks hand
vestimokrec collected $29.50 from pot
*** SUMMARY ***
Total pot $30 | Rake $0.50
Board [3h 6c Ah Kc 5d]
Seat 2: Steffi1001 (big blind) mucked
Seat 3: vestimokrec (button) (small blind) showed [7c Kd] and won ($29.50) with a pair of Kings


PokerStars Hand #161151898597:  Hold'em Limit ($3/$6 USD) - 2016/11/09 14:20:51 ET
Table 'Sodankyla II' 10-max Seat #2 is the button
Seat 2: Steffi1001 ($36 in chips)
Seat 3: vestimokrec ($124.64 in chips)
Steffi1001: posts small blind $1
vestimokrec: posts big blind $3
*** HOLE CARDS ***
Steffi1001: calls $2
vestimokrec: checks
*** FLOP *** [6c Ad 2c]
vestimokrec: checks
Steffi1001: checks
*** TURN *** [6c Ad 2c] [9c]
vestimokrec: checks
Steffi1001: checks
*** RIVER *** [6c Ad 2c 9c] [8c]
vestimokrec: checks
Steffi1001: checks
*** SHOW DOWN ***
vestimokrec: shows [4d Js] (high card Ace)
Steffi1001: shows [8h Jd] (a pair of Eights)
Steffi1001 collected $5.88 from pot
*** SUMMARY ***
Total pot $6 | Rake $0.12
Board [6c Ad 2c 9c 8c]
Seat 2: Steffi1001 (button) (small blind) showed [8h Jd] and won ($5.88) with a pair of Eights
Seat 3: vestimokrec (big blind) showed [4d Js] and lost with high card Ace


PokerStars Hand #161151956145:  Hold'em Limit ($3/$6 USD) - 2016/11/09 14:21:53 ET
Table 'Sodankyla II' 10-max Seat #3 is the button
Seat 2: Steffi1001 ($14.88 in chips)
Seat 3: vestimokrec ($144.78 in chips)
vestimokrec: posts small blind $1
Steffi1001: posts big blind $3
*** HOLE CARDS ***
vestimokrec: raises $3 to $6
Steffi1001: calls $3
*** FLOP *** [6s Ac 5d]
Steffi1001: checks
vestimokrec: bets $3
Steffi1001: folds
Uncalled bet ($3) returned to vestimokrec
vestimokrec collected $11.76 from pot
vestimokrec: doesn't show hand
*** SUMMARY ***
Total pot $12 | Rake $0.24
Board [6s Ac 5d]
Seat 2: Steffi1001 (big blind) folded on the Flop
Seat 3: vestimokrec (button) (small blind) collected ($11.76)


PokerStars Hand #161151940961:  Hold'em Limit ($3/$6 USD) - 2016/11/09 14:21:37 ET
Table 'Sodankyla II' 10-max Seat #2 is the button
Seat 2: Steffi1001 ($23.88 in chips)
Seat 3: vestimokrec ($136.14 in chips)
Steffi1001: posts small blind $1
vestimokrec: posts big blind $3
*** HOLE CARDS ***
Steffi1001: raises $3 to $6
vestimokrec: raises $3 to $9
Steffi1001: calls $3
*** FLOP *** [Ac 5c Qh]
vestimokrec: bets $3
Steffi1001: folds
Uncalled bet ($3) returned to vestimokrec
vestimokrec collected $17.64 from pot
vestimokrec: doesn't show hand
*** SUMMARY ***
Total pot $18 | Rake $0.36
Board [Ac 5c Qh]
Seat 2: Steffi1001 (button) (small blind) folded on the Flop
Seat 3: vestimokrec (big blind) collected ($17.64)


