PokerStars Hand #174861465476:  Hold'em Limit ($3/$6 USD) - 2017/08/27 12:28:04 ET
Table 'Sodankyla' 6-max Seat #4 is the button
Seat 3: vestimokrec ($79.29 in chips)
Seat 4: Cowgirlgea ($328.03 in chips)
Cowgirlgea: posts small blind $1
vestimokrec: posts big blind $3
*** HOLE CARDS ***
Chefred is disconnected
Cowgirlgea: raises $3 to $6
vestimokrec: calls $3
*** FLOP *** [5s 7d 4s]
vestimokrec: checks
Cowgirlgea: checks
*** TURN *** [5s 7d 4s] [Ks]
vestimokrec: bets $6
Cowgirlgea: folds
Uncalled bet ($6) returned to vestimokrec
vestimokrec collected $11.76 from pot
vestimokrec: doesn't show hand
*** SUMMARY ***
Total pot $12 | Rake $0.24
Board [5s 7d 4s Ks]
Seat 3: vestimokrec (big blind) collected ($11.76)
Seat 4: Cowgirlgea (button) (small blind) folded on the Turn


PokerStars Hand #174861479447:  Hold'em Limit ($3/$6 USD) - 2017/08/27 12:28:24 ET
Table 'Sodankyla' 6-max Seat #3 is the button
Seat 3: vestimokrec ($85.05 in chips)
Seat 4: Cowgirlgea ($322.03 in chips)
vestimokrec: posts small blind $1
Cowgirlgea: posts big blind $3
*** HOLE CARDS ***
Bubman78 is disconnected
vestimokrec: raises $3 to $6
Cowgirlgea: calls $3
*** FLOP *** [2h 7c Ac]
Cowgirlgea: checks
vestimokrec: bets $3
Cowgirlgea: calls $3
*** TURN *** [2h 7c Ac] [9c]
Cowgirlgea: checks
vestimokrec: checks
*** RIVER *** [2h 7c Ac 9c] [Qd]
Cowgirlgea: checks
vestimokrec: bets $6
0707991 joins the table at seat #5
Cowgirlgea: folds
Uncalled bet ($6) returned to vestimokrec
vestimokrec collected $17.64 from pot
vestimokrec: doesn't show hand
*** SUMMARY ***
Total pot $18 | Rake $0.36
Board [2h 7c Ac 9c Qd]
Seat 3: vestimokrec (button) (small blind) collected ($17.64)
Seat 4: Cowgirlgea (big blind) folded on the River


PokerStars Hand #174861539805:  Hold'em Limit ($3/$6 USD) - 2017/08/27 12:29:52 ET
Table 'Sodankyla' 6-max Seat #4 is the button
Seat 4: Cowgirlgea ($335.50 in chips)
Seat 5: 0707991 ($80.28 in chips)
Cowgirlgea: posts small blind $1
0707991: posts big blind $3
*** HOLE CARDS ***
Cowgirlgea: folds
Uncalled bet ($2) returned to 0707991
0707991 collected $2 from pot
0707991: doesn't show hand
*** SUMMARY ***
Total pot $2 | Rake $0
Seat 4: Cowgirlgea (button) (small blind) folded before Flop
Seat 5: 0707991 (big blind) collected ($2)


PokerStars Hand #174863474546:  Hold'em Limit ($3/$6 USD) - 2017/08/27 13:15:57 ET
Table 'Sodankyla' 6-max Seat #6 is the button
Seat 2: fwilliams007 ($183.24 in chips)
Seat 6: jamie2000 ($50.35 in chips)
jamie2000: posts small blind $1
fwilliams007: posts big blind $3
*** HOLE CARDS ***
jamie2000: folds
Uncalled bet ($2) returned to fwilliams007
fwilliams007 collected $2 from pot
fwilliams007: doesn't show hand
*** SUMMARY ***
Total pot $2 | Rake $0
Seat 2: fwilliams007 (big blind) collected ($2)
Seat 6: jamie2000 (button) (small blind) folded before Flop


PokerStars Hand #174863469645:  Hold'em Limit ($3/$6 USD) - 2017/08/27 13:15:51 ET
Table 'Sodankyla' 6-max Seat #2 is the button
Seat 2: fwilliams007 ($184.24 in chips)
Seat 6: jamie2000 ($49.35 in chips)
fwilliams007: posts small blind $1
DECAlpha: is sitting out
vestimokrec: is sitting out
jamie2000: posts big blind $3
*** HOLE CARDS ***
vestimokrec leaves the table
fwilliams007: folds
Uncalled bet ($2) returned to jamie2000
DECAlpha leaves the table
jamie2000 collected $2 from pot
jamie2000: doesn't show hand
*** SUMMARY ***
Total pot $2 | Rake $0
Seat 2: fwilliams007 (button) (small blind) folded before Flop
Seat 6: jamie2000 (big blind) collected ($2)


