PokerStars Hand #146182910087:  Hold'em Limit ($3/$6 USD) - 2015/12/30 13:52:14 ET
Table 'Sodankyla IV' 2-max Seat #2 is the button
Seat 1: elifnur2008 ($147.50 in chips)
Seat 2: msV139 ($13.30 in chips)
msV139: posts small blind $1
elifnur2008: posts big blind $3
*** HOLE CARDS ***
msV139: calls $2
elifnur2008: raises $3 to $6
msV139: calls $3
*** FLOP *** [6d 3d 6h]
elifnur2008: bets $3
msV139: raises $3 to $6
elifnur2008: raises $3 to $9
msV139: calls $1.30 and is all-in
Uncalled bet ($1.70) returned to elifnur2008
*** TURN *** [6d 3d 6h] [Th]
*** RIVER *** [6d 3d 6h Th] [7s]
*** SHOW DOWN ***
elifnur2008: shows [8h 4h] (a pair of Sixes)
msV139: shows [2d 4d] (a pair of Sixes - lower kicker)
elifnur2008 collected $26.10 from pot
*** SUMMARY ***
Total pot $26.60 | Rake $0.50
Board [6d 3d 6h Th 7s]
Seat 1: elifnur2008 (big blind) showed [8h 4h] and won ($26.10) with a pair of Sixes
Seat 2: msV139 (button) (small blind) showed [2d 4d] and lost with a pair of Sixes


PokerStars Hand #146182905612:  Hold'em Limit ($3/$6 USD) - 2015/12/30 13:52:09 ET
Table 'Sodankyla IV' 2-max Seat #1 is the button
Seat 1: elifnur2008 ($148.50 in chips)
Seat 2: msV139 ($12.30 in chips)
elifnur2008: posts small blind $1
msV139: posts big blind $3
*** HOLE CARDS ***
elifnur2008: folds
Uncalled bet ($2) returned to msV139
msV139 collected $2 from pot
msV139: doesn't show hand
*** SUMMARY ***
Total pot $2 | Rake $0
Seat 1: elifnur2008 (button) (small blind) folded before Flop
Seat 2: msV139 (big blind) collected ($2)


PokerStars Hand #146182899482:  Hold'em Limit ($3/$6 USD) - 2015/12/30 13:52:03 ET
Table 'Sodankyla IV' 2-max Seat #2 is the button
Seat 1: elifnur2008 ($147.50 in chips)
Seat 2: msV139 ($13.30 in chips)
msV139: posts small blind $1
elifnur2008: posts big blind $3
*** HOLE CARDS ***
msV139: folds
Uncalled bet ($2) returned to elifnur2008
elifnur2008 collected $2 from pot
elifnur2008: doesn't show hand
*** SUMMARY ***
Total pot $2 | Rake $0
Seat 1: elifnur2008 (big blind) collected ($2)
Seat 2: msV139 (button) (small blind) folded before Flop


PokerStars Hand #146182878153:  Hold'em Limit ($3/$6 USD) - 2015/12/30 13:51:41 ET
Table 'Sodankyla IV' 2-max Seat #1 is the button
Seat 1: elifnur2008 ($121 in chips)
Seat 2: msV139 ($40.30 in chips)
elifnur2008: posts small blind $1
msV139: posts big blind $3
*** HOLE CARDS ***
elifnur2008: raises $3 to $6
msV139: calls $3
*** FLOP *** [7s 3c 8c]
msV139: checks
elifnur2008: bets $3
msV139: calls $3
*** TURN *** [7s 3c 8c] [Td]
msV139: checks
elifnur2008: bets $6
msV139: raises $6 to $12
elifnur2008: calls $6
*** RIVER *** [7s 3c 8c Td] [4h]
msV139: bets $6
elifnur2008: calls $6
*** SHOW DOWN ***
msV139: shows [Ac 2s] (high card Ace)
elifnur2008: shows [Th 9c] (a pair of Tens)
elifnur2008 collected $53.50 from pot
*** SUMMARY ***
Total pot $54 | Rake $0.50
Board [7s 3c 8c Td 4h]
Seat 1: elifnur2008 (button) (small blind) showed [Th 9c] and won ($53.50) with a pair of Tens
Seat 2: msV139 (big blind) showed [Ac 2s] and lost with high card Ace


