PokerStars Hand #171178433819:  Hold'em Limit ($3/$6 USD) - 2017/05/31 18:46:34 ET
Table 'Sofala' 6-max Seat #4 is the button
Seat 4: Actionni13 ($154 in chips)
Seat 5: golgoaza ($178.94 in chips)
Actionni13: posts small blind $1
golgoaza: posts big blind $3
*** HOLE CARDS ***
Actionni13: raises $3 to $6
golgoaza: calls $3
*** FLOP *** [Tc Kc 2s]
golgoaza: checks
Actionni13: bets $3
golgoaza: folds
Uncalled bet ($3) returned to Actionni13
Actionni13 collected $11.76 from pot
Actionni13: doesn't show hand
*** SUMMARY ***
Total pot $12 | Rake $0.24
Board [Tc Kc 2s]
Seat 4: Actionni13 (button) (small blind) collected ($11.76)
Seat 5: golgoaza (big blind) folded on the Flop


PokerStars Hand #171178430511:  Hold'em Limit ($3/$6 USD) - 2017/05/31 18:46:29 ET
Table 'Sofala' 6-max Seat #5 is the button
Seat 4: Actionni13 ($153 in chips)
Seat 5: golgoaza ($179.94 in chips)
golgoaza: posts small blind $1
Actionni13: posts big blind $3
*** HOLE CARDS ***
golgoaza: folds
Uncalled bet ($2) returned to Actionni13
Actionni13 collected $2 from pot
Actionni13: doesn't show hand
*** SUMMARY ***
Total pot $2 | Rake $0
Seat 4: Actionni13 (big blind) collected ($2)
Seat 5: golgoaza (button) (small blind) folded before Flop


PokerStars Hand #171178425037:  Hold'em Limit ($3/$6 USD) - 2017/05/31 18:46:20 ET
Table 'Sofala' 6-max Seat #4 is the button
Seat 4: Actionni13 ($150 in chips)
Seat 5: golgoaza ($182.94 in chips)
Actionni13: posts small blind $1
golgoaza: posts big blind $3
*** HOLE CARDS ***
Actionni13: raises $3 to $6
golgoaza: folds
Uncalled bet ($3) returned to Actionni13
Actionni13 collected $6 from pot
Actionni13: doesn't show hand
*** SUMMARY ***
Total pot $6 | Rake $0
Seat 4: Actionni13 (button) (small blind) collected ($6)
Seat 5: golgoaza (big blind) folded before Flop


PokerStars Hand #171178452023:  Hold'em Limit ($3/$6 USD) - 2017/05/31 18:47:02 ET
Table 'Sofala' 6-max Seat #4 is the button
Seat 4: Actionni13 ($156.76 in chips)
Seat 5: golgoaza ($175.94 in chips)
Actionni13: posts small blind $1
golgoaza: posts big blind $3
*** HOLE CARDS ***
Actionni13: folds
Uncalled bet ($2) returned to golgoaza
golgoaza collected $2 from pot
*** SUMMARY ***
Total pot $2 | Rake $0
Seat 4: Actionni13 (button) (small blind) folded before Flop
Seat 5: golgoaza (big blind) collected ($2)


PokerStars Hand #171178446414:  Hold'em Limit ($3/$6 USD) - 2017/05/31 18:46:53 ET
Table 'Sofala' 6-max Seat #5 is the button
Seat 4: Actionni13 ($159.76 in chips)
Seat 5: golgoaza ($172.94 in chips)
golgoaza: posts small blind $1
Actionni13: posts big blind $3
*** HOLE CARDS ***
golgoaza: raises $3 to $6
Actionni13: folds
Uncalled bet ($3) returned to golgoaza
golgoaza collected $6 from pot
*** SUMMARY ***
Total pot $6 | Rake $0
Seat 4: Actionni13 (big blind) folded before Flop
Seat 5: golgoaza (button) (small blind) collected ($6)


PokerStars Hand #171178467441:  Hold'em Limit ($3/$6 USD) - 2017/05/31 18:47:25 ET
Table 'Sofala' 6-max Seat #4 is the button
Seat 4: Actionni13 ($150 in chips)
Seat 5: golgoaza ($182.70 in chips)
Actionni13: posts small blind $1
golgoaza: posts big blind $3
*** HOLE CARDS ***
Actionni13: raises $3 to $6
golgoaza: calls $3
*** FLOP *** [Jh 8d 3d]
golgoaza: checks
Actionni13: bets $3
golgoaza: raises $3 to $6
Actionni13: calls $3
*** TURN *** [Jh 8d 3d] [9d]
golgoaza: bets $6
Actionni13: raises $6 to $12
golgoaza: folds
Uncalled bet ($6) returned to Actionni13
Actionni13 collected $35.50 from pot
Actionni13: doesn't show hand
*** SUMMARY ***
Total pot $36 | Rake $0.50
Board [Jh 8d 3d 9d]
Seat 4: Actionni13 (button) (small blind) collected ($35.50)
Seat 5: golgoaza (big blind) folded on the Turn


PokerStars Hand #171178455012:  Hold'em Limit ($3/$6 USD) - 2017/05/31 18:47:06 ET
Table 'Sofala' 6-max Seat #5 is the button
Seat 4: Actionni13 ($155.76 in chips)
Seat 5: golgoaza ($176.94 in chips)
golgoaza: posts small blind $1
Actionni13: posts big blind $3
*** HOLE CARDS ***
golgoaza: raises $3 to $6
B_loJkl joins the table at seat #6
Actionni13: calls $3
*** FLOP *** [2s 2h Qh]
Actionni13: checks
golgoaza: bets $3
Actionni13: folds
Uncalled bet ($3) returned to golgoaza
golgoaza collected $11.76 from pot
*** SUMMARY ***
Total pot $12 | Rake $0.24
Board [2s 2h Qh]
Seat 4: Actionni13 (big blind) folded on the Flop
Seat 5: golgoaza (button) (small blind) collected ($11.76)


