PokerStars Hand #147484833883:  Hold'em Limit ($3/$6 USD) - 2016/01/22 12:08:43 ET
Table 'Solstice II' 6-max Seat #2 is the button
Seat 2: Philly0813 ($120 in chips)
Seat 3: ice0034 ($90 in chips)
Philly0813: posts small blind $1
ice0034: posts big blind $3
*** HOLE CARDS ***
Philly0813: raises $3 to $6
ice0034: calls $3
*** FLOP *** [4c Qh Js]
ice0034: checks
Philly0813: bets $3
zetje187 joins the table at seat #5
ice0034: raises $3 to $6
AzureCaper leaves the table
Philly0813: calls $3
*** TURN *** [4c Qh Js] [7h]
ice0034: bets $6
Philly0813: folds
Uncalled bet ($6) returned to ice0034
ice0034 collected $23.52 from pot
ice0034: doesn't show hand
*** SUMMARY ***
Total pot $24 | Rake $0.48
Board [4c Qh Js 7h]
Seat 2: Philly0813 (button) (small blind) folded on the Turn
Seat 3: ice0034 (big blind) collected ($23.52)


PokerStars Hand #147488179603:  Hold'em Limit ($3/$6 USD) - 2016/01/22 13:09:02 ET
Table 'Solstice II' 6-max Seat #6 is the button
Seat 3: SmellyToes4u ($125 in chips)
Seat 6: jenny@2149 ($58.40 in chips)
jenny@2149: posts small blind $1
SmellyToes4u: posts big blind $3
*** HOLE CARDS ***
jenny@2149: raises $3 to $6
SmellyToes4u: calls $3
*** FLOP *** [Kh Tc 7d]
SmellyToes4u: checks
jenny@2149: bets $3
SmellyToes4u: folds
Uncalled bet ($3) returned to jenny@2149
jenny@2149 collected $11.76 from pot
jenny@2149: doesn't show hand
*** SUMMARY ***
Total pot $12 | Rake $0.24
Board [Kh Tc 7d]
Seat 3: SmellyToes4u (big blind) folded on the Flop
Seat 6: jenny@2149 (button) (small blind) collected ($11.76)


PokerStars Hand #147488199479:  Hold'em Limit ($3/$6 USD) - 2016/01/22 13:09:22 ET
Table 'Solstice II' 6-max Seat #3 is the button
Seat 3: SmellyToes4u ($119 in chips)
Seat 6: jenny@2149 ($64.16 in chips)
SmellyToes4u: posts small blind $1
jenny@2149: posts big blind $3
*** HOLE CARDS ***
SmellyToes4u: raises $3 to $6
jenny@2149: calls $3
*** FLOP *** [Kh 2d As]
jenny@2149: checks
SmellyToes4u: bets $3
jenny@2149: calls $3
*** TURN *** [Kh 2d As] [Kd]
jenny@2149: checks
SmellyToes4u: checks
*** RIVER *** [Kh 2d As Kd] [5d]
jenny@2149: bets $6
SmellyToes4u: folds
Uncalled bet ($6) returned to jenny@2149
jenny@2149 collected $17.64 from pot
jenny@2149: doesn't show hand
*** SUMMARY ***
Total pot $18 | Rake $0.36
Board [Kh 2d As Kd 5d]
Seat 3: SmellyToes4u (button) (small blind) folded on the River
Seat 6: jenny@2149 (big blind) collected ($17.64)


PokerStars Hand #147489967102:  Hold'em Limit ($3/$6 USD) - 2016/01/22 13:39:24 ET
Table 'Solstice II' 6-max Seat #5 is the button
Seat 1: VolkovDmitri ($123 in chips)
Seat 5: perten ($119.64 in chips)
perten: posts small blind $1
VolkovDmitri: posts big blind $3
*** HOLE CARDS ***
perten: raises $3 to $6
VolkovDmitri: calls $3
*** FLOP *** [2s 6s 8s]
VolkovDmitri: bets $3
perten: raises $3 to $6
VolkovDmitri: folds
Uncalled bet ($3) returned to perten
perten collected $17.64 from pot
perten: doesn't show hand
*** SUMMARY ***
Total pot $18 | Rake $0.36
Board [2s 6s 8s]
Seat 1: VolkovDmitri (big blind) folded on the Flop
Seat 5: perten (button) (small blind) collected ($17.64)


PokerStars Hand #147489959682:  Hold'em Limit ($3/$6 USD) - 2016/01/22 13:39:16 ET
Table 'Solstice II' 6-max Seat #1 is the button
Seat 1: VolkovDmitri ($120 in chips)
Seat 5: perten ($122.64 in chips)
VolkovDmitri: posts small blind $1
perten: posts big blind $3
*** HOLE CARDS ***
VolkovDmitri: raises $3 to $6
perten: folds
Uncalled bet ($3) returned to VolkovDmitri
VolkovDmitri collected $6 from pot
VolkovDmitri: doesn't show hand
*** SUMMARY ***
Total pot $6 | Rake $0
Seat 1: VolkovDmitri (button) (small blind) collected ($6)
Seat 5: perten (big blind) folded before Flop


PokerStars Hand #147489926550:  Hold'em Limit ($3/$6 USD) - 2016/01/22 13:38:43 ET
Table 'Solstice II' 6-max Seat #5 is the button
Seat 1: VolkovDmitri ($125.76 in chips)
Seat 5: perten ($114 in chips)
perten: posts small blind $1
VolkovDmitri: posts big blind $3
*** HOLE CARDS ***
perten: raises $3 to $6
VolkovDmitri: calls $3
*** FLOP *** [9c Ad 4s]
VolkovDmitri: checks
perten: bets $3
VolkovDmitri: calls $3
*** TURN *** [9c Ad 4s] [5s]
VolkovDmitri: checks
perten: bets $6
VolkovDmitri: folds
Uncalled bet ($6) returned to perten
perten collected $17.64 from pot
perten: doesn't show hand
*** SUMMARY ***
Total pot $18 | Rake $0.36
Board [9c Ad 4s 5s]
Seat 1: VolkovDmitri (big blind) folded on the Turn
Seat 5: perten (button) (small blind) collected ($17.64)


PokerStars Hand #147489980604:  Hold'em Limit ($3/$6 USD) - 2016/01/22 13:39:38 ET
Table 'Solstice II' 6-max Seat #1 is the button
Seat 1: VolkovDmitri ($120 in chips)
Seat 5: perten ($128.28 in chips)
VolkovDmitri: posts small blind $1
perten: posts big blind $3
*** HOLE CARDS ***
VolkovDmitri: raises $3 to $6
perten: folds
Uncalled bet ($3) returned to VolkovDmitri
VolkovDmitri collected $6 from pot
VolkovDmitri: doesn't show hand
*** SUMMARY ***
Total pot $6 | Rake $0
Seat 1: VolkovDmitri (button) (small blind) collected ($6)
Seat 5: perten (big blind) folded before Flop


PokerStars Hand #147490036890:  Hold'em Limit ($3/$6 USD) - 2016/01/22 13:40:36 ET
Table 'Solstice II' 6-max Seat #1 is the button
Seat 1: VolkovDmitri ($128.64 in chips)
Seat 5: perten ($128.80 in chips)
VolkovDmitri: posts small blind $1
perten: posts big blind $3
*** HOLE CARDS ***
VolkovDmitri: folds
Uncalled bet ($2) returned to perten
perten collected $2 from pot
perten: doesn't show hand
*** SUMMARY ***
Total pot $2 | Rake $0
Seat 1: VolkovDmitri (button) (small blind) folded before Flop
Seat 5: perten (big blind) collected ($2)


PokerStars Hand #147490019091:  Hold'em Limit ($3/$6 USD) - 2016/01/22 13:40:18 ET
Table 'Solstice II' 6-max Seat #5 is the button
Seat 1: VolkovDmitri ($120 in chips)
Seat 5: perten ($137.80 in chips)
perten: posts small blind $1
VolkovDmitri: posts big blind $3
*** HOLE CARDS ***
perten: raises $3 to $6
VolkovDmitri: calls $3
*** FLOP *** [Ah 9c Qc]
VolkovDmitri: checks
perten: bets $3
VolkovDmitri: raises $3 to $6
perten: folds
Uncalled bet ($3) returned to VolkovDmitri
VolkovDmitri collected $17.64 from pot
VolkovDmitri: doesn't show hand
*** SUMMARY ***
Total pot $18 | Rake $0.36
Board [Ah 9c Qc]
Seat 1: VolkovDmitri (big blind) collected ($17.64)
Seat 5: perten (button) (small blind) folded on the Flop


PokerStars Hand #147490009422:  Hold'em Limit ($3/$6 USD) - 2016/01/22 13:40:08 ET
Table 'Solstice II' 6-max Seat #1 is the button
Seat 1: VolkovDmitri ($120 in chips)
Seat 5: perten ($136.80 in chips)
VolkovDmitri: posts small blind $1
perten: posts big blind $3
*** HOLE CARDS ***
VolkovDmitri: folds
Uncalled bet ($2) returned to perten
perten collected $2 from pot
perten: doesn't show hand
*** SUMMARY ***
Total pot $2 | Rake $0
Seat 1: VolkovDmitri (button) (small blind) folded before Flop
Seat 5: perten (big blind) collected ($2)


PokerStars Hand #147489987847:  Hold'em Limit ($3/$6 USD) - 2016/01/22 13:39:46 ET
Table 'Solstice II' 6-max Seat #5 is the button
Seat 1: VolkovDmitri ($123 in chips)
Seat 5: perten ($125.28 in chips)
perten: posts small blind $1
VolkovDmitri: posts big blind $3
*** HOLE CARDS ***
perten: raises $3 to $6
VolkovDmitri: calls $3
*** FLOP *** [Td 2s 2c]
VolkovDmitri: checks
perten: checks
*** TURN *** [Td 2s 2c] [3c]
VolkovDmitri: bets $6
perten: calls $6
*** RIVER *** [Td 2s 2c 3c] [As]
VolkovDmitri: checks
perten: checks
*** SHOW DOWN ***
VolkovDmitri: shows [6c 5d] (a pair of Deuces)
perten: shows [Qh Kh] (a pair of Deuces - Ace+King kicker)
perten collected $23.52 from pot
*** SUMMARY ***
Total pot $24 | Rake $0.48
Board [Td 2s 2c 3c As]
Seat 1: VolkovDmitri (big blind) showed [6c 5d] and lost with a pair of Deuces
Seat 5: perten (button) (small blind) showed [Qh Kh] and won ($23.52) with a pair of Deuces


PokerStars Hand #147490041705:  Hold'em Limit ($3/$6 USD) - 2016/01/22 13:40:41 ET
Table 'Solstice II' 6-max Seat #5 is the button
Seat 1: VolkovDmitri ($127.64 in chips)
Seat 5: perten ($129.80 in chips)
perten: posts small blind $1
Carl1891 joins the table at seat #2
VolkovDmitri: posts big blind $3
*** HOLE CARDS ***
perten: raises $3 to $6
VolkovDmitri: raises $3 to $9
perten: raises $3 to $12
Betting is capped
VolkovDmitri: calls $3
*** FLOP *** [3c 2s 9s]
VolkovDmitri: checks
perten: bets $3
VolkovDmitri: calls $3
*** TURN *** [3c 2s 9s] [9c]
VolkovDmitri: checks
perten: checks
*** RIVER *** [3c 2s 9s 9c] [3h]
Cimitile165 joins the table at seat #3
VolkovDmitri: checks
perten: bets $6
VolkovDmitri: calls $6
*** SHOW DOWN ***
perten: shows [Qd Jc] (two pair, Nines and Threes)
VolkovDmitri: shows [Ah Tc] (two pair, Nines and Threes - Ace kicker)
VolkovDmitri collected $41.50 from pot
*** SUMMARY ***
Total pot $42 | Rake $0.50
Board [3c 2s 9s 9c 3h]
Seat 1: VolkovDmitri (big blind) showed [Ah Tc] and won ($41.50) with two pair, Nines and Threes
Seat 5: perten (button) (small blind) showed [Qd Jc] and lost with two pair, Nines and Threes


PokerStars Hand #147491137169:  Hold'em Limit ($3/$6 USD) - 2016/01/22 14:00:07 ET
Table 'Solstice II' 6-max Seat #4 is the button
Seat 3: FooJaws ($120.28 in chips)
Seat 4: boony444 ($209.12 in chips)
boony444: posts small blind $1
VolkovDmitri: is sitting out
FooJaws: posts big blind $3
*** HOLE CARDS ***
boony444: raises $3 to $6
VolkovDmitri leaves the table
ice0034 leaves the table
FooJaws: folds
Uncalled bet ($3) returned to boony444
boony444 collected $6 from pot
boony444: doesn't show hand
*** SUMMARY ***
Total pot $6 | Rake $0
Seat 3: FooJaws (big blind) folded before Flop
Seat 4: boony444 (button) (small blind) collected ($6)


