PokerStars Hand #170716306195:  Hold'em Limit ($3/$6 USD) - 2017/05/21 10:02:47 ET
Table 'Solstice' 6-max Seat #6 is the button
Seat 5: 7ardis ($76 in chips)
Seat 6: MadFox666 ($94.70 in chips)
MadFox666: posts small blind $1
Hannibal2211: is sitting out
7ardis: posts big blind $3
*** HOLE CARDS ***
Hannibal2211 leaves the table
MadFox666: raises $3 to $6
7ardis: folds
Uncalled bet ($3) returned to MadFox666
MadFox666 collected $6 from pot
MadFox666: doesn't show hand
*** SUMMARY ***
Total pot $6 | Rake $0
Seat 5: 7ardis (big blind) folded before Flop
Seat 6: MadFox666 (button) (small blind) collected ($6)


PokerStars Hand #170716311148:  Hold'em Limit ($3/$6 USD) - 2017/05/21 10:02:55 ET
Table 'Solstice' 6-max Seat #5 is the button
Seat 5: 7ardis ($73 in chips)
Seat 6: MadFox666 ($97.70 in chips)
7ardis: posts small blind $1
MadFox666: posts big blind $3
*** HOLE CARDS ***
7ardis: raises $3 to $6
MadFox666: folds
Uncalled bet ($3) returned to 7ardis
7ardis collected $6 from pot
7ardis: doesn't show hand
*** SUMMARY ***
Total pot $6 | Rake $0
Seat 5: 7ardis (button) (small blind) collected ($6)
Seat 6: MadFox666 (big blind) folded before Flop


PokerStars Hand #170716323708:  Hold'em Limit ($3/$6 USD) - 2017/05/21 10:03:14 ET
Table 'Solstice' 6-max Seat #5 is the button
Seat 5: 7ardis ($90.50 in chips)
Seat 6: MadFox666 ($79.70 in chips)
7ardis: posts small blind $1
MadFox666: posts big blind $3
*** HOLE CARDS ***
7ardis: raises $3 to $6
MadFox666: folds
Uncalled bet ($3) returned to 7ardis
7ardis collected $6 from pot
7ardis: doesn't show hand
*** SUMMARY ***
Total pot $6 | Rake $0
Seat 5: 7ardis (button) (small blind) collected ($6)
Seat 6: MadFox666 (big blind) folded before Flop


PokerStars Hand #170716349338:  Hold'em Limit ($3/$6 USD) - 2017/05/21 10:03:52 ET
Table 'Solstice' 6-max Seat #6 is the button
Seat 2: Carl1891 ($78.64 in chips)
Seat 6: MadFox666 ($49.70 in chips)
MadFox666: posts small blind $1
Carl1891: posts big blind $3
*** HOLE CARDS ***
MadFox666: folds
Uncalled bet ($2) returned to Carl1891
Carl1891 collected $2 from pot
Carl1891: doesn't show hand
*** SUMMARY ***
Total pot $2 | Rake $0
Seat 2: Carl1891 (big blind) collected ($2)
Seat 6: MadFox666 (button) (small blind) folded before Flop


PokerStars Hand #170716339401:  Hold'em Limit ($3/$6 USD) - 2017/05/21 10:03:37 ET
Table 'Solstice' 6-max Seat #2 is the button
Seat 2: Carl1891 ($70 in chips)
Seat 6: MadFox666 ($58.70 in chips)
Carl1891: posts small blind $1
7ardis: is sitting out
MadFox666: posts big blind $3
*** HOLE CARDS ***
7ardis leaves the table
Carl1891: raises $3 to $6
MadFox666: calls $3
*** FLOP *** [7c 5s 6d]
MadFox666: checks
Carl1891: bets $3
MadFox666: calls $3
*** TURN *** [7c 5s 6d] [Ad]
MadFox666: checks
Carl1891: bets $6
MadFox666: folds
Uncalled bet ($6) returned to Carl1891
Carl1891 collected $17.64 from pot
Carl1891: doesn't show hand
*** SUMMARY ***
Total pot $18 | Rake $0.36
Board [7c 5s 6d Ad]
Seat 2: Carl1891 (button) (small blind) collected ($17.64)
Seat 6: MadFox666 (big blind) folded on the Turn


PokerStars Hand #170716314638:  Hold'em Limit ($3/$6 USD) - 2017/05/21 10:03:00 ET
Table 'Solstice' 6-max Seat #6 is the button
Seat 5: 7ardis ($76 in chips)
Seat 6: MadFox666 ($94.70 in chips)
MadFox666: posts small blind $1
7ardis: posts big blind $3
*** HOLE CARDS ***
MadFox666: raises $3 to $6
7ardis: calls $3
*** FLOP *** [5s 5c 4s]
7ardis: bets $3
MadFox666: raises $3 to $6
7ardis: raises $3 to $9
MadFox666: calls $3
*** TURN *** [5s 5c 4s] [9s]
7ardis: bets $6
MadFox666: folds
Uncalled bet ($6) returned to 7ardis
7ardis collected $29.50 from pot
7ardis: doesn't show hand
*** SUMMARY ***
Total pot $30 | Rake $0.50
Board [5s 5c 4s 9s]
Seat 5: 7ardis (big blind) collected ($29.50)
Seat 6: MadFox666 (button) (small blind) folded on the Turn


PokerStars Hand #170716360896:  Hold'em Limit ($3/$6 USD) - 2017/05/21 10:04:10 ET
Table 'Solstice' 6-max Seat #6 is the button
Seat 2: Carl1891 ($61.64 in chips)
Seat 6: MadFox666 ($66.20 in chips)
MadFox666: posts small blind $1
Carl1891: posts big blind $3
*** HOLE CARDS ***
MadFox666: raises $3 to $6
Carl1891: calls $3
*** FLOP *** [3s Jd 7c]
Carl1891: checks
MadFox666: bets $3
Carl1891: calls $3
*** TURN *** [3s Jd 7c] [4d]
Carl1891: checks
MadFox666: bets $6
Carl1891: calls $6
*** RIVER *** [3s Jd 7c 4d] [6s]
Carl1891: checks
MadFox666: checks
*** SHOW DOWN ***
Carl1891: shows [Ad 3d] (a pair of Threes)
MadFox666: shows [2s 4s] (a pair of Fours)
MadFox666 collected $29.50 from pot
*** SUMMARY ***
Total pot $30 | Rake $0.50
Board [3s Jd 7c 4d 6s]
Seat 2: Carl1891 (big blind) showed [Ad 3d] and lost with a pair of Threes
Seat 6: MadFox666 (button) (small blind) showed [2s 4s] and won ($29.50) with a pair of Fours


PokerStars Hand #170716381652:  Hold'em Limit ($3/$6 USD) - 2017/05/21 10:04:41 ET
Table 'Solstice' 6-max Seat #6 is the button
Seat 2: Carl1891 ($67.14 in chips)
Seat 6: MadFox666 ($59.70 in chips)
MadFox666: posts small blind $1
Carl1891: posts big blind $3
*** HOLE CARDS ***
MadFox666: raises $3 to $6
Carl1891: folds
Uncalled bet ($3) returned to MadFox666
MadFox666 collected $6 from pot
MadFox666: doesn't show hand
*** SUMMARY ***
Total pot $6 | Rake $0
Seat 2: Carl1891 (big blind) folded before Flop
Seat 6: MadFox666 (button) (small blind) collected ($6)


PokerStars Hand #170716370989:  Hold'em Limit ($3/$6 USD) - 2017/05/21 10:04:25 ET
Table 'Solstice' 6-max Seat #2 is the button
Seat 2: Carl1891 ($46.64 in chips)
Seat 6: MadFox666 ($80.70 in chips)
Carl1891: posts small blind $1
MadFox666: posts big blind $3
*** HOLE CARDS ***
Carl1891: raises $3 to $6
MadFox666: calls $3
*** FLOP *** [6s 4s Tc]
MadFox666: checks
Carl1891: bets $3
MadFox666: calls $3
*** TURN *** [6s 4s Tc] [Jh]
MadFox666: checks
Carl1891: bets $6
MadFox666: calls $6
*** RIVER *** [6s 4s Tc Jh] [5d]
MadFox666: checks
Carl1891: bets $6
MadFox666: calls $6
*** SHOW DOWN ***
Carl1891: shows [Js Qd] (a pair of Jacks)
MadFox666: mucks hand
Carl1891 collected $41.50 from pot
*** SUMMARY ***
Total pot $42 | Rake $0.50
Board [6s 4s Tc Jh 5d]
Seat 2: Carl1891 (button) (small blind) showed [Js Qd] and won ($41.50) with a pair of Jacks
Seat 6: MadFox666 (big blind) mucked


PokerStars Hand #170716384897:  Hold'em Limit ($3/$6 USD) - 2017/05/21 10:04:45 ET
Table 'Solstice' 6-max Seat #2 is the button
Seat 2: Carl1891 ($64.14 in chips)
Seat 6: MadFox666 ($62.70 in chips)
Carl1891: posts small blind $1
MadFox666: posts big blind $3
*** HOLE CARDS ***
Carl1891: folds
Uncalled bet ($2) returned to MadFox666
MadFox666 collected $2 from pot
MadFox666: doesn't show hand
*** SUMMARY ***
Total pot $2 | Rake $0
Seat 2: Carl1891 (button) (small blind) folded before Flop
Seat 6: MadFox666 (big blind) collected ($2)


PokerStars Hand #170716387932:  Hold'em Limit ($3/$6 USD) - 2017/05/21 10:04:50 ET
Table 'Solstice' 6-max Seat #6 is the button
Seat 2: Carl1891 ($63.14 in chips)
Seat 6: MadFox666 ($63.70 in chips)
MadFox666: posts small blind $1
Carl1891: posts big blind $3
*** HOLE CARDS ***
MadFox666: raises $3 to $6
Carl1891: raises $3 to $9
MadFox666: calls $3
*** FLOP *** [As Ad 3c]
Carl1891: bets $3
MadFox666: calls $3
*** TURN *** [As Ad 3c] [3h]
Carl1891: bets $6
MadFox666: raises $6 to $12
Carl1891: calls $6
*** RIVER *** [As Ad 3c 3h] [5c]
Carl1891: checks
MadFox666: bets $6
Carl1891: calls $6
*** SHOW DOWN ***
MadFox666: shows [4s Ac] (a full house, Aces full of Threes)
Carl1891: mucks hand
MadFox666 collected $59.50 from pot
*** SUMMARY ***
Total pot $60 | Rake $0.50
Board [As Ad 3c 3h 5c]
Seat 2: Carl1891 (big blind) mucked
Seat 6: MadFox666 (button) (small blind) showed [4s Ac] and won ($59.50) with a full house, Aces full of Threes


PokerStars Hand #170716352324:  Hold'em Limit ($3/$6 USD) - 2017/05/21 10:03:57 ET
Table 'Solstice' 6-max Seat #2 is the button
Seat 2: Carl1891 ($79.64 in chips)
Seat 6: MadFox666 ($48.70 in chips)
Carl1891: posts small blind $1
MadFox666: posts big blind $3
*** HOLE CARDS ***
Carl1891: raises $3 to $6
MadFox666: raises $3 to $9
Carl1891: calls $3
*** FLOP *** [2c Jd 6s]
MadFox666: bets $3
Carl1891: calls $3
*** TURN *** [2c Jd 6s] [5d]
MadFox666: bets $6
Carl1891: calls $6
*** RIVER *** [2c Jd 6s 5d] [As]
MadFox666: checks
Carl1891: checks
*** SHOW DOWN ***
MadFox666: shows [9h 9d] (a pair of Nines)
Carl1891: mucks hand
MadFox666 collected $35.50 from pot
*** SUMMARY ***
Total pot $36 | Rake $0.50
Board [2c Jd 6s 5d As]
Seat 2: Carl1891 (button) (small blind) mucked
Seat 6: MadFox666 (big blind) showed [9h 9d] and won ($35.50) with a pair of Nines


PokerStars Hand #170716407214:  Hold'em Limit ($3/$6 USD) - 2017/05/21 10:05:18 ET
Table 'Solstice' 6-max Seat #6 is the button
Seat 2: Carl1891 ($24.14 in chips)
Seat 6: MadFox666 ($101.84 in chips)
MadFox666: posts small blind $1
Carl1891: posts big blind $3
*** HOLE CARDS ***
MadFox666: raises $3 to $6
Carl1891: folds
Uncalled bet ($3) returned to MadFox666
MadFox666 collected $6 from pot
MadFox666: doesn't show hand
*** SUMMARY ***
Total pot $6 | Rake $0
Seat 2: Carl1891 (big blind) folded before Flop
Seat 6: MadFox666 (button) (small blind) collected ($6)


PokerStars Hand #170716399063:  Hold'em Limit ($3/$6 USD) - 2017/05/21 10:05:06 ET
Table 'Solstice' 6-max Seat #2 is the button
Seat 2: Carl1891 ($33.14 in chips)
Seat 6: MadFox666 ($93.20 in chips)
Carl1891: posts small blind $1
MadFox666: posts big blind $3
*** HOLE CARDS ***
Carl1891: raises $3 to $6
MadFox666: raises $3 to $9
Carl1891: calls $3
*** FLOP *** [5h 4s Ks]
MadFox666: bets $3
Carl1891: folds
Uncalled bet ($3) returned to MadFox666
MadFox666 collected $17.64 from pot
MadFox666: doesn't show hand
*** SUMMARY ***
Total pot $18 | Rake $0.36
Board [5h 4s Ks]
Seat 2: Carl1891 (button) (small blind) folded on the Flop
Seat 6: MadFox666 (big blind) collected ($17.64)


PokerStars Hand #170716410255:  Hold'em Limit ($3/$6 USD) - 2017/05/21 10:05:23 ET
Table 'Solstice' 6-max Seat #2 is the button
Seat 2: Carl1891 ($21.14 in chips)
Seat 6: MadFox666 ($104.84 in chips)
Carl1891: posts small blind $1
MadFox666: posts big blind $3
*** HOLE CARDS ***
Carl1891: raises $3 to $6
MadFox666: calls $3
*** FLOP *** [2c Ad 4s]
MadFox666: checks
Carl1891: checks
*** TURN *** [2c Ad 4s] [5h]
MadFox666: bets $6
Carl1891: folds
Uncalled bet ($6) returned to MadFox666
MadFox666 collected $11.76 from pot
MadFox666: doesn't show hand
*** SUMMARY ***
Total pot $12 | Rake $0.24
Board [2c Ad 4s 5h]
Seat 2: Carl1891 (button) (small blind) folded on the Turn
Seat 6: MadFox666 (big blind) collected ($11.76)


PokerStars Hand #170716424498:  Hold'em Limit ($3/$6 USD) - 2017/05/21 10:05:44 ET
Table 'Solstice' 6-max Seat #2 is the button
Seat 2: Carl1891 ($9.14 in chips)
Seat 6: MadFox666 ($116.36 in chips)
Carl1891: posts small blind $1
MadFox666: posts big blind $3
*** HOLE CARDS ***
Carl1891: folds
Uncalled bet ($2) returned to MadFox666
MadFox666 collected $2 from pot
MadFox666: doesn't show hand
*** SUMMARY ***
Total pot $2 | Rake $0
Seat 2: Carl1891 (button) (small blind) folded before Flop
Seat 6: MadFox666 (big blind) collected ($2)


PokerStars Hand #170716418077:  Hold'em Limit ($3/$6 USD) - 2017/05/21 10:05:35 ET
Table 'Solstice' 6-max Seat #6 is the button
Seat 2: Carl1891 ($15.14 in chips)
Seat 6: MadFox666 ($110.60 in chips)
MadFox666: posts small blind $1
Carl1891: posts big blind $3
*** HOLE CARDS ***
MadFox666: raises $3 to $6
Carl1891: calls $3
*** FLOP *** [3h 4s Qh]
Carl1891: checks
MadFox666: bets $3
Carl1891: folds
Uncalled bet ($3) returned to MadFox666
MadFox666 collected $11.76 from pot
MadFox666: doesn't show hand
*** SUMMARY ***
Total pot $12 | Rake $0.24
Board [3h 4s Qh]
Seat 2: Carl1891 (big blind) folded on the Flop
Seat 6: MadFox666 (button) (small blind) collected ($11.76)


PokerStars Hand #170716427669:  Hold'em Limit ($3/$6 USD) - 2017/05/21 10:05:48 ET
Table 'Solstice' 6-max Seat #6 is the button
Seat 2: Carl1891 ($8.14 in chips)
Seat 6: MadFox666 ($117.36 in chips)
MadFox666: posts small blind $1
Carl1891: posts big blind $3
*** HOLE CARDS ***
MadFox666: raises $3 to $6
Carl1891: calls $3
*** FLOP *** [Kc 3d 7d]
Carl1891: checks
40 ft cliff joins the table at seat #3
MadFox666: bets $3
Carl1891: calls $2.14 and is all-in
Uncalled bet ($0.86) returned to MadFox666
*** TURN *** [Kc 3d 7d] [3s]
*** RIVER *** [Kc 3d 7d 3s] [9c]
*** SHOW DOWN ***
Carl1891: shows [8s Th] (a pair of Threes)
MadFox666: shows [6d Js] (a pair of Threes - King+Jack kicker)
MadFox666 collected $15.95 from pot
*** SUMMARY ***
Total pot $16.28 | Rake $0.33
Board [Kc 3d 7d 3s 9c]
Seat 2: Carl1891 (big blind) showed [8s Th] and lost with a pair of Threes
Seat 6: MadFox666 (button) (small blind) showed [6d Js] and won ($15.95) with a pair of Threes


