PokerStars Hand #145780984969:  Hold'em Limit ($3/$6 USD) - 2015/12/23 3:42:52 ET
Table 'Solstice' 2-max Seat #2 is the button
Seat 1: Rus29APX ($120 in chips)
Seat 2: Kosova1968 ($120 in chips)
Kosova1968: posts small blind $1
Rus29APX: posts big blind $3
*** HOLE CARDS ***
Kosova1968: raises $3 to $6
Rus29APX: raises $3 to $9
Kosova1968: calls $3
*** FLOP *** [Jd 3d 2c]
Rus29APX: bets $3
Kosova1968: raises $3 to $6
Rus29APX: calls $3
*** TURN *** [Jd 3d 2c] [8s]
Rus29APX: checks
Kosova1968: bets $6
Rus29APX: raises $6 to $12
Kosova1968: calls $6
*** RIVER *** [Jd 3d 2c 8s] [2h]
Rus29APX: bets $6
Kosova1968: calls $6
*** SHOW DOWN ***
Rus29APX: shows [Js Jc] (a full house, Jacks full of Deuces)
Kosova1968: mucks hand
Rus29APX collected $65.50 from pot
*** SUMMARY ***
Total pot $66 | Rake $0.50
Board [Jd 3d 2c 8s 2h]
Seat 1: Rus29APX (big blind) showed [Js Jc] and won ($65.50) with a full house, Jacks full of Deuces
Seat 2: Kosova1968 (button) (small blind) mucked


PokerStars Hand #145781012098:  Hold'em Limit ($3/$6 USD) - 2015/12/23 3:44:11 ET
Table 'Solstice' 2-max Seat #2 is the button
Seat 1: Rus29APX ($197 in chips)
Seat 2: Kosova1968 ($42 in chips)
Kosova1968: posts small blind $1
Rus29APX: posts big blind $3
*** HOLE CARDS ***
Kosova1968: raises $3 to $6
Rus29APX: raises $3 to $9
Kosova1968: raises $3 to $12
Betting is capped
Rus29APX: calls $3
*** FLOP *** [4d 8d Jh]
Rus29APX: checks
Kosova1968: bets $3
Rus29APX: calls $3
*** TURN *** [4d 8d Jh] [7s]
Rus29APX: checks
Kosova1968: bets $6
Rus29APX: calls $6
*** RIVER *** [4d 8d Jh 7s] [Jd]
Rus29APX: checks
Kosova1968: bets $6
Rus29APX: calls $6
*** SHOW DOWN ***
Kosova1968: shows [7c 7d] (a full house, Sevens full of Jacks)
Rus29APX: mucks hand
Kosova1968 collected $53.50 from pot
*** SUMMARY ***
Total pot $54 | Rake $0.50
Board [4d 8d Jh 7s Jd]
Seat 1: Rus29APX (big blind) mucked
Seat 2: Kosova1968 (button) (small blind) showed [7c 7d] and won ($53.50) with a full house, Sevens full of Jacks


PokerStars Hand #145780997802:  Hold'em Limit ($3/$6 USD) - 2015/12/23 3:43:30 ET
Table 'Solstice' 2-max Seat #1 is the button
Seat 1: Rus29APX ($152.50 in chips)
Seat 2: Kosova1968 ($87 in chips)
Rus29APX: posts small blind $1
Kosova1968: posts big blind $3
*** HOLE CARDS ***
Rus29APX: raises $3 to $6
Kosova1968: calls $3
*** FLOP *** [2d 8h 7c]
Kosova1968: checks
Rus29APX: bets $3
Kosova1968: raises $3 to $6
Rus29APX: raises $3 to $9
Kosova1968: calls $3
*** TURN *** [2d 8h 7c] [9s]
Kosova1968: checks
Rus29APX: bets $6
Kosova1968: raises $6 to $12
Rus29APX: raises $6 to $18
Kosova1968: raises $6 to $24
Betting is capped
Rus29APX: calls $6
*** RIVER *** [2d 8h 7c 9s] [6s]
Kosova1968: bets $6
Rus29APX: calls $6
*** SHOW DOWN ***
Kosova1968: shows [5c 6d] (a straight, Five to Nine)
Rus29APX: shows [Tc 6c] (a straight, Six to Ten)
Rus29APX collected $89.50 from pot
*** SUMMARY ***
Total pot $90 | Rake $0.50
Board [2d 8h 7c 9s 6s]
Seat 1: Rus29APX (button) (small blind) showed [Tc 6c] and won ($89.50) with a straight, Six to Ten
Seat 2: Kosova1968 (big blind) showed [5c 6d] and lost with a straight, Five to Nine


PokerStars Hand #145781040237:  Hold'em Limit ($3/$6 USD) - 2015/12/23 3:45:33 ET
Table 'Solstice' 2-max Seat #1 is the button
Seat 1: Rus29APX ($128 in chips)
Seat 2: Kosova1968 ($109.52 in chips)
Rus29APX: posts small blind $1
Kosova1968: posts big blind $3
*** HOLE CARDS ***
Rus29APX: raises $3 to $6
Kosova1968: calls $3
*** FLOP *** [9d 3d Td]
Kosova1968: checks
Rus29APX: bets $3
Kosova1968: raises $3 to $6
Rus29APX: calls $3
*** TURN *** [9d 3d Td] [5h]
Kosova1968: bets $6
Rus29APX: raises $6 to $12
Kosova1968: calls $6
*** RIVER *** [9d 3d Td 5h] [Jc]
Kosova1968: checks
Rus29APX: bets $6
Kosova1968: calls $6
*** SHOW DOWN ***
Rus29APX: shows [3s 3h] (three of a kind, Threes)
Kosova1968: mucks hand
Rus29APX collected $59.50 from pot
*** SUMMARY ***
Total pot $60 | Rake $0.50
Board [9d 3d Td 5h Jc]
Seat 1: Rus29APX (button) (small blind) showed [3s 3h] and won ($59.50) with three of a kind, Threes
Seat 2: Kosova1968 (big blind) mucked


PokerStars Hand #145781031119:  Hold'em Limit ($3/$6 USD) - 2015/12/23 3:45:07 ET
Table 'Solstice' 2-max Seat #2 is the button
Seat 1: Rus29APX ($158 in chips)
Seat 2: Kosova1968 ($80.02 in chips)
Kosova1968: posts small blind $1
Rus29APX: posts big blind $3
*** HOLE CARDS ***
Kosova1968: raises $3 to $6
Rus29APX: raises $3 to $9
Kosova1968: calls $3
*** FLOP *** [3h Tc Kc]
Rus29APX: bets $3
Kosova1968: calls $3
*** TURN *** [3h Tc Kc] [7s]
Rus29APX: bets $6
Kosova1968: raises $6 to $12
Rus29APX: calls $6
*** RIVER *** [3h Tc Kc 7s] [2h]
Rus29APX: checks
Kosova1968: bets $6
Rus29APX: calls $6
*** SHOW DOWN ***
Kosova1968: shows [Kd 9c] (a pair of Kings)
Rus29APX: mucks hand
Kosova1968 collected $59.50 from pot
*** SUMMARY ***
Total pot $60 | Rake $0.50
Board [3h Tc Kc 7s 2h]
Seat 1: Rus29APX (big blind) mucked
Seat 2: Kosova1968 (button) (small blind) showed [Kd 9c] and won ($59.50) with a pair of Kings


PokerStars Hand #145781021939:  Hold'em Limit ($3/$6 USD) - 2015/12/23 3:44:39 ET
Table 'Solstice' 2-max Seat #1 is the button
Seat 1: Rus29APX ($170 in chips)
Seat 2: Kosova1968 ($68.50 in chips)
Rus29APX: posts small blind $1
Kosova1968: posts big blind $3
*** HOLE CARDS ***
Rus29APX: raises $3 to $6
Kosova1968: calls $3
*** FLOP *** [8h Ts Qd]
Kosova1968: checks
Rus29APX: checks
*** TURN *** [8h Ts Qd] [Qs]
Kosova1968: bets $6
Rus29APX: calls $6
*** RIVER *** [8h Ts Qd Qs] [Jh]
Kosova1968: checks
Rus29APX: checks
*** SHOW DOWN ***
Kosova1968: shows [3c Qc] (three of a kind, Queens)
Rus29APX: mucks hand
Kosova1968 collected $23.52 from pot
*** SUMMARY ***
Total pot $24 | Rake $0.48
Board [8h Ts Qd Qs Jh]
Seat 1: Rus29APX (button) (small blind) mucked
Seat 2: Kosova1968 (big blind) showed [3c Qc] and won ($23.52) with three of a kind, Queens


PokerStars Hand #145781060391:  Hold'em Limit ($3/$6 USD) - 2015/12/23 3:46:30 ET
Table 'Solstice' 2-max Seat #2 is the button
Seat 1: Rus29APX ($139.50 in chips)
Seat 2: Kosova1968 ($97.02 in chips)
Kosova1968: posts small blind $1
Rus29APX: posts big blind $3
*** HOLE CARDS ***
Kosova1968: raises $3 to $6
Rus29APX: calls $3
*** FLOP *** [5c Ac 5d]
Rus29APX: checks
Kosova1968: checks
*** TURN *** [5c Ac 5d] [6h]
Rus29APX: checks
Kosova1968: bets $6
Rus29APX: folds
Uncalled bet ($6) returned to Kosova1968
Kosova1968 collected $11.76 from pot
Kosova1968: doesn't show hand
*** SUMMARY ***
Total pot $12 | Rake $0.24
Board [5c Ac 5d 6h]
Seat 1: Rus29APX (big blind) folded on the Turn
Seat 2: Kosova1968 (button) (small blind) collected ($11.76)


PokerStars Hand #145781052871:  Hold'em Limit ($3/$6 USD) - 2015/12/23 3:46:09 ET
Table 'Solstice' 2-max Seat #1 is the button
Seat 1: Rus29APX ($154.50 in chips)
Seat 2: Kosova1968 ($82.52 in chips)
Rus29APX: posts small blind $1
Kosova1968: posts big blind $3
*** HOLE CARDS ***
Rus29APX: raises $3 to $6
Kosova1968: calls $3
*** FLOP *** [2d Ad 7d]
Kosova1968: checks
Rus29APX: bets $3
Kosova1968: calls $3
*** TURN *** [2d Ad 7d] [9c]
Kosova1968: checks
Rus29APX: checks
*** RIVER *** [2d Ad 7d 9c] [5h]
Kosova1968: bets $6
Rus29APX: calls $6
*** SHOW DOWN ***
Kosova1968: shows [Js 7h] (a pair of Sevens)
Rus29APX: mucks hand
Kosova1968 collected $29.50 from pot
*** SUMMARY ***
Total pot $30 | Rake $0.50
Board [2d Ad 7d 9c 5h]
Seat 1: Rus29APX (button) (small blind) mucked
Seat 2: Kosova1968 (big blind) showed [Js 7h] and won ($29.50) with a pair of Sevens


PokerStars Hand #145781050541:  Hold'em Limit ($3/$6 USD) - 2015/12/23 3:46:02 ET
Table 'Solstice' 2-max Seat #2 is the button
Seat 1: Rus29APX ($157.50 in chips)
Seat 2: Kosova1968 ($79.52 in chips)
Kosova1968: posts small blind $1
Rus29APX: posts big blind $3
*** HOLE CARDS ***
Kosova1968: raises $3 to $6
Rus29APX: folds
Uncalled bet ($3) returned to Kosova1968
Kosova1968 collected $6 from pot
Kosova1968: doesn't show hand
*** SUMMARY ***
Total pot $6 | Rake $0
Seat 1: Rus29APX (big blind) folded before Flop
Seat 2: Kosova1968 (button) (small blind) collected ($6)


PokerStars Hand #145781081123:  Hold'em Limit ($3/$6 USD) - 2015/12/23 3:47:30 ET
Table 'Solstice' 2-max Seat #1 is the button
Seat 1: Rus29APX ($115.14 in chips)
Seat 2: Kosova1968 ($120.28 in chips)
Rus29APX: posts small blind $1
Kosova1968: posts big blind $3
*** HOLE CARDS ***
Rus29APX: raises $3 to $6
Kosova1968: calls $3
*** FLOP *** [9s Jc 2d]
Kosova1968: bets $3
Rus29APX: calls $3
*** TURN *** [9s Jc 2d] [As]
Kosova1968: checks
Rus29APX: checks
*** RIVER *** [9s Jc 2d As] [Kc]
Kosova1968: bets $6
Rus29APX: raises $6 to $12
Kosova1968: calls $6
*** SHOW DOWN ***
Rus29APX: shows [2h Ks] (two pair, Kings and Deuces)
Kosova1968: mucks hand
Rus29APX collected $41.50 from pot
*** SUMMARY ***
Total pot $42 | Rake $0.50
Board [9s Jc 2d As Kc]
Seat 1: Rus29APX (button) (small blind) showed [2h Ks] and won ($41.50) with two pair, Kings and Deuces
Seat 2: Kosova1968 (big blind) mucked


PokerStars Hand #145781076416:  Hold'em Limit ($3/$6 USD) - 2015/12/23 3:47:16 ET
Table 'Solstice' 2-max Seat #2 is the button
Seat 1: Rus29APX ($106.50 in chips)
Seat 2: Kosova1968 ($129.28 in chips)
Kosova1968: posts small blind $1
Rus29APX: posts big blind $3
*** HOLE CARDS ***
Kosova1968: raises $3 to $6
Rus29APX: raises $3 to $9
Kosova1968: calls $3
*** FLOP *** [3s Ah Qc]
Rus29APX: bets $3
Kosova1968: folds
Uncalled bet ($3) returned to Rus29APX
Rus29APX collected $17.64 from pot
Rus29APX: doesn't show hand
*** SUMMARY ***
Total pot $18 | Rake $0.36
Board [3s Ah Qc]
Seat 1: Rus29APX (big blind) collected ($17.64)
Seat 2: Kosova1968 (button) (small blind) folded on the Flop


PokerStars Hand #145781066265:  Hold'em Limit ($3/$6 USD) - 2015/12/23 3:46:47 ET
Table 'Solstice' 2-max Seat #1 is the button
Seat 1: Rus29APX ($133.50 in chips)
Seat 2: Kosova1968 ($102.78 in chips)
Rus29APX: posts small blind $1
Kosova1968: posts big blind $3
*** HOLE CARDS ***
Rus29APX: raises $3 to $6
Kosova1968: calls $3
*** FLOP *** [4c Ah Qd]
Kosova1968: checks
Rus29APX: bets $3
Kosova1968: calls $3
*** TURN *** [4c Ah Qd] [7d]
Kosova1968: checks
Rus29APX: bets $6
Kosova1968: raises $6 to $12
Rus29APX: calls $6
*** RIVER *** [4c Ah Qd 7d] [Kd]
Kosova1968: bets $6
Rus29APX: calls $6
*** SHOW DOWN ***
Kosova1968: shows [8s Ac] (a pair of Aces)
Rus29APX: mucks hand
Kosova1968 collected $53.50 from pot
*** SUMMARY ***
Total pot $54 | Rake $0.50
Board [4c Ah Qd 7d Kd]
Seat 1: Rus29APX (button) (small blind) mucked
Seat 2: Kosova1968 (big blind) showed [8s Ac] and won ($53.50) with a pair of Aces


PokerStars Hand #145781091356:  Hold'em Limit ($3/$6 USD) - 2015/12/23 3:47:59 ET
Table 'Solstice' 2-max Seat #2 is the button
Seat 1: Rus29APX ($135.64 in chips)
Seat 2: Kosova1968 ($99.28 in chips)
Kosova1968: posts small blind $1
Rus29APX: posts big blind $3
*** HOLE CARDS ***
Kosova1968: raises $3 to $6
Rus29APX: raises $3 to $9
Kosova1968: calls $3
*** FLOP *** [9s Ah 2s]
Rus29APX: bets $3
Kosova1968: calls $3
*** TURN *** [9s Ah 2s] [Ac]
Rus29APX: bets $6
Kosova1968: raises $6 to $12
Rus29APX: calls $6
*** RIVER *** [9s Ah 2s Ac] [Qd]
Rus29APX: checks
Kosova1968: bets $6
Rus29APX: calls $6
*** SHOW DOWN ***
Kosova1968: shows [7d Qh] (two pair, Aces and Queens)
Rus29APX: mucks hand
Kosova1968 collected $59.50 from pot
*** SUMMARY ***
Total pot $60 | Rake $0.50
Board [9s Ah 2s Ac Qd]
Seat 1: Rus29APX (big blind) mucked
Seat 2: Kosova1968 (button) (small blind) showed [7d Qh] and won ($59.50) with two pair, Aces and Queens


PokerStars Hand #145781126661:  Hold'em Limit ($3/$6 USD) - 2015/12/23 3:49:42 ET
Table 'Solstice' 2-max Seat #1 is the button
Seat 1: Rus29APX ($149.64 in chips)
Seat 2: Kosova1968 ($83.78 in chips)
Rus29APX: posts small blind $1
Kosova1968: posts big blind $3
*** HOLE CARDS ***
Rus29APX: raises $3 to $6
Kosova1968: calls $3
*** FLOP *** [As Qc 4h]
Kosova1968: bets $3
Rus29APX: raises $3 to $6
Kosova1968: raises $3 to $9
Rus29APX: folds
Uncalled bet ($3) returned to Kosova1968
Kosova1968 collected $23.52 from pot
Kosova1968: doesn't show hand
*** SUMMARY ***
Total pot $24 | Rake $0.48
Board [As Qc 4h]
Seat 1: Rus29APX (button) (small blind) folded on the Flop
Seat 2: Kosova1968 (big blind) collected ($23.52)


PokerStars Hand #145781116037:  Hold'em Limit ($3/$6 USD) - 2015/12/23 3:49:11 ET
Table 'Solstice' 2-max Seat #2 is the button
Seat 1: Rus29APX ($123.14 in chips)
Seat 2: Kosova1968 ($110.78 in chips)
Kosova1968: posts small blind $1
Rus29APX: posts big blind $3
*** HOLE CARDS ***
Kosova1968: raises $3 to $6
Rus29APX: raises $3 to $9
Kosova1968: calls $3
*** FLOP *** [5c 8s 4c]
Rus29APX: bets $3
Kosova1968: raises $3 to $6
Rus29APX: calls $3
*** TURN *** [5c 8s 4c] [Ts]
Rus29APX: bets $6
Kosova1968: calls $6
*** RIVER *** [5c 8s 4c Ts] [9h]
Rus29APX: checks
Kosova1968: bets $6
Rus29APX: calls $6
*** SHOW DOWN ***
Kosova1968: shows [3s 4s] (a pair of Fours)
Rus29APX: shows [4h Ah] (a pair of Fours - Ace kicker)
Rus29APX collected $53.50 from pot
*** SUMMARY ***
Total pot $54 | Rake $0.50
Board [5c 8s 4c Ts 9h]
Seat 1: Rus29APX (big blind) showed [4h Ah] and won ($53.50) with a pair of Fours
Seat 2: Kosova1968 (button) (small blind) showed [3s 4s] and lost with a pair of Fours


PokerStars Hand #145781102420:  Hold'em Limit ($3/$6 USD) - 2015/12/23 3:48:31 ET
Table 'Solstice' 2-max Seat #1 is the button
Seat 1: Rus29APX ($105.64 in chips)
Seat 2: Kosova1968 ($128.78 in chips)
Rus29APX: posts small blind $1
Kosova1968: posts big blind $3
*** HOLE CARDS ***
Rus29APX: raises $3 to $6
Kosova1968: calls $3
*** FLOP *** [8c Qc Jd]
Kosova1968: checks
Rus29APX: bets $3
Kosova1968: raises $3 to $6
Rus29APX: calls $3
*** TURN *** [8c Qc Jd] [Jc]
Kosova1968: checks
Rus29APX: bets $6
Kosova1968: calls $6
*** RIVER *** [8c Qc Jd Jc] [8s]
Kosova1968: checks
Rus29APX: bets $6
Kosova1968: folds
Uncalled bet ($6) returned to Rus29APX
Rus29APX collected $35.50 from pot
Rus29APX: doesn't show hand
*** SUMMARY ***
Total pot $36 | Rake $0.50
Board [8c Qc Jd Jc 8s]
Seat 1: Rus29APX (button) (small blind) collected ($35.50)
Seat 2: Kosova1968 (big blind) folded on the River


PokerStars Hand #145781142908:  Hold'em Limit ($3/$6 USD) - 2015/12/23 3:50:30 ET
Table 'Solstice' 2-max Seat #2 is the button
Seat 1: Rus29APX ($160.14 in chips)
Seat 2: Kosova1968 ($72.30 in chips)
Kosova1968: posts small blind $1
Rus29APX: posts big blind $3
*** HOLE CARDS ***
Kosova1968: folds
Uncalled bet ($2) returned to Rus29APX
Rus29APX collected $2 from pot
Rus29APX: doesn't show hand
*** SUMMARY ***
Total pot $2 | Rake $0
Seat 1: Rus29APX (big blind) collected ($2)
Seat 2: Kosova1968 (button) (small blind) folded before Flop


PokerStars Hand #145781141237:  Hold'em Limit ($3/$6 USD) - 2015/12/23 3:50:25 ET
Table 'Solstice' 2-max Seat #1 is the button
Seat 1: Rus29APX ($161.14 in chips)
Seat 2: Kosova1968 ($71.30 in chips)
Rus29APX: posts small blind $1
Kosova1968: posts big blind $3
*** HOLE CARDS ***
Rus29APX: folds
Uncalled bet ($2) returned to Kosova1968
Kosova1968 collected $2 from pot
Kosova1968: doesn't show hand
*** SUMMARY ***
Total pot $2 | Rake $0
Seat 1: Rus29APX (button) (small blind) folded before Flop
Seat 2: Kosova1968 (big blind) collected ($2)


PokerStars Hand #145781133053:  Hold'em Limit ($3/$6 USD) - 2015/12/23 3:50:00 ET
Table 'Solstice' 2-max Seat #2 is the button
Seat 1: Rus29APX ($137.64 in chips)
Seat 2: Kosova1968 ($95.30 in chips)
Kosova1968: posts small blind $1
Rus29APX: posts big blind $3
*** HOLE CARDS ***
Kosova1968: raises $3 to $6
Rus29APX: calls $3
*** FLOP *** [4c Kh 7d]
Rus29APX: checks
Kosova1968: checks
*** TURN *** [4c Kh 7d] [Tc]
Rus29APX: checks
Kosova1968: bets $6
Rus29APX: raises $6 to $12
Kosova1968: calls $6
*** RIVER *** [4c Kh 7d Tc] [Kc]
Rus29APX: bets $6
Kosova1968: calls $6
*** SHOW DOWN ***
Rus29APX: shows [3s Kd] (three of a kind, Kings)
Kosova1968: mucks hand
Rus29APX collected $47.50 from pot
*** SUMMARY ***
Total pot $48 | Rake $0.50
Board [4c Kh 7d Tc Kc]
Seat 1: Rus29APX (big blind) showed [3s Kd] and won ($47.50) with three of a kind, Kings
Seat 2: Kosova1968 (button) (small blind) mucked


PokerStars Hand #145781165007:  Hold'em Limit ($3/$6 USD) - 2015/12/23 3:51:34 ET
Table 'Solstice' 2-max Seat #1 is the button
Seat 1: Rus29APX ($220.14 in chips)
Seat 2: Kosova1968 ($11.30 in chips)
Rus29APX: posts small blind $1
Kosova1968: posts big blind $3
*** HOLE CARDS ***
Rus29APX: raises $3 to $6
Kosova1968: raises $3 to $9
Rus29APX: raises $3 to $12
Betting is capped
Kosova1968: calls $2.30 and is all-in
Uncalled bet ($0.70) returned to Rus29APX
*** FLOP *** [6c 9c Ts]
*** TURN *** [6c 9c Ts] [Qd]
*** RIVER *** [6c 9c Ts Qd] [8c]
*** SHOW DOWN ***
Kosova1968: shows [6s Ac] (a pair of Sixes)
Rus29APX: shows [Kd 2d] (high card King)
Kosova1968 collected $22.15 from pot
*** SUMMARY ***
Total pot $22.60 | Rake $0.45
Board [6c 9c Ts Qd 8c]
Seat 1: Rus29APX (button) (small blind) showed [Kd 2d] and lost with high card King
Seat 2: Kosova1968 (big blind) showed [6s Ac] and won ($22.15) with a pair of Sixes


PokerStars Hand #145781156068:  Hold'em Limit ($3/$6 USD) - 2015/12/23 3:51:08 ET
Table 'Solstice' 2-max Seat #2 is the button
Seat 1: Rus29APX ($187.64 in chips)
Seat 2: Kosova1968 ($44.30 in chips)
Kosova1968: posts small blind $1
Rus29APX: posts big blind $3
*** HOLE CARDS ***
Kosova1968: raises $3 to $6
Rus29APX: calls $3
*** FLOP *** [Jd 4c 6s]
Rus29APX: bets $3
Kosova1968: calls $3
*** TURN *** [Jd 4c 6s] [Kd]
Rus29APX: bets $6
Kosova1968: raises $6 to $12
Rus29APX: raises $6 to $18
Kosova1968: calls $6
*** RIVER *** [Jd 4c 6s Kd] [Ts]
Rus29APX: bets $6
Kosova1968: calls $6
*** SHOW DOWN ***
Rus29APX: shows [Ks 4h] (two pair, Kings and Fours)
Kosova1968: mucks hand
Rus29APX collected $65.50 from pot
*** SUMMARY ***
Total pot $66 | Rake $0.50
Board [Jd 4c 6s Kd Ts]
Seat 1: Rus29APX (big blind) showed [Ks 4h] and won ($65.50) with two pair, Kings and Fours
Seat 2: Kosova1968 (button) (small blind) mucked


PokerStars Hand #145781144890:  Hold'em Limit ($3/$6 USD) - 2015/12/23 3:50:35 ET
Table 'Solstice' 2-max Seat #1 is the button
Seat 1: Rus29APX ($161.14 in chips)
Seat 2: Kosova1968 ($71.30 in chips)
Rus29APX: posts small blind $1
Kosova1968: posts big blind $3
*** HOLE CARDS ***
Rus29APX: raises $3 to $6
Kosova1968: raises $3 to $9
Rus29APX: calls $3
*** FLOP *** [7d Ad 7c]
Kosova1968: bets $3
Rus29APX: raises $3 to $6
Kosova1968: calls $3
*** TURN *** [7d Ad 7c] [6c]
Kosova1968: checks
Rus29APX: bets $6
Kosova1968: calls $6
*** RIVER *** [7d Ad 7c 6c] [9d]
Kosova1968: checks
Rus29APX: bets $6
Kosova1968: calls $6
*** SHOW DOWN ***
Rus29APX: shows [4h 7h] (three of a kind, Sevens)
Kosova1968: mucks hand
Rus29APX collected $53.50 from pot
*** SUMMARY ***
Total pot $54 | Rake $0.50
Board [7d Ad 7c 6c 9d]
Seat 1: Rus29APX (button) (small blind) showed [4h 7h] and won ($53.50) with three of a kind, Sevens
Seat 2: Kosova1968 (big blind) mucked


PokerStars Hand #145781182653:  Hold'em Limit ($3/$6 USD) - 2015/12/23 3:52:26 ET
Table 'Solstice' 2-max Seat #1 is the button
Seat 1: Rus29APX ($230.49 in chips)
Seat 2: Kosova1968 ($120 in chips)
Rus29APX: posts small blind $1
Kosova1968: posts big blind $3
*** HOLE CARDS ***
Rus29APX: raises $3 to $6
Kosova1968: calls $3
*** FLOP *** [4c Kc 2h]
Kosova1968: checks
Rus29APX: bets $3
Kosova1968: calls $3
*** TURN *** [4c Kc 2h] [4h]
Kosova1968: checks
Rus29APX: checks
*** RIVER *** [4c Kc 2h 4h] [3s]
Kosova1968: bets $6
Rus29APX: folds
Uncalled bet ($6) returned to Kosova1968
Kosova1968 collected $17.64 from pot
Kosova1968: doesn't show hand
*** SUMMARY ***
Total pot $18 | Rake $0.36
Board [4c Kc 2h 4h 3s]
Seat 1: Rus29APX (button) (small blind) folded on the River
Seat 2: Kosova1968 (big blind) collected ($17.64)


PokerStars Hand #145781170060:  Hold'em Limit ($3/$6 USD) - 2015/12/23 3:51:49 ET
Table 'Solstice' 2-max Seat #2 is the button
Seat 1: Rus29APX ($208.84 in chips)
Seat 2: Kosova1968 ($22.15 in chips)
Kosova1968: posts small blind $1
Rus29APX: posts big blind $3
*** HOLE CARDS ***
Kosova1968: raises $3 to $6
Rus29APX: calls $3
*** FLOP *** [6h 5s 8c]
Rus29APX: bets $3
Kosova1968: raises $3 to $6
Rus29APX: calls $3
*** TURN *** [6h 5s 8c] [Qh]
Rus29APX: bets $6
Kosova1968: raises $4.15 to $10.15 and is all-in
Rus29APX: calls $4.15
*** RIVER *** [6h 5s 8c Qh] [3c]
*** SHOW DOWN ***
Rus29APX: shows [6s 3s] (two pair, Sixes and Threes)
Kosova1968: shows [9s 9c] (a pair of Nines)
Rus29APX collected $43.80 from pot
*** SUMMARY ***
Total pot $44.30 | Rake $0.50
Board [6h 5s 8c Qh 3c]
Seat 1: Rus29APX (big blind) showed [6s 3s] and won ($43.80) with two pair, Sixes and Threes
Seat 2: Kosova1968 (button) (small blind) showed [9s 9c] and lost with a pair of Nines


PokerStars Hand #145781204736:  Hold'em Limit ($3/$6 USD) - 2015/12/23 3:53:30 ET
Table 'Solstice' 2-max Seat #1 is the button
Seat 1: Rus29APX ($238.99 in chips)
Seat 2: Kosova1968 ($110.64 in chips)
Rus29APX: posts small blind $1
Kosova1968: posts big blind $3
*** HOLE CARDS ***
Rus29APX: raises $3 to $6
Kosova1968: calls $3
*** FLOP *** [Tc 9c 8c]
Kosova1968: bets $3
Rus29APX: calls $3
*** TURN *** [Tc 9c 8c] [2s]
Kosova1968: checks
Rus29APX: bets $6
Kosova1968: calls $6
*** RIVER *** [Tc 9c 8c 2s] [Jc]
Kosova1968: bets $6
Rus29APX: calls $6
*** SHOW DOWN ***
Kosova1968: shows [4d Kc] (a flush, King high)
Rus29APX: mucks hand
Kosova1968 collected $41.50 from pot
*** SUMMARY ***
Total pot $42 | Rake $0.50
Board [Tc 9c 8c 2s Jc]
Seat 1: Rus29APX (button) (small blind) mucked
Seat 2: Kosova1968 (big blind) showed [4d Kc] and won ($41.50) with a flush, King high


PokerStars Hand #145781192607:  Hold'em Limit ($3/$6 USD) - 2015/12/23 3:52:55 ET
Table 'Solstice' 2-max Seat #2 is the button
Seat 1: Rus29APX ($221.49 in chips)
Seat 2: Kosova1968 ($128.64 in chips)
Kosova1968: posts small blind $1
Rus29APX: posts big blind $3
*** HOLE CARDS ***
Kosova1968: raises $3 to $6
Rus29APX: calls $3
*** FLOP *** [2d 3s 7s]
Rus29APX: checks
Kosova1968: checks
*** TURN *** [2d 3s 7s] [Ac]
Rus29APX: checks
Kosova1968: bets $6
Rus29APX: raises $6 to $12
Kosova1968: calls $6
*** RIVER *** [2d 3s 7s Ac] [2h]
Rus29APX: bets $6
Kosova1968: folds
Uncalled bet ($6) returned to Rus29APX
Rus29APX collected $35.50 from pot
Rus29APX: doesn't show hand
*** SUMMARY ***
Total pot $36 | Rake $0.50
Board [2d 3s 7s Ac 2h]
Seat 1: Rus29APX (big blind) collected ($35.50)
Seat 2: Kosova1968 (button) (small blind) folded on the River


PokerStars Hand #145781225076:  Hold'em Limit ($3/$6 USD) - 2015/12/23 3:54:29 ET
Table 'Solstice' 2-max Seat #1 is the button
Seat 1: Rus29APX ($226.63 in chips)
Seat 2: Kosova1968 ($122.14 in chips)
Rus29APX: posts small blind $1
Kosova1968: posts big blind $3
*** HOLE CARDS ***
Rus29APX: raises $3 to $6
Kosova1968: raises $3 to $9
Rus29APX: calls $3
*** FLOP *** [3c 6c 7h]
Kosova1968: bets $3
Rus29APX: calls $3
*** TURN *** [3c 6c 7h] [7c]
Kosova1968: bets $6
Rus29APX: folds
Uncalled bet ($6) returned to Kosova1968
Kosova1968 collected $23.52 from pot
*** SUMMARY ***
Total pot $24 | Rake $0.48
Board [3c 6c 7h 7c]
Seat 1: Rus29APX (button) (small blind) folded on the Turn
Seat 2: Kosova1968 (big blind) collected ($23.52)


PokerStars Hand #145781213226:  Hold'em Limit ($3/$6 USD) - 2015/12/23 3:53:54 ET
Table 'Solstice' 2-max Seat #2 is the button
Seat 1: Rus29APX ($217.99 in chips)
Seat 2: Kosova1968 ($131.14 in chips)
Kosova1968: posts small blind $1
Rus29APX: posts big blind $3
*** HOLE CARDS ***
Kosova1968: raises $3 to $6
Rus29APX: calls $3
*** FLOP *** [6d Qs 4h]
Rus29APX: bets $3
Kosova1968: calls $3
*** TURN *** [6d Qs 4h] [5s]
Rus29APX: checks
Kosova1968: checks
*** RIVER *** [6d Qs 4h 5s] [Qc]
Rus29APX: checks
Kosova1968: checks
*** SHOW DOWN ***
Rus29APX: shows [4c Kd] (two pair, Queens and Fours)
Kosova1968: mucks hand
Rus29APX collected $17.64 from pot
*** SUMMARY ***
Total pot $18 | Rake $0.36
Board [6d Qs 4h 5s Qc]
Seat 1: Rus29APX (big blind) showed [4c Kd] and won ($17.64) with two pair, Queens and Fours
Seat 2: Kosova1968 (button) (small blind) mucked


PokerStars Hand #145781239868:  Hold'em Limit ($3/$6 USD) - 2015/12/23 3:55:14 ET
Table 'Solstice' 2-max Seat #1 is the button
Seat 1: Rus29APX ($205.63 in chips)
Seat 2: Kosova1968 ($142.30 in chips)
Rus29APX: posts small blind $1
Kosova1968: posts big blind $3
*** HOLE CARDS ***
Rus29APX: raises $3 to $6
Kosova1968: calls $3
*** FLOP *** [Ah Qh Ac]
Kosova1968: checks
Rus29APX: bets $3
Kosova1968: calls $3
*** TURN *** [Ah Qh Ac] [9d]
Kosova1968: checks
Rus29APX: bets $6
Kosova1968: raises $6 to $12
Rus29APX: calls $6
*** RIVER *** [Ah Qh Ac 9d] [7d]
Kosova1968: checks
Rus29APX: bets $6
Kosova1968: calls $6
*** SHOW DOWN ***
Rus29APX: shows [Qd Jd] (two pair, Aces and Queens)
Kosova1968: mucks hand
Rus29APX collected $53.50 from pot
*** SUMMARY ***
Total pot $54 | Rake $0.50
Board [Ah Qh Ac 9d 7d]
Seat 1: Rus29APX (button) (small blind) showed [Qd Jd] and won ($53.50) with two pair, Aces and Queens
Seat 2: Kosova1968 (big blind) mucked


PokerStars Hand #145781232721:  Hold'em Limit ($3/$6 USD) - 2015/12/23 3:54:51 ET
Table 'Solstice' 2-max Seat #2 is the button
Seat 1: Rus29APX ($214.63 in chips)
Seat 2: Kosova1968 ($133.66 in chips)
Kosova1968: posts small blind $1
Rus29APX: posts big blind $3
*** HOLE CARDS ***
Kosova1968: raises $3 to $6
Rus29APX: calls $3
*** FLOP *** [Jh 6s 5c]
Rus29APX: checks
Kosova1968: bets $3
Rus29APX: calls $3
*** TURN *** [Jh 6s 5c] [5s]
Rus29APX: checks
Kosova1968: bets $6
Rus29APX: folds
Uncalled bet ($6) returned to Kosova1968
Kosova1968 collected $17.64 from pot
Kosova1968: doesn't show hand
*** SUMMARY ***
Total pot $18 | Rake $0.36
Board [Jh 6s 5c 5s]
Seat 1: Rus29APX (big blind) folded on the Turn
Seat 2: Kosova1968 (button) (small blind) collected ($17.64)


PokerStars Hand #145781270406:  Hold'em Limit ($3/$6 USD) - 2015/12/23 3:56:59 ET
Table 'Solstice' 2-max Seat #2 is the button
Seat 1: Rus29APX ($225.63 in chips)
Seat 2: Kosova1968 ($120.80 in chips)
Kosova1968: posts small blind $1
Rus29APX: posts big blind $3
*** HOLE CARDS ***
Kosova1968: folds
Uncalled bet ($2) returned to Rus29APX
Rus29APX collected $2 from pot
Rus29APX: doesn't show hand
*** SUMMARY ***
Total pot $2 | Rake $0
Seat 1: Rus29APX (big blind) collected ($2)
Seat 2: Kosova1968 (button) (small blind) folded before Flop


PokerStars Hand #145781260141:  Hold'em Limit ($3/$6 USD) - 2015/12/23 3:56:23 ET
Table 'Solstice' 2-max Seat #1 is the button
Seat 1: Rus29APX ($205.13 in chips)
Seat 2: Kosova1968 ($141.80 in chips)
Rus29APX: posts small blind $1
Kosova1968: posts big blind $3
*** HOLE CARDS ***
Rus29APX: raises $3 to $6
Kosova1968: calls $3
*** FLOP *** [2s Th Js]
Kosova1968: checks
Rus29APX: bets $3
Kosova1968: calls $3
*** TURN *** [2s Th Js] [4h]
Kosova1968: checks
Rus29APX: bets $6
Kosova1968: calls $6
*** RIVER *** [2s Th Js 4h] [9d]
Kosova1968: checks
Rus29APX: bets $6
Kosova1968: calls $6
*** SHOW DOWN ***
Rus29APX: shows [Kd Jd] (a pair of Jacks)
Kosova1968: mucks hand
Rus29APX collected $41.50 from pot
*** SUMMARY ***
Total pot $42 | Rake $0.50
Board [2s Th Js 4h 9d]
Seat 1: Rus29APX (button) (small blind) showed [Kd Jd] and won ($41.50) with a pair of Jacks
Seat 2: Kosova1968 (big blind) mucked


PokerStars Hand #145781251822:  Hold'em Limit ($3/$6 USD) - 2015/12/23 3:55:55 ET
Table 'Solstice' 2-max Seat #2 is the button
Seat 1: Rus29APX ($232.13 in chips)
Seat 2: Kosova1968 ($115.30 in chips)
Kosova1968: posts small blind $1
Rus29APX: posts big blind $3
*** HOLE CARDS ***
Kosova1968: raises $3 to $6
Rus29APX: raises $3 to $9
Kosova1968: calls $3
*** FLOP *** [8c Jc 7h]
Rus29APX: bets $3
Kosova1968: raises $3 to $6
Rus29APX: calls $3
*** TURN *** [8c Jc 7h] [2h]
Rus29APX: checks
Kosova1968: bets $6
Rus29APX: calls $6
*** RIVER *** [8c Jc 7h 2h] [Jd]
Rus29APX: checks
Kosova1968: bets $6
Rus29APX: calls $6
*** SHOW DOWN ***
Kosova1968: shows [Tc Js] (three of a kind, Jacks)
Rus29APX: mucks hand
Kosova1968 collected $53.50 from pot
*** SUMMARY ***
Total pot $54 | Rake $0.50
Board [8c Jc 7h 2h Jd]
Seat 1: Rus29APX (big blind) mucked
Seat 2: Kosova1968 (button) (small blind) showed [Tc Js] and won ($53.50) with three of a kind, Jacks


PokerStars Hand #145781271881:  Hold'em Limit ($3/$6 USD) - 2015/12/23 3:57:04 ET
Table 'Solstice' 2-max Seat #1 is the button
Seat 1: Rus29APX ($226.63 in chips)
Seat 2: Kosova1968 ($119.80 in chips)
Rus29APX: posts small blind $1
Kosova1968: posts big blind $3
*** HOLE CARDS ***
Rus29APX: raises $3 to $6
Kosova1968: calls $3
*** FLOP *** [Ts Th 2s]
Kosova1968: checks
Rus29APX: bets $3
Kosova1968: raises $3 to $6
Rus29APX: calls $3
*** TURN *** [Ts Th 2s] [9h]
Kosova1968: checks
Rus29APX: bets $6
Kosova1968: folds
Uncalled bet ($6) returned to Rus29APX
Rus29APX collected $23.52 from pot
Rus29APX: doesn't show hand
*** SUMMARY ***
Total pot $24 | Rake $0.48
Board [Ts Th 2s 9h]
Seat 1: Rus29APX (button) (small blind) collected ($23.52)
Seat 2: Kosova1968 (big blind) folded on the Turn


PokerStars Hand #145781283593:  Hold'em Limit ($3/$6 USD) - 2015/12/23 3:57:44 ET
Table 'Solstice' 2-max Seat #2 is the button
Seat 1: Rus29APX ($238.15 in chips)
Seat 2: Kosova1968 ($107.80 in chips)
Kosova1968: posts small blind $1
Rus29APX: posts big blind $3
*** HOLE CARDS ***
Kosova1968: calls $2
Rus29APX: raises $3 to $6
Kosova1968: calls $3
*** FLOP *** [2h 7c Tc]
Rus29APX: bets $3
Kosova1968: raises $3 to $6
Rus29APX: calls $3
*** TURN *** [2h 7c Tc] [6h]
Rus29APX: checks
Kosova1968: bets $6
Rus29APX: folds
Uncalled bet ($6) returned to Kosova1968
Kosova1968 collected $23.52 from pot
Kosova1968: doesn't show hand
*** SUMMARY ***
Total pot $24 | Rake $0.48
Board [2h 7c Tc 6h]
Seat 1: Rus29APX (big blind) folded on the Turn
Seat 2: Kosova1968 (button) (small blind) collected ($23.52)


PokerStars Hand #145781296515:  Hold'em Limit ($3/$6 USD) - 2015/12/23 3:58:28 ET
Table 'Solstice' 2-max Seat #2 is the button
Seat 1: Rus29APX ($217.15 in chips)
Seat 2: Kosova1968 ($127.96 in chips)
Kosova1968: posts small blind $1
Rus29APX: posts big blind $3
*** HOLE CARDS ***
Kosova1968: raises $3 to $6
Rus29APX: calls $3
*** FLOP *** [Td Qs Qd]
Rus29APX: checks
Kosova1968: checks
*** TURN *** [Td Qs Qd] [Jd]
Rus29APX: bets $6
Kosova1968: raises $6 to $12
Rus29APX: calls $6
*** RIVER *** [Td Qs Qd Jd] [6s]
Rus29APX: checks
Kosova1968: bets $6
Rus29APX: calls $6
*** SHOW DOWN ***
Kosova1968: shows [8d 7d] (a flush, Queen high)
Rus29APX: mucks hand
Kosova1968 collected $47.50 from pot
*** SUMMARY ***
Total pot $48 | Rake $0.50
Board [Td Qs Qd Jd 6s]
Seat 1: Rus29APX (big blind) mucked
Seat 2: Kosova1968 (button) (small blind) showed [8d 7d] and won ($47.50) with a flush, Queen high


PokerStars Hand #145781303904:  Hold'em Limit ($3/$6 USD) - 2015/12/23 3:58:53 ET
Table 'Solstice' 2-max Seat #1 is the button
Seat 1: Rus29APX ($193.15 in chips)
Seat 2: Kosova1968 ($151.46 in chips)
Rus29APX: posts small blind $1
Kosova1968: posts big blind $3
*** HOLE CARDS ***
Rus29APX: folds
Uncalled bet ($2) returned to Kosova1968
Kosova1968 collected $2 from pot
Kosova1968: doesn't show hand
*** SUMMARY ***
Total pot $2 | Rake $0
Seat 1: Rus29APX (button) (small blind) folded before Flop
Seat 2: Kosova1968 (big blind) collected ($2)


PokerStars Hand #145781290480:  Hold'em Limit ($3/$6 USD) - 2015/12/23 3:58:07 ET
Table 'Solstice' 2-max Seat #1 is the button
Seat 1: Rus29APX ($226.15 in chips)
Seat 2: Kosova1968 ($119.32 in chips)
Rus29APX: posts small blind $1
Kosova1968: posts big blind $3
*** HOLE CARDS ***
Rus29APX: raises $3 to $6
Kosova1968: calls $3
*** FLOP *** [Ah Jh 2c]
Kosova1968: checks
Rus29APX: bets $3
Kosova1968: calls $3
*** TURN *** [Ah Jh 2c] [4s]
Kosova1968: checks
Rus29APX: checks
*** RIVER *** [Ah Jh 2c 4s] [3c]
Kosova1968: bets $6
Rus29APX: folds
Uncalled bet ($6) returned to Kosova1968
Kosova1968 collected $17.64 from pot
Kosova1968: doesn't show hand
*** SUMMARY ***
Total pot $18 | Rake $0.36
Board [Ah Jh 2c 4s 3c]
Seat 1: Rus29APX (button) (small blind) folded on the River
Seat 2: Kosova1968 (big blind) collected ($17.64)


PokerStars Hand #145781305344:  Hold'em Limit ($3/$6 USD) - 2015/12/23 3:58:58 ET
Table 'Solstice' 2-max Seat #2 is the button
Seat 1: Rus29APX ($192.15 in chips)
Seat 2: Kosova1968 ($152.46 in chips)
Kosova1968: posts small blind $1
Rus29APX: posts big blind $3
*** HOLE CARDS ***
Kosova1968: raises $3 to $6
Rus29APX: calls $3
*** FLOP *** [2c 4s 3h]
Rus29APX: bets $3
Kosova1968: calls $3
*** TURN *** [2c 4s 3h] [2h]
Rus29APX: bets $6
Kosova1968: calls $6
*** RIVER *** [2c 4s 3h 2h] [Ac]
Rus29APX: bets $6
Kosova1968: raises $6 to $12
Rus29APX: calls $6
*** SHOW DOWN ***
Kosova1968: shows [Kc As] (two pair, Aces and Deuces)
Rus29APX: mucks hand
Kosova1968 collected $53.50 from pot
*** SUMMARY ***
Total pot $54 | Rake $0.50
Board [2c 4s 3h 2h Ac]
Seat 1: Rus29APX (big blind) mucked
Seat 2: Kosova1968 (button) (small blind) showed [Kc As] and won ($53.50) with two pair, Aces and Deuces


PokerStars Hand #145781311670:  Hold'em Limit ($3/$6 USD) - 2015/12/23 3:59:20 ET
Table 'Solstice' 2-max Seat #1 is the button
Seat 1: Rus29APX ($165.15 in chips)
Seat 2: Kosova1968 ($178.96 in chips)
Rus29APX: posts small blind $1
Kosova1968: posts big blind $3
*** HOLE CARDS ***
Rus29APX: raises $3 to $6
Kosova1968: calls $3
*** FLOP *** [2c Js 9d]
Kosova1968: bets $3
Rus29APX: raises $3 to $6
Kosova1968: calls $3
*** TURN *** [2c Js 9d] [8d]
Kosova1968: checks
Rus29APX: bets $6
Kosova1968: calls $6
*** RIVER *** [2c Js 9d 8d] [Jd]
Kosova1968: checks
Rus29APX: bets $6
Kosova1968: folds
Uncalled bet ($6) returned to Rus29APX
Rus29APX collected $35.50 from pot
Rus29APX: doesn't show hand
*** SUMMARY ***
Total pot $36 | Rake $0.50
Board [2c Js 9d 8d Jd]
Seat 1: Rus29APX (button) (small blind) collected ($35.50)
Seat 2: Kosova1968 (big blind) folded on the River


PokerStars Hand #145781320648:  Hold'em Limit ($3/$6 USD) - 2015/12/23 3:59:50 ET
Table 'Solstice' 2-max Seat #2 is the button
Seat 1: Rus29APX ($182.65 in chips)
Seat 2: Kosova1968 ($160.96 in chips)
Kosova1968: posts small blind $1
Rus29APX: posts big blind $3
*** HOLE CARDS ***
Kosova1968: raises $3 to $6
Rus29APX: folds
Uncalled bet ($3) returned to Kosova1968
Kosova1968 collected $6 from pot
*** SUMMARY ***
Total pot $6 | Rake $0
Seat 1: Rus29APX (big blind) folded before Flop
Seat 2: Kosova1968 (button) (small blind) collected ($6)


PokerStars Hand #145781328046:  Hold'em Limit ($3/$6 USD) - 2015/12/23 4:00:08 ET
Table 'Solstice' 2-max Seat #2 is the button
Seat 1: Rus29APX ($182.65 in chips)
Seat 2: Kosova1968 ($160.96 in chips)
Kosova1968: posts small blind $1
Rus29APX: posts big blind $3
*** HOLE CARDS ***
Kosova1968: raises $3 to $6
Rus29APX: folds
Uncalled bet ($3) returned to Kosova1968
Kosova1968 collected $6 from pot
Kosova1968: doesn't show hand
*** SUMMARY ***
Total pot $6 | Rake $0
Seat 1: Rus29APX (big blind) folded before Flop
Seat 2: Kosova1968 (button) (small blind) collected ($6)


PokerStars Hand #145781325894:  Hold'em Limit ($3/$6 USD) - 2015/12/23 4:00:01 ET
Table 'Solstice' 2-max Seat #1 is the button
Seat 1: Rus29APX ($179.65 in chips)
Seat 2: Kosova1968 ($163.96 in chips)
Rus29APX: posts small blind $1
Kosova1968: posts big blind $3
*** HOLE CARDS ***
Rus29APX: raises $3 to $6
Kosova1968: folds
Uncalled bet ($3) returned to Rus29APX
Rus29APX collected $6 from pot
Rus29APX: doesn't show hand
*** SUMMARY ***
Total pot $6 | Rake $0
Seat 1: Rus29APX (button) (small blind) collected ($6)
Seat 2: Kosova1968 (big blind) folded before Flop


PokerStars Hand #145781329755:  Hold'em Limit ($3/$6 USD) - 2015/12/23 4:00:13 ET
Table 'Solstice' 2-max Seat #1 is the button
Seat 1: Rus29APX ($179.65 in chips)
Seat 2: Kosova1968 ($163.96 in chips)
Rus29APX: posts small blind $1
Kosova1968: posts big blind $3
*** HOLE CARDS ***
Rus29APX: raises $3 to $6
Kosova1968: calls $3
*** FLOP *** [8h Kc As]
Kosova1968: checks
Rus29APX: bets $3
Kosova1968: calls $3
*** TURN *** [8h Kc As] [7s]
Kosova1968: checks
Rus29APX: checks
*** RIVER *** [8h Kc As 7s] [3d]
Kosova1968: bets $6
Rus29APX: calls $6
*** SHOW DOWN ***
Kosova1968: shows [5d Jd] (high card Ace)
Rus29APX: shows [8d Ts] (a pair of Eights)
Rus29APX collected $29.50 from pot
*** SUMMARY ***
Total pot $30 | Rake $0.50
Board [8h Kc As 7s 3d]
Seat 1: Rus29APX (button) (small blind) showed [8d Ts] and won ($29.50) with a pair of Eights
Seat 2: Kosova1968 (big blind) showed [5d Jd] and lost with high card Ace


PokerStars Hand #145781344403:  Hold'em Limit ($3/$6 USD) - 2015/12/23 4:00:56 ET
Table 'Solstice' 2-max Seat #1 is the button
Seat 1: Rus29APX ($199.91 in chips)
Seat 2: Kosova1968 ($142.96 in chips)
Rus29APX: posts small blind $1
Kosova1968: posts big blind $3
*** HOLE CARDS ***
Rus29APX: folds
Uncalled bet ($2) returned to Kosova1968
Kosova1968 collected $2 from pot
Kosova1968: doesn't show hand
*** SUMMARY ***
Total pot $2 | Rake $0
Seat 1: Rus29APX (button) (small blind) folded before Flop
Seat 2: Kosova1968 (big blind) collected ($2)


PokerStars Hand #145781335091:  Hold'em Limit ($3/$6 USD) - 2015/12/23 4:00:30 ET
Table 'Solstice' 2-max Seat #2 is the button
Seat 1: Rus29APX ($194.15 in chips)
Seat 2: Kosova1968 ($148.96 in chips)
Kosova1968: posts small blind $1
Rus29APX: posts big blind $3
*** HOLE CARDS ***
Kosova1968: raises $3 to $6
Rus29APX: calls $3
*** FLOP *** [Kh 6d 3s]
Rus29APX: checks
Kosova1968: checks
*** TURN *** [Kh 6d 3s] [Jd]
Rus29APX: checks
Kosova1968: checks
*** RIVER *** [Kh 6d 3s Jd] [7d]
Rus29APX: bets $6
Kosova1968: folds
Uncalled bet ($6) returned to Rus29APX
Rus29APX collected $11.76 from pot
Rus29APX: doesn't show hand
*** SUMMARY ***
Total pot $12 | Rake $0.24
Board [Kh 6d 3s Jd 7d]
Seat 1: Rus29APX (big blind) collected ($11.76)
Seat 2: Kosova1968 (button) (small blind) folded on the River


PokerStars Hand #145781346321:  Hold'em Limit ($3/$6 USD) - 2015/12/23 4:01:02 ET
Table 'Solstice' 2-max Seat #2 is the button
Seat 1: Rus29APX ($198.91 in chips)
Seat 2: Kosova1968 ($143.96 in chips)
Kosova1968: posts small blind $1
Rus29APX: posts big blind $3
*** HOLE CARDS ***
Kosova1968: calls $2
Rus29APX: checks
*** FLOP *** [4d Jd Js]
Rus29APX: checks
Kosova1968: checks
*** TURN *** [4d Jd Js] [Th]
Rus29APX: checks
Kosova1968: bets $6
Rus29APX: folds
Uncalled bet ($6) returned to Kosova1968
Kosova1968 collected $5.88 from pot
Kosova1968: doesn't show hand
*** SUMMARY ***
Total pot $6 | Rake $0.12
Board [4d Jd Js Th]
Seat 1: Rus29APX (big blind) folded on the Turn
Seat 2: Kosova1968 (button) (small blind) collected ($5.88)


PokerStars Hand #145781354177:  Hold'em Limit ($3/$6 USD) - 2015/12/23 4:01:23 ET
Table 'Solstice' 2-max Seat #1 is the button
Seat 1: Rus29APX ($195.91 in chips)
Seat 2: Kosova1968 ($146.84 in chips)
Rus29APX: posts small blind $1
Kosova1968: posts big blind $3
*** HOLE CARDS ***
Rus29APX: folds
Uncalled bet ($2) returned to Kosova1968
Kosova1968 collected $2 from pot
Kosova1968: doesn't show hand
*** SUMMARY ***
Total pot $2 | Rake $0
Seat 1: Rus29APX (button) (small blind) folded before Flop
Seat 2: Kosova1968 (big blind) collected ($2)


PokerStars Hand #145781355893:  Hold'em Limit ($3/$6 USD) - 2015/12/23 4:01:28 ET
Table 'Solstice' 2-max Seat #2 is the button
Seat 1: Rus29APX ($194.91 in chips)
Seat 2: Kosova1968 ($147.84 in chips)
Kosova1968: posts small blind $1
Rus29APX: posts big blind $3
*** HOLE CARDS ***
Kosova1968: raises $3 to $6
Rus29APX: calls $3
*** FLOP *** [9s 9d 2c]
Rus29APX: checks
Kosova1968: checks
*** TURN *** [9s 9d 2c] [Th]
Rus29APX: bets $6
Kosova1968: calls $6
*** RIVER *** [9s 9d 2c Th] [3s]
Rus29APX: bets $6
Kosova1968: calls $6
*** SHOW DOWN ***
Rus29APX: shows [9c 6d] (three of a kind, Nines)
Kosova1968: mucks hand
Rus29APX collected $35.50 from pot
*** SUMMARY ***
Total pot $36 | Rake $0.50
Board [9s 9d 2c Th 3s]
Seat 1: Rus29APX (big blind) showed [9c 6d] and won ($35.50) with three of a kind, Nines
Seat 2: Kosova1968 (button) (small blind) mucked


PokerStars Hand #145781365491:  Hold'em Limit ($3/$6 USD) - 2015/12/23 4:01:53 ET
Table 'Solstice' 2-max Seat #1 is the button
Seat 1: Rus29APX ($212.41 in chips)
Seat 2: Kosova1968 ($129.84 in chips)
Rus29APX: posts small blind $1
Kosova1968: posts big blind $3
*** HOLE CARDS ***
Rus29APX: raises $3 to $6
Kosova1968: calls $3
*** FLOP *** [7d 2s 6s]
Kosova1968: checks
Rus29APX: bets $3
Kosova1968: calls $3
*** TURN *** [7d 2s 6s] [8d]
Kosova1968: checks
Rus29APX: checks
*** RIVER *** [7d 2s 6s 8d] [4s]
Kosova1968: checks
Rus29APX: checks
*** SHOW DOWN ***
Kosova1968: shows [Jc 4c] (a pair of Fours)
Rus29APX: mucks hand
Kosova1968 collected $17.64 from pot
*** SUMMARY ***
Total pot $18 | Rake $0.36
Board [7d 2s 6s 8d 4s]
Seat 1: Rus29APX (button) (small blind) mucked
Seat 2: Kosova1968 (big blind) showed [Jc 4c] and won ($17.64) with a pair of Fours


PokerStars Hand #145781372887:  Hold'em Limit ($3/$6 USD) - 2015/12/23 4:02:13 ET
Table 'Solstice' 2-max Seat #2 is the button
Seat 1: Rus29APX ($203.41 in chips)
Seat 2: Kosova1968 ($138.48 in chips)
Kosova1968: posts small blind $1
Rus29APX: posts big blind $3
*** HOLE CARDS ***
Kosova1968: folds
Uncalled bet ($2) returned to Rus29APX
Rus29APX collected $2 from pot
Rus29APX: doesn't show hand
*** SUMMARY ***
Total pot $2 | Rake $0
Seat 1: Rus29APX (big blind) collected ($2)
Seat 2: Kosova1968 (button) (small blind) folded before Flop


PokerStars Hand #145781374773:  Hold'em Limit ($3/$6 USD) - 2015/12/23 4:02:18 ET
Table 'Solstice' 2-max Seat #1 is the button
Seat 1: Rus29APX ($204.41 in chips)
Seat 2: Kosova1968 ($137.48 in chips)
Rus29APX: posts small blind $1
Kosova1968: posts big blind $3
*** HOLE CARDS ***
Rus29APX: raises $3 to $6
Kosova1968: raises $3 to $9
Rus29APX: calls $3
*** FLOP *** [7s Ac Ts]
Kosova1968: bets $3
Rus29APX: folds
Uncalled bet ($3) returned to Kosova1968
Kosova1968 collected $17.64 from pot
Kosova1968: doesn't show hand
*** SUMMARY ***
Total pot $18 | Rake $0.36
Board [7s Ac Ts]
Seat 1: Rus29APX (button) (small blind) folded on the Flop
Seat 2: Kosova1968 (big blind) collected ($17.64)


PokerStars Hand #145781382221:  Hold'em Limit ($3/$6 USD) - 2015/12/23 4:02:38 ET
Table 'Solstice' 2-max Seat #1 is the button
Seat 1: Rus29APX ($192.41 in chips)
Seat 2: Kosova1968 ($149.12 in chips)
Rus29APX: posts small blind $1
Kosova1968: posts big blind $3
*** HOLE CARDS ***
Rus29APX: raises $3 to $6
Kosova1968: folds
Uncalled bet ($3) returned to Rus29APX
Rus29APX collected $6 from pot
Rus29APX: doesn't show hand
*** SUMMARY ***
Total pot $6 | Rake $0
Seat 1: Rus29APX (button) (small blind) collected ($6)
Seat 2: Kosova1968 (big blind) folded before Flop


PokerStars Hand #145781379665:  Hold'em Limit ($3/$6 USD) - 2015/12/23 4:02:31 ET
Table 'Solstice' 2-max Seat #2 is the button
Seat 1: Rus29APX ($195.41 in chips)
Seat 2: Kosova1968 ($146.12 in chips)
Kosova1968: posts small blind $1
Rus29APX: posts big blind $3
*** HOLE CARDS ***
Kosova1968: raises $3 to $6
Rus29APX: folds
Uncalled bet ($3) returned to Kosova1968
Kosova1968 collected $6 from pot
Kosova1968: doesn't show hand
*** SUMMARY ***
Total pot $6 | Rake $0
Seat 1: Rus29APX (big blind) folded before Flop
Seat 2: Kosova1968 (button) (small blind) collected ($6)


PokerStars Hand #145781390569:  Hold'em Limit ($3/$6 USD) - 2015/12/23 4:02:59 ET
Table 'Solstice' 2-max Seat #1 is the button
Seat 1: Rus29APX ($189.41 in chips)
Seat 2: Kosova1968 ($151.88 in chips)
Rus29APX: posts small blind $1
Kosova1968: posts big blind $3
*** HOLE CARDS ***
Rus29APX: folds
Uncalled bet ($2) returned to Kosova1968
Kosova1968 collected $2 from pot
Kosova1968: doesn't show hand
*** SUMMARY ***
Total pot $2 | Rake $0
Seat 1: Rus29APX (button) (small blind) folded before Flop
Seat 2: Kosova1968 (big blind) collected ($2)


PokerStars Hand #145781384474:  Hold'em Limit ($3/$6 USD) - 2015/12/23 4:02:44 ET
Table 'Solstice' 2-max Seat #2 is the button
Seat 1: Rus29APX ($195.41 in chips)
Seat 2: Kosova1968 ($146.12 in chips)
Kosova1968: posts small blind $1
Rus29APX: posts big blind $3
*** HOLE CARDS ***
Kosova1968: raises $3 to $6
Rus29APX: calls $3
*** FLOP *** [2s 5h As]
Rus29APX: checks
Kosova1968: checks
*** TURN *** [2s 5h As] [Qh]
Rus29APX: checks
Kosova1968: bets $6
Rus29APX: folds
Uncalled bet ($6) returned to Kosova1968
Kosova1968 collected $11.76 from pot
Kosova1968: doesn't show hand
*** SUMMARY ***
Total pot $12 | Rake $0.24
Board [2s 5h As Qh]
Seat 1: Rus29APX (big blind) folded on the Turn
Seat 2: Kosova1968 (button) (small blind) collected ($11.76)


PokerStars Hand #145781392215:  Hold'em Limit ($3/$6 USD) - 2015/12/23 4:03:04 ET
Table 'Solstice' 2-max Seat #2 is the button
Seat 1: Rus29APX ($188.41 in chips)
Seat 2: Kosova1968 ($152.88 in chips)
Kosova1968: posts small blind $1
Rus29APX: posts big blind $3
*** HOLE CARDS ***
Kosova1968: raises $3 to $6
Rus29APX: raises $3 to $9
Kosova1968: calls $3
*** FLOP *** [Ad Th 3d]
Rus29APX: bets $3
Kosova1968: raises $3 to $6
Rus29APX: calls $3
*** TURN *** [Ad Th 3d] [Jh]
Rus29APX: checks
Kosova1968: bets $6
Rus29APX: calls $6
*** RIVER *** [Ad Th 3d Jh] [5d]
Rus29APX: checks
Kosova1968: bets $6
Rus29APX: folds
Uncalled bet ($6) returned to Kosova1968
Kosova1968 collected $41.50 from pot
Kosova1968: doesn't show hand
*** SUMMARY ***
Total pot $42 | Rake $0.50
Board [Ad Th 3d Jh 5d]
Seat 1: Rus29APX (big blind) folded on the River
Seat 2: Kosova1968 (button) (small blind) collected ($41.50)


PokerStars Hand #145781401338:  Hold'em Limit ($3/$6 USD) - 2015/12/23 4:03:26 ET
Table 'Solstice' 2-max Seat #1 is the button
Seat 1: Rus29APX ($167.41 in chips)
Seat 2: Kosova1968 ($173.38 in chips)
Rus29APX: posts small blind $1
Kosova1968: posts big blind $3
*** HOLE CARDS ***
Rus29APX: raises $3 to $6
Kosova1968: calls $3
*** FLOP *** [9c Ac Qc]
Kosova1968: checks
Rus29APX: bets $3
Kosova1968: raises $3 to $6
Rus29APX: raises $3 to $9
Kosova1968: calls $3
*** TURN *** [9c Ac Qc] [9h]
Kosova1968: bets $6
Rus29APX: calls $6
*** RIVER *** [9c Ac Qc 9h] [Jh]
Kosova1968: bets $6
Rus29APX: calls $6
*** SHOW DOWN ***
Kosova1968: shows [As Th] (two pair, Aces and Nines)
Rus29APX: shows [Ah 8s] (two pair, Aces and Nines)
Kosova1968 collected $26.75 from pot
Rus29APX collected $26.75 from pot
*** SUMMARY ***
Total pot $54 | Rake $0.50
Board [9c Ac Qc 9h Jh]
Seat 1: Rus29APX (button) (small blind) showed [Ah 8s] and won ($26.75) with two pair, Aces and Nines
Seat 2: Kosova1968 (big blind) showed [As Th] and won ($26.75) with two pair, Aces and Nines


PokerStars Hand #145781410033:  Hold'em Limit ($3/$6 USD) - 2015/12/23 4:03:49 ET
Table 'Solstice' 2-max Seat #2 is the button
Seat 1: Rus29APX ($167.16 in chips)
Seat 2: Kosova1968 ($173.13 in chips)
Kosova1968: posts small blind $1
Rus29APX: posts big blind $3
*** HOLE CARDS ***
Kosova1968: raises $3 to $6
Rus29APX: calls $3
*** FLOP *** [4h 3c 2h]
Rus29APX: checks
Kosova1968: checks
*** TURN *** [4h 3c 2h] [Kc]
Rus29APX: checks
Kosova1968: bets $6
Rus29APX: folds
Uncalled bet ($6) returned to Kosova1968
Kosova1968 collected $11.76 from pot
Kosova1968: doesn't show hand
*** SUMMARY ***
Total pot $12 | Rake $0.24
Board [4h 3c 2h Kc]
Seat 1: Rus29APX (big blind) folded on the Turn
Seat 2: Kosova1968 (button) (small blind) collected ($11.76)


PokerStars Hand #145781417147:  Hold'em Limit ($3/$6 USD) - 2015/12/23 4:04:08 ET
Table 'Solstice' 2-max Seat #1 is the button
Seat 1: Rus29APX ($161.16 in chips)
Seat 2: Kosova1968 ($178.89 in chips)
Rus29APX: posts small blind $1
Kosova1968: posts big blind $3
*** HOLE CARDS ***
Rus29APX: raises $3 to $6
Kosova1968: calls $3
*** FLOP *** [2d 6h 4s]
Kosova1968: checks
Rus29APX: checks
*** TURN *** [2d 6h 4s] [Qd]
Kosova1968: bets $6
Rus29APX: folds
Uncalled bet ($6) returned to Kosova1968
Kosova1968 collected $11.76 from pot
Kosova1968: doesn't show hand
*** SUMMARY ***
Total pot $12 | Rake $0.24
Board [2d 6h 4s Qd]
Seat 1: Rus29APX (button) (small blind) folded on the Turn
Seat 2: Kosova1968 (big blind) collected ($11.76)


PokerStars Hand #145781422034:  Hold'em Limit ($3/$6 USD) - 2015/12/23 4:04:21 ET
Table 'Solstice' 2-max Seat #2 is the button
Seat 1: Rus29APX ($155.16 in chips)
Seat 2: Kosova1968 ($184.65 in chips)
Kosova1968: posts small blind $1
Rus29APX: posts big blind $3
*** HOLE CARDS ***
Kosova1968: raises $3 to $6
Rus29APX: folds
Uncalled bet ($3) returned to Kosova1968
Kosova1968 collected $6 from pot
Kosova1968: doesn't show hand
*** SUMMARY ***
Total pot $6 | Rake $0
Seat 1: Rus29APX (big blind) folded before Flop
Seat 2: Kosova1968 (button) (small blind) collected ($6)


PokerStars Hand #145781424135:  Hold'em Limit ($3/$6 USD) - 2015/12/23 4:04:26 ET
Table 'Solstice' 2-max Seat #1 is the button
Seat 1: Rus29APX ($152.16 in chips)
Seat 2: Kosova1968 ($187.65 in chips)
Rus29APX: posts small blind $1
Kosova1968: posts big blind $3
*** HOLE CARDS ***
Rus29APX: raises $3 to $6
Kosova1968: calls $3
*** FLOP *** [Ks Kd 9h]
Kosova1968: bets $3
Rus29APX: folds
Uncalled bet ($3) returned to Kosova1968
Kosova1968 collected $11.76 from pot
Kosova1968: doesn't show hand
*** SUMMARY ***
Total pot $12 | Rake $0.24
Board [Ks Kd 9h]
Seat 1: Rus29APX (button) (small blind) folded on the Flop
Seat 2: Kosova1968 (big blind) collected ($11.76)


PokerStars Hand #145781427887:  Hold'em Limit ($3/$6 USD) - 2015/12/23 4:04:36 ET
Table 'Solstice' 2-max Seat #2 is the button
Seat 1: Rus29APX ($146.16 in chips)
Seat 2: Kosova1968 ($193.41 in chips)
Kosova1968: posts small blind $1
Rus29APX: posts big blind $3
*** HOLE CARDS ***
Kosova1968: raises $3 to $6
Rus29APX: calls $3
*** FLOP *** [5s Jh 2d]
Rus29APX: bets $3
Kosova1968: raises $3 to $6
Rus29APX: raises $3 to $9
Kosova1968: calls $3
*** TURN *** [5s Jh 2d] [Th]
Rus29APX: bets $6
Kosova1968: calls $6
*** RIVER *** [5s Jh 2d Th] [Qs]
Rus29APX: bets $6
Kosova1968: folds
Uncalled bet ($6) returned to Rus29APX
Rus29APX collected $41.50 from pot
Rus29APX: doesn't show hand
*** SUMMARY ***
Total pot $42 | Rake $0.50
Board [5s Jh 2d Th Qs]
Seat 1: Rus29APX (big blind) collected ($41.50)
Seat 2: Kosova1968 (button) (small blind) folded on the River


PokerStars Hand #145781439644:  Hold'em Limit ($3/$6 USD) - 2015/12/23 4:05:07 ET
Table 'Solstice' 2-max Seat #1 is the button
Seat 1: Rus29APX ($166.66 in chips)
Seat 2: Kosova1968 ($172.41 in chips)
Rus29APX: posts small blind $1
Kosova1968: posts big blind $3
*** HOLE CARDS ***
Rus29APX: raises $3 to $6
Kosova1968: calls $3
*** FLOP *** [Ks Td Ah]
Kosova1968: checks
Rus29APX: checks
*** TURN *** [Ks Td Ah] [Ad]
Kosova1968: checks
Rus29APX: checks
*** RIVER *** [Ks Td Ah Ad] [Kd]
Kosova1968: checks
Rus29APX: bets $6
Kosova1968: calls $6
*** SHOW DOWN ***
Rus29APX: shows [Jd 9d] (a flush, Ace high)
Kosova1968: mucks hand
Rus29APX collected $23.52 from pot
*** SUMMARY ***
Total pot $24 | Rake $0.48
Board [Ks Td Ah Ad Kd]
Seat 1: Rus29APX (button) (small blind) showed [Jd 9d] and won ($23.52) with a flush, Ace high
Seat 2: Kosova1968 (big blind) mucked


PokerStars Hand #145781448043:  Hold'em Limit ($3/$6 USD) - 2015/12/23 4:05:29 ET
Table 'Solstice' 2-max Seat #2 is the button
Seat 1: Rus29APX ($178.18 in chips)
Seat 2: Kosova1968 ($160.41 in chips)
Kosova1968: posts small blind $1
Rus29APX: posts big blind $3
*** HOLE CARDS ***
Kosova1968: raises $3 to $6
Rus29APX: calls $3
*** FLOP *** [2d Kc 2c]
Rus29APX: checks
Kosova1968: bets $3
Rus29APX: folds
Uncalled bet ($3) returned to Kosova1968
Kosova1968 collected $11.76 from pot
Kosova1968: doesn't show hand
*** SUMMARY ***
Total pot $12 | Rake $0.24
Board [2d Kc 2c]
Seat 1: Rus29APX (big blind) folded on the Flop
Seat 2: Kosova1968 (button) (small blind) collected ($11.76)


PokerStars Hand #145781452715:  Hold'em Limit ($3/$6 USD) - 2015/12/23 4:05:41 ET
Table 'Solstice' 2-max Seat #1 is the button
Seat 1: Rus29APX ($172.18 in chips)
Seat 2: Kosova1968 ($166.17 in chips)
Rus29APX: posts small blind $1
Kosova1968: posts big blind $3
*** HOLE CARDS ***
Rus29APX: raises $3 to $6
Kosova1968: calls $3
*** FLOP *** [5s Th 9s]
Kosova1968: checks
Rus29APX: bets $3
Kosova1968: calls $3
*** TURN *** [5s Th 9s] [Qh]
Kosova1968: checks
Rus29APX: bets $6
Kosova1968: raises $6 to $12
Rus29APX: calls $6
*** RIVER *** [5s Th 9s Qh] [Jh]
Kosova1968: bets $6
Rus29APX: raises $6 to $12
Kosova1968: calls $6
*** SHOW DOWN ***
Rus29APX: shows [9c 8s] (a straight, Eight to Queen)
Kosova1968: mucks hand
Rus29APX collected $65.50 from pot
*** SUMMARY ***
Total pot $66 | Rake $0.50
Board [5s Th 9s Qh Jh]
Seat 1: Rus29APX (button) (small blind) showed [9c 8s] and won ($65.50) with a straight, Eight to Queen
Seat 2: Kosova1968 (big blind) mucked


PokerStars Hand #145781464646:  Hold'em Limit ($3/$6 USD) - 2015/12/23 4:06:12 ET
Table 'Solstice' 2-max Seat #2 is the button
Seat 1: Rus29APX ($204.68 in chips)
Seat 2: Kosova1968 ($133.17 in chips)
Kosova1968: posts small blind $1
Rus29APX: posts big blind $3
*** HOLE CARDS ***
Kosova1968: folds
Uncalled bet ($2) returned to Rus29APX
Rus29APX collected $2 from pot
Rus29APX: doesn't show hand
*** SUMMARY ***
Total pot $2 | Rake $0
Seat 1: Rus29APX (big blind) collected ($2)
Seat 2: Kosova1968 (button) (small blind) folded before Flop


PokerStars Hand #145781466636:  Hold'em Limit ($3/$6 USD) - 2015/12/23 4:06:17 ET
Table 'Solstice' 2-max Seat #1 is the button
Seat 1: Rus29APX ($205.68 in chips)
Seat 2: Kosova1968 ($132.17 in chips)
Rus29APX: posts small blind $1
Kosova1968: posts big blind $3
*** HOLE CARDS ***
Rus29APX: raises $3 to $6
Kosova1968: calls $3
*** FLOP *** [5d 4s Qs]
Kosova1968: bets $3
Rus29APX: raises $3 to $6
Kosova1968: calls $3
*** TURN *** [5d 4s Qs] [3c]
Kosova1968: checks
Rus29APX: bets $6
Kosova1968: raises $6 to $12
Rus29APX: raises $6 to $18
Kosova1968: folds
Uncalled bet ($6) returned to Rus29APX
Rus29APX collected $47.50 from pot
Rus29APX: doesn't show hand
*** SUMMARY ***
Total pot $48 | Rake $0.50
Board [5d 4s Qs 3c]
Seat 1: Rus29APX (button) (small blind) collected ($47.50)
Seat 2: Kosova1968 (big blind) folded on the Turn


PokerStars Hand #145781476250:  Hold'em Limit ($3/$6 USD) - 2015/12/23 4:06:42 ET
Table 'Solstice' 2-max Seat #2 is the button
Seat 1: Rus29APX ($229.18 in chips)
Seat 2: Kosova1968 ($108.17 in chips)
Kosova1968: posts small blind $1
Rus29APX: posts big blind $3
*** HOLE CARDS ***
Kosova1968: folds
Uncalled bet ($2) returned to Rus29APX
Rus29APX collected $2 from pot
Rus29APX: doesn't show hand
*** SUMMARY ***
Total pot $2 | Rake $0
Seat 1: Rus29APX (big blind) collected ($2)
Seat 2: Kosova1968 (button) (small blind) folded before Flop


PokerStars Hand #145781478052:  Hold'em Limit ($3/$6 USD) - 2015/12/23 4:06:47 ET
Table 'Solstice' 2-max Seat #1 is the button
Seat 1: Rus29APX ($230.18 in chips)
Seat 2: Kosova1968 ($107.17 in chips)
Rus29APX: posts small blind $1
Kosova1968: posts big blind $3
*** HOLE CARDS ***
Rus29APX: raises $3 to $6
Kosova1968: calls $3
*** FLOP *** [4h Jh 2c]
Kosova1968: checks
Rus29APX: bets $3
Kosova1968: calls $3
*** TURN *** [4h Jh 2c] [8s]
Kosova1968: checks
Rus29APX: checks
*** RIVER *** [4h Jh 2c 8s] [5s]
Kosova1968: bets $6
Rus29APX: calls $6
*** SHOW DOWN ***
Kosova1968: shows [Ks 4s] (a pair of Fours)
Rus29APX: mucks hand
Kosova1968 collected $29.50 from pot
*** SUMMARY ***
Total pot $30 | Rake $0.50
Board [4h Jh 2c 8s 5s]
Seat 1: Rus29APX (button) (small blind) mucked
Seat 2: Kosova1968 (big blind) showed [Ks 4s] and won ($29.50) with a pair of Fours


PokerStars Hand #145781489544:  Hold'em Limit ($3/$6 USD) - 2015/12/23 4:07:17 ET
Table 'Solstice' 2-max Seat #1 is the button
Seat 1: Rus29APX ($216.18 in chips)
Seat 2: Kosova1968 ($120.67 in chips)
Rus29APX: posts small blind $1
Kosova1968: posts big blind $3
*** HOLE CARDS ***
Rus29APX: folds
Uncalled bet ($2) returned to Kosova1968
Kosova1968 collected $2 from pot
Kosova1968: doesn't show hand
*** SUMMARY ***
Total pot $2 | Rake $0
Seat 1: Rus29APX (button) (small blind) folded before Flop
Seat 2: Kosova1968 (big blind) collected ($2)


PokerStars Hand #145781487327:  Hold'em Limit ($3/$6 USD) - 2015/12/23 4:07:11 ET
Table 'Solstice' 2-max Seat #2 is the button
Seat 1: Rus29APX ($215.18 in chips)
Seat 2: Kosova1968 ($121.67 in chips)
Kosova1968: posts small blind $1
Rus29APX: posts big blind $3
*** HOLE CARDS ***
Kosova1968: folds
Uncalled bet ($2) returned to Rus29APX
Rus29APX collected $2 from pot
Rus29APX: doesn't show hand
*** SUMMARY ***
Total pot $2 | Rake $0
Seat 1: Rus29APX (big blind) collected ($2)
Seat 2: Kosova1968 (button) (small blind) folded before Flop


PokerStars Hand #145781491240:  Hold'em Limit ($3/$6 USD) - 2015/12/23 4:07:21 ET
Table 'Solstice' 2-max Seat #2 is the button
Seat 1: Rus29APX ($215.18 in chips)
Seat 2: Kosova1968 ($121.67 in chips)
Kosova1968: posts small blind $1
Rus29APX: posts big blind $3
*** HOLE CARDS ***
Kosova1968: folds
Uncalled bet ($2) returned to Rus29APX
Rus29APX collected $2 from pot
Rus29APX: doesn't show hand
*** SUMMARY ***
Total pot $2 | Rake $0
Seat 1: Rus29APX (big blind) collected ($2)
Seat 2: Kosova1968 (button) (small blind) folded before Flop


PokerStars Hand #145781493036:  Hold'em Limit ($3/$6 USD) - 2015/12/23 4:07:26 ET
Table 'Solstice' 2-max Seat #1 is the button
Seat 1: Rus29APX ($216.18 in chips)
Seat 2: Kosova1968 ($120.67 in chips)
Rus29APX: posts small blind $1
Kosova1968: posts big blind $3
*** HOLE CARDS ***
Rus29APX: raises $3 to $6
Kosova1968: calls $3
*** FLOP *** [3d Th 5c]
Kosova1968: checks
Rus29APX: bets $3
Kosova1968: raises $3 to $6
Rus29APX: calls $3
*** TURN *** [3d Th 5c] [Kc]
Kosova1968: checks
Rus29APX: checks
*** RIVER *** [3d Th 5c Kc] [Td]
Kosova1968: bets $6
Rus29APX: calls $6
*** SHOW DOWN ***
Kosova1968: shows [5s 8h] (two pair, Tens and Fives)
Rus29APX: mucks hand
Kosova1968 collected $35.50 from pot
*** SUMMARY ***
Total pot $36 | Rake $0.50
Board [3d Th 5c Kc Td]
Seat 1: Rus29APX (button) (small blind) mucked
Seat 2: Kosova1968 (big blind) showed [5s 8h] and won ($35.50) with two pair, Tens and Fives


PokerStars Hand #145781501099:  Hold'em Limit ($3/$6 USD) - 2015/12/23 4:07:47 ET
Table 'Solstice' 2-max Seat #2 is the button
Seat 1: Rus29APX ($198.18 in chips)
Seat 2: Kosova1968 ($138.17 in chips)
Kosova1968: posts small blind $1
Rus29APX: posts big blind $3
*** HOLE CARDS ***
Kosova1968: raises $3 to $6
Rus29APX: raises $3 to $9
Kosova1968: calls $3
*** FLOP *** [8d 9s 8c]
Rus29APX: bets $3
Kosova1968: calls $3
*** TURN *** [8d 9s 8c] [5d]
Rus29APX: bets $6
Kosova1968: calls $6
*** RIVER *** [8d 9s 8c 5d] [6h]
Rus29APX: checks
Kosova1968: bets $6
Rus29APX: calls $6
*** SHOW DOWN ***
Kosova1968: shows [Ad 6s] (two pair, Eights and Sixes)
Rus29APX: shows [Td Tc] (two pair, Tens and Eights)
Rus29APX collected $47.50 from pot
*** SUMMARY ***
Total pot $48 | Rake $0.50
Board [8d 9s 8c 5d 6h]
Seat 1: Rus29APX (big blind) showed [Td Tc] and won ($47.50) with two pair, Tens and Eights
Seat 2: Kosova1968 (button) (small blind) showed [Ad 6s] and lost with two pair, Eights and Sixes


PokerStars Hand #145781511536:  Hold'em Limit ($3/$6 USD) - 2015/12/23 4:08:14 ET
Table 'Solstice' 2-max Seat #1 is the button
Seat 1: Rus29APX ($221.68 in chips)
Seat 2: Kosova1968 ($114.17 in chips)
Rus29APX: posts small blind $1
Kosova1968: posts big blind $3
*** HOLE CARDS ***
Rus29APX: raises $3 to $6
Kosova1968: calls $3
*** FLOP *** [Js 2h 4d]
Kosova1968: checks
Rus29APX: bets $3
Kosova1968: calls $3
*** TURN *** [Js 2h 4d] [Kc]
Kosova1968: checks
Rus29APX: bets $6
Kosova1968: folds
Uncalled bet ($6) returned to Rus29APX
Rus29APX collected $17.64 from pot
Rus29APX: doesn't show hand
*** SUMMARY ***
Total pot $18 | Rake $0.36
Board [Js 2h 4d Kc]
Seat 1: Rus29APX (button) (small blind) collected ($17.64)
Seat 2: Kosova1968 (big blind) folded on the Turn


PokerStars Hand #145781518209:  Hold'em Limit ($3/$6 USD) - 2015/12/23 4:08:32 ET
Table 'Solstice' 2-max Seat #2 is the button
Seat 1: Rus29APX ($230.32 in chips)
Seat 2: Kosova1968 ($105.17 in chips)
Kosova1968: posts small blind $1
Rus29APX: posts big blind $3
*** HOLE CARDS ***
Kosova1968: raises $3 to $6
Rus29APX: calls $3
*** FLOP *** [7c Th 9s]
Rus29APX: checks
Kosova1968: checks
*** TURN *** [7c Th 9s] [4h]
Rus29APX: checks
Kosova1968: checks
*** RIVER *** [7c Th 9s 4h] [5d]
Rus29APX: checks
Kosova1968: checks
*** SHOW DOWN ***
Rus29APX: shows [2s Jc] (high card Jack)
Kosova1968: shows [Qh 8d] (high card Queen)
Kosova1968 collected $11.76 from pot
*** SUMMARY ***
Total pot $12 | Rake $0.24
Board [7c Th 9s 4h 5d]
Seat 1: Rus29APX (big blind) showed [2s Jc] and lost with high card Jack
Seat 2: Kosova1968 (button) (small blind) showed [Qh 8d] and won ($11.76) with high card Queen


PokerStars Hand #145781525203:  Hold'em Limit ($3/$6 USD) - 2015/12/23 4:08:50 ET
Table 'Solstice' 2-max Seat #1 is the button
Seat 1: Rus29APX ($224.32 in chips)
Seat 2: Kosova1968 ($110.93 in chips)
Rus29APX: posts small blind $1
Kosova1968: posts big blind $3
*** HOLE CARDS ***
Rus29APX: raises $3 to $6
Kosova1968: folds
Uncalled bet ($3) returned to Rus29APX
Rus29APX collected $6 from pot
Rus29APX: doesn't show hand
*** SUMMARY ***
Total pot $6 | Rake $0
Seat 1: Rus29APX (button) (small blind) collected ($6)
Seat 2: Kosova1968 (big blind) folded before Flop


PokerStars Hand #145781536719:  Hold'em Limit ($3/$6 USD) - 2015/12/23 4:09:21 ET
Table 'Solstice' 2-max Seat #1 is the button
Seat 1: Rus29APX ($203.32 in chips)
Seat 2: Kosova1968 ($131.43 in chips)
Rus29APX: posts small blind $1
Kosova1968: posts big blind $3
*** HOLE CARDS ***
Rus29APX: folds
Uncalled bet ($2) returned to Kosova1968
Kosova1968 collected $2 from pot
Kosova1968: doesn't show hand
*** SUMMARY ***
Total pot $2 | Rake $0
Seat 1: Rus29APX (button) (small blind) folded before Flop
Seat 2: Kosova1968 (big blind) collected ($2)


PokerStars Hand #145781527541:  Hold'em Limit ($3/$6 USD) - 2015/12/23 4:08:56 ET
Table 'Solstice' 2-max Seat #2 is the button
Seat 1: Rus29APX ($227.32 in chips)
Seat 2: Kosova1968 ($107.93 in chips)
Kosova1968: posts small blind $1
Rus29APX: posts big blind $3
*** HOLE CARDS ***
Kosova1968: raises $3 to $6
Rus29APX: raises $3 to $9
Kosova1968: calls $3
*** FLOP *** [3h 2d 7h]
Rus29APX: bets $3
Kosova1968: calls $3
*** TURN *** [3h 2d 7h] [Qc]
Rus29APX: bets $6
Kosova1968: calls $6
*** RIVER *** [3h 2d 7h Qc] [9s]
Rus29APX: checks
Kosova1968: bets $6
Rus29APX: calls $6
*** SHOW DOWN ***
Kosova1968: shows [Kh As] (high card Ace)
Rus29APX: mucks hand
Kosova1968 collected $47.50 from pot
*** SUMMARY ***
Total pot $48 | Rake $0.50
Board [3h 2d 7h Qc 9s]
Seat 1: Rus29APX (big blind) mucked
Seat 2: Kosova1968 (button) (small blind) showed [Kh As] and won ($47.50) with high card Ace


PokerStars Hand #145781538519:  Hold'em Limit ($3/$6 USD) - 2015/12/23 4:09:26 ET
Table 'Solstice' 2-max Seat #2 is the button
Seat 1: Rus29APX ($202.32 in chips)
Seat 2: Kosova1968 ($132.43 in chips)
Kosova1968: posts small blind $1
Rus29APX: posts big blind $3
*** HOLE CARDS ***
Kosova1968: raises $3 to $6
Rus29APX: raises $3 to $9
Kosova1968: calls $3
*** FLOP *** [2d Kd Tc]
Rus29APX: bets $3
Kosova1968: calls $3
*** TURN *** [2d Kd Tc] [9h]
Rus29APX: bets $6
Kosova1968: calls $6
*** RIVER *** [2d Kd Tc 9h] [6c]
Rus29APX: checks
Kosova1968: bets $6
Rus29APX: calls $6
*** SHOW DOWN ***
Kosova1968: shows [6h Kh] (two pair, Kings and Sixes)
Rus29APX: mucks hand
Kosova1968 collected $47.50 from pot
*** SUMMARY ***
Total pot $48 | Rake $0.50
Board [2d Kd Tc 9h 6c]
Seat 1: Rus29APX (big blind) mucked
Seat 2: Kosova1968 (button) (small blind) showed [6h Kh] and won ($47.50) with two pair, Kings and Sixes


PokerStars Hand #145781550362:  Hold'em Limit ($3/$6 USD) - 2015/12/23 4:09:57 ET
Table 'Solstice' 2-max Seat #2 is the button
Seat 1: Rus29APX ($177.32 in chips)
Seat 2: Kosova1968 ($156.93 in chips)
Kosova1968: posts small blind $1
Rus29APX: posts big blind $3
*** HOLE CARDS ***
Kosova1968: folds
Uncalled bet ($2) returned to Rus29APX
Rus29APX collected $2 from pot
Rus29APX: doesn't show hand
*** SUMMARY ***
Total pot $2 | Rake $0
Seat 1: Rus29APX (big blind) collected ($2)
Seat 2: Kosova1968 (button) (small blind) folded before Flop


PokerStars Hand #145781548479:  Hold'em Limit ($3/$6 USD) - 2015/12/23 4:09:52 ET
Table 'Solstice' 2-max Seat #1 is the button
Seat 1: Rus29APX ($178.32 in chips)
Seat 2: Kosova1968 ($155.93 in chips)
Rus29APX: posts small blind $1
Kosova1968: posts big blind $3
*** HOLE CARDS ***
Rus29APX: folds
Uncalled bet ($2) returned to Kosova1968
Kosova1968 collected $2 from pot
Kosova1968: doesn't show hand
*** SUMMARY ***
Total pot $2 | Rake $0
Seat 1: Rus29APX (button) (small blind) folded before Flop
Seat 2: Kosova1968 (big blind) collected ($2)


PokerStars Hand #145781552158:  Hold'em Limit ($3/$6 USD) - 2015/12/23 4:10:02 ET
Table 'Solstice' 2-max Seat #1 is the button
Seat 1: Rus29APX ($178.32 in chips)
Seat 2: Kosova1968 ($155.93 in chips)
Rus29APX: posts small blind $1
Kosova1968: posts big blind $3
*** HOLE CARDS ***
Rus29APX: folds
Uncalled bet ($2) returned to Kosova1968
Kosova1968 collected $2 from pot
Kosova1968: doesn't show hand
*** SUMMARY ***
Total pot $2 | Rake $0
Seat 1: Rus29APX (button) (small blind) folded before Flop
Seat 2: Kosova1968 (big blind) collected ($2)


PokerStars Hand #145781553969:  Hold'em Limit ($3/$6 USD) - 2015/12/23 4:10:07 ET
Table 'Solstice' 2-max Seat #2 is the button
Seat 1: Rus29APX ($177.32 in chips)
Seat 2: Kosova1968 ($156.93 in chips)
Kosova1968: posts small blind $1
Rus29APX: posts big blind $3
*** HOLE CARDS ***
Kosova1968: raises $3 to $6
Rus29APX: raises $3 to $9
Kosova1968: calls $3
*** FLOP *** [8d 3d Qc]
Rus29APX: bets $3
Kosova1968: calls $3
*** TURN *** [8d 3d Qc] [7d]
Rus29APX: bets $6
Kosova1968: calls $6
*** RIVER *** [8d 3d Qc 7d] [8h]
Rus29APX: bets $6
Kosova1968: folds
Uncalled bet ($6) returned to Rus29APX
Rus29APX collected $35.50 from pot
Rus29APX: doesn't show hand
*** SUMMARY ***
Total pot $36 | Rake $0.50
Board [8d 3d Qc 7d 8h]
Seat 1: Rus29APX (big blind) collected ($35.50)
Seat 2: Kosova1968 (button) (small blind) folded on the River


PokerStars Hand #145781563302:  Hold'em Limit ($3/$6 USD) - 2015/12/23 4:10:31 ET
Table 'Solstice' 2-max Seat #1 is the button
Seat 1: Rus29APX ($194.82 in chips)
Seat 2: Kosova1968 ($138.93 in chips)
Rus29APX: posts small blind $1
Kosova1968: posts big blind $3
*** HOLE CARDS ***
Rus29APX: raises $3 to $6
Kosova1968: calls $3
*** FLOP *** [Jd Ad 5s]
Kosova1968: bets $3
Rus29APX: calls $3
*** TURN *** [Jd Ad 5s] [6c]
Kosova1968: checks
Rus29APX: checks
*** RIVER *** [Jd Ad 5s 6c] [Kh]
Kosova1968: bets $6
Rus29APX: calls $6
*** SHOW DOWN ***
Kosova1968: shows [4s 8s] (high card Ace)
Rus29APX: shows [Qh 2s] (high card Ace - King+Queen kicker)
Rus29APX collected $29.50 from pot
*** SUMMARY ***
Total pot $30 | Rake $0.50
Board [Jd Ad 5s 6c Kh]
Seat 1: Rus29APX (button) (small blind) showed [Qh 2s] and won ($29.50) with high card Ace
Seat 2: Kosova1968 (big blind) showed [4s 8s] and lost with high card Ace


PokerStars Hand #145781593515:  Hold'em Limit ($3/$6 USD) - 2015/12/23 4:11:52 ET
Table 'Solstice' 2-max Seat #2 is the button
Seat 1: Rus29APX ($161.32 in chips)
Seat 2: Kosova1968 ($170.93 in chips)
Kosova1968: posts small blind $1
Rus29APX: posts big blind $3
*** HOLE CARDS ***
Kosova1968: raises $3 to $6
Rus29APX: raises $3 to $9
Kosova1968: calls $3
*** FLOP *** [Js Qh 2s]
Rus29APX: bets $3
Kosova1968: folds
Uncalled bet ($3) returned to Rus29APX
Rus29APX collected $17.64 from pot
Rus29APX: doesn't show hand
*** SUMMARY ***
Total pot $18 | Rake $0.36
Board [Js Qh 2s]
Seat 1: Rus29APX (big blind) collected ($17.64)
Seat 2: Kosova1968 (button) (small blind) folded on the Flop


PokerStars Hand #145781583658:  Hold'em Limit ($3/$6 USD) - 2015/12/23 4:11:26 ET
Table 'Solstice' 2-max Seat #1 is the button
Seat 1: Rus29APX ($182.32 in chips)
Seat 2: Kosova1968 ($150.43 in chips)
Rus29APX: posts small blind $1
Kosova1968: posts big blind $3
*** HOLE CARDS ***
Rus29APX: raises $3 to $6
Kosova1968: calls $3
*** FLOP *** [Qh 6h 4s]
Kosova1968: checks
Rus29APX: bets $3
Kosova1968: calls $3
*** TURN *** [Qh 6h 4s] [Th]
Kosova1968: checks
Rus29APX: bets $6
Kosova1968: calls $6
*** RIVER *** [Qh 6h 4s Th] [7h]
Kosova1968: bets $6
Rus29APX: calls $6
*** SHOW DOWN ***
Kosova1968: shows [Jh Jd] (a flush, Queen high)
Rus29APX: mucks hand
Kosova1968 collected $41.50 from pot
*** SUMMARY ***
Total pot $42 | Rake $0.50
Board [Qh 6h 4s Th 7h]
Seat 1: Rus29APX (button) (small blind) mucked
Seat 2: Kosova1968 (big blind) showed [Jh Jd] and won ($41.50) with a flush, Queen high


PokerStars Hand #145781572978:  Hold'em Limit ($3/$6 USD) - 2015/12/23 4:10:57 ET
Table 'Solstice' 2-max Seat #2 is the button
Seat 1: Rus29APX ($209.32 in chips)
Seat 2: Kosova1968 ($123.93 in chips)
Kosova1968: posts small blind $1
Rus29APX: posts big blind $3
*** HOLE CARDS ***
Kosova1968: raises $3 to $6
Rus29APX: raises $3 to $9
Kosova1968: calls $3
*** FLOP *** [2s Qs 3h]
Rus29APX: bets $3
Kosova1968: raises $3 to $6
Rus29APX: calls $3
*** TURN *** [2s Qs 3h] [Kc]
Rus29APX: checks
Kosova1968: bets $6
Rus29APX: calls $6
*** RIVER *** [2s Qs 3h Kc] [2c]
Rus29APX: checks
Kosova1968: bets $6
Rus29APX: calls $6
*** SHOW DOWN ***
Kosova1968: shows [6d 3d] (two pair, Threes and Deuces)
Rus29APX: mucks hand
Kosova1968 collected $53.50 from pot
*** SUMMARY ***
Total pot $54 | Rake $0.50
Board [2s Qs 3h Kc 2c]
Seat 1: Rus29APX (big blind) mucked
Seat 2: Kosova1968 (button) (small blind) showed [6d 3d] and won ($53.50) with two pair, Threes and Deuces


PokerStars Hand #145781615500:  Hold'em Limit ($3/$6 USD) - 2015/12/23 4:12:50 ET
Table 'Solstice' 2-max Seat #2 is the button
Seat 1: Rus29APX ($176.46 in chips)
Seat 2: Kosova1968 ($154.45 in chips)
Kosova1968: posts small blind $1
Rus29APX: posts big blind $3
*** HOLE CARDS ***
Kosova1968: raises $3 to $6
Rus29APX: calls $3
*** FLOP *** [7d Qs Kc]
Rus29APX: checks
Kosova1968: bets $3
Rus29APX: folds
Uncalled bet ($3) returned to Kosova1968
Kosova1968 collected $11.76 from pot
Kosova1968: doesn't show hand
*** SUMMARY ***
Total pot $12 | Rake $0.24
Board [7d Qs Kc]
Seat 1: Rus29APX (big blind) folded on the Flop
Seat 2: Kosova1968 (button) (small blind) collected ($11.76)


PokerStars Hand #145781606938:  Hold'em Limit ($3/$6 USD) - 2015/12/23 4:12:27 ET
Table 'Solstice' 2-max Seat #1 is the button
Seat 1: Rus29APX ($158.96 in chips)
Seat 2: Kosova1968 ($172.45 in chips)
Rus29APX: posts small blind $1
Kosova1968: posts big blind $3
*** HOLE CARDS ***
Rus29APX: raises $3 to $6
Kosova1968: calls $3
*** FLOP *** [8c 7c 8d]
Kosova1968: checks
Rus29APX: bets $3
Kosova1968: raises $3 to $6
Rus29APX: calls $3
*** TURN *** [8c 7c 8d] [7s]
Kosova1968: checks
Rus29APX: checks
*** RIVER *** [8c 7c 8d 7s] [Ac]
Kosova1968: checks
Rus29APX: bets $6
Kosova1968: calls $6
*** SHOW DOWN ***
Rus29APX: shows [5c Qc] (a flush, Ace high)
Kosova1968: mucks hand
Rus29APX collected $35.50 from pot
*** SUMMARY ***
Total pot $36 | Rake $0.50
Board [8c 7c 8d 7s Ac]
Seat 1: Rus29APX (button) (small blind) showed [5c Qc] and won ($35.50) with a flush, Ace high
Seat 2: Kosova1968 (big blind) mucked


PokerStars Hand #145781605105:  Hold'em Limit ($3/$6 USD) - 2015/12/23 4:12:22 ET
Table 'Solstice' 2-max Seat #2 is the button
Seat 1: Rus29APX ($157.96 in chips)
Seat 2: Kosova1968 ($173.45 in chips)
Kosova1968: posts small blind $1
Rus29APX: posts big blind $3
*** HOLE CARDS ***
Kosova1968: folds
Uncalled bet ($2) returned to Rus29APX
Rus29APX collected $2 from pot
Rus29APX: doesn't show hand
*** SUMMARY ***
Total pot $2 | Rake $0
Seat 1: Rus29APX (big blind) collected ($2)
Seat 2: Kosova1968 (button) (small blind) folded before Flop


PokerStars Hand #145781597618:  Hold'em Limit ($3/$6 USD) - 2015/12/23 4:12:03 ET
Table 'Solstice' 2-max Seat #1 is the button
Seat 1: Rus29APX ($169.96 in chips)
Seat 2: Kosova1968 ($161.93 in chips)
Rus29APX: posts small blind $1
Kosova1968: posts big blind $3
*** HOLE CARDS ***
Rus29APX: calls $2
Kosova1968: checks
*** FLOP *** [7d 8h Ad]
Kosova1968: checks
Rus29APX: bets $3
Kosova1968: calls $3
*** TURN *** [7d 8h Ad] [9h]
Kosova1968: checks
Rus29APX: checks
*** RIVER *** [7d 8h Ad 9h] [Qh]
Kosova1968: bets $6
Rus29APX: calls $6
*** SHOW DOWN ***
Kosova1968: shows [8c 6s] (a pair of Eights)
Rus29APX: mucks hand
Kosova1968 collected $23.52 from pot
*** SUMMARY ***
Total pot $24 | Rake $0.48
Board [7d 8h Ad 9h Qh]
Seat 1: Rus29APX (button) (small blind) mucked
Seat 2: Kosova1968 (big blind) showed [8c 6s] and won ($23.52) with a pair of Eights


PokerStars Hand #145781636951:  Hold'em Limit ($3/$6 USD) - 2015/12/23 4:13:47 ET
Table 'Solstice' 2-max Seat #2 is the button
Seat 1: Rus29APX ($172.96 in chips)
Seat 2: Kosova1968 ($156.59 in chips)
Kosova1968: posts small blind $1
Rus29APX: posts big blind $3
*** HOLE CARDS ***
Kosova1968: raises $3 to $6
Rus29APX: calls $3
*** FLOP *** [Ac 2h 8c]
Rus29APX: bets $3
Kosova1968: raises $3 to $6
Rus29APX: calls $3
*** TURN *** [Ac 2h 8c] [Th]
Rus29APX: checks
Kosova1968: checks
*** RIVER *** [Ac 2h 8c Th] [5h]
Rus29APX: checks
Kosova1968: bets $6
Rus29APX: calls $6
*** SHOW DOWN ***
Kosova1968: shows [2c 5d] (two pair, Fives and Deuces)
Rus29APX: mucks hand
Kosova1968 collected $35.50 from pot
*** SUMMARY ***
Total pot $36 | Rake $0.50
Board [Ac 2h 8c Th 5h]
Seat 1: Rus29APX (big blind) mucked
Seat 2: Kosova1968 (button) (small blind) showed [2c 5d] and won ($35.50) with two pair, Fives and Deuces


PokerStars Hand #145781624004:  Hold'em Limit ($3/$6 USD) - 2015/12/23 4:13:12 ET
Table 'Solstice' 2-max Seat #2 is the button
Seat 1: Rus29APX ($167.46 in chips)
Seat 2: Kosova1968 ($163.09 in chips)
Kosova1968: posts small blind $1
Rus29APX: posts big blind $3
*** HOLE CARDS ***
Kosova1968: raises $3 to $6
Rus29APX: calls $3
*** FLOP *** [3s 8h 8d]
Rus29APX: bets $3
Kosova1968: calls $3
*** TURN *** [3s 8h 8d] [Kc]
Rus29APX: bets $6
Kosova1968: calls $6
*** RIVER *** [3s 8h 8d Kc] [Ac]
Rus29APX: bets $6
Kosova1968: calls $6
*** SHOW DOWN ***
Rus29APX: shows [8c Tc] (three of a kind, Eights)
Kosova1968: mucks hand
Rus29APX collected $41.50 from pot
*** SUMMARY ***
Total pot $42 | Rake $0.50
Board [3s 8h 8d Kc Ac]
Seat 1: Rus29APX (big blind) showed [8c Tc] and won ($41.50) with three of a kind, Eights
Seat 2: Kosova1968 (button) (small blind) mucked


PokerStars Hand #145781619590:  Hold'em Limit ($3/$6 USD) - 2015/12/23 4:13:01 ET
Table 'Solstice' 2-max Seat #1 is the button
Seat 1: Rus29APX ($170.46 in chips)
Seat 2: Kosova1968 ($160.21 in chips)
Rus29APX: posts small blind $1
Kosova1968: posts big blind $3
*** HOLE CARDS ***
Rus29APX: calls $2
Kosova1968: checks
*** FLOP *** [Qs Kh 9d]
Kosova1968: bets $3
Rus29APX: folds
Uncalled bet ($3) returned to Kosova1968
Kosova1968 collected $5.88 from pot
Kosova1968: doesn't show hand
*** SUMMARY ***
Total pot $6 | Rake $0.12
Board [Qs Kh 9d]
Seat 1: Rus29APX (button) (small blind) folded on the Flop
Seat 2: Kosova1968 (big blind) collected ($5.88)


PokerStars Hand #145781630714:  Hold'em Limit ($3/$6 USD) - 2015/12/23 4:13:30 ET
Table 'Solstice' 2-max Seat #1 is the button
Seat 1: Rus29APX ($187.96 in chips)
Seat 2: Kosova1968 ($142.09 in chips)
Rus29APX: posts small blind $1
Kosova1968: posts big blind $3
*** HOLE CARDS ***
Rus29APX: raises $3 to $6
Kosova1968: calls $3
*** FLOP *** [Jc 8s Jh]
Kosova1968: checks
Rus29APX: bets $3
Kosova1968: calls $3
*** TURN *** [Jc 8s Jh] [Th]
Kosova1968: checks
Rus29APX: checks
*** RIVER *** [Jc 8s Jh Th] [6c]
Kosova1968: bets $6
Rus29APX: calls $6
*** SHOW DOWN ***
Kosova1968: shows [Qc 8d] (two pair, Jacks and Eights)
Rus29APX: mucks hand
Kosova1968 collected $29.50 from pot
*** SUMMARY ***
Total pot $30 | Rake $0.50
Board [Jc 8s Jh Th 6c]
Seat 1: Rus29APX (button) (small blind) mucked
Seat 2: Kosova1968 (big blind) showed [Qc 8d] and won ($29.50) with two pair, Jacks and Eights


PokerStars Hand #145781655863:  Hold'em Limit ($3/$6 USD) - 2015/12/23 4:14:37 ET
Table 'Solstice' 2-max Seat #2 is the button
Seat 1: Rus29APX ($145.96 in chips)
Seat 2: Kosova1968 ($182.73 in chips)
Kosova1968: posts small blind $1
Rus29APX: posts big blind $3
*** HOLE CARDS ***
Kosova1968: folds
Uncalled bet ($2) returned to Rus29APX
Rus29APX collected $2 from pot
Rus29APX: doesn't show hand
*** SUMMARY ***
Total pot $2 | Rake $0
Seat 1: Rus29APX (big blind) collected ($2)
Seat 2: Kosova1968 (button) (small blind) folded before Flop


PokerStars Hand #145781648637:  Hold'em Limit ($3/$6 USD) - 2015/12/23 4:14:18 ET
Table 'Solstice' 2-max Seat #1 is the button
Seat 1: Rus29APX ($154.96 in chips)
Seat 2: Kosova1968 ($174.09 in chips)
Rus29APX: posts small blind $1
Kosova1968: posts big blind $3
*** HOLE CARDS ***
Rus29APX: raises $3 to $6
Kosova1968: calls $3
*** FLOP *** [9h 6c 7s]
Kosova1968: checks
Rus29APX: bets $3
Kosova1968: calls $3
*** TURN *** [9h 6c 7s] [Kd]
Kosova1968: checks
Rus29APX: checks
*** RIVER *** [9h 6c 7s Kd] [Qs]
Kosova1968: checks
Rus29APX: checks
*** SHOW DOWN ***
Kosova1968: shows [7h Js] (a pair of Sevens)
Rus29APX: mucks hand
Kosova1968 collected $17.64 from pot
*** SUMMARY ***
Total pot $18 | Rake $0.36
Board [9h 6c 7s Kd Qs]
Seat 1: Rus29APX (button) (small blind) mucked
Seat 2: Kosova1968 (big blind) showed [7h Js] and won ($17.64) with a pair of Sevens


PokerStars Hand #145781646288:  Hold'em Limit ($3/$6 USD) - 2015/12/23 4:14:12 ET
Table 'Solstice' 2-max Seat #2 is the button
Seat 1: Rus29APX ($153.96 in chips)
Seat 2: Kosova1968 ($175.09 in chips)
Kosova1968: posts small blind $1
Rus29APX: posts big blind $3
*** HOLE CARDS ***
Kosova1968: folds
Uncalled bet ($2) returned to Rus29APX
Rus29APX collected $2 from pot
Rus29APX: doesn't show hand
*** SUMMARY ***
Total pot $2 | Rake $0
Seat 1: Rus29APX (big blind) collected ($2)
Seat 2: Kosova1968 (button) (small blind) folded before Flop


PokerStars Hand #145781644560:  Hold'em Limit ($3/$6 USD) - 2015/12/23 4:14:07 ET
Table 'Solstice' 2-max Seat #1 is the button
Seat 1: Rus29APX ($154.96 in chips)
Seat 2: Kosova1968 ($174.09 in chips)
Rus29APX: posts small blind $1
Kosova1968: posts big blind $3
*** HOLE CARDS ***
Rus29APX: folds
Uncalled bet ($2) returned to Kosova1968
Kosova1968 collected $2 from pot
Kosova1968: doesn't show hand
*** SUMMARY ***
Total pot $2 | Rake $0
Seat 1: Rus29APX (button) (small blind) folded before Flop
Seat 2: Kosova1968 (big blind) collected ($2)


PokerStars Hand #145781685498:  Hold'em Limit ($3/$6 USD) - 2015/12/23 4:15:57 ET
Table 'Solstice' 2-max Seat #1 is the button
Seat 1: Rus29APX ($180.96 in chips)
Seat 2: Kosova1968 ($146.23 in chips)
Rus29APX: posts small blind $1
Kosova1968: posts big blind $3
*** HOLE CARDS ***
Rus29APX: folds
Uncalled bet ($2) returned to Kosova1968
Kosova1968 collected $2 from pot
Kosova1968: doesn't show hand
*** SUMMARY ***
Total pot $2 | Rake $0
Seat 1: Rus29APX (button) (small blind) folded before Flop
Seat 2: Kosova1968 (big blind) collected ($2)


PokerStars Hand #145781683636:  Hold'em Limit ($3/$6 USD) - 2015/12/23 4:15:52 ET
Table 'Solstice' 2-max Seat #2 is the button
Seat 1: Rus29APX ($179.96 in chips)
Seat 2: Kosova1968 ($147.23 in chips)
Kosova1968: posts small blind $1
Rus29APX: posts big blind $3
*** HOLE CARDS ***
Kosova1968: folds
Uncalled bet ($2) returned to Rus29APX
Rus29APX collected $2 from pot
Rus29APX: doesn't show hand
*** SUMMARY ***
Total pot $2 | Rake $0
Seat 1: Rus29APX (big blind) collected ($2)
Seat 2: Kosova1968 (button) (small blind) folded before Flop


PokerStars Hand #145781677702:  Hold'em Limit ($3/$6 USD) - 2015/12/23 4:15:36 ET
Table 'Solstice' 2-max Seat #1 is the button
Seat 1: Rus29APX ($165.46 in chips)
Seat 2: Kosova1968 ($162.23 in chips)
Rus29APX: posts small blind $1
Kosova1968: posts big blind $3
*** HOLE CARDS ***
Rus29APX: raises $3 to $6
Kosova1968: calls $3
*** FLOP *** [Ks 7h 6d]
Kosova1968: checks
Rus29APX: bets $3
Kosova1968: calls $3
*** TURN *** [Ks 7h 6d] [3c]
Kosova1968: checks
Rus29APX: checks
*** RIVER *** [Ks 7h 6d 3c] [Js]
Kosova1968: bets $6
Rus29APX: calls $6
*** SHOW DOWN ***
Kosova1968: shows [8s 3s] (a pair of Threes)
Rus29APX: shows [Qd 6h] (a pair of Sixes)
Rus29APX collected $29.50 from pot
*** SUMMARY ***
Total pot $30 | Rake $0.50
Board [Ks 7h 6d 3c Js]
Seat 1: Rus29APX (button) (small blind) showed [Qd 6h] and won ($29.50) with a pair of Sixes
Seat 2: Kosova1968 (big blind) showed [8s 3s] and lost with a pair of Threes


PokerStars Hand #145781669086:  Hold'em Limit ($3/$6 USD) - 2015/12/23 4:15:13 ET
Table 'Solstice' 2-max Seat #2 is the button
Seat 1: Rus29APX ($129.96 in chips)
Seat 2: Kosova1968 ($198.23 in chips)
Kosova1968: posts small blind $1
Rus29APX: posts big blind $3
*** HOLE CARDS ***
Kosova1968: raises $3 to $6
Rus29APX: raises $3 to $9
Kosova1968: calls $3
*** FLOP *** [Jh 7s 4h]
Rus29APX: bets $3
Kosova1968: calls $3
*** TURN *** [Jh 7s 4h] [As]
Rus29APX: bets $6
Kosova1968: raises $6 to $12
Rus29APX: raises $6 to $18
Kosova1968: calls $6
*** RIVER *** [Jh 7s 4h As] [Jc]
Rus29APX: bets $6
Kosova1968: calls $6
*** SHOW DOWN ***
Rus29APX: shows [Qd Ah] (two pair, Aces and Jacks)
Kosova1968: mucks hand
Rus29APX collected $71.50 from pot
*** SUMMARY ***
Total pot $72 | Rake $0.50
Board [Jh 7s 4h As Jc]
Seat 1: Rus29APX (big blind) showed [Qd Ah] and won ($71.50) with two pair, Aces and Jacks
Seat 2: Kosova1968 (button) (small blind) mucked


PokerStars Hand #145781667004:  Hold'em Limit ($3/$6 USD) - 2015/12/23 4:15:08 ET
Table 'Solstice' 2-max Seat #1 is the button
Seat 1: Rus29APX ($130.96 in chips)
Seat 2: Kosova1968 ($197.23 in chips)
Rus29APX: posts small blind $1
Kosova1968: posts big blind $3
*** HOLE CARDS ***
Rus29APX: folds
Uncalled bet ($2) returned to Kosova1968
Kosova1968 collected $2 from pot
Kosova1968: doesn't show hand
*** SUMMARY ***
Total pot $2 | Rake $0
Seat 1: Rus29APX (button) (small blind) folded before Flop
Seat 2: Kosova1968 (big blind) collected ($2)


PokerStars Hand #145781659495:  Hold'em Limit ($3/$6 USD) - 2015/12/23 4:14:47 ET
Table 'Solstice' 2-max Seat #2 is the button
Seat 1: Rus29APX ($145.96 in chips)
Seat 2: Kosova1968 ($182.73 in chips)
Kosova1968: posts small blind $1
Rus29APX: posts big blind $3
*** HOLE CARDS ***
Kosova1968: raises $3 to $6
Rus29APX: calls $3
*** FLOP *** [Th 8d 5d]
Rus29APX: checks
Kosova1968: bets $3
Rus29APX: calls $3
*** TURN *** [Th 8d 5d] [8s]
Rus29APX: checks
Kosova1968: bets $6
Rus29APX: calls $6
*** RIVER *** [Th 8d 5d 8s] [3s]
Rus29APX: checks
Kosova1968: bets $6
Rus29APX: folds
Uncalled bet ($6) returned to Kosova1968
Kosova1968 collected $29.50 from pot
Kosova1968: doesn't show hand
*** SUMMARY ***
Total pot $30 | Rake $0.50
Board [Th 8d 5d 8s 3s]
Seat 1: Rus29APX (big blind) folded on the River
Seat 2: Kosova1968 (button) (small blind) collected ($29.50)


PokerStars Hand #145781705061:  Hold'em Limit ($3/$6 USD) - 2015/12/23 4:16:49 ET
Table 'Solstice' 2-max Seat #2 is the button
Seat 1: Rus29APX ($220.96 in chips)
Seat 2: Kosova1968 ($105.23 in chips)
Kosova1968: posts small blind $1
Rus29APX: posts big blind $3
*** HOLE CARDS ***
Kosova1968: raises $3 to $6
Rus29APX: calls $3
*** FLOP *** [4c Qs Kc]
Rus29APX: checks
Kosova1968: checks
*** TURN *** [4c Qs Kc] [Qc]
Rus29APX: checks
Kosova1968: bets $6
Rus29APX: folds
Uncalled bet ($6) returned to Kosova1968
Kosova1968 collected $11.76 from pot
Kosova1968: doesn't show hand
*** SUMMARY ***
Total pot $12 | Rake $0.24
Board [4c Qs Kc Qc]
Seat 1: Rus29APX (big blind) folded on the Turn
Seat 2: Kosova1968 (button) (small blind) collected ($11.76)


PokerStars Hand #145781696279:  Hold'em Limit ($3/$6 USD) - 2015/12/23 4:16:26 ET
Table 'Solstice' 2-max Seat #1 is the button
Seat 1: Rus29APX ($200.46 in chips)
Seat 2: Kosova1968 ($126.23 in chips)
Rus29APX: posts small blind $1
Kosova1968: posts big blind $3
*** HOLE CARDS ***
Rus29APX: raises $3 to $6
Kosova1968: calls $3
*** FLOP *** [3d 4d 4h]
Kosova1968: checks
Rus29APX: bets $3
Kosova1968: calls $3
*** TURN *** [3d 4d 4h] [Ks]
Kosova1968: checks
Rus29APX: bets $6
Kosova1968: calls $6
*** RIVER *** [3d 4d 4h Ks] [8c]
Kosova1968: checks
Rus29APX: bets $6
Kosova1968: calls $6
*** SHOW DOWN ***
Rus29APX: shows [2c Kh] (two pair, Kings and Fours)
Kosova1968: mucks hand
Rus29APX collected $41.50 from pot
*** SUMMARY ***
Total pot $42 | Rake $0.50
Board [3d 4d 4h Ks 8c]
Seat 1: Rus29APX (button) (small blind) showed [2c Kh] and won ($41.50) with two pair, Kings and Fours
Seat 2: Kosova1968 (big blind) mucked


PokerStars Hand #145781688038:  Hold'em Limit ($3/$6 USD) - 2015/12/23 4:16:04 ET
Table 'Solstice' 2-max Seat #2 is the button
Seat 1: Rus29APX ($179.96 in chips)
Seat 2: Kosova1968 ($147.23 in chips)
Kosova1968: posts small blind $1
Rus29APX: posts big blind $3
*** HOLE CARDS ***
Kosova1968: raises $3 to $6
Rus29APX: calls $3
*** FLOP *** [6c Js 3c]
Rus29APX: bets $3
Kosova1968: calls $3
*** TURN *** [6c Js 3c] [Qh]
Rus29APX: bets $6
Kosova1968: calls $6
*** RIVER *** [6c Js 3c Qh] [9d]
Rus29APX: bets $6
Kosova1968: calls $6
*** SHOW DOWN ***
Rus29APX: shows [Jc 7d] (a pair of Jacks)
Kosova1968: mucks hand
Rus29APX collected $41.50 from pot
*** SUMMARY ***
Total pot $42 | Rake $0.50
Board [6c Js 3c Qh 9d]
Seat 1: Rus29APX (big blind) showed [Jc 7d] and won ($41.50) with a pair of Jacks
Seat 2: Kosova1968 (button) (small blind) mucked


PokerStars Hand #145781724023:  Hold'em Limit ($3/$6 USD) - 2015/12/23 4:17:40 ET
Table 'Solstice' 2-max Seat #1 is the button
Seat 1: Rus29APX ($203.96 in chips)
Seat 2: Kosova1968 ($121.75 in chips)
Rus29APX: posts small blind $1
Kosova1968: posts big blind $3
*** HOLE CARDS ***
Rus29APX: raises $3 to $6
Kosova1968: calls $3
*** FLOP *** [Jd Kc Jh]
Kosova1968: checks
Rus29APX: bets $3
Kosova1968: calls $3
*** TURN *** [Jd Kc Jh] [4s]
Kosova1968: checks
Rus29APX: checks
*** RIVER *** [Jd Kc Jh 4s] [Qh]
Kosova1968: bets $6
Rus29APX: calls $6
*** SHOW DOWN ***
Kosova1968: shows [4d Kh] (two pair, Kings and Jacks)
Rus29APX: mucks hand
Kosova1968 collected $29.50 from pot
*** SUMMARY ***
Total pot $30 | Rake $0.50
Board [Jd Kc Jh 4s Qh]
Seat 1: Rus29APX (button) (small blind) mucked
Seat 2: Kosova1968 (big blind) showed [4d Kh] and won ($29.50) with two pair, Kings and Jacks


PokerStars Hand #145781716272:  Hold'em Limit ($3/$6 USD) - 2015/12/23 4:17:20 ET
Table 'Solstice' 2-max Seat #2 is the button
Seat 1: Rus29APX ($209.96 in chips)
Seat 2: Kosova1968 ($115.99 in chips)
Kosova1968: posts small blind $1
Rus29APX: posts big blind $3
*** HOLE CARDS ***
Kosova1968: raises $3 to $6
Rus29APX: calls $3
*** FLOP *** [7h As 7s]
Rus29APX: checks
Kosova1968: checks
*** TURN *** [7h As 7s] [7c]
Rus29APX: checks
Kosova1968: bets $6
Rus29APX: folds
Uncalled bet ($6) returned to Kosova1968
Kosova1968 collected $11.76 from pot
Kosova1968: doesn't show hand
*** SUMMARY ***
Total pot $12 | Rake $0.24
Board [7h As 7s 7c]
Seat 1: Rus29APX (big blind) folded on the Turn
Seat 2: Kosova1968 (button) (small blind) collected ($11.76)


PokerStars Hand #145781714525:  Hold'em Limit ($3/$6 USD) - 2015/12/23 4:17:15 ET
Table 'Solstice' 2-max Seat #1 is the button
Seat 1: Rus29APX ($210.96 in chips)
Seat 2: Kosova1968 ($114.99 in chips)
Rus29APX: posts small blind $1
Kosova1968: posts big blind $3
*** HOLE CARDS ***
Rus29APX: folds
Uncalled bet ($2) returned to Kosova1968
Kosova1968 collected $2 from pot
Kosova1968: doesn't show hand
*** SUMMARY ***
Total pot $2 | Rake $0
Seat 1: Rus29APX (button) (small blind) folded before Flop
Seat 2: Kosova1968 (big blind) collected ($2)


PokerStars Hand #145781712273:  Hold'em Limit ($3/$6 USD) - 2015/12/23 4:17:09 ET
Table 'Solstice' 2-max Seat #2 is the button
Seat 1: Rus29APX ($213.96 in chips)
Seat 2: Kosova1968 ($111.99 in chips)
Kosova1968: posts small blind $1
Rus29APX: posts big blind $3
*** HOLE CARDS ***
Kosova1968: raises $3 to $6
Rus29APX: folds
Uncalled bet ($3) returned to Kosova1968
Kosova1968 collected $6 from pot
Kosova1968: doesn't show hand
*** SUMMARY ***
Total pot $6 | Rake $0
Seat 1: Rus29APX (big blind) folded before Flop
Seat 2: Kosova1968 (button) (small blind) collected ($6)


PokerStars Hand #145781710649:  Hold'em Limit ($3/$6 USD) - 2015/12/23 4:17:05 ET
Table 'Solstice' 2-max Seat #1 is the button
Seat 1: Rus29APX ($214.96 in chips)
Seat 2: Kosova1968 ($110.99 in chips)
Rus29APX: posts small blind $1
Kosova1968: posts big blind $3
*** HOLE CARDS ***
Rus29APX: folds
Uncalled bet ($2) returned to Kosova1968
Kosova1968 collected $2 from pot
Kosova1968: doesn't show hand
*** SUMMARY ***
Total pot $2 | Rake $0
Seat 1: Rus29APX (button) (small blind) folded before Flop
Seat 2: Kosova1968 (big blind) collected ($2)


PokerStars Hand #145781745483:  Hold'em Limit ($3/$6 USD) - 2015/12/23 4:18:38 ET
Table 'Solstice' 2-max Seat #2 is the button
Seat 1: Rus29APX ($207.46 in chips)
Seat 2: Kosova1968 ($117.25 in chips)
Kosova1968: posts small blind $1
Rus29APX: posts big blind $3
*** HOLE CARDS ***
Kosova1968: raises $3 to $6
Rus29APX: calls $3
*** FLOP *** [9s Qs 5h]
Rus29APX: bets $3
Kosova1968: calls $3
*** TURN *** [9s Qs 5h] [Ac]
Rus29APX: bets $6
Kosova1968: calls $6
*** RIVER *** [9s Qs 5h Ac] [Js]
Rus29APX: bets $6
Kosova1968: calls $6
*** SHOW DOWN ***
Rus29APX: shows [9c Jh] (two pair, Jacks and Nines)
Kosova1968: mucks hand
Rus29APX collected $41.50 from pot
*** SUMMARY ***
Total pot $42 | Rake $0.50
Board [9s Qs 5h Ac Js]
Seat 1: Rus29APX (big blind) showed [9c Jh] and won ($41.50) with two pair, Jacks and Nines
Seat 2: Kosova1968 (button) (small blind) mucked


PokerStars Hand #145781743477:  Hold'em Limit ($3/$6 USD) - 2015/12/23 4:18:33 ET
Table 'Solstice' 2-max Seat #1 is the button
Seat 1: Rus29APX ($208.46 in chips)
Seat 2: Kosova1968 ($116.25 in chips)
Rus29APX: posts small blind $1
Kosova1968: posts big blind $3
*** HOLE CARDS ***
Rus29APX: folds
Uncalled bet ($2) returned to Kosova1968
Kosova1968 collected $2 from pot
Kosova1968: doesn't show hand
*** SUMMARY ***
Total pot $2 | Rake $0
Seat 1: Rus29APX (button) (small blind) folded before Flop
Seat 2: Kosova1968 (big blind) collected ($2)


PokerStars Hand #145781741303:  Hold'em Limit ($3/$6 USD) - 2015/12/23 4:18:27 ET
Table 'Solstice' 2-max Seat #2 is the button
Seat 1: Rus29APX ($211.46 in chips)
Seat 2: Kosova1968 ($113.25 in chips)
Kosova1968: posts small blind $1
Rus29APX: posts big blind $3
*** HOLE CARDS ***
Kosova1968: raises $3 to $6
Rus29APX: folds
Uncalled bet ($3) returned to Kosova1968
Kosova1968 collected $6 from pot
Kosova1968: doesn't show hand
*** SUMMARY ***
Total pot $6 | Rake $0
Seat 1: Rus29APX (big blind) folded before Flop
Seat 2: Kosova1968 (button) (small blind) collected ($6)


PokerStars Hand #145781739541:  Hold'em Limit ($3/$6 USD) - 2015/12/23 4:18:22 ET
Table 'Solstice' 2-max Seat #1 is the button
Seat 1: Rus29APX ($212.46 in chips)
Seat 2: Kosova1968 ($112.25 in chips)
Rus29APX: posts small blind $1
Kosova1968: posts big blind $3
*** HOLE CARDS ***
Rus29APX: folds
Uncalled bet ($2) returned to Kosova1968
Kosova1968 collected $2 from pot
Kosova1968: doesn't show hand
*** SUMMARY ***
Total pot $2 | Rake $0
Seat 1: Rus29APX (button) (small blind) folded before Flop
Seat 2: Kosova1968 (big blind) collected ($2)


PokerStars Hand #145781730711:  Hold'em Limit ($3/$6 USD) - 2015/12/23 4:17:59 ET
Table 'Solstice' 2-max Seat #2 is the button
Seat 1: Rus29APX ($188.96 in chips)
Seat 2: Kosova1968 ($136.25 in chips)
Kosova1968: posts small blind $1
Rus29APX: posts big blind $3
*** HOLE CARDS ***
Kosova1968: raises $3 to $6
Rus29APX: raises $3 to $9
Kosova1968: raises $3 to $12
Betting is capped
Rus29APX: calls $3
*** FLOP *** [Jh 4h 6h]
Rus29APX: checks
Kosova1968: checks
*** TURN *** [Jh 4h 6h] [5c]
Rus29APX: bets $6
Kosova1968: calls $6
*** RIVER *** [Jh 4h 6h 5c] [6s]
Rus29APX: bets $6
Kosova1968: calls $6
*** SHOW DOWN ***
Rus29APX: shows [3s 3d] (two pair, Sixes and Threes)
Kosova1968: mucks hand
Rus29APX collected $47.50 from pot
*** SUMMARY ***
Total pot $48 | Rake $0.50
Board [Jh 4h 6h 5c 6s]
Seat 1: Rus29APX (big blind) showed [3s 3d] and won ($47.50) with two pair, Sixes and Threes
Seat 2: Kosova1968 (button) (small blind) mucked


PokerStars Hand #145781766301:  Hold'em Limit ($3/$6 USD) - 2015/12/23 4:19:34 ET
Table 'Solstice' 2-max Seat #1 is the button
Seat 1: Rus29APX ($199.96 in chips)
Seat 2: Kosova1968 ($123.75 in chips)
Rus29APX: posts small blind $1
Kosova1968: posts big blind $3
*** HOLE CARDS ***
Rus29APX: raises $3 to $6
Kosova1968: raises $3 to $9
Rus29APX: calls $3
*** FLOP *** [3h Kd 2h]
Kosova1968: checks
Rus29APX: checks
*** TURN *** [3h Kd 2h] [8d]
Kosova1968: bets $6
Rus29APX: folds
Uncalled bet ($6) returned to Kosova1968
Kosova1968 collected $17.64 from pot
Kosova1968: doesn't show hand
*** SUMMARY ***
Total pot $18 | Rake $0.36
Board [3h Kd 2h 8d]
Seat 1: Rus29APX (button) (small blind) folded on the Turn
Seat 2: Kosova1968 (big blind) collected ($17.64)


PokerStars Hand #145781758117:  Hold'em Limit ($3/$6 USD) - 2015/12/23 4:19:12 ET
Table 'Solstice' 2-max Seat #2 is the button
Seat 1: Rus29APX ($226.96 in chips)
Seat 2: Kosova1968 ($97.25 in chips)
Kosova1968: posts small blind $1
Rus29APX: posts big blind $3
*** HOLE CARDS ***
Kosova1968: raises $3 to $6
Rus29APX: calls $3
*** FLOP *** [9h 2d Kd]
Rus29APX: bets $3
Kosova1968: calls $3
*** TURN *** [9h 2d Kd] [5d]
Rus29APX: bets $6
Kosova1968: calls $6
*** RIVER *** [9h 2d Kd 5d] [3s]
Rus29APX: bets $6
Kosova1968: raises $6 to $12
Rus29APX: calls $6
*** SHOW DOWN ***
Kosova1968: shows [4d Jd] (a flush, King high)
Rus29APX: mucks hand
Kosova1968 collected $53.50 from pot
*** SUMMARY ***
Total pot $54 | Rake $0.50
Board [9h 2d Kd 5d 3s]
Seat 1: Rus29APX (big blind) mucked
Seat 2: Kosova1968 (button) (small blind) showed [4d Jd] and won ($53.50) with a flush, King high


PokerStars Hand #145781756416:  Hold'em Limit ($3/$6 USD) - 2015/12/23 4:19:07 ET
Table 'Solstice' 2-max Seat #1 is the button
Seat 1: Rus29APX ($227.96 in chips)
Seat 2: Kosova1968 ($96.25 in chips)
Rus29APX: posts small blind $1
Kosova1968: posts big blind $3
*** HOLE CARDS ***
Rus29APX: folds
Uncalled bet ($2) returned to Kosova1968
Kosova1968 collected $2 from pot
Kosova1968: doesn't show hand
*** SUMMARY ***
Total pot $2 | Rake $0
Seat 1: Rus29APX (button) (small blind) folded before Flop
Seat 2: Kosova1968 (big blind) collected ($2)


PokerStars Hand #145781783754:  Hold'em Limit ($3/$6 USD) - 2015/12/23 4:20:21 ET
Table 'Solstice' 2-max Seat #1 is the button
Seat 1: Rus29APX ($178.96 in chips)
Seat 2: Kosova1968 ($143.91 in chips)
Rus29APX: posts small blind $1
Kosova1968: posts big blind $3
*** HOLE CARDS ***
Rus29APX: raises $3 to $6
Kosova1968: calls $3
*** FLOP *** [Tc Kh Td]
Kosova1968: checks
Rus29APX: bets $3
Kosova1968: calls $3
*** TURN *** [Tc Kh Td] [Qh]
Kosova1968: checks
Rus29APX: checks
*** RIVER *** [Tc Kh Td Qh] [Js]
Kosova1968: checks
Rus29APX: checks
*** SHOW DOWN ***
Kosova1968: shows [8h Kc] (two pair, Kings and Tens)
Rus29APX: mucks hand
Kosova1968 collected $17.64 from pot
*** SUMMARY ***
Total pot $18 | Rake $0.36
Board [Tc Kh Td Qh Js]
Seat 1: Rus29APX (button) (small blind) mucked
Seat 2: Kosova1968 (big blind) showed [8h Kc] and won ($17.64) with two pair, Kings and Tens


PokerStars Hand #145781773101:  Hold'em Limit ($3/$6 USD) - 2015/12/23 4:19:52 ET
Table 'Solstice' 2-max Seat #2 is the button
Seat 1: Rus29APX ($190.96 in chips)
Seat 2: Kosova1968 ($132.39 in chips)
Kosova1968: posts small blind $1
Rus29APX: posts big blind $3
*** HOLE CARDS ***
Kosova1968: calls $2
Rus29APX: raises $3 to $6
Kosova1968: calls $3
*** FLOP *** [3h 7d 4c]
Rus29APX: bets $3
Kosova1968: raises $3 to $6
Rus29APX: calls $3
*** TURN *** [3h 7d 4c] [6c]
Rus29APX: checks
Kosova1968: checks
*** RIVER *** [3h 7d 4c 6c] [Ah]
Rus29APX: checks
Kosova1968: bets $6
Rus29APX: folds
Uncalled bet ($6) returned to Kosova1968
Kosova1968 collected $23.52 from pot
Kosova1968: doesn't show hand
*** SUMMARY ***
Total pot $24 | Rake $0.48
Board [3h 7d 4c 6c Ah]
Seat 1: Rus29APX (big blind) folded on the River
Seat 2: Kosova1968 (button) (small blind) collected ($23.52)


PokerStars Hand #145781814397:  Hold'em Limit ($3/$6 USD) - 2015/12/23 4:21:43 ET
Table 'Solstice' 2-max Seat #2 is the button
Seat 1: Rus29APX ($217.96 in chips)
Seat 2: Kosova1968 ($103.55 in chips)
Kosova1968: posts small blind $1
Rus29APX: posts big blind $3
*** HOLE CARDS ***
Kosova1968: folds
Uncalled bet ($2) returned to Rus29APX
Rus29APX collected $2 from pot
Rus29APX: doesn't show hand
*** SUMMARY ***
Total pot $2 | Rake $0
Seat 1: Rus29APX (big blind) collected ($2)
Seat 2: Kosova1968 (button) (small blind) folded before Flop


PokerStars Hand #145781811883:  Hold'em Limit ($3/$6 USD) - 2015/12/23 4:21:36 ET
Table 'Solstice' 2-max Seat #1 is the button
Seat 1: Rus29APX ($214.96 in chips)
Seat 2: Kosova1968 ($106.55 in chips)
Rus29APX: posts small blind $1
Kosova1968: posts big blind $3
*** HOLE CARDS ***
Rus29APX: raises $3 to $6
Kosova1968: folds
Uncalled bet ($3) returned to Rus29APX
Rus29APX collected $6 from pot
Rus29APX: doesn't show hand
*** SUMMARY ***
Total pot $6 | Rake $0
Seat 1: Rus29APX (button) (small blind) collected ($6)
Seat 2: Kosova1968 (big blind) folded before Flop


PokerStars Hand #145781810139:  Hold'em Limit ($3/$6 USD) - 2015/12/23 4:21:32 ET
Table 'Solstice' 2-max Seat #2 is the button
Seat 1: Rus29APX ($213.96 in chips)
Seat 2: Kosova1968 ($107.55 in chips)
Kosova1968: posts small blind $1
Rus29APX: posts big blind $3
*** HOLE CARDS ***
Kosova1968: folds
Uncalled bet ($2) returned to Rus29APX
Rus29APX collected $2 from pot
Rus29APX: doesn't show hand
*** SUMMARY ***
Total pot $2 | Rake $0
Seat 1: Rus29APX (big blind) collected ($2)
Seat 2: Kosova1968 (button) (small blind) folded before Flop


PokerStars Hand #145781802110:  Hold'em Limit ($3/$6 USD) - 2015/12/23 4:21:10 ET
Table 'Solstice' 2-max Seat #1 is the button
Seat 1: Rus29APX ($196.46 in chips)
Seat 2: Kosova1968 ($125.55 in chips)
Rus29APX: posts small blind $1
Kosova1968: posts big blind $3
*** HOLE CARDS ***
Rus29APX: raises $3 to $6
Kosova1968: calls $3
*** FLOP *** [Td Jd Qc]
Kosova1968: checks
Rus29APX: bets $3
Kosova1968: raises $3 to $6
Rus29APX: calls $3
*** TURN *** [Td Jd Qc] [2c]
Kosova1968: checks
Rus29APX: checks
*** RIVER *** [Td Jd Qc 2c] [6h]
Kosova1968: checks
Rus29APX: bets $6
Kosova1968: calls $6
*** SHOW DOWN ***
Rus29APX: shows [2d Ac] (a pair of Deuces)
Kosova1968: mucks hand
Rus29APX collected $35.50 from pot
*** SUMMARY ***
Total pot $36 | Rake $0.50
Board [Td Jd Qc 2c 6h]
Seat 1: Rus29APX (button) (small blind) showed [2d Ac] and won ($35.50) with a pair of Deuces
Seat 2: Kosova1968 (big blind) mucked


PokerStars Hand #145781791714:  Hold'em Limit ($3/$6 USD) - 2015/12/23 4:20:42 ET
Table 'Solstice' 2-max Seat #2 is the button
Seat 1: Rus29APX ($169.96 in chips)
Seat 2: Kosova1968 ($152.55 in chips)
Kosova1968: posts small blind $1
Rus29APX: posts big blind $3
*** HOLE CARDS ***
Kosova1968: raises $3 to $6
Rus29APX: raises $3 to $9
Kosova1968: calls $3
*** FLOP *** [2s Tc Qh]
Rus29APX: bets $3
Kosova1968: raises $3 to $6
Rus29APX: calls $3
*** TURN *** [2s Tc Qh] [Ts]
Rus29APX: checks
Kosova1968: checks
*** RIVER *** [2s Tc Qh Ts] [4d]
Rus29APX: checks
Kosova1968: bets $6
Rus29APX: raises $6 to $12
Kosova1968: calls $6
*** SHOW DOWN ***
Rus29APX: shows [5c 5h] (two pair, Tens and Fives)
Kosova1968: mucks hand
Rus29APX collected $53.50 from pot
*** SUMMARY ***
Total pot $54 | Rake $0.50
Board [2s Tc Qh Ts 4d]
Seat 1: Rus29APX (big blind) showed [5c 5h] and won ($53.50) with two pair, Tens and Fives
Seat 2: Kosova1968 (button) (small blind) mucked


PokerStars Hand #145781839808:  Hold'em Limit ($3/$6 USD) - 2015/12/23 4:22:51 ET
Table 'Solstice' 2-max Seat #2 is the button
Seat 1: Rus29APX ($283.46 in chips)
Seat 2: Kosova1968 ($36.55 in chips)
Kosova1968: posts small blind $1
Rus29APX: posts big blind $3
*** HOLE CARDS ***
Kosova1968: folds
Uncalled bet ($2) returned to Rus29APX
Rus29APX collected $2 from pot
Rus29APX: doesn't show hand
*** SUMMARY ***
Total pot $2 | Rake $0
Seat 1: Rus29APX (big blind) collected ($2)
Seat 2: Kosova1968 (button) (small blind) folded before Flop


PokerStars Hand #145781830922:  Hold'em Limit ($3/$6 USD) - 2015/12/23 4:22:28 ET
Table 'Solstice' 2-max Seat #1 is the button
Seat 1: Rus29APX ($259.96 in chips)
Seat 2: Kosova1968 ($60.55 in chips)
Rus29APX: posts small blind $1
Kosova1968: posts big blind $3
*** HOLE CARDS ***
Rus29APX: raises $3 to $6
Kosova1968: calls $3
*** FLOP *** [7d 3h 9d]
Kosova1968: bets $3
Rus29APX: raises $3 to $6
Kosova1968: calls $3
*** TURN *** [7d 3h 9d] [9c]
Kosova1968: checks
Rus29APX: bets $6
Kosova1968: calls $6
*** RIVER *** [7d 3h 9d 9c] [3c]
Kosova1968: checks
Rus29APX: bets $6
Kosova1968: calls $6
*** SHOW DOWN ***
Rus29APX: shows [8s 8c] (two pair, Nines and Eights)
Kosova1968: mucks hand
Rus29APX collected $47.50 from pot
*** SUMMARY ***
Total pot $48 | Rake $0.50
Board [7d 3h 9d 9c 3c]
Seat 1: Rus29APX (button) (small blind) showed [8s 8c] and won ($47.50) with two pair, Nines and Eights
Seat 2: Kosova1968 (big blind) mucked


PokerStars Hand #145781824389:  Hold'em Limit ($3/$6 USD) - 2015/12/23 4:22:10 ET
Table 'Solstice' 2-max Seat #2 is the button
Seat 1: Rus29APX ($242.46 in chips)
Seat 2: Kosova1968 ($78.55 in chips)
Kosova1968: posts small blind $1
Rus29APX: posts big blind $3
*** HOLE CARDS ***
Kosova1968: raises $3 to $6
Rus29APX: raises $3 to $9
Kosova1968: calls $3
*** FLOP *** [Qh 8s Qc]
Rus29APX: bets $3
Kosova1968: calls $3
*** TURN *** [Qh 8s Qc] [7s]
Rus29APX: bets $6
Kosova1968: calls $6
*** RIVER *** [Qh 8s Qc 7s] [Ac]
Rus29APX: bets $6
Kosova1968: folds
Uncalled bet ($6) returned to Rus29APX
Rus29APX collected $35.50 from pot
Rus29APX: doesn't show hand
*** SUMMARY ***
Total pot $36 | Rake $0.50
Board [Qh 8s Qc 7s Ac]
Seat 1: Rus29APX (big blind) collected ($35.50)
Seat 2: Kosova1968 (button) (small blind) folded on the River


PokerStars Hand #145781816256:  Hold'em Limit ($3/$6 USD) - 2015/12/23 4:21:48 ET
Table 'Solstice' 2-max Seat #1 is the button
Seat 1: Rus29APX ($218.96 in chips)
Seat 2: Kosova1968 ($102.55 in chips)
Rus29APX: posts small blind $1
Kosova1968: posts big blind $3
*** HOLE CARDS ***
Rus29APX: raises $3 to $6
Kosova1968: calls $3
*** FLOP *** [3c 5s 9s]
Kosova1968: checks
Rus29APX: checks
*** TURN *** [3c 5s 9s] [3s]
Kosova1968: bets $6
Rus29APX: calls $6
*** RIVER *** [3c 5s 9s 3s] [Tc]
Kosova1968: bets $6
Rus29APX: raises $6 to $12
Kosova1968: calls $6
*** SHOW DOWN ***
Rus29APX: shows [8c Ts] (two pair, Tens and Threes)
Kosova1968: mucks hand
Rus29APX collected $47.50 from pot
*** SUMMARY ***
Total pot $48 | Rake $0.50
Board [3c 5s 9s 3s Tc]
Seat 1: Rus29APX (button) (small blind) showed [8c Ts] and won ($47.50) with two pair, Tens and Threes
Seat 2: Kosova1968 (big blind) mucked


PokerStars Hand #145781841616:  Hold'em Limit ($3/$6 USD) - 2015/12/23 4:22:56 ET
Table 'Solstice' 2-max Seat #1 is the button
Seat 1: Rus29APX ($284.46 in chips)
Seat 2: Kosova1968 ($35.55 in chips)
Rus29APX: posts small blind $1
Kosova1968: posts big blind $3
*** HOLE CARDS ***
Rus29APX: raises $3 to $6
Kosova1968: raises $3 to $9
Rus29APX: calls $3
*** FLOP *** [4d Qs 2h]
Kosova1968: bets $3
Rus29APX: calls $3
*** TURN *** [4d Qs 2h] [7h]
Kosova1968: bets $6
Rus29APX: calls $6
*** RIVER *** [4d Qs 2h 7h] [Th]
Kosova1968: bets $6
Rus29APX: folds
Uncalled bet ($6) returned to Kosova1968
Kosova1968 collected $35.50 from pot
Kosova1968: doesn't show hand
*** SUMMARY ***
Total pot $36 | Rake $0.50
Board [4d Qs 2h 7h Th]
Seat 1: Rus29APX (button) (small blind) folded on the River
Seat 2: Kosova1968 (big blind) collected ($35.50)


PokerStars Hand #145781886014:  Hold'em Limit ($3/$6 USD) - 2015/12/23 4:24:56 ET
Table 'Solstice' 2-max Seat #2 is the button
Seat 1: Rus29APX ($284.91 in chips)
Seat 2: Kosova1968 ($160.11 in chips)
Kosova1968: posts small blind $1
Rus29APX: posts big blind $3
*** HOLE CARDS ***
Kosova1968: folds
Uncalled bet ($2) returned to Rus29APX
Rus29APX collected $2 from pot
Rus29APX: doesn't show hand
*** SUMMARY ***
Total pot $2 | Rake $0
Seat 1: Rus29APX (big blind) collected ($2)
Seat 2: Kosova1968 (button) (small blind) folded before Flop


PokerStars Hand #145781873506:  Hold'em Limit ($3/$6 USD) - 2015/12/23 4:24:22 ET
Table 'Solstice' 2-max Seat #1 is the button
Seat 1: Rus29APX ($301.96 in chips)
Seat 2: Kosova1968 ($17.05 in chips)
Rus29APX: posts small blind $1
Kosova1968: posts big blind $3
*** HOLE CARDS ***
Rus29APX: raises $3 to $6
Kosova1968: raises $3 to $9
Rus29APX: calls $3
*** FLOP *** [7d 8s Kc]
Kosova1968: checks
Rus29APX: checks
*** TURN *** [7d 8s Kc] [9c]
Kosova1968: bets $6
Rus29APX: raises $6 to $12
Kosova1968: calls $2.05 and is all-in
Uncalled bet ($3.95) returned to Rus29APX
*** RIVER *** [7d 8s Kc 9c] [Qc]
*** SHOW DOWN ***
Kosova1968: shows [9s Qh] (two pair, Queens and Nines)
Rus29APX: shows [Td 9h] (a pair of Nines)
Kosova1968 collected $33.60 from pot
*** SUMMARY ***
Total pot $34.10 | Rake $0.50
Board [7d 8s Kc 9c Qc]
Seat 1: Rus29APX (button) (small blind) showed [Td 9h] and lost with a pair of Nines
Seat 2: Kosova1968 (big blind) showed [9s Qh] and won ($33.60) with two pair, Queens and Nines


PokerStars Hand #145781861195:  Hold'em Limit ($3/$6 USD) - 2015/12/23 4:23:49 ET
Table 'Solstice' 2-max Seat #2 is the button
Seat 1: Rus29APX ($266.46 in chips)
Seat 2: Kosova1968 ($53.05 in chips)
Kosova1968: posts small blind $1
Rus29APX: posts big blind $3
*** HOLE CARDS ***
Kosova1968: raises $3 to $6
Rus29APX: raises $3 to $9
Kosova1968: calls $3
*** FLOP *** [6s 6c 9d]
Rus29APX: bets $3
Kosova1968: calls $3
*** TURN *** [6s 6c 9d] [Jc]
Rus29APX: bets $6
Kosova1968: raises $6 to $12
Rus29APX: raises $6 to $18
Kosova1968: raises $6 to $24
Betting is capped
Rus29APX: calls $6
*** RIVER *** [6s 6c 9d Jc] [2d]
Rus29APX: checks
Kosova1968: checks
*** SHOW DOWN ***
Rus29APX: shows [Js Ks] (two pair, Jacks and Sixes)
Kosova1968: mucks hand
Rus29APX collected $71.50 from pot
*** SUMMARY ***
Total pot $72 | Rake $0.50
Board [6s 6c 9d Jc 2d]
Seat 1: Rus29APX (big blind) showed [Js Ks] and won ($71.50) with two pair, Jacks and Sixes
Seat 2: Kosova1968 (button) (small blind) mucked


PokerStars Hand #145781907356:  Hold'em Limit ($3/$6 USD) - 2015/12/23 4:25:53 ET
Table 'Solstice' 2-max Seat #2 is the button
Seat 1: Rus29APX ($310.17 in chips)
Seat 2: Kosova1968 ($134.11 in chips)
Kosova1968: posts small blind $1
Rus29APX: posts big blind $3
*** HOLE CARDS ***
Kosova1968: folds
Uncalled bet ($2) returned to Rus29APX
Rus29APX collected $2 from pot
Rus29APX: doesn't show hand
*** SUMMARY ***
Total pot $2 | Rake $0
Seat 1: Rus29APX (big blind) collected ($2)
Seat 2: Kosova1968 (button) (small blind) folded before Flop


PokerStars Hand #145781896357:  Hold'em Limit ($3/$6 USD) - 2015/12/23 4:25:24 ET
Table 'Solstice' 2-max Seat #1 is the button
Seat 1: Rus29APX ($292.67 in chips)
Seat 2: Kosova1968 ($152.11 in chips)
Rus29APX: posts small blind $1
Kosova1968: posts big blind $3
*** HOLE CARDS ***
Rus29APX: raises $3 to $6
Kosova1968: raises $3 to $9
Rus29APX: calls $3
*** FLOP *** [Ts Kc Qc]
Kosova1968: bets $3
Rus29APX: calls $3
*** TURN *** [Ts Kc Qc] [3h]
Kosova1968: checks
Rus29APX: bets $6
Kosova1968: calls $6
*** RIVER *** [Ts Kc Qc 3h] [8s]
Kosova1968: checks
Rus29APX: bets $6
Kosova1968: folds
Uncalled bet ($6) returned to Rus29APX
Rus29APX collected $35.50 from pot
Rus29APX: doesn't show hand
*** SUMMARY ***
Total pot $36 | Rake $0.50
Board [Ts Kc Qc 3h 8s]
Seat 1: Rus29APX (button) (small blind) collected ($35.50)
Seat 2: Kosova1968 (big blind) folded on the River


PokerStars Hand #145781893882:  Hold'em Limit ($3/$6 USD) - 2015/12/23 4:25:17 ET
Table 'Solstice' 2-max Seat #2 is the button
Seat 1: Rus29APX ($291.67 in chips)
Seat 2: Kosova1968 ($153.11 in chips)
Kosova1968: posts small blind $1
Rus29APX: posts big blind $3
*** HOLE CARDS ***
Kosova1968: folds
Uncalled bet ($2) returned to Rus29APX
Rus29APX collected $2 from pot
Rus29APX: doesn't show hand
*** SUMMARY ***
Total pot $2 | Rake $0
Seat 1: Rus29APX (big blind) collected ($2)
Seat 2: Kosova1968 (button) (small blind) folded before Flop


PokerStars Hand #145781887968:  Hold'em Limit ($3/$6 USD) - 2015/12/23 4:25:01 ET
Table 'Solstice' 2-max Seat #1 is the button
Seat 1: Rus29APX ($285.91 in chips)
Seat 2: Kosova1968 ($159.11 in chips)
Rus29APX: posts small blind $1
Kosova1968: posts big blind $3
*** HOLE CARDS ***
Rus29APX: raises $3 to $6
Kosova1968: calls $3
*** FLOP *** [Ad Qc Th]
Kosova1968: checks
Rus29APX: bets $3
Kosova1968: folds
Uncalled bet ($3) returned to Rus29APX
Rus29APX collected $11.76 from pot
Rus29APX: doesn't show hand
*** SUMMARY ***
Total pot $12 | Rake $0.24
Board [Ad Qc Th]
Seat 1: Rus29APX (button) (small blind) collected ($11.76)
Seat 2: Kosova1968 (big blind) folded on the Flop


PokerStars Hand #145781931724:  Hold'em Limit ($3/$6 USD) - 2015/12/23 4:26:58 ET
Table 'Solstice' 2-max Seat #2 is the button
Seat 1: Rus29APX ($302.67 in chips)
Seat 2: Kosova1968 ($140.61 in chips)
Kosova1968: posts small blind $1
Rus29APX: posts big blind $3
*** HOLE CARDS ***
Kosova1968: raises $3 to $6
Rus29APX: folds
Uncalled bet ($3) returned to Kosova1968
Kosova1968 collected $6 from pot
Kosova1968: doesn't show hand
*** SUMMARY ***
Total pot $6 | Rake $0
Seat 1: Rus29APX (big blind) folded before Flop
Seat 2: Kosova1968 (button) (small blind) collected ($6)


PokerStars Hand #145781921731:  Hold'em Limit ($3/$6 USD) - 2015/12/23 4:26:31 ET
Table 'Solstice' 2-max Seat #2 is the button
Seat 1: Rus29APX ($325.67 in chips)
Seat 2: Kosova1968 ($118.11 in chips)
Kosova1968: posts small blind $1
Rus29APX: posts big blind $3
*** HOLE CARDS ***
Kosova1968: folds
Uncalled bet ($2) returned to Rus29APX
Rus29APX collected $2 from pot
Rus29APX: doesn't show hand
*** SUMMARY ***
Total pot $2 | Rake $0
Seat 1: Rus29APX (big blind) collected ($2)
Seat 2: Kosova1968 (button) (small blind) folded before Flop


PokerStars Hand #145781909376:  Hold'em Limit ($3/$6 USD) - 2015/12/23 4:25:58 ET
Table 'Solstice' 2-max Seat #1 is the button
Seat 1: Rus29APX ($311.17 in chips)
Seat 2: Kosova1968 ($133.11 in chips)
Rus29APX: posts small blind $1
Kosova1968: posts big blind $3
*** HOLE CARDS ***
Rus29APX: raises $3 to $6
Kosova1968: calls $3
*** FLOP *** [Ad Kc 6s]
Kosova1968: checks
Rus29APX: bets $3
Kosova1968: raises $3 to $6
Rus29APX: raises $3 to $9
Kosova1968: calls $3
*** TURN *** [Ad Kc 6s] [Kd]
Kosova1968: checks
Rus29APX: bets $6
Kosova1968: folds
Uncalled bet ($6) returned to Rus29APX
Rus29APX collected $29.50 from pot
Rus29APX: doesn't show hand
*** SUMMARY ***
Total pot $30 | Rake $0.50
Board [Ad Kc 6s Kd]
Seat 1: Rus29APX (button) (small blind) collected ($29.50)
Seat 2: Kosova1968 (big blind) folded on the Turn


PokerStars Hand #145781923505:  Hold'em Limit ($3/$6 USD) - 2015/12/23 4:26:36 ET
Table 'Solstice' 2-max Seat #1 is the button
Seat 1: Rus29APX ($326.67 in chips)
Seat 2: Kosova1968 ($117.11 in chips)
Rus29APX: posts small blind $1
Kosova1968: posts big blind $3
*** HOLE CARDS ***
Rus29APX: raises $3 to $6
Kosova1968: calls $3
*** FLOP *** [9d 7s 6h]
Kosova1968: checks
Rus29APX: bets $3
Kosova1968: raises $3 to $6
Rus29APX: calls $3
*** TURN *** [9d 7s 6h] [7d]
Kosova1968: bets $6
Rus29APX: calls $6
*** RIVER *** [9d 7s 6h 7d] [2h]
Kosova1968: bets $6
Rus29APX: calls $6
*** SHOW DOWN ***
Kosova1968: shows [Qc 7h] (three of a kind, Sevens)
Rus29APX: mucks hand
Kosova1968 collected $47.50 from pot
*** SUMMARY ***
Total pot $48 | Rake $0.50
Board [9d 7s 6h 7d 2h]
Seat 1: Rus29APX (button) (small blind) mucked
Seat 2: Kosova1968 (big blind) showed [Qc 7h] and won ($47.50) with three of a kind, Sevens


PokerStars Hand #145781936778:  Hold'em Limit ($3/$6 USD) - 2015/12/23 4:27:11 ET
Table 'Solstice' 2-max Seat #2 is the button
Seat 1: Rus29APX ($298.67 in chips)
Seat 2: Kosova1968 ($144.61 in chips)
Kosova1968: posts small blind $1
Rus29APX: posts big blind $3
*** HOLE CARDS ***
Kosova1968: raises $3 to $6
Rus29APX: folds
Uncalled bet ($3) returned to Kosova1968
Kosova1968 collected $6 from pot
Kosova1968: doesn't show hand
*** SUMMARY ***
Total pot $6 | Rake $0
Seat 1: Rus29APX (big blind) folded before Flop
Seat 2: Kosova1968 (button) (small blind) collected ($6)


PokerStars Hand #145781934132:  Hold'em Limit ($3/$6 USD) - 2015/12/23 4:27:04 ET
Table 'Solstice' 2-max Seat #1 is the button
Seat 1: Rus29APX ($299.67 in chips)
Seat 2: Kosova1968 ($143.61 in chips)
Rus29APX: posts small blind $1
Kosova1968: posts big blind $3
*** HOLE CARDS ***
Rus29APX: folds
Uncalled bet ($2) returned to Kosova1968
Kosova1968 collected $2 from pot
Kosova1968: doesn't show hand
*** SUMMARY ***
Total pot $2 | Rake $0
Seat 1: Rus29APX (button) (small blind) folded before Flop
Seat 2: Kosova1968 (big blind) collected ($2)


PokerStars Hand #145781939923:  Hold'em Limit ($3/$6 USD) - 2015/12/23 4:27:20 ET
Table 'Solstice' 2-max Seat #1 is the button
Seat 1: Rus29APX ($295.67 in chips)
Seat 2: Kosova1968 ($147.61 in chips)
Rus29APX: posts small blind $1
Kosova1968: posts big blind $3
*** HOLE CARDS ***
Rus29APX: raises $3 to $6
Kosova1968: calls $3
*** FLOP *** [2h Ad 2d]
Kosova1968: checks
Rus29APX: bets $3
Kosova1968: calls $3
*** TURN *** [2h Ad 2d] [8s]
Kosova1968: checks
Rus29APX: checks
*** RIVER *** [2h Ad 2d 8s] [Ac]
Kosova1968: checks
Rus29APX: checks
*** SHOW DOWN ***
Kosova1968: shows [3h 4d] (two pair, Aces and Deuces)
Rus29APX: shows [9d Jd] (two pair, Aces and Deuces - Jack kicker)
Rus29APX collected $17.64 from pot
*** SUMMARY ***
Total pot $18 | Rake $0.36
Board [2h Ad 2d 8s Ac]
Seat 1: Rus29APX (button) (small blind) showed [9d Jd] and won ($17.64) with two pair, Aces and Deuces
Seat 2: Kosova1968 (big blind) showed [3h 4d] and lost with two pair, Aces and Deuces


PokerStars Hand #145781952454:  Hold'em Limit ($3/$6 USD) - 2015/12/23 4:27:53 ET
Table 'Solstice' 2-max Seat #2 is the button
Seat 1: Rus29APX ($304.31 in chips)
Seat 2: Kosova1968 ($138.61 in chips)
Kosova1968: posts small blind $1
Rus29APX: posts big blind $3
*** HOLE CARDS ***
Kosova1968: raises $3 to $6
Rus29APX: calls $3
*** FLOP *** [Ts 8s Kh]
Rus29APX: bets $3
Kosova1968: calls $3
*** TURN *** [Ts 8s Kh] [Qd]
Rus29APX: bets $6
Kosova1968: calls $6
*** RIVER *** [Ts 8s Kh Qd] [Qh]
Rus29APX: bets $6
Kosova1968: folds
Uncalled bet ($6) returned to Rus29APX
Rus29APX collected $29.50 from pot
Rus29APX: doesn't show hand
*** SUMMARY ***
Total pot $30 | Rake $0.50
Board [Ts 8s Kh Qd Qh]
Seat 1: Rus29APX (big blind) collected ($29.50)
Seat 2: Kosova1968 (button) (small blind) folded on the River


PokerStars Hand #145781961560:  Hold'em Limit ($3/$6 USD) - 2015/12/23 4:28:18 ET
Table 'Solstice' 2-max Seat #1 is the button
Seat 1: Rus29APX ($318.81 in chips)
Seat 2: Kosova1968 ($123.61 in chips)
Rus29APX: posts small blind $1
Kosova1968: posts big blind $3
*** HOLE CARDS ***
Rus29APX: raises $3 to $6
Kosova1968: calls $3
*** FLOP *** [3s 2d 7s]
Kosova1968: checks
Rus29APX: bets $3
Kosova1968: calls $3
*** TURN *** [3s 2d 7s] [Qs]
Kosova1968: checks
Rus29APX: checks
*** RIVER *** [3s 2d 7s Qs] [8c]
Kosova1968: bets $6
Rus29APX: calls $6
*** SHOW DOWN ***
Kosova1968: shows [Tc Ad] (high card Ace)
Rus29APX: shows [Kh 2c] (a pair of Deuces)
Rus29APX collected $29.50 from pot
*** SUMMARY ***
Total pot $30 | Rake $0.50
Board [3s 2d 7s Qs 8c]
Seat 1: Rus29APX (button) (small blind) showed [Kh 2c] and won ($29.50) with a pair of Deuces
Seat 2: Kosova1968 (big blind) showed [Tc Ad] and lost with high card Ace


PokerStars Hand #145781971613:  Hold'em Limit ($3/$6 USD) - 2015/12/23 4:28:45 ET
Table 'Solstice' 2-max Seat #2 is the button
Seat 1: Rus29APX ($333.31 in chips)
Seat 2: Kosova1968 ($108.61 in chips)
Kosova1968: posts small blind $1
Rus29APX: posts big blind $3
*** HOLE CARDS ***
Kosova1968: raises $3 to $6
Rus29APX: raises $3 to $9
Kosova1968: calls $3
*** FLOP *** [Td 7s 2d]
Rus29APX: bets $3
Kosova1968: calls $3
*** TURN *** [Td 7s 2d] [3c]
Rus29APX: bets $6
Kosova1968: calls $6
*** RIVER *** [Td 7s 2d 3c] [9d]
Rus29APX: bets $6
Kosova1968: calls $6
*** SHOW DOWN ***
Rus29APX: shows [Ad Kd] (a flush, Ace high)
Kosova1968: mucks hand
Rus29APX collected $47.50 from pot
*** SUMMARY ***
Total pot $48 | Rake $0.50
Board [Td 7s 2d 3c 9d]
Seat 1: Rus29APX (big blind) showed [Ad Kd] and won ($47.50) with a flush, Ace high
Seat 2: Kosova1968 (button) (small blind) mucked


PokerStars Hand #145781980210:  Hold'em Limit ($3/$6 USD) - 2015/12/23 4:29:08 ET
Table 'Solstice' 2-max Seat #1 is the button
Seat 1: Rus29APX ($356.81 in chips)
Seat 2: Kosova1968 ($84.61 in chips)
Rus29APX: posts small blind $1
Kosova1968: posts big blind $3
*** HOLE CARDS ***
Rus29APX: raises $3 to $6
Kosova1968: raises $3 to $9
Rus29APX: calls $3
*** FLOP *** [7d 5s Th]
Kosova1968: checks
Rus29APX: checks
*** TURN *** [7d 5s Th] [Ad]
Kosova1968: bets $6
Rus29APX: calls $6
*** RIVER *** [7d 5s Th Ad] [7c]
Kosova1968: bets $6
Rus29APX: calls $6
*** SHOW DOWN ***
Kosova1968: shows [8d 8s] (two pair, Eights and Sevens)
Rus29APX: mucks hand
Kosova1968 collected $41.50 from pot
*** SUMMARY ***
Total pot $42 | Rake $0.50
Board [7d 5s Th Ad 7c]
Seat 1: Rus29APX (button) (small blind) mucked
Seat 2: Kosova1968 (big blind) showed [8d 8s] and won ($41.50) with two pair, Eights and Sevens


PokerStars Hand #145781988181:  Hold'em Limit ($3/$6 USD) - 2015/12/23 4:29:30 ET
Table 'Solstice' 2-max Seat #2 is the button
Seat 1: Rus29APX ($335.81 in chips)
Seat 2: Kosova1968 ($105.11 in chips)
Kosova1968: posts small blind $1
Rus29APX: posts big blind $3
*** HOLE CARDS ***
Kosova1968: raises $3 to $6
Rus29APX: calls $3
*** FLOP *** [Tc 9c Ts]
Rus29APX: checks
Kosova1968: bets $3
Rus29APX: calls $3
*** TURN *** [Tc 9c Ts] [4s]
Rus29APX: checks
Kosova1968: bets $6
Rus29APX: calls $6
*** RIVER *** [Tc 9c Ts 4s] [Ac]
Rus29APX: checks
Kosova1968: checks
*** SHOW DOWN ***
Rus29APX: shows [3h Kh] (a pair of Tens)
Kosova1968: shows [4h 5c] (two pair, Tens and Fours)
Kosova1968 collected $29.50 from pot
*** SUMMARY ***
Total pot $30 | Rake $0.50
Board [Tc 9c Ts 4s Ac]
Seat 1: Rus29APX (big blind) showed [3h Kh] and lost with a pair of Tens
Seat 2: Kosova1968 (button) (small blind) showed [4h 5c] and won ($29.50) with two pair, Tens and Fours


PokerStars Hand #145781997018:  Hold'em Limit ($3/$6 USD) - 2015/12/23 4:29:53 ET
Table 'Solstice' 2-max Seat #1 is the button
Seat 1: Rus29APX ($320.81 in chips)
Seat 2: Kosova1968 ($119.61 in chips)
Rus29APX: posts small blind $1
Kosova1968: posts big blind $3
*** HOLE CARDS ***
Rus29APX: raises $3 to $6
Kosova1968: raises $3 to $9
Rus29APX: calls $3
*** FLOP *** [3s 6c Jh]
Kosova1968: checks
Rus29APX: checks
*** TURN *** [3s 6c Jh] [2d]
Kosova1968: bets $6
Rus29APX: folds
Uncalled bet ($6) returned to Kosova1968
Kosova1968 collected $17.64 from pot
Kosova1968: doesn't show hand
*** SUMMARY ***
Total pot $18 | Rake $0.36
Board [3s 6c Jh 2d]
Seat 1: Rus29APX (button) (small blind) folded on the Turn
Seat 2: Kosova1968 (big blind) collected ($17.64)


PokerStars Hand #145782004896:  Hold'em Limit ($3/$6 USD) - 2015/12/23 4:30:08 ET
Table 'Solstice' 2-max Seat #2 is the button
Seat 1: Rus29APX ($311.81 in chips)
Seat 2: Kosova1968 ($128.25 in chips)
Kosova1968: posts small blind $1
Rus29APX: posts big blind $3
*** HOLE CARDS ***
Kosova1968: raises $3 to $6
Rus29APX: calls $3
*** FLOP *** [6s 3d 5c]
Rus29APX: bets $3
Kosova1968: calls $3
*** TURN *** [6s 3d 5c] [6d]
Rus29APX: bets $6
Kosova1968: calls $6
*** RIVER *** [6s 3d 5c 6d] [Ks]
Rus29APX: bets $6
Kosova1968: calls $6
*** SHOW DOWN ***
Rus29APX: shows [Tc 6h] (three of a kind, Sixes)
Kosova1968: mucks hand
Rus29APX collected $41.50 from pot
*** SUMMARY ***
Total pot $42 | Rake $0.50
Board [6s 3d 5c 6d Ks]
Seat 1: Rus29APX (big blind) showed [Tc 6h] and won ($41.50) with three of a kind, Sixes
Seat 2: Kosova1968 (button) (small blind) mucked


PokerStars Hand #145782017779:  Hold'em Limit ($3/$6 USD) - 2015/12/23 4:30:42 ET
Table 'Solstice' 2-max Seat #2 is the button
Seat 1: Rus29APX ($346.81 in chips)
Seat 2: Kosova1968 ($92.25 in chips)
Kosova1968: posts small blind $1
Rus29APX: posts big blind $3
*** HOLE CARDS ***
Kosova1968: folds
Uncalled bet ($2) returned to Rus29APX
Rus29APX collected $2 from pot
Rus29APX: doesn't show hand
*** SUMMARY ***
Total pot $2 | Rake $0
Seat 1: Rus29APX (big blind) collected ($2)
Seat 2: Kosova1968 (button) (small blind) folded before Flop


PokerStars Hand #145782012223:  Hold'em Limit ($3/$6 USD) - 2015/12/23 4:30:28 ET
Table 'Solstice' 2-max Seat #1 is the button
Seat 1: Rus29APX ($332.31 in chips)
Seat 2: Kosova1968 ($107.25 in chips)
Rus29APX: posts small blind $1
Kosova1968: posts big blind $3
*** HOLE CARDS ***
Rus29APX: raises $3 to $6
Kosova1968: calls $3
*** FLOP *** [Qs 8h Qc]
Kosova1968: checks
Rus29APX: bets $3
Kosova1968: calls $3
*** TURN *** [Qs 8h Qc] [5c]
Kosova1968: checks
Rus29APX: checks
*** RIVER *** [Qs 8h Qc 5c] [Js]
Kosova1968: bets $6
Rus29APX: calls $6
*** SHOW DOWN ***
Kosova1968: shows [4d 6h] (a pair of Queens)
Rus29APX: shows [Ah 2c] (a pair of Queens - Ace kicker)
Rus29APX collected $29.50 from pot
*** SUMMARY ***
Total pot $30 | Rake $0.50
Board [Qs 8h Qc 5c Js]
Seat 1: Rus29APX (button) (small blind) showed [Ah 2c] and won ($29.50) with a pair of Queens
Seat 2: Kosova1968 (big blind) showed [4d 6h] and lost with a pair of Queens


PokerStars Hand #145782019906:  Hold'em Limit ($3/$6 USD) - 2015/12/23 4:30:47 ET
Table 'Solstice' 2-max Seat #1 is the button
Seat 1: Rus29APX ($347.81 in chips)
Seat 2: Kosova1968 ($91.25 in chips)
Rus29APX: posts small blind $1
Kosova1968: posts big blind $3
*** HOLE CARDS ***
Rus29APX: folds
Uncalled bet ($2) returned to Kosova1968
Kosova1968 collected $2 from pot
Kosova1968: doesn't show hand
*** SUMMARY ***
Total pot $2 | Rake $0
Seat 1: Rus29APX (button) (small blind) folded before Flop
Seat 2: Kosova1968 (big blind) collected ($2)


PokerStars Hand #145782022093:  Hold'em Limit ($3/$6 USD) - 2015/12/23 4:30:53 ET
Table 'Solstice' 2-max Seat #2 is the button
Seat 1: Rus29APX ($346.81 in chips)
Seat 2: Kosova1968 ($92.25 in chips)
Kosova1968: posts small blind $1
Rus29APX: posts big blind $3
*** HOLE CARDS ***
Kosova1968: raises $3 to $6
Rus29APX: calls $3
*** FLOP *** [5h 2c 4s]
Rus29APX: checks
Kosova1968: checks
*** TURN *** [5h 2c 4s] [6c]
Rus29APX: bets $6
Kosova1968: calls $6
*** RIVER *** [5h 2c 4s 6c] [Jh]
Rus29APX: bets $6
Kosova1968: calls $6
*** SHOW DOWN ***
Rus29APX: shows [6s Qs] (a pair of Sixes)
Kosova1968: mucks hand
Rus29APX collected $35.50 from pot
*** SUMMARY ***
Total pot $36 | Rake $0.50
Board [5h 2c 4s 6c Jh]
Seat 1: Rus29APX (big blind) showed [6s Qs] and won ($35.50) with a pair of Sixes
Seat 2: Kosova1968 (button) (small blind) mucked


PokerStars Hand #145782031628:  Hold'em Limit ($3/$6 USD) - 2015/12/23 4:31:16 ET
Table 'Solstice' 2-max Seat #2 is the button
Seat 1: Rus29APX ($363.31 in chips)
Seat 2: Kosova1968 ($75.25 in chips)
Kosova1968: posts small blind $1
Rus29APX: posts big blind $3
*** HOLE CARDS ***
Kosova1968: folds
Uncalled bet ($2) returned to Rus29APX
Rus29APX collected $2 from pot
Rus29APX: doesn't show hand
*** SUMMARY ***
Total pot $2 | Rake $0
Seat 1: Rus29APX (big blind) collected ($2)
Seat 2: Kosova1968 (button) (small blind) folded before Flop


PokerStars Hand #145782029587:  Hold'em Limit ($3/$6 USD) - 2015/12/23 4:31:11 ET
Table 'Solstice' 2-max Seat #1 is the button
Seat 1: Rus29APX ($364.31 in chips)
Seat 2: Kosova1968 ($74.25 in chips)
Rus29APX: posts small blind $1
Kosova1968: posts big blind $3
*** HOLE CARDS ***
Rus29APX: folds
Uncalled bet ($2) returned to Kosova1968
Kosova1968 collected $2 from pot
Kosova1968: doesn't show hand
*** SUMMARY ***
Total pot $2 | Rake $0
Seat 1: Rus29APX (button) (small blind) folded before Flop
Seat 2: Kosova1968 (big blind) collected ($2)


PokerStars Hand #145782033634:  Hold'em Limit ($3/$6 USD) - 2015/12/23 4:31:21 ET
Table 'Solstice' 2-max Seat #1 is the button
Seat 1: Rus29APX ($364.31 in chips)
Seat 2: Kosova1968 ($74.25 in chips)
Rus29APX: posts small blind $1
Kosova1968: posts big blind $3
*** HOLE CARDS ***
Rus29APX: calls $2
Kosova1968: raises $3 to $6
Rus29APX: calls $3
*** FLOP *** [Ts 8h 3c]
Kosova1968: checks
Rus29APX: checks
*** TURN *** [Ts 8h 3c] [9h]
Kosova1968: bets $6
Rus29APX: calls $6
*** RIVER *** [Ts 8h 3c 9h] [Qd]
Kosova1968: bets $6
Rus29APX: folds
Uncalled bet ($6) returned to Kosova1968
Kosova1968 collected $23.52 from pot
Kosova1968: doesn't show hand
*** SUMMARY ***
Total pot $24 | Rake $0.48
Board [Ts 8h 3c 9h Qd]
Seat 1: Rus29APX (button) (small blind) folded on the River
Seat 2: Kosova1968 (big blind) collected ($23.52)


PokerStars Hand #145782042775:  Hold'em Limit ($3/$6 USD) - 2015/12/23 4:31:43 ET
Table 'Solstice' 2-max Seat #2 is the button
Seat 1: Rus29APX ($352.31 in chips)
Seat 2: Kosova1968 ($85.77 in chips)
Kosova1968: posts small blind $1
Rus29APX: posts big blind $3
*** HOLE CARDS ***
Kosova1968: raises $3 to $6
Rus29APX: calls $3
*** FLOP *** [Ks 4c 4d]
Rus29APX: checks
Kosova1968: bets $3
Rus29APX: folds
Uncalled bet ($3) returned to Kosova1968
Kosova1968 collected $11.76 from pot
Kosova1968: doesn't show hand
*** SUMMARY ***
Total pot $12 | Rake $0.24
Board [Ks 4c 4d]
Seat 1: Rus29APX (big blind) folded on the Flop
Seat 2: Kosova1968 (button) (small blind) collected ($11.76)


PokerStars Hand #145782047315:  Hold'em Limit ($3/$6 USD) - 2015/12/23 4:31:55 ET
Table 'Solstice' 2-max Seat #1 is the button
Seat 1: Rus29APX ($346.31 in chips)
Seat 2: Kosova1968 ($91.53 in chips)
Rus29APX: posts small blind $1
Kosova1968: posts big blind $3
*** HOLE CARDS ***
Rus29APX: raises $3 to $6
Kosova1968: raises $3 to $9
Rus29APX: calls $3
*** FLOP *** [2s 6c 4s]
Kosova1968: bets $3
Rus29APX: calls $3
*** TURN *** [2s 6c 4s] [3d]
Kosova1968: checks
Rus29APX: checks
*** RIVER *** [2s 6c 4s 3d] [8d]
Kosova1968: bets $6
Rus29APX: folds
Uncalled bet ($6) returned to Kosova1968
Kosova1968 collected $23.52 from pot
Kosova1968: doesn't show hand
*** SUMMARY ***
Total pot $24 | Rake $0.48
Board [2s 6c 4s 3d 8d]
Seat 1: Rus29APX (button) (small blind) folded on the River
Seat 2: Kosova1968 (big blind) collected ($23.52)


PokerStars Hand #145782055223:  Hold'em Limit ($3/$6 USD) - 2015/12/23 4:32:14 ET
Table 'Solstice' 2-max Seat #2 is the button
Seat 1: Rus29APX ($334.31 in chips)
Seat 2: Kosova1968 ($103.05 in chips)
Kosova1968: posts small blind $1
Rus29APX: posts big blind $3
*** HOLE CARDS ***
Kosova1968: raises $3 to $6
Rus29APX: calls $3
*** FLOP *** [Jc Kd Jh]
Rus29APX: checks
Kosova1968: bets $3
Rus29APX: raises $3 to $6
Kosova1968: calls $3
*** TURN *** [Jc Kd Jh] [8c]
Rus29APX: checks
Kosova1968: bets $6
Rus29APX: raises $6 to $12
Kosova1968: calls $6
*** RIVER *** [Jc Kd Jh 8c] [Jd]
Rus29APX: bets $6
Kosova1968: calls $6
*** SHOW DOWN ***
Rus29APX: shows [Js 4s] (four of a kind, Jacks)
Kosova1968: mucks hand
Rus29APX collected $59.50 from pot
*** SUMMARY ***
Total pot $60 | Rake $0.50
Board [Jc Kd Jh 8c Jd]
Seat 1: Rus29APX (big blind) showed [Js 4s] and won ($59.50) with four of a kind, Jacks
Seat 2: Kosova1968 (button) (small blind) mucked


PokerStars Hand #145782069475:  Hold'em Limit ($3/$6 USD) - 2015/12/23 4:32:49 ET
Table 'Solstice' 2-max Seat #1 is the button
Seat 1: Rus29APX ($363.81 in chips)
Seat 2: Kosova1968 ($73.05 in chips)
Rus29APX: posts small blind $1
Kosova1968: posts big blind $3
*** HOLE CARDS ***
Rus29APX: raises $3 to $6
Kosova1968: calls $3
*** FLOP *** [7d Qd Ah]
Kosova1968: checks
Rus29APX: checks
*** TURN *** [7d Qd Ah] [Kd]
Kosova1968: bets $6
Rus29APX: folds
Uncalled bet ($6) returned to Kosova1968
Kosova1968 collected $11.76 from pot
Kosova1968: doesn't show hand
*** SUMMARY ***
Total pot $12 | Rake $0.24
Board [7d Qd Ah Kd]
Seat 1: Rus29APX (button) (small blind) folded on the Turn
Seat 2: Kosova1968 (big blind) collected ($11.76)


PokerStars Hand #145782075213:  Hold'em Limit ($3/$6 USD) - 2015/12/23 4:33:03 ET
Table 'Solstice' 2-max Seat #2 is the button
Seat 1: Rus29APX ($357.81 in chips)
Seat 2: Kosova1968 ($78.81 in chips)
Kosova1968: posts small blind $1
Rus29APX: posts big blind $3
*** HOLE CARDS ***
Kosova1968: raises $3 to $6
Rus29APX: calls $3
*** FLOP *** [Jd Jc Tc]
Rus29APX: checks
Kosova1968: bets $3
Rus29APX: calls $3
*** TURN *** [Jd Jc Tc] [Js]
Rus29APX: checks
Kosova1968: bets $6
Rus29APX: calls $6
*** RIVER *** [Jd Jc Tc Js] [9h]
Rus29APX: checks
Kosova1968: bets $6
Rus29APX: calls $6
*** SHOW DOWN ***
Kosova1968: shows [7c Ah] (three of a kind, Jacks)
Rus29APX: mucks hand
Kosova1968 collected $41.50 from pot
*** SUMMARY ***
Total pot $42 | Rake $0.50
Board [Jd Jc Tc Js 9h]
Seat 1: Rus29APX (big blind) mucked
Seat 2: Kosova1968 (button) (small blind) showed [7c Ah] and won ($41.50) with three of a kind, Jacks


PokerStars Hand #145782082815:  Hold'em Limit ($3/$6 USD) - 2015/12/23 4:33:22 ET
Table 'Solstice' 2-max Seat #1 is the button
Seat 1: Rus29APX ($336.81 in chips)
Seat 2: Kosova1968 ($99.31 in chips)
Rus29APX: posts small blind $1
Kosova1968: posts big blind $3
*** HOLE CARDS ***
Rus29APX: raises $3 to $6
Kosova1968: calls $3
*** FLOP *** [9h Jd 3h]
Kosova1968: bets $3
Rus29APX: calls $3
*** TURN *** [9h Jd 3h] [2d]
Kosova1968: checks
Rus29APX: checks
*** RIVER *** [9h Jd 3h 2d] [5s]
Kosova1968: bets $6
Rus29APX: calls $6
*** SHOW DOWN ***
Kosova1968: shows [4h 4s] (a pair of Fours)
Rus29APX: mucks hand
Kosova1968 collected $29.50 from pot
*** SUMMARY ***
Total pot $30 | Rake $0.50
Board [9h Jd 3h 2d 5s]
Seat 1: Rus29APX (button) (small blind) mucked
Seat 2: Kosova1968 (big blind) showed [4h 4s] and won ($29.50) with a pair of Fours


PokerStars Hand #145782091019:  Hold'em Limit ($3/$6 USD) - 2015/12/23 4:33:43 ET
Table 'Solstice' 2-max Seat #2 is the button
Seat 1: Rus29APX ($321.81 in chips)
Seat 2: Kosova1968 ($113.81 in chips)
Kosova1968: posts small blind $1
Rus29APX: posts big blind $3
*** HOLE CARDS ***
Kosova1968: raises $3 to $6
Rus29APX: raises $3 to $9
Kosova1968: calls $3
*** FLOP *** [9c Ts Qs]
Rus29APX: bets $3
Kosova1968: raises $3 to $6
Rus29APX: calls $3
*** TURN *** [9c Ts Qs] [Kc]
Rus29APX: checks
Kosova1968: checks
*** RIVER *** [9c Ts Qs Kc] [8d]
Rus29APX: bets $6
Kosova1968: calls $6
*** SHOW DOWN ***
Rus29APX: shows [Jh Ad] (a straight, Ten to Ace)
Kosova1968: mucks hand
Rus29APX collected $41.50 from pot
*** SUMMARY ***
Total pot $42 | Rake $0.50
Board [9c Ts Qs Kc 8d]
Seat 1: Rus29APX (big blind) showed [Jh Ad] and won ($41.50) with a straight, Ten to Ace
Seat 2: Kosova1968 (button) (small blind) mucked


PokerStars Hand #145782103811:  Hold'em Limit ($3/$6 USD) - 2015/12/23 4:34:15 ET
Table 'Solstice' 2-max Seat #2 is the button
Seat 1: Rus29APX ($348.07 in chips)
Seat 2: Kosova1968 ($86.81 in chips)
Kosova1968: posts small blind $1
Rus29APX: posts big blind $3
*** HOLE CARDS ***
Kosova1968: folds
Uncalled bet ($2) returned to Rus29APX
Rus29APX collected $2 from pot
Rus29APX: doesn't show hand
*** SUMMARY ***
Total pot $2 | Rake $0
Seat 1: Rus29APX (big blind) collected ($2)
Seat 2: Kosova1968 (button) (small blind) folded before Flop


PokerStars Hand #145782099493:  Hold'em Limit ($3/$6 USD) - 2015/12/23 4:34:04 ET
Table 'Solstice' 2-max Seat #1 is the button
Seat 1: Rus29APX ($342.31 in chips)
Seat 2: Kosova1968 ($92.81 in chips)
Rus29APX: posts small blind $1
Kosova1968: posts big blind $3
*** HOLE CARDS ***
Rus29APX: raises $3 to $6
Kosova1968: calls $3
*** FLOP *** [5c 5h 9h]
Kosova1968: checks
Rus29APX: bets $3
Kosova1968: folds
Uncalled bet ($3) returned to Rus29APX
Rus29APX collected $11.76 from pot
Rus29APX: doesn't show hand
*** SUMMARY ***
Total pot $12 | Rake $0.24
Board [5c 5h 9h]
Seat 1: Rus29APX (button) (small blind) collected ($11.76)
Seat 2: Kosova1968 (big blind) folded on the Flop


PokerStars Hand #145782107650:  Hold'em Limit ($3/$6 USD) - 2015/12/23 4:34:24 ET
Table 'Solstice' 2-max Seat #2 is the button
Seat 1: Rus29APX ($348.07 in chips)
Seat 2: Kosova1968 ($86.81 in chips)
Kosova1968: posts small blind $1
Rus29APX: posts big blind $3
*** HOLE CARDS ***
Kosova1968: folds
Uncalled bet ($2) returned to Rus29APX
Rus29APX collected $2 from pot
Rus29APX: doesn't show hand
*** SUMMARY ***
Total pot $2 | Rake $0
Seat 1: Rus29APX (big blind) collected ($2)
Seat 2: Kosova1968 (button) (small blind) folded before Flop


PokerStars Hand #145782105606:  Hold'em Limit ($3/$6 USD) - 2015/12/23 4:34:19 ET
Table 'Solstice' 2-max Seat #1 is the button
Seat 1: Rus29APX ($349.07 in chips)
Seat 2: Kosova1968 ($85.81 in chips)
Rus29APX: posts small blind $1
Kosova1968: posts big blind $3
*** HOLE CARDS ***
Rus29APX: folds
Uncalled bet ($2) returned to Kosova1968
Kosova1968 collected $2 from pot
Kosova1968: doesn't show hand
*** SUMMARY ***
Total pot $2 | Rake $0
Seat 1: Rus29APX (button) (small blind) folded before Flop
Seat 2: Kosova1968 (big blind) collected ($2)


PokerStars Hand #145782109729:  Hold'em Limit ($3/$6 USD) - 2015/12/23 4:34:29 ET
Table 'Solstice' 2-max Seat #1 is the button
Seat 1: Rus29APX ($349.07 in chips)
Seat 2: Kosova1968 ($85.81 in chips)
Rus29APX: posts small blind $1
Kosova1968: posts big blind $3
*** HOLE CARDS ***
Rus29APX: raises $3 to $6
Kosova1968: calls $3
*** FLOP *** [Jh 2s Kd]
Kosova1968: checks
Rus29APX: bets $3
Kosova1968: raises $3 to $6
Rus29APX: calls $3
*** TURN *** [Jh 2s Kd] [4c]
Kosova1968: bets $6
Rus29APX: calls $6
*** RIVER *** [Jh 2s Kd 4c] [Kc]
Kosova1968: bets $6
Rus29APX: calls $6
*** SHOW DOWN ***
Kosova1968: shows [6s Ts] (a pair of Kings)
Rus29APX: shows [Ah Th] (a pair of Kings - Ace kicker)
Rus29APX collected $47.50 from pot
*** SUMMARY ***
Total pot $48 | Rake $0.50
Board [Jh 2s Kd 4c Kc]
Seat 1: Rus29APX (button) (small blind) showed [Ah Th] and won ($47.50) with a pair of Kings
Seat 2: Kosova1968 (big blind) showed [6s Ts] and lost with a pair of Kings


PokerStars Hand #145782121497:  Hold'em Limit ($3/$6 USD) - 2015/12/23 4:34:59 ET
Table 'Solstice' 2-max Seat #2 is the button
Seat 1: Rus29APX ($372.57 in chips)
Seat 2: Kosova1968 ($61.81 in chips)
Kosova1968: posts small blind $1
Rus29APX: posts big blind $3
*** HOLE CARDS ***
Kosova1968: raises $3 to $6
Rus29APX: raises $3 to $9
Kosova1968: calls $3
*** FLOP *** [Td 2c 5c]
Rus29APX: bets $3
Kosova1968: raises $3 to $6
Rus29APX: calls $3
*** TURN *** [Td 2c 5c] [4s]
Rus29APX: checks
Kosova1968: checks
*** RIVER *** [Td 2c 5c 4s] [3h]
Rus29APX: checks
Kosova1968: bets $6
Rus29APX: folds
Uncalled bet ($6) returned to Kosova1968
Kosova1968 collected $29.50 from pot
Kosova1968: doesn't show hand
*** SUMMARY ***
Total pot $30 | Rake $0.50
Board [Td 2c 5c 4s 3h]
Seat 1: Rus29APX (big blind) folded on the River
Seat 2: Kosova1968 (button) (small blind) collected ($29.50)


PokerStars Hand #145782130470:  Hold'em Limit ($3/$6 USD) - 2015/12/23 4:35:21 ET
Table 'Solstice' 2-max Seat #1 is the button
Seat 1: Rus29APX ($357.57 in chips)
Seat 2: Kosova1968 ($76.31 in chips)
Rus29APX: posts small blind $1
Kosova1968: posts big blind $3
*** HOLE CARDS ***
Rus29APX: raises $3 to $6
Kosova1968: folds
Uncalled bet ($3) returned to Rus29APX
Rus29APX collected $6 from pot
Rus29APX: doesn't show hand
*** SUMMARY ***
Total pot $6 | Rake $0
Seat 1: Rus29APX (button) (small blind) collected ($6)
Seat 2: Kosova1968 (big blind) folded before Flop


PokerStars Hand #145782132595:  Hold'em Limit ($3/$6 USD) - 2015/12/23 4:35:27 ET
Table 'Solstice' 2-max Seat #2 is the button
Seat 1: Rus29APX ($360.57 in chips)
Seat 2: Kosova1968 ($73.31 in chips)
Kosova1968: posts small blind $1
Rus29APX: posts big blind $3
*** HOLE CARDS ***
Kosova1968: raises $3 to $6
Rus29APX: calls $3
*** FLOP *** [Ac 6h 8d]
Rus29APX: checks
Kosova1968: checks
*** TURN *** [Ac 6h 8d] [5d]
Rus29APX: checks
Kosova1968: bets $6
Rus29APX: raises $6 to $12
Kosova1968: calls $6
*** RIVER *** [Ac 6h 8d 5d] [4c]
Rus29APX: bets $6
Kosova1968: calls $6
*** SHOW DOWN ***
Rus29APX: shows [8s Kh] (a pair of Eights)
Kosova1968: mucks hand
Rus29APX collected $47.50 from pot
*** SUMMARY ***
Total pot $48 | Rake $0.50
Board [Ac 6h 8d 5d 4c]
Seat 1: Rus29APX (big blind) showed [8s Kh] and won ($47.50) with a pair of Eights
Seat 2: Kosova1968 (button) (small blind) mucked


PokerStars Hand #145782147971:  Hold'em Limit ($3/$6 USD) - 2015/12/23 4:36:05 ET
Table 'Solstice' 2-max Seat #2 is the button
Seat 1: Rus29APX ($366.07 in chips)
Seat 2: Kosova1968 ($66.81 in chips)
Kosova1968: posts small blind $1
Rus29APX: posts big blind $3
*** HOLE CARDS ***
Kosova1968: folds
Uncalled bet ($2) returned to Rus29APX
Rus29APX collected $2 from pot
Rus29APX: doesn't show hand
*** SUMMARY ***
Total pot $2 | Rake $0
Seat 1: Rus29APX (big blind) collected ($2)
Seat 2: Kosova1968 (button) (small blind) folded before Flop


PokerStars Hand #145782140294:  Hold'em Limit ($3/$6 USD) - 2015/12/23 4:35:46 ET
Table 'Solstice' 2-max Seat #1 is the button
Seat 1: Rus29APX ($384.07 in chips)
Seat 2: Kosova1968 ($49.31 in chips)
Rus29APX: posts small blind $1
Kosova1968: posts big blind $3
*** HOLE CARDS ***
Rus29APX: raises $3 to $6
Kosova1968: calls $3
*** FLOP *** [Jd Ah 3h]
Kosova1968: checks
Rus29APX: bets $3
Kosova1968: raises $3 to $6
Rus29APX: calls $3
*** TURN *** [Jd Ah 3h] [9h]
Kosova1968: checks
Rus29APX: checks
*** RIVER *** [Jd Ah 3h 9h] [Ac]
Kosova1968: bets $6
Rus29APX: calls $6
*** SHOW DOWN ***
Kosova1968: shows [Jh 6h] (a flush, Ace high)
Rus29APX: mucks hand
Kosova1968 collected $35.50 from pot
*** SUMMARY ***
Total pot $36 | Rake $0.50
Board [Jd Ah 3h 9h Ac]
Seat 1: Rus29APX (button) (small blind) mucked
Seat 2: Kosova1968 (big blind) showed [Jh 6h] and won ($35.50) with a flush, Ace high


PokerStars Hand #145782149947:  Hold'em Limit ($3/$6 USD) - 2015/12/23 4:36:10 ET
Table 'Solstice' 2-max Seat #1 is the button
Seat 1: Rus29APX ($367.07 in chips)
Seat 2: Kosova1968 ($65.81 in chips)
Rus29APX: posts small blind $1
Kosova1968: posts big blind $3
*** HOLE CARDS ***
Rus29APX: raises $3 to $6
Kosova1968: folds
Uncalled bet ($3) returned to Rus29APX
Rus29APX collected $6 from pot
Rus29APX: doesn't show hand
*** SUMMARY ***
Total pot $6 | Rake $0
Seat 1: Rus29APX (button) (small blind) collected ($6)
Seat 2: Kosova1968 (big blind) folded before Flop


PokerStars Hand #145782160297:  Hold'em Limit ($3/$6 USD) - 2015/12/23 4:36:37 ET
Table 'Solstice' 2-max Seat #1 is the button
Seat 1: Rus29APX ($358.07 in chips)
Seat 2: Kosova1968 ($74.33 in chips)
Rus29APX: posts small blind $1
Kosova1968: posts big blind $3
*** HOLE CARDS ***
Rus29APX: raises $3 to $6
Kosova1968: folds
Uncalled bet ($3) returned to Rus29APX
Rus29APX collected $6 from pot
Rus29APX: doesn't show hand
*** SUMMARY ***
Total pot $6 | Rake $0
Seat 1: Rus29APX (button) (small blind) collected ($6)
Seat 2: Kosova1968 (big blind) folded before Flop


PokerStars Hand #145782152274:  Hold'em Limit ($3/$6 USD) - 2015/12/23 4:36:16 ET
Table 'Solstice' 2-max Seat #2 is the button
Seat 1: Rus29APX ($370.07 in chips)
Seat 2: Kosova1968 ($62.81 in chips)
Kosova1968: posts small blind $1
Rus29APX: posts big blind $3
*** HOLE CARDS ***
Kosova1968: raises $3 to $6
Rus29APX: calls $3
*** FLOP *** [6c 5c 3d]
Rus29APX: checks
Kosova1968: checks
*** TURN *** [6c 5c 3d] [8c]
Rus29APX: checks
Kosova1968: bets $6
Rus29APX: calls $6
*** RIVER *** [6c 5c 3d 8c] [6d]
Rus29APX: checks
Kosova1968: bets $6
Rus29APX: folds
Uncalled bet ($6) returned to Kosova1968
Kosova1968 collected $23.52 from pot
Kosova1968: doesn't show hand
*** SUMMARY ***
Total pot $24 | Rake $0.48
Board [6c 5c 3d 8c 6d]
Seat 1: Rus29APX (big blind) folded on the River
Seat 2: Kosova1968 (button) (small blind) collected ($23.52)


PokerStars Hand #145782162497:  Hold'em Limit ($3/$6 USD) - 2015/12/23 4:36:42 ET
Table 'Solstice' 2-max Seat #2 is the button
Seat 1: Rus29APX ($361.07 in chips)
Seat 2: Kosova1968 ($71.33 in chips)
Kosova1968: posts small blind $1
Rus29APX: posts big blind $3
*** HOLE CARDS ***
Kosova1968: raises $3 to $6
Rus29APX: folds
Uncalled bet ($3) returned to Kosova1968
Kosova1968 collected $6 from pot
Kosova1968: doesn't show hand
*** SUMMARY ***
Total pot $6 | Rake $0
Seat 1: Rus29APX (big blind) folded before Flop
Seat 2: Kosova1968 (button) (small blind) collected ($6)


PokerStars Hand #145782164832:  Hold'em Limit ($3/$6 USD) - 2015/12/23 4:36:48 ET
Table 'Solstice' 2-max Seat #1 is the button
Seat 1: Rus29APX ($358.07 in chips)
Seat 2: Kosova1968 ($74.33 in chips)
Rus29APX: posts small blind $1
Kosova1968: posts big blind $3
*** HOLE CARDS ***
Rus29APX: calls $2
Kosova1968: checks
*** FLOP *** [Js As Jd]
Kosova1968: bets $3
Rus29APX: folds
Uncalled bet ($3) returned to Kosova1968
Kosova1968 collected $5.88 from pot
Kosova1968: doesn't show hand
*** SUMMARY ***
Total pot $6 | Rake $0.12
Board [Js As Jd]
Seat 1: Rus29APX (button) (small blind) folded on the Flop
Seat 2: Kosova1968 (big blind) collected ($5.88)


PokerStars Hand #145782168668:  Hold'em Limit ($3/$6 USD) - 2015/12/23 4:36:58 ET
Table 'Solstice' 2-max Seat #2 is the button
Seat 1: Rus29APX ($355.07 in chips)
Seat 2: Kosova1968 ($77.21 in chips)
Kosova1968: posts small blind $1
Rus29APX: posts big blind $3
*** HOLE CARDS ***
Kosova1968: raises $3 to $6
Rus29APX: raises $3 to $9
Kosova1968: calls $3
*** FLOP *** [9s 4s 2s]
Rus29APX: bets $3
Kosova1968: calls $3
*** TURN *** [9s 4s 2s] [Td]
Rus29APX: bets $6
Kosova1968: calls $6
*** RIVER *** [9s 4s 2s Td] [7h]
Rus29APX: checks
Kosova1968: checks
*** SHOW DOWN ***
Rus29APX: shows [Qh Kh] (high card King)
Kosova1968: shows [8h 8c] (a pair of Eights)
Kosova1968 collected $35.50 from pot
*** SUMMARY ***
Total pot $36 | Rake $0.50
Board [9s 4s 2s Td 7h]
Seat 1: Rus29APX (big blind) showed [Qh Kh] and lost with high card King
Seat 2: Kosova1968 (button) (small blind) showed [8h 8c] and won ($35.50) with a pair of Eights


PokerStars Hand #145782176323:  Hold'em Limit ($3/$6 USD) - 2015/12/23 4:37:17 ET
Table 'Solstice' 2-max Seat #1 is the button
Seat 1: Rus29APX ($337.07 in chips)
Seat 2: Kosova1968 ($94.71 in chips)
Rus29APX: posts small blind $1
Kosova1968: posts big blind $3
*** HOLE CARDS ***
Rus29APX: raises $3 to $6
Kosova1968: calls $3
*** FLOP *** [5d Ad Jc]
Kosova1968: checks
Rus29APX: bets $3
Kosova1968: calls $3
*** TURN *** [5d Ad Jc] [Qd]
Kosova1968: checks
Rus29APX: checks
*** RIVER *** [5d Ad Jc Qd] [7h]
Kosova1968: bets $6
Rus29APX: calls $6
*** SHOW DOWN ***
Kosova1968: shows [6d Ah] (a pair of Aces)
Rus29APX: mucks hand
Kosova1968 collected $29.50 from pot
*** SUMMARY ***
Total pot $30 | Rake $0.50
Board [5d Ad Jc Qd 7h]
Seat 1: Rus29APX (button) (small blind) mucked
Seat 2: Kosova1968 (big blind) showed [6d Ah] and won ($29.50) with a pair of Aces


PokerStars Hand #145782182620:  Hold'em Limit ($3/$6 USD) - 2015/12/23 4:37:33 ET
Table 'Solstice' 2-max Seat #2 is the button
Seat 1: Rus29APX ($322.07 in chips)
Seat 2: Kosova1968 ($109.21 in chips)
Kosova1968: posts small blind $1
Rus29APX: posts big blind $3
*** HOLE CARDS ***
Kosova1968: raises $3 to $6
Rus29APX: calls $3
*** FLOP *** [7h Ac 2d]
Rus29APX: checks
Kosova1968: checks
*** TURN *** [7h Ac 2d] [3d]
Rus29APX: checks
Kosova1968: checks
*** RIVER *** [7h Ac 2d 3d] [Kc]
Rus29APX: bets $6
Kosova1968: calls $6
*** SHOW DOWN ***
Rus29APX: shows [Js 7d] (a pair of Sevens)
Kosova1968: mucks hand
Rus29APX collected $23.52 from pot
*** SUMMARY ***
Total pot $24 | Rake $0.48
Board [7h Ac 2d 3d Kc]
Seat 1: Rus29APX (big blind) showed [Js 7d] and won ($23.52) with a pair of Sevens
Seat 2: Kosova1968 (button) (small blind) mucked


PokerStars Hand #145782189609:  Hold'em Limit ($3/$6 USD) - 2015/12/23 4:37:51 ET
Table 'Solstice' 2-max Seat #1 is the button
Seat 1: Rus29APX ($333.59 in chips)
Seat 2: Kosova1968 ($97.21 in chips)
Rus29APX: posts small blind $1
Kosova1968: posts big blind $3
*** HOLE CARDS ***
Rus29APX: raises $3 to $6
Kosova1968: calls $3
*** FLOP *** [8d 4c 5s]
Kosova1968: checks
Rus29APX: checks
*** TURN *** [8d 4c 5s] [6s]
Kosova1968: bets $6
Rus29APX: calls $6
*** RIVER *** [8d 4c 5s 6s] [7d]
Kosova1968: bets $6
Rus29APX: calls $6
*** SHOW DOWN ***
Kosova1968: shows [2d 3h] (a straight, Four to Eight)
Rus29APX: shows [Ks 3s] (a straight, Four to Eight)
Kosova1968 collected $17.75 from pot
Rus29APX collected $17.75 from pot
*** SUMMARY ***
Total pot $36 | Rake $0.50
Board [8d 4c 5s 6s 7d]
Seat 1: Rus29APX (button) (small blind) showed [Ks 3s] and won ($17.75) with a straight, Four to Eight
Seat 2: Kosova1968 (big blind) showed [2d 3h] and won ($17.75) with a straight, Four to Eight


PokerStars Hand #145782195150:  Hold'em Limit ($3/$6 USD) - 2015/12/23 4:38:05 ET
Table 'Solstice' 2-max Seat #2 is the button
Seat 1: Rus29APX ($333.34 in chips)
Seat 2: Kosova1968 ($96.96 in chips)
Kosova1968: posts small blind $1
Rus29APX: posts big blind $3
*** HOLE CARDS ***
Kosova1968: raises $3 to $6
Rus29APX: calls $3
*** FLOP *** [4h As 3c]
Rus29APX: checks
Kosova1968: bets $3
Rus29APX: calls $3
*** TURN *** [4h As 3c] [9c]
Rus29APX: checks
Kosova1968: checks
*** RIVER *** [4h As 3c 9c] [Qs]
Rus29APX: checks
Kosova1968: checks
*** SHOW DOWN ***
Rus29APX: shows [Js 5s] (high card Ace)
Kosova1968: mucks hand
Rus29APX collected $17.64 from pot
*** SUMMARY ***
Total pot $18 | Rake $0.36
Board [4h As 3c 9c Qs]
Seat 1: Rus29APX (big blind) showed [Js 5s] and won ($17.64) with high card Ace
Seat 2: Kosova1968 (button) (small blind) mucked


PokerStars Hand #145782203749:  Hold'em Limit ($3/$6 USD) - 2015/12/23 4:38:27 ET
Table 'Solstice' 2-max Seat #2 is the button
Seat 1: Rus29APX ($340.98 in chips)
Seat 2: Kosova1968 ($88.96 in chips)
Kosova1968: posts small blind $1
Rus29APX: posts big blind $3
*** HOLE CARDS ***
Kosova1968: raises $3 to $6
Rus29APX: folds
Uncalled bet ($3) returned to Kosova1968
Kosova1968 collected $6 from pot
Kosova1968: doesn't show hand
*** SUMMARY ***
Total pot $6 | Rake $0
Seat 1: Rus29APX (big blind) folded before Flop
Seat 2: Kosova1968 (button) (small blind) collected ($6)


PokerStars Hand #145782201954:  Hold'em Limit ($3/$6 USD) - 2015/12/23 4:38:22 ET
Table 'Solstice' 2-max Seat #1 is the button
Seat 1: Rus29APX ($341.98 in chips)
Seat 2: Kosova1968 ($87.96 in chips)
Rus29APX: posts small blind $1
Kosova1968: posts big blind $3
*** HOLE CARDS ***
Rus29APX: folds
Uncalled bet ($2) returned to Kosova1968
Kosova1968 collected $2 from pot
Kosova1968: doesn't show hand
*** SUMMARY ***
Total pot $2 | Rake $0
Seat 1: Rus29APX (button) (small blind) folded before Flop
Seat 2: Kosova1968 (big blind) collected ($2)


PokerStars Hand #145782206027:  Hold'em Limit ($3/$6 USD) - 2015/12/23 4:38:33 ET
Table 'Solstice' 2-max Seat #1 is the button
Seat 1: Rus29APX ($337.98 in chips)
Seat 2: Kosova1968 ($91.96 in chips)
Rus29APX: posts small blind $1
Kosova1968: posts big blind $3
*** HOLE CARDS ***
Rus29APX: raises $3 to $6
Kosova1968: calls $3
*** FLOP *** [5d 3d 9c]
Kosova1968: checks
Rus29APX: bets $3
Kosova1968: calls $3
*** TURN *** [5d 3d 9c] [6c]
Kosova1968: checks
Rus29APX: bets $6
Kosova1968: raises $6 to $12
Rus29APX: calls $6
*** RIVER *** [5d 3d 9c 6c] [7h]
Kosova1968: bets $6
Rus29APX: calls $6
*** SHOW DOWN ***
Kosova1968: shows [9s Qc] (a pair of Nines)
Rus29APX: shows [Kd 9h] (a pair of Nines - King kicker)
Rus29APX collected $53.50 from pot
*** SUMMARY ***
Total pot $54 | Rake $0.50
Board [5d 3d 9c 6c 7h]
Seat 1: Rus29APX (button) (small blind) showed [Kd 9h] and won ($53.50) with a pair of Nines
Seat 2: Kosova1968 (big blind) showed [9s Qc] and lost with a pair of Nines


PokerStars Hand #145782213935:  Hold'em Limit ($3/$6 USD) - 2015/12/23 4:38:53 ET
Table 'Solstice' 2-max Seat #2 is the button
Seat 1: Rus29APX ($364.48 in chips)
Seat 2: Kosova1968 ($64.96 in chips)
Kosova1968: posts small blind $1
Rus29APX: posts big blind $3
*** HOLE CARDS ***
Kosova1968: folds
Uncalled bet ($2) returned to Rus29APX
Rus29APX collected $2 from pot
Rus29APX: doesn't show hand
*** SUMMARY ***
Total pot $2 | Rake $0
Seat 1: Rus29APX (big blind) collected ($2)
Seat 2: Kosova1968 (button) (small blind) folded before Flop


PokerStars Hand #145782215877:  Hold'em Limit ($3/$6 USD) - 2015/12/23 4:38:57 ET
Table 'Solstice' 2-max Seat #1 is the button
Seat 1: Rus29APX ($365.48 in chips)
Seat 2: Kosova1968 ($63.96 in chips)
Rus29APX: posts small blind $1
Kosova1968: posts big blind $3
*** HOLE CARDS ***
Rus29APX: raises $3 to $6
Kosova1968: calls $3
*** FLOP *** [3h Jh 8c]
Kosova1968: checks
Rus29APX: bets $3
Kosova1968: calls $3
*** TURN *** [3h Jh 8c] [5c]
Kosova1968: checks
Rus29APX: bets $6
Kosova1968: folds
Uncalled bet ($6) returned to Rus29APX
Rus29APX collected $17.64 from pot
Rus29APX: doesn't show hand
*** SUMMARY ***
Total pot $18 | Rake $0.36
Board [3h Jh 8c 5c]
Seat 1: Rus29APX (button) (small blind) collected ($17.64)
Seat 2: Kosova1968 (big blind) folded on the Turn


PokerStars Hand #145782222410:  Hold'em Limit ($3/$6 USD) - 2015/12/23 4:39:14 ET
Table 'Solstice' 2-max Seat #2 is the button
Seat 1: Rus29APX ($374.12 in chips)
Seat 2: Kosova1968 ($54.96 in chips)
Kosova1968: posts small blind $1
Rus29APX: posts big blind $3
*** HOLE CARDS ***
Kosova1968: raises $3 to $6
Rus29APX: calls $3
*** FLOP *** [4h 7h Qd]
Rus29APX: checks
Kosova1968: checks
*** TURN *** [4h 7h Qd] [Qc]
Rus29APX: checks
Kosova1968: bets $6
Rus29APX: calls $6
*** RIVER *** [4h 7h Qd Qc] [5s]
Rus29APX: checks
Kosova1968: bets $6
Rus29APX: calls $6
*** SHOW DOWN ***
Kosova1968: shows [2s 6s] (a pair of Queens)
Rus29APX: shows [8h Kd] (a pair of Queens - King kicker)
Rus29APX collected $35.50 from pot
*** SUMMARY ***
Total pot $36 | Rake $0.50
Board [4h 7h Qd Qc 5s]
Seat 1: Rus29APX (big blind) showed [8h Kd] and won ($35.50) with a pair of Queens
Seat 2: Kosova1968 (button) (small blind) showed [2s 6s] and lost with a pair of Queens


PokerStars Hand #145782229726:  Hold'em Limit ($3/$6 USD) - 2015/12/23 4:39:33 ET
Table 'Solstice' 2-max Seat #1 is the button
Seat 1: Rus29APX ($391.62 in chips)
Seat 2: Kosova1968 ($36.96 in chips)
Rus29APX: posts small blind $1
Kosova1968: posts big blind $3
*** HOLE CARDS ***
Rus29APX: folds
Uncalled bet ($2) returned to Kosova1968
Kosova1968 collected $2 from pot
Kosova1968: doesn't show hand
*** SUMMARY ***
Total pot $2 | Rake $0
Seat 1: Rus29APX (button) (small blind) folded before Flop
Seat 2: Kosova1968 (big blind) collected ($2)


PokerStars Hand #145782235119:  Hold'em Limit ($3/$6 USD) - 2015/12/23 4:39:46 ET
Table 'Solstice' 2-max Seat #1 is the button
Seat 1: Rus29APX ($387.62 in chips)
Seat 2: Kosova1968 ($40.96 in chips)
Rus29APX: posts small blind $1
Kosova1968: posts big blind $3
*** HOLE CARDS ***
Rus29APX: folds
Uncalled bet ($2) returned to Kosova1968
Kosova1968 collected $2 from pot
*** SUMMARY ***
Total pot $2 | Rake $0
Seat 1: Rus29APX (button) (small blind) folded before Flop
Seat 2: Kosova1968 (big blind) collected ($2)


PokerStars Hand #145782231547:  Hold'em Limit ($3/$6 USD) - 2015/12/23 4:39:37 ET
Table 'Solstice' 2-max Seat #2 is the button
Seat 1: Rus29APX ($390.62 in chips)
Seat 2: Kosova1968 ($37.96 in chips)
Kosova1968: posts small blind $1
Rus29APX: posts big blind $3
*** HOLE CARDS ***
Kosova1968: raises $3 to $6
Rus29APX: folds
Uncalled bet ($3) returned to Kosova1968
Kosova1968 collected $6 from pot
Kosova1968: doesn't show hand
*** SUMMARY ***
Total pot $6 | Rake $0
Seat 1: Rus29APX (big blind) folded before Flop
Seat 2: Kosova1968 (button) (small blind) collected ($6)


PokerStars Hand #145782239261:  Hold'em Limit ($3/$6 USD) - 2015/12/23 4:39:57 ET
Table 'Solstice' 2-max Seat #1 is the button
Seat 1: Rus29APX ($387.62 in chips)
Seat 2: Kosova1968 ($40.96 in chips)
Rus29APX: posts small blind $1
Kosova1968: posts big blind $3
*** HOLE CARDS ***
Rus29APX: raises $3 to $6
Kosova1968: folds
Uncalled bet ($3) returned to Rus29APX
Rus29APX collected $6 from pot
Rus29APX: doesn't show hand
*** SUMMARY ***
Total pot $6 | Rake $0
Seat 1: Rus29APX (button) (small blind) collected ($6)
Seat 2: Kosova1968 (big blind) folded before Flop


PokerStars Hand #145782237207:  Hold'em Limit ($3/$6 USD) - 2015/12/23 4:39:52 ET
Table 'Solstice' 2-max Seat #2 is the button
Seat 1: Rus29APX ($386.62 in chips)
Seat 2: Kosova1968 ($41.96 in chips)
Kosova1968: posts small blind $1
Rus29APX: posts big blind $3
*** HOLE CARDS ***
Kosova1968: folds
Uncalled bet ($2) returned to Rus29APX
Rus29APX collected $2 from pot
Rus29APX: doesn't show hand
*** SUMMARY ***
Total pot $2 | Rake $0
Seat 1: Rus29APX (big blind) collected ($2)
Seat 2: Kosova1968 (button) (small blind) folded before Flop


PokerStars Hand #145782243779:  Hold'em Limit ($3/$6 USD) - 2015/12/23 4:40:09 ET
Table 'Solstice' 2-max Seat #1 is the button
Seat 1: Rus29APX ($387.62 in chips)
Seat 2: Kosova1968 ($40.96 in chips)
Rus29APX: posts small blind $1
Kosova1968: posts big blind $3
*** HOLE CARDS ***
Rus29APX: folds
Uncalled bet ($2) returned to Kosova1968
Kosova1968 collected $2 from pot
Kosova1968: doesn't show hand
*** SUMMARY ***
Total pot $2 | Rake $0
Seat 1: Rus29APX (button) (small blind) folded before Flop
Seat 2: Kosova1968 (big blind) collected ($2)


PokerStars Hand #145782241412:  Hold'em Limit ($3/$6 USD) - 2015/12/23 4:40:03 ET
Table 'Solstice' 2-max Seat #2 is the button
Seat 1: Rus29APX ($390.62 in chips)
Seat 2: Kosova1968 ($37.96 in chips)
Kosova1968: posts small blind $1
Rus29APX: posts big blind $3
*** HOLE CARDS ***
Kosova1968: raises $3 to $6
Rus29APX: folds
Uncalled bet ($3) returned to Kosova1968
Kosova1968 collected $6 from pot
Kosova1968: doesn't show hand
*** SUMMARY ***
Total pot $6 | Rake $0
Seat 1: Rus29APX (big blind) folded before Flop
Seat 2: Kosova1968 (button) (small blind) collected ($6)


PokerStars Hand #145782245527:  Hold'em Limit ($3/$6 USD) - 2015/12/23 4:40:13 ET
Table 'Solstice' 2-max Seat #2 is the button
Seat 1: Rus29APX ($386.62 in chips)
Seat 2: Kosova1968 ($41.96 in chips)
Kosova1968: posts small blind $1
Rus29APX: posts big blind $3
*** HOLE CARDS ***
Kosova1968: raises $3 to $6
Rus29APX: calls $3
*** FLOP *** [4d Td 9s]
Rus29APX: checks
Kosova1968: bets $3
Rus29APX: calls $3
*** TURN *** [4d Td 9s] [8d]
Rus29APX: checks
Kosova1968: checks
*** RIVER *** [4d Td 9s 8d] [3s]
Rus29APX: checks
Kosova1968: bets $6
Rus29APX: calls $6
*** SHOW DOWN ***
Kosova1968: shows [Tc Js] (a pair of Tens)
Rus29APX: mucks hand
Kosova1968 collected $29.50 from pot
*** SUMMARY ***
Total pot $30 | Rake $0.50
Board [4d Td 9s 8d 3s]
Seat 1: Rus29APX (big blind) mucked
Seat 2: Kosova1968 (button) (small blind) showed [Tc Js] and won ($29.50) with a pair of Tens


PokerStars Hand #145782253069:  Hold'em Limit ($3/$6 USD) - 2015/12/23 4:40:33 ET
Table 'Solstice' 2-max Seat #1 is the button
Seat 1: Rus29APX ($371.62 in chips)
Seat 2: Kosova1968 ($56.46 in chips)
Rus29APX: posts small blind $1
Kosova1968: posts big blind $3
*** HOLE CARDS ***
Rus29APX: folds
Uncalled bet ($2) returned to Kosova1968
Kosova1968 collected $2 from pot
Kosova1968: doesn't show hand
*** SUMMARY ***
Total pot $2 | Rake $0
Seat 1: Rus29APX (button) (small blind) folded before Flop
Seat 2: Kosova1968 (big blind) collected ($2)


PokerStars Hand #145782255016:  Hold'em Limit ($3/$6 USD) - 2015/12/23 4:40:37 ET
Table 'Solstice' 2-max Seat #2 is the button
Seat 1: Rus29APX ($370.62 in chips)
Seat 2: Kosova1968 ($57.46 in chips)
Kosova1968: posts small blind $1
Rus29APX: posts big blind $3
*** HOLE CARDS ***
Kosova1968: calls $2
Rus29APX: raises $3 to $6
Kosova1968: calls $3
*** FLOP *** [5c 2h Kc]
Rus29APX: bets $3
Kosova1968: raises $3 to $6
Rus29APX: calls $3
*** TURN *** [5c 2h Kc] [8h]
Rus29APX: checks
Kosova1968: checks
*** RIVER *** [5c 2h Kc 8h] [Qd]
Rus29APX: checks
Kosova1968: checks
*** SHOW DOWN ***
Rus29APX: shows [Th As] (high card Ace)
Kosova1968: mucks hand
Rus29APX collected $23.52 from pot
*** SUMMARY ***
Total pot $24 | Rake $0.48
Board [5c 2h Kc 8h Qd]
Seat 1: Rus29APX (big blind) showed [Th As] and won ($23.52) with high card Ace
Seat 2: Kosova1968 (button) (small blind) mucked


PokerStars Hand #145782286698:  Hold'em Limit ($3/$6 USD) - 2015/12/23 4:41:58 ET
Table 'Solstice' 2-max Seat #2 is the button
Seat 1: Rus29APX ($395.40 in chips)
Seat 2: Kosova1968 ($31.22 in chips)
Kosova1968: posts small blind $1
Rus29APX: posts big blind $3
*** HOLE CARDS ***
Kosova1968: folds
Uncalled bet ($2) returned to Rus29APX
Rus29APX collected $2 from pot
Rus29APX: doesn't show hand
*** SUMMARY ***
Total pot $2 | Rake $0
Seat 1: Rus29APX (big blind) collected ($2)
Seat 2: Kosova1968 (button) (small blind) folded before Flop


PokerStars Hand #145782282260:  Hold'em Limit ($3/$6 USD) - 2015/12/23 4:41:47 ET
Table 'Solstice' 2-max Seat #1 is the button
Seat 1: Rus29APX ($389.64 in chips)
Seat 2: Kosova1968 ($37.22 in chips)
Rus29APX: posts small blind $1
Kosova1968: posts big blind $3
*** HOLE CARDS ***
Rus29APX: raises $3 to $6
Kosova1968: calls $3
*** FLOP *** [3s Qd Kd]
Kosova1968: checks
Rus29APX: bets $3
Kosova1968: folds
Uncalled bet ($3) returned to Rus29APX
Rus29APX collected $11.76 from pot
Rus29APX: doesn't show hand
*** SUMMARY ***
Total pot $12 | Rake $0.24
Board [3s Qd Kd]
Seat 1: Rus29APX (button) (small blind) collected ($11.76)
Seat 2: Kosova1968 (big blind) folded on the Flop


PokerStars Hand #145782277246:  Hold'em Limit ($3/$6 USD) - 2015/12/23 4:41:34 ET
Table 'Solstice' 2-max Seat #2 is the button
Seat 1: Rus29APX ($395.64 in chips)
Seat 2: Kosova1968 ($31.46 in chips)
Kosova1968: posts small blind $1
Rus29APX: posts big blind $3
*** HOLE CARDS ***
Kosova1968: raises $3 to $6
Rus29APX: calls $3
*** FLOP *** [Td 8h 4c]
Rus29APX: checks
Kosova1968: checks
*** TURN *** [Td 8h 4c] [9s]
Rus29APX: checks
Kosova1968: bets $6
Rus29APX: folds
Uncalled bet ($6) returned to Kosova1968
Kosova1968 collected $11.76 from pot
Kosova1968: doesn't show hand
*** SUMMARY ***
Total pot $12 | Rake $0.24
Board [Td 8h 4c 9s]
Seat 1: Rus29APX (big blind) folded on the Turn
Seat 2: Kosova1968 (button) (small blind) collected ($11.76)


PokerStars Hand #145782275477:  Hold'em Limit ($3/$6 USD) - 2015/12/23 4:41:29 ET
Table 'Solstice' 2-max Seat #1 is the button
Seat 1: Rus29APX ($396.64 in chips)
Seat 2: Kosova1968 ($30.46 in chips)
Rus29APX: posts small blind $1
Kosova1968: posts big blind $3
*** HOLE CARDS ***
Rus29APX: folds
Uncalled bet ($2) returned to Kosova1968
Kosova1968 collected $2 from pot
Kosova1968: doesn't show hand
*** SUMMARY ***
Total pot $2 | Rake $0
Seat 1: Rus29APX (button) (small blind) folded before Flop
Seat 2: Kosova1968 (big blind) collected ($2)


PokerStars Hand #145782273209:  Hold'em Limit ($3/$6 USD) - 2015/12/23 4:41:24 ET
Table 'Solstice' 2-max Seat #2 is the button
Seat 1: Rus29APX ($399.64 in chips)
Seat 2: Kosova1968 ($27.46 in chips)
Kosova1968: posts small blind $1
Rus29APX: posts big blind $3
*** HOLE CARDS ***
Kosova1968: raises $3 to $6
Rus29APX: folds
Uncalled bet ($3) returned to Kosova1968
Kosova1968 collected $6 from pot
Kosova1968: doesn't show hand
*** SUMMARY ***
Total pot $6 | Rake $0
Seat 1: Rus29APX (big blind) folded before Flop
Seat 2: Kosova1968 (button) (small blind) collected ($6)


PokerStars Hand #145782265003:  Hold'em Limit ($3/$6 USD) - 2015/12/23 4:41:03 ET
Table 'Solstice' 2-max Seat #1 is the button
Seat 1: Rus29APX ($382.14 in chips)
Seat 2: Kosova1968 ($45.46 in chips)
Rus29APX: posts small blind $1
Kosova1968: posts big blind $3
*** HOLE CARDS ***
Rus29APX: calls $2
Kosova1968: checks
*** FLOP *** [5h 8c 3h]
Kosova1968: bets $3
Rus29APX: calls $3
*** TURN *** [5h 8c 3h] [9c]
Kosova1968: bets $6
Rus29APX: calls $6
*** RIVER *** [5h 8c 3h 9c] [9s]
Kosova1968: bets $6
Rus29APX: calls $6
*** SHOW DOWN ***
Kosova1968: shows [2c 4h] (a pair of Nines)
Rus29APX: shows [6c 5d] (two pair, Nines and Fives)
Rus29APX collected $35.50 from pot
*** SUMMARY ***
Total pot $36 | Rake $0.50
Board [5h 8c 3h 9c 9s]
Seat 1: Rus29APX (button) (small blind) showed [6c 5d] and won ($35.50) with two pair, Nines and Fives
Seat 2: Kosova1968 (big blind) showed [2c 4h] and lost with a pair of Nines


PokerStars Hand #145782310803:  Hold'em Limit ($3/$6 USD) - 2015/12/23 4:42:57 ET
Table 'Solstice' 2-max Seat #2 is the button
Seat 1: Rus29APX ($401.90 in chips)
Seat 2: Kosova1968 ($23.72 in chips)
Kosova1968: posts small blind $1
Rus29APX: posts big blind $3
*** HOLE CARDS ***
Kosova1968: folds
Uncalled bet ($2) returned to Rus29APX
Rus29APX collected $2 from pot
Rus29APX: doesn't show hand
*** SUMMARY ***
Total pot $2 | Rake $0
Seat 1: Rus29APX (big blind) collected ($2)
Seat 2: Kosova1968 (button) (small blind) folded before Flop


PokerStars Hand #145782302062:  Hold'em Limit ($3/$6 USD) - 2015/12/23 4:42:36 ET
Table 'Solstice' 2-max Seat #1 is the button
Seat 1: Rus29APX ($366.40 in chips)
Seat 2: Kosova1968 ($59.72 in chips)
Rus29APX: posts small blind $1
Kosova1968: posts big blind $3
*** HOLE CARDS ***
Rus29APX: raises $3 to $6
Kosova1968: raises $3 to $9
Rus29APX: calls $3
*** FLOP *** [Qd Qc 9h]
Kosova1968: bets $3
Rus29APX: calls $3
*** TURN *** [Qd Qc 9h] [6d]
Kosova1968: bets $6
Rus29APX: raises $6 to $12
Kosova1968: raises $6 to $18
Rus29APX: calls $6
*** RIVER *** [Qd Qc 9h 6d] [4h]
Kosova1968: bets $6
Rus29APX: calls $6
*** SHOW DOWN ***
Kosova1968: shows [As 6h] (two pair, Queens and Sixes)
Rus29APX: shows [9s Tc] (two pair, Queens and Nines)
Rus29APX collected $71.50 from pot
*** SUMMARY ***
Total pot $72 | Rake $0.50
Board [Qd Qc 9h 6d 4h]
Seat 1: Rus29APX (button) (small blind) showed [9s Tc] and won ($71.50) with two pair, Queens and Nines
Seat 2: Kosova1968 (big blind) showed [As 6h] and lost with two pair, Queens and Sixes


PokerStars Hand #145782299556:  Hold'em Limit ($3/$6 USD) - 2015/12/23 4:42:29 ET
Table 'Solstice' 2-max Seat #2 is the button
Seat 1: Rus29APX ($369.40 in chips)
Seat 2: Kosova1968 ($56.72 in chips)
Kosova1968: posts small blind $1
Rus29APX: posts big blind $3
*** HOLE CARDS ***
Kosova1968: raises $3 to $6
Rus29APX: folds
Uncalled bet ($3) returned to Kosova1968
Kosova1968 collected $6 from pot
Kosova1968: doesn't show hand
*** SUMMARY ***
Total pot $6 | Rake $0
Seat 1: Rus29APX (big blind) folded before Flop
Seat 2: Kosova1968 (button) (small blind) collected ($6)


PokerStars Hand #145782289596:  Hold'em Limit ($3/$6 USD) - 2015/12/23 4:42:04 ET
Table 'Solstice' 2-max Seat #1 is the button
Seat 1: Rus29APX ($396.40 in chips)
Seat 2: Kosova1968 ($30.22 in chips)
Rus29APX: posts small blind $1
Kosova1968: posts big blind $3
*** HOLE CARDS ***
Rus29APX: raises $3 to $6
Kosova1968: calls $3
*** FLOP *** [3c Ad 6h]
Kosova1968: checks
Rus29APX: bets $3
Kosova1968: calls $3
*** TURN *** [3c Ad 6h] [4c]
Kosova1968: checks
Rus29APX: bets $6
Kosova1968: calls $6
*** RIVER *** [3c Ad 6h 4c] [Ks]
Kosova1968: checks
Rus29APX: bets $6
Kosova1968: raises $6 to $12
Rus29APX: calls $6
*** SHOW DOWN ***
Kosova1968: shows [4s Kd] (two pair, Kings and Fours)
Rus29APX: mucks hand
Kosova1968 collected $53.50 from pot
*** SUMMARY ***
Total pot $54 | Rake $0.50
Board [3c Ad 6h 4c Ks]
Seat 1: Rus29APX (button) (small blind) mucked
Seat 2: Kosova1968 (big blind) showed [4s Kd] and won ($53.50) with two pair, Kings and Fours


PokerStars Hand #145782312850:  Hold'em Limit ($3/$6 USD) - 2015/12/23 4:43:03 ET
Table 'Solstice' 2-max Seat #1 is the button
Seat 1: Rus29APX ($402.90 in chips)
Seat 2: Kosova1968 ($22.72 in chips)
Rus29APX: posts small blind $1
Kosova1968: posts big blind $3
*** HOLE CARDS ***
Rus29APX: raises $3 to $6
Kosova1968: raises $3 to $9
Rus29APX: calls $3
*** FLOP *** [9s 7s Js]
Kosova1968: checks
Rus29APX: bets $3
Kosova1968: calls $3
*** TURN *** [9s 7s Js] [7h]
Kosova1968: checks
Rus29APX: bets $6
Kosova1968: calls $6
*** RIVER *** [9s 7s Js 7h] [6h]
Kosova1968: checks
Rus29APX: bets $6
Kosova1968: calls $4.72 and is all-in
Uncalled bet ($1.28) returned to Rus29APX
*** SHOW DOWN ***
Rus29APX: shows [Ts Jd] (two pair, Jacks and Sevens)
Kosova1968: shows [9h Ah] (two pair, Nines and Sevens)
Rus29APX collected $44.94 from pot
*** SUMMARY ***
Total pot $45.44 | Rake $0.50
Board [9s 7s Js 7h 6h]
Seat 1: Rus29APX (button) (small blind) showed [Ts Jd] and won ($44.94) with two pair, Jacks and Sevens
Seat 2: Kosova1968 (big blind) showed [9h Ah] and lost with two pair, Nines and Sevens


PokerStars Hand #145785346826:  Hold'em Limit ($3/$6 USD) - 2015/12/23 6:35:22 ET
Table 'Solstice' 2-max Seat #2 is the button
Seat 1: Rus29APX ($425.12 in chips)
Seat 2: nedo1414 ($120 in chips)
nedo1414: posts small blind $1
Rus29APX: posts big blind $3
*** HOLE CARDS ***
nedo1414: raises $3 to $6
Rus29APX: raises $3 to $9
nedo1414: calls $3
*** FLOP *** [8d 7s Ac]
Rus29APX: bets $3
nedo1414: calls $3
*** TURN *** [8d 7s Ac] [5d]
Rus29APX: bets $6
nedo1414: calls $6
*** RIVER *** [8d 7s Ac 5d] [8h]
Rus29APX: bets $6
nedo1414: calls $6
*** SHOW DOWN ***
Rus29APX: shows [7c 7d] (a full house, Sevens full of Eights)
nedo1414: mucks hand
Rus29APX collected $47.50 from pot
*** SUMMARY ***
Total pot $48 | Rake $0.50
Board [8d 7s Ac 5d 8h]
Seat 1: Rus29APX (big blind) showed [7c 7d] and won ($47.50) with a full house, Sevens full of Eights
Seat 2: nedo1414 (button) (small blind) mucked


PokerStars Hand #145785356949:  Hold'em Limit ($3/$6 USD) - 2015/12/23 6:35:42 ET
Table 'Solstice' 2-max Seat #1 is the button
Seat 1: Rus29APX ($448.62 in chips)
Seat 2: nedo1414 ($96 in chips)
Rus29APX: posts small blind $1
nedo1414: posts big blind $3
*** HOLE CARDS ***
Rus29APX: raises $3 to $6
nedo1414: raises $3 to $9
Rus29APX: calls $3
*** FLOP *** [9h 4d Td]
nedo1414: bets $3
Rus29APX: raises $3 to $6
nedo1414: calls $3
*** TURN *** [9h 4d Td] [8s]
nedo1414: checks
Rus29APX: bets $6
nedo1414: calls $6
*** RIVER *** [9h 4d Td 8s] [Th]
nedo1414: checks
Rus29APX: bets $6
nedo1414: calls $6
*** SHOW DOWN ***
Rus29APX: shows [8d 7c] (two pair, Tens and Eights)
nedo1414: mucks hand
Rus29APX collected $53.50 from pot
*** SUMMARY ***
Total pot $54 | Rake $0.50
Board [9h 4d Td 8s Th]
Seat 1: Rus29APX (button) (small blind) showed [8d 7c] and won ($53.50) with two pair, Tens and Eights
Seat 2: nedo1414 (big blind) mucked


PokerStars Hand #145785365227:  Hold'em Limit ($3/$6 USD) - 2015/12/23 6:35:57 ET
Table 'Solstice' 2-max Seat #2 is the button
Seat 1: Rus29APX ($475.12 in chips)
Seat 2: nedo1414 ($69 in chips)
nedo1414: posts small blind $1
Rus29APX: posts big blind $3
*** HOLE CARDS ***
nedo1414: raises $3 to $6
Rus29APX: raises $3 to $9
nedo1414: calls $3
*** FLOP *** [Qd 9c 7c]
Rus29APX: bets $3
nedo1414: calls $3
*** TURN *** [Qd 9c 7c] [9d]
Rus29APX: checks
nedo1414: checks
*** RIVER *** [Qd 9c 7c 9d] [3h]
Rus29APX: checks
nedo1414: checks
*** SHOW DOWN ***
Rus29APX: shows [Th Kh] (a pair of Nines)
nedo1414: mucks hand
Rus29APX collected $23.52 from pot
*** SUMMARY ***
Total pot $24 | Rake $0.48
Board [Qd 9c 7c 9d 3h]
Seat 1: Rus29APX (big blind) showed [Th Kh] and won ($23.52) with a pair of Nines
Seat 2: nedo1414 (button) (small blind) mucked


PokerStars Hand #145785381678:  Hold'em Limit ($3/$6 USD) - 2015/12/23 6:36:29 ET
Table 'Solstice' 2-max Seat #2 is the button
Seat 1: Rus29APX ($516.14 in chips)
Seat 2: nedo1414 ($87 in chips)
nedo1414: posts small blind $1
Rus29APX: posts big blind $3
*** HOLE CARDS ***
nedo1414: raises $3 to $6
Rus29APX: calls $3
*** FLOP *** [Ad Ac 5d]
Rus29APX: checks
nedo1414: bets $3
Rus29APX: folds
Uncalled bet ($3) returned to nedo1414
nedo1414 collected $11.76 from pot
nedo1414: doesn't show hand
*** SUMMARY ***
Total pot $12 | Rake $0.24
Board [Ad Ac 5d]
Seat 1: Rus29APX (big blind) folded on the Flop
Seat 2: nedo1414 (button) (small blind) collected ($11.76)


PokerStars Hand #145785389945:  Hold'em Limit ($3/$6 USD) - 2015/12/23 6:36:45 ET
Table 'Solstice' 2-max Seat #1 is the button
Seat 1: Rus29APX ($510.14 in chips)
Seat 2: nedo1414 ($948.82 in chips)
Rus29APX: posts small blind $1
nedo1414: posts big blind $3
*** HOLE CARDS ***
Rus29APX: raises $3 to $6
nedo1414: raises $3 to $9
Rus29APX: calls $3
*** FLOP *** [Qd 2s Kc]
nedo1414: bets $3
Rus29APX: calls $3
*** TURN *** [Qd 2s Kc] [Jc]
nedo1414: bets $6
Rus29APX: calls $6
*** RIVER *** [Qd 2s Kc Jc] [6c]
nedo1414: bets $6
Rus29APX: calls $6
*** SHOW DOWN ***
nedo1414: shows [9d 7s] (high card King)
Rus29APX: shows [Qh 3h] (a pair of Queens)
Rus29APX collected $47.50 from pot
*** SUMMARY ***
Total pot $48 | Rake $0.50
Board [Qd 2s Kc Jc 6c]
Seat 1: Rus29APX (button) (small blind) showed [Qh 3h] and won ($47.50) with a pair of Queens
Seat 2: nedo1414 (big blind) showed [9d 7s] and lost with high card King


PokerStars Hand #145785373774:  Hold'em Limit ($3/$6 USD) - 2015/12/23 6:36:14 ET
Table 'Solstice' 2-max Seat #1 is the button
Seat 1: Rus29APX ($486.64 in chips)
Seat 2: nedo1414 ($117 in chips)
Rus29APX: posts small blind $1
nedo1414: posts big blind $3
*** HOLE CARDS ***
Rus29APX: raises $3 to $6
nedo1414: raises $3 to $9
Rus29APX: calls $3
*** FLOP *** [6h 3h Qc]
nedo1414: bets $3
Rus29APX: calls $3
*** TURN *** [6h 3h Qc] [5h]
nedo1414: bets $6
Rus29APX: raises $6 to $12
nedo1414: calls $6
*** RIVER *** [6h 3h Qc 5h] [6c]
nedo1414: checks
Rus29APX: bets $6
nedo1414: calls $6
*** SHOW DOWN ***
Rus29APX: shows [5c 6d] (a full house, Sixes full of Fives)
nedo1414: mucks hand
Rus29APX collected $59.50 from pot
*** SUMMARY ***
Total pot $60 | Rake $0.50
Board [6h 3h Qc 5h 6c]
Seat 1: Rus29APX (button) (small blind) showed [5c 6d] and won ($59.50) with a full house, Sixes full of Fives
Seat 2: nedo1414 (big blind) mucked


PokerStars Hand #145785397092:  Hold'em Limit ($3/$6 USD) - 2015/12/23 6:36:58 ET
Table 'Solstice' 2-max Seat #2 is the button
Seat 1: Rus29APX ($533.64 in chips)
Seat 2: nedo1414 ($924.82 in chips)
nedo1414: posts small blind $1
Rus29APX: posts big blind $3
*** HOLE CARDS ***
nedo1414: raises $3 to $6
Rus29APX: raises $3 to $9
nedo1414: calls $3
*** FLOP *** [Js 7h 3s]
Rus29APX: bets $3
nedo1414: raises $3 to $6
Rus29APX: calls $3
*** TURN *** [Js 7h 3s] [9h]
Rus29APX: checks
nedo1414: bets $6
Rus29APX: calls $6
*** RIVER *** [Js 7h 3s 9h] [2d]
Rus29APX: checks
nedo1414: bets $6
Rus29APX: calls $6
*** SHOW DOWN ***
nedo1414: shows [5d 4h] (high card Jack)
Rus29APX: shows [9s 8h] (a pair of Nines)
Rus29APX collected $53.50 from pot
*** SUMMARY ***
Total pot $54 | Rake $0.50
Board [Js 7h 3s 9h 2d]
Seat 1: Rus29APX (big blind) showed [9s 8h] and won ($53.50) with a pair of Nines
Seat 2: nedo1414 (button) (small blind) showed [5d 4h] and lost with high card Jack


PokerStars Hand #145785409269:  Hold'em Limit ($3/$6 USD) - 2015/12/23 6:37:22 ET
Table 'Solstice' 2-max Seat #1 is the button
Seat 1: Rus29APX ($560.14 in chips)
Seat 2: nedo1414 ($897.82 in chips)
Rus29APX: posts small blind $1
nedo1414: posts big blind $3
*** HOLE CARDS ***
Rus29APX: raises $3 to $6
nedo1414: raises $3 to $9
Rus29APX: calls $3
*** FLOP *** [9s 8d 7c]
nedo1414: bets $3
Rus29APX: calls $3
*** TURN *** [9s 8d 7c] [Js]
nedo1414: bets $6
Rus29APX: raises $6 to $12
nedo1414: raises $6 to $18
Rus29APX: folds
Uncalled bet ($6) returned to nedo1414
nedo1414 collected $47.50 from pot
nedo1414: doesn't show hand
*** SUMMARY ***
Total pot $48 | Rake $0.50
Board [9s 8d 7c Js]
Seat 1: Rus29APX (button) (small blind) folded on the Turn
Seat 2: nedo1414 (big blind) collected ($47.50)


PokerStars Hand #145785419879:  Hold'em Limit ($3/$6 USD) - 2015/12/23 6:37:42 ET
Table 'Solstice' 2-max Seat #2 is the button
Seat 1: Rus29APX ($536.14 in chips)
Seat 2: nedo1414 ($921.32 in chips)
nedo1414: posts small blind $1
Rus29APX: posts big blind $3
*** HOLE CARDS ***
nedo1414: raises $3 to $6
Rus29APX: raises $3 to $9
nedo1414: raises $3 to $12
Betting is capped
Rus29APX: calls $3
*** FLOP *** [Ac 9s Tc]
Rus29APX: checks
nedo1414: bets $3
Rus29APX: raises $3 to $6
nedo1414: raises $3 to $9
Rus29APX: raises $3 to $12
Betting is capped
nedo1414: calls $3
*** TURN *** [Ac 9s Tc] [7h]
Rus29APX: bets $6
nedo1414: calls $6
*** RIVER *** [Ac 9s Tc 7h] [As]
Rus29APX: bets $6
nedo1414: calls $6
*** SHOW DOWN ***
Rus29APX: shows [Td Ts] (a full house, Tens full of Aces)
nedo1414: mucks hand
Rus29APX collected $71.50 from pot
*** SUMMARY ***
Total pot $72 | Rake $0.50
Board [Ac 9s Tc 7h As]
Seat 1: Rus29APX (big blind) showed [Td Ts] and won ($71.50) with a full house, Tens full of Aces
Seat 2: nedo1414 (button) (small blind) mucked


PokerStars Hand #145785438995:  Hold'em Limit ($3/$6 USD) - 2015/12/23 6:38:19 ET
Table 'Solstice' 2-max Seat #2 is the button
Seat 1: Rus29APX ($553.64 in chips)
Seat 2: nedo1414 ($902.82 in chips)
nedo1414: posts small blind $1
Rus29APX: posts big blind $3
*** HOLE CARDS ***
nedo1414: folds
Uncalled bet ($2) returned to Rus29APX
Rus29APX collected $2 from pot
Rus29APX: doesn't show hand
*** SUMMARY ***
Total pot $2 | Rake $0
Seat 1: Rus29APX (big blind) collected ($2)
Seat 2: nedo1414 (button) (small blind) folded before Flop


PokerStars Hand #145785429620:  Hold'em Limit ($3/$6 USD) - 2015/12/23 6:38:01 ET
Table 'Solstice' 2-max Seat #1 is the button
Seat 1: Rus29APX ($571.64 in chips)
Seat 2: nedo1414 ($885.32 in chips)
Rus29APX: posts small blind $1
nedo1414: posts big blind $3
*** HOLE CARDS ***
Rus29APX: raises $3 to $6
nedo1414: raises $3 to $9
Rus29APX: calls $3
*** FLOP *** [4c 6h 2h]
nedo1414: bets $3
Rus29APX: calls $3
*** TURN *** [4c 6h 2h] [Ts]
nedo1414: bets $6
Rus29APX: calls $6
*** RIVER *** [4c 6h 2h Ts] [7h]
nedo1414: bets $6
Rus29APX: folds
Uncalled bet ($6) returned to nedo1414
nedo1414 collected $35.50 from pot
nedo1414: doesn't show hand
*** SUMMARY ***
Total pot $36 | Rake $0.50
Board [4c 6h 2h Ts 7h]
Seat 1: Rus29APX (button) (small blind) folded on the River
Seat 2: nedo1414 (big blind) collected ($35.50)


PokerStars Hand #145785441301:  Hold'em Limit ($3/$6 USD) - 2015/12/23 6:38:23 ET
Table 'Solstice' 2-max Seat #1 is the button
Seat 1: Rus29APX ($554.64 in chips)
Seat 2: nedo1414 ($901.82 in chips)
Rus29APX: posts small blind $1
nedo1414: posts big blind $3
*** HOLE CARDS ***
Rus29APX: raises $3 to $6
nedo1414: raises $3 to $9
Rus29APX: calls $3
*** FLOP *** [Jc 9h Ks]
nedo1414: bets $3
Rus29APX: calls $3
*** TURN *** [Jc 9h Ks] [Qc]
nedo1414: checks
Rus29APX: bets $6
nedo1414: calls $6
*** RIVER *** [Jc 9h Ks Qc] [3h]
nedo1414: checks
Rus29APX: bets $6
nedo1414: calls $6
*** SHOW DOWN ***
Rus29APX: shows [Ts Js] (a straight, Nine to King)
nedo1414: mucks hand
Rus29APX collected $47.50 from pot
*** SUMMARY ***
Total pot $48 | Rake $0.50
Board [Jc 9h Ks Qc 3h]
Seat 1: Rus29APX (button) (small blind) showed [Ts Js] and won ($47.50) with a straight, Nine to King
Seat 2: nedo1414 (big blind) mucked


PokerStars Hand #145785449869:  Hold'em Limit ($3/$6 USD) - 2015/12/23 6:38:40 ET
Table 'Solstice' 2-max Seat #2 is the button
Seat 1: Rus29APX ($578.14 in chips)
Seat 2: nedo1414 ($877.82 in chips)
nedo1414: posts small blind $1
Rus29APX: posts big blind $3
*** HOLE CARDS ***
nedo1414: raises $3 to $6
Rus29APX: calls $3
*** FLOP *** [As 5c 5h]
Rus29APX: checks
nedo1414: bets $3
Rus29APX: calls $3
*** TURN *** [As 5c 5h] [7s]
Rus29APX: checks
nedo1414: bets $6
Rus29APX: calls $6
*** RIVER *** [As 5c 5h 7s] [4c]
Rus29APX: checks
nedo1414: bets $6
Rus29APX: calls $6
*** SHOW DOWN ***
nedo1414: shows [7d 9c] (two pair, Sevens and Fives)
Rus29APX: mucks hand
nedo1414 collected $41.50 from pot
*** SUMMARY ***
Total pot $42 | Rake $0.50
Board [As 5c 5h 7s 4c]
Seat 1: Rus29APX (big blind) mucked
Seat 2: nedo1414 (button) (small blind) showed [7d 9c] and won ($41.50) with two pair, Sevens and Fives


PokerStars Hand #145785461088:  Hold'em Limit ($3/$6 USD) - 2015/12/23 6:39:02 ET
Table 'Solstice' 2-max Seat #1 is the button
Seat 1: Rus29APX ($557.14 in chips)
Seat 2: nedo1414 ($898.32 in chips)
Rus29APX: posts small blind $1
nedo1414: posts big blind $3
*** HOLE CARDS ***
Rus29APX: raises $3 to $6
nedo1414: raises $3 to $9
Rus29APX: calls $3
*** FLOP *** [8d Qh 6h]
nedo1414: bets $3
Rus29APX: raises $3 to $6
nedo1414: calls $3
*** TURN *** [8d Qh 6h] [Kd]
nedo1414: checks
Rus29APX: checks
*** RIVER *** [8d Qh 6h Kd] [5c]
nedo1414: checks
Rus29APX: checks
*** SHOW DOWN ***
nedo1414: shows [Ac 2c] (high card Ace)
Rus29APX: mucks hand
nedo1414 collected $29.50 from pot
*** SUMMARY ***
Total pot $30 | Rake $0.50
Board [8d Qh 6h Kd 5c]
Seat 1: Rus29APX (button) (small blind) mucked
Seat 2: nedo1414 (big blind) showed [Ac 2c] and won ($29.50) with high card Ace


PokerStars Hand #145785468845:  Hold'em Limit ($3/$6 USD) - 2015/12/23 6:39:17 ET
Table 'Solstice' 2-max Seat #2 is the button
Seat 1: Rus29APX ($542.14 in chips)
Seat 2: nedo1414 ($912.82 in chips)
nedo1414: posts small blind $1
Rus29APX: posts big blind $3
*** HOLE CARDS ***
nedo1414: raises $3 to $6
Rus29APX: raises $3 to $9
nedo1414: calls $3
*** FLOP *** [Kd 7c 3s]
Rus29APX: bets $3
nedo1414: raises $3 to $6
Rus29APX: calls $3
*** TURN *** [Kd 7c 3s] [4d]
Rus29APX: checks
nedo1414: bets $6
Rus29APX: folds
Uncalled bet ($6) returned to nedo1414
nedo1414 collected $29.50 from pot
nedo1414: doesn't show hand
*** SUMMARY ***
Total pot $30 | Rake $0.50
Board [Kd 7c 3s 4d]
Seat 1: Rus29APX (big blind) folded on the Turn
Seat 2: nedo1414 (button) (small blind) collected ($29.50)


PokerStars Hand #145785476720:  Hold'em Limit ($3/$6 USD) - 2015/12/23 6:39:32 ET
Table 'Solstice' 2-max Seat #1 is the button
Seat 1: Rus29APX ($527.14 in chips)
Seat 2: nedo1414 ($927.32 in chips)
Rus29APX: posts small blind $1
nedo1414: posts big blind $3
*** HOLE CARDS ***
Rus29APX: raises $3 to $6
nedo1414: raises $3 to $9
Rus29APX: calls $3
*** FLOP *** [Kc 4d Jh]
nedo1414: bets $3
Rus29APX: calls $3
*** TURN *** [Kc 4d Jh] [Td]
nedo1414: bets $6
Rus29APX: calls $6
*** RIVER *** [Kc 4d Jh Td] [Th]
nedo1414: bets $6
Rus29APX: calls $6
*** SHOW DOWN ***
nedo1414: shows [9s Qs] (a straight, Nine to King)
Rus29APX: mucks hand
nedo1414 collected $47.50 from pot
*** SUMMARY ***
Total pot $48 | Rake $0.50
Board [Kc 4d Jh Td Th]
Seat 1: Rus29APX (button) (small blind) mucked
Seat 2: nedo1414 (big blind) showed [9s Qs] and won ($47.50) with a straight, Nine to King


PokerStars Hand #145785487845:  Hold'em Limit ($3/$6 USD) - 2015/12/23 6:39:54 ET
Table 'Solstice' 2-max Seat #2 is the button
Seat 1: Rus29APX ($503.14 in chips)
Seat 2: nedo1414 ($950.82 in chips)
nedo1414: posts small blind $1
Rus29APX: posts big blind $3
*** HOLE CARDS ***
nedo1414: raises $3 to $6
Rus29APX: calls $3
*** FLOP *** [4h 3c Ad]
Rus29APX: checks
nedo1414: bets $3
Rus29APX: folds
Uncalled bet ($3) returned to nedo1414
nedo1414 collected $11.76 from pot
nedo1414: doesn't show hand
*** SUMMARY ***
Total pot $12 | Rake $0.24
Board [4h 3c Ad]
Seat 1: Rus29APX (big blind) folded on the Flop
Seat 2: nedo1414 (button) (small blind) collected ($11.76)


PokerStars Hand #145785502980:  Hold'em Limit ($3/$6 USD) - 2015/12/23 6:40:24 ET
Table 'Solstice' 2-max Seat #1 is the button
Seat 1: Rus29APX ($497.14 in chips)
Seat 2: nedo1414 ($956.58 in chips)
Rus29APX: posts small blind $1
nedo1414: posts big blind $3
*** HOLE CARDS ***
Rus29APX: raises $3 to $6
nedo1414: folds
Uncalled bet ($3) returned to Rus29APX
Rus29APX collected $6 from pot
nedo1414 leaves the table
Rus29APX: doesn't show hand
*** SUMMARY ***
Total pot $6 | Rake $0
Seat 1: Rus29APX (button) (small blind) collected ($6)
Seat 2: nedo1414 (big blind) folded before Flop


