PokerStars Hand #160789102431:  Hold'em Limit ($3/$6 USD) - 2016/11/02 10:55:54 ET
Table 'Somville' 6-max Seat #6 is the button
Seat 1: kolaz03 ($72 in chips)
Seat 6: MilkyWay2016 ($120 in chips)
MilkyWay2016: posts small blind $1
kolaz03: posts big blind $3
*** HOLE CARDS ***
MilkyWay2016: folds
Uncalled bet ($2) returned to kolaz03
kolaz03 collected $2 from pot
kolaz03: doesn't show hand
*** SUMMARY ***
Total pot $2 | Rake $0
Seat 1: kolaz03 (big blind) collected ($2)
Seat 6: MilkyWay2016 (button) (small blind) folded before Flop


PokerStars Hand #160789136873:  Hold'em Limit ($3/$6 USD) - 2016/11/02 10:56:54 ET
Table 'Somville' 6-max Seat #6 is the button
Seat 1: kolaz03 ($72 in chips)
Seat 6: MilkyWay2016 ($139.50 in chips)
MilkyWay2016: posts small blind $1
kolaz03: posts big blind $3
*** HOLE CARDS ***
MilkyWay2016: raises $3 to $6
kolaz03: folds
Uncalled bet ($3) returned to MilkyWay2016
MilkyWay2016 collected $6 from pot
*** SUMMARY ***
Total pot $6 | Rake $0
Seat 1: kolaz03 (big blind) folded before Flop
Seat 6: MilkyWay2016 (button) (small blind) collected ($6)


PokerStars Hand #160789106467:  Hold'em Limit ($3/$6 USD) - 2016/11/02 10:56:01 ET
Table 'Somville' 6-max Seat #1 is the button
Seat 1: kolaz03 ($73 in chips)
Seat 6: MilkyWay2016 ($119 in chips)
kolaz03: posts small blind $1
MilkyWay2016: posts big blind $3
*** HOLE CARDS ***
kolaz03: raises $3 to $6
MilkyWay2016: calls $3
*** FLOP *** [7d 5d 9h]
MilkyWay2016: checks
kolaz03: bets $3
MilkyWay2016: calls $3
*** TURN *** [7d 5d 9h] [Ad]
MilkyWay2016: checks
kolaz03: bets $6
MilkyWay2016: calls $6
*** RIVER *** [7d 5d 9h Ad] [Ac]
MilkyWay2016: checks
kolaz03: bets $6
MilkyWay2016: calls $6
*** SHOW DOWN ***
kolaz03: shows [7h Kh] (two pair, Aces and Sevens)
MilkyWay2016: shows [Jd 9c] (two pair, Aces and Nines)
B_loJkl joins the table at seat #2
MilkyWay2016 collected $41.50 from pot
*** SUMMARY ***
Total pot $42 | Rake $0.50
Board [7d 5d 9h Ad Ac]
Seat 1: kolaz03 (button) (small blind) showed [7h Kh] and lost with two pair, Aces and Sevens
Seat 6: MilkyWay2016 (big blind) showed [Jd 9c] and won ($41.50) with two pair, Aces and Nines


