PokerStars Hand #160540322847:  Hold'em Limit ($3/$6 USD) - 2016/10/28 6:35:35 ET
Table 'Sonja' 6-max Seat #3 is the button
Seat 3: SLK500 ($120 in chips)
Seat 4: Agrotait ($72 in chips)
SLK500: posts small blind $1
Agrotait: posts big blind $3
*** HOLE CARDS ***
SLK500: folds
Uncalled bet ($2) returned to Agrotait
Agrotait collected $2 from pot
Agrotait: doesn't show hand
*** SUMMARY ***
Total pot $2 | Rake $0
Seat 3: SLK500 (button) (small blind) folded before Flop
Seat 4: Agrotait (big blind) collected ($2)


PokerStars Hand #160540332864:  Hold'em Limit ($3/$6 USD) - 2016/10/28 6:35:57 ET
Table 'Sonja' 6-max Seat #4 is the button
Seat 3: SLK500 ($119 in chips)
Seat 4: Agrotait ($73 in chips)
Agrotait: posts small blind $1
SLK500: posts big blind $3
*** HOLE CARDS ***
Agrotait: raises $3 to $6
SLK500: calls $3
*** FLOP *** [6s 3h 4d]
SLK500: bets $3
Agrotait: calls $3
*** TURN *** [6s 3h 4d] [5s]
SLK500: bets $6
Agrotait: raises $6 to $12
SLK500: folds
Uncalled bet ($6) returned to Agrotait
Agrotait collected $29.50 from pot
Agrotait: doesn't show hand
*** SUMMARY ***
Total pot $30 | Rake $0.50
Board [6s 3h 4d 5s]
Seat 3: SLK500 (big blind) folded on the Turn
Seat 4: Agrotait (button) (small blind) collected ($29.50)


PokerStars Hand #160540352610:  Hold'em Limit ($3/$6 USD) - 2016/10/28 6:36:43 ET
Table 'Sonja' 6-max Seat #3 is the button
Seat 3: SLK500 ($99 in chips)
Seat 4: Agrotait ($92.26 in chips)
SLK500: posts small blind $1
Agrotait: posts big blind $3
*** HOLE CARDS ***
SLK500: raises $3 to $6
Agrotait: folds
Uncalled bet ($3) returned to SLK500
SLK500 collected $6 from pot
SLK500: doesn't show hand
*** SUMMARY ***
Total pot $6 | Rake $0
Seat 3: SLK500 (button) (small blind) collected ($6)
Seat 4: Agrotait (big blind) folded before Flop


PokerStars Hand #160540350297:  Hold'em Limit ($3/$6 USD) - 2016/10/28 6:36:38 ET
Table 'Sonja' 6-max Seat #4 is the button
Seat 3: SLK500 ($98 in chips)
Seat 4: Agrotait ($93.26 in chips)
Agrotait: posts small blind $1
SLK500: posts big blind $3
*** HOLE CARDS ***
Agrotait: folds
Uncalled bet ($2) returned to SLK500
SLK500 collected $2 from pot
SLK500: doesn't show hand
*** SUMMARY ***
Total pot $2 | Rake $0
Seat 3: SLK500 (big blind) collected ($2)
Seat 4: Agrotait (button) (small blind) folded before Flop


PokerStars Hand #160540344581:  Hold'em Limit ($3/$6 USD) - 2016/10/28 6:36:24 ET
Table 'Sonja' 6-max Seat #3 is the button
Seat 3: SLK500 ($104 in chips)
Seat 4: Agrotait ($87.50 in chips)
SLK500: posts small blind $1
Agrotait: posts big blind $3
*** HOLE CARDS ***
SLK500: calls $2
Agrotait: raises $3 to $6
SLK500: calls $3
*** FLOP *** [Ts 7s Ah]
Agrotait: bets $3
SLK500: folds
Uncalled bet ($3) returned to Agrotait
Agrotait collected $11.76 from pot
Agrotait: doesn't show hand
*** SUMMARY ***
Total pot $12 | Rake $0.24
Board [Ts 7s Ah]
Seat 3: SLK500 (button) (small blind) folded on the Flop
Seat 4: Agrotait (big blind) collected ($11.76)


PokerStars Hand #160540377541:  Hold'em Limit ($3/$6 USD) - 2016/10/28 6:37:41 ET
Table 'Sonja' 6-max Seat #3 is the button
Seat 3: SLK500 ($75 in chips)
Seat 4: Agrotait ($115.76 in chips)
SLK500: posts small blind $1
Agrotait: posts big blind $3
*** HOLE CARDS ***
SLK500: raises $3 to $6
Agrotait: calls $3
*** FLOP *** [2h Th 7h]
Agrotait: checks
SLK500: bets $3
Agrotait: calls $3
*** TURN *** [2h Th 7h] [Qh]
Agrotait: checks
SLK500: checks
*** RIVER *** [2h Th 7h Qh] [Kh]
Agrotait: checks
SLK500: bets $6
Agrotait: folds
Uncalled bet ($6) returned to SLK500
SLK500 collected $17.64 from pot
SLK500: doesn't show hand
*** SUMMARY ***
Total pot $18 | Rake $0.36
Board [2h Th 7h Qh Kh]
Seat 3: SLK500 (button) (small blind) collected ($17.64)
Seat 4: Agrotait (big blind) folded on the River


PokerStars Hand #160540356955:  Hold'em Limit ($3/$6 USD) - 2016/10/28 6:36:53 ET
Table 'Sonja' 6-max Seat #4 is the button
Seat 3: SLK500 ($102 in chips)
Seat 4: Agrotait ($89.26 in chips)
Agrotait: posts small blind $1
SLK500: posts big blind $3
*** HOLE CARDS ***
Agrotait: raises $3 to $6
SLK500: raises $3 to $9
Agrotait: calls $3
*** FLOP *** [4d 2d 8c]
SLK500: bets $3
Agrotait: raises $3 to $6
SLK500: calls $3
*** TURN *** [4d 2d 8c] [9h]
SLK500: checks
Agrotait: bets $6
SLK500: calls $6
*** RIVER *** [4d 2d 8c 9h] [As]
SLK500: bets $6
Agrotait: calls $6
*** SHOW DOWN ***
SLK500: shows [Jc Tc] (high card Ace)
Agrotait: shows [3d 8d] (a pair of Eights)
Agrotait collected $53.50 from pot
*** SUMMARY ***
Total pot $54 | Rake $0.50
Board [4d 2d 8c 9h As]
Seat 3: SLK500 (big blind) showed [Jc Tc] and lost with high card Ace
Seat 4: Agrotait (button) (small blind) showed [3d 8d] and won ($53.50) with a pair of Eights


PokerStars Hand #160540406689:  Hold'em Limit ($3/$6 USD) - 2016/10/28 6:38:47 ET
Table 'Sonja' 6-max Seat #3 is the button
Seat 3: SLK500 ($71.64 in chips)
Seat 4: Agrotait ($118.28 in chips)
SLK500: posts small blind $1
Agrotait: posts big blind $3
*** HOLE CARDS ***
SLK500: raises $3 to $6
Agrotait: folds
Uncalled bet ($3) returned to SLK500
SLK500 collected $6 from pot
SLK500: doesn't show hand
*** SUMMARY ***
Total pot $6 | Rake $0
Seat 3: SLK500 (button) (small blind) collected ($6)
Seat 4: Agrotait (big blind) folded before Flop


PokerStars Hand #160540404243:  Hold'em Limit ($3/$6 USD) - 2016/10/28 6:38:41 ET
Table 'Sonja' 6-max Seat #4 is the button
Seat 3: SLK500 ($70.64 in chips)
Seat 4: Agrotait ($119.28 in chips)
Agrotait: posts small blind $1
SLK500: posts big blind $3
*** HOLE CARDS ***
Agrotait: folds
Uncalled bet ($2) returned to SLK500
SLK500 collected $2 from pot
SLK500: doesn't show hand
*** SUMMARY ***
Total pot $2 | Rake $0
Seat 3: SLK500 (big blind) collected ($2)
Seat 4: Agrotait (button) (small blind) folded before Flop


PokerStars Hand #160540401887:  Hold'em Limit ($3/$6 USD) - 2016/10/28 6:38:36 ET
Table 'Sonja' 6-max Seat #3 is the button
Seat 3: SLK500 ($71.64 in chips)
Seat 4: Agrotait ($118.28 in chips)
SLK500: posts small blind $1
Agrotait: posts big blind $3
*** HOLE CARDS ***
SLK500: folds
Uncalled bet ($2) returned to Agrotait
Agrotait collected $2 from pot
Agrotait: doesn't show hand
*** SUMMARY ***
Total pot $2 | Rake $0
Seat 3: SLK500 (button) (small blind) folded before Flop
Seat 4: Agrotait (big blind) collected ($2)


PokerStars Hand #160540392533:  Hold'em Limit ($3/$6 USD) - 2016/10/28 6:38:15 ET
Table 'Sonja' 6-max Seat #4 is the button
Seat 3: SLK500 ($83.64 in chips)
Seat 4: Agrotait ($106.76 in chips)
Agrotait: posts small blind $1
SLK500: posts big blind $3
*** HOLE CARDS ***
Agrotait: raises $3 to $6
SLK500: raises $3 to $9
Agrotait: calls $3
*** FLOP *** [2s Ks Jd]
SLK500: bets $3
Agrotait: calls $3
*** TURN *** [2s Ks Jd] [8c]
SLK500: checks
Agrotait: bets $6
SLK500: folds
Uncalled bet ($6) returned to Agrotait
Agrotait collected $23.52 from pot
Agrotait: doesn't show hand
*** SUMMARY ***
Total pot $24 | Rake $0.48
Board [2s Ks Jd 8c]
Seat 3: SLK500 (big blind) folded on the Turn
Seat 4: Agrotait (button) (small blind) collected ($23.52)


PokerStars Hand #160540424420:  Hold'em Limit ($3/$6 USD) - 2016/10/28 6:39:27 ET
Table 'Sonja' 6-max Seat #4 is the button
Seat 3: SLK500 ($67.64 in chips)
Seat 4: Agrotait ($122.04 in chips)
Agrotait: posts small blind $1
SLK500: posts big blind $3
*** HOLE CARDS ***
Agrotait: raises $3 to $6
SLK500: folds
Uncalled bet ($3) returned to Agrotait
Agrotait collected $6 from pot
Agrotait: doesn't show hand
*** SUMMARY ***
Total pot $6 | Rake $0
Seat 3: SLK500 (big blind) folded before Flop
Seat 4: Agrotait (button) (small blind) collected ($6)


PokerStars Hand #160540420484:  Hold'em Limit ($3/$6 USD) - 2016/10/28 6:39:18 ET
Table 'Sonja' 6-max Seat #3 is the button
Seat 3: SLK500 ($68.64 in chips)
Seat 4: Agrotait ($121.04 in chips)
SLK500: posts small blind $1
Agrotait: posts big blind $3
*** HOLE CARDS ***
SLK500: folds
Uncalled bet ($2) returned to Agrotait
Agrotait collected $2 from pot
Agrotait: doesn't show hand
*** SUMMARY ***
Total pot $2 | Rake $0
Seat 3: SLK500 (button) (small blind) folded before Flop
Seat 4: Agrotait (big blind) collected ($2)


PokerStars Hand #160540410285:  Hold'em Limit ($3/$6 USD) - 2016/10/28 6:38:55 ET
Table 'Sonja' 6-max Seat #4 is the button
Seat 3: SLK500 ($74.64 in chips)
Seat 4: Agrotait ($115.28 in chips)
Agrotait: posts small blind $1
SLK500: posts big blind $3
*** HOLE CARDS ***
Agrotait: raises $3 to $6
SLK500: calls $3
*** FLOP *** [Td 9h 3h]
SLK500: checks
Agrotait: bets $3
SLK500: folds
Uncalled bet ($3) returned to Agrotait
Agrotait collected $11.76 from pot
Agrotait: doesn't show hand
*** SUMMARY ***
Total pot $12 | Rake $0.24
Board [Td 9h 3h]
Seat 3: SLK500 (big blind) folded on the Flop
Seat 4: Agrotait (button) (small blind) collected ($11.76)


PokerStars Hand #160540430442:  Hold'em Limit ($3/$6 USD) - 2016/10/28 6:39:41 ET
Table 'Sonja' 6-max Seat #4 is the button
Seat 3: SLK500 ($63.64 in chips)
Seat 4: Agrotait ($126.04 in chips)
Agrotait: posts small blind $1
SLK500: posts big blind $3
*** HOLE CARDS ***
Agrotait: raises $3 to $6
SLK500: folds
Uncalled bet ($3) returned to Agrotait
Agrotait collected $6 from pot
Agrotait: doesn't show hand
*** SUMMARY ***
Total pot $6 | Rake $0
Seat 3: SLK500 (big blind) folded before Flop
Seat 4: Agrotait (button) (small blind) collected ($6)


PokerStars Hand #160540427692:  Hold'em Limit ($3/$6 USD) - 2016/10/28 6:39:35 ET
Table 'Sonja' 6-max Seat #3 is the button
Seat 3: SLK500 ($64.64 in chips)
Seat 4: Agrotait ($125.04 in chips)
SLK500: posts small blind $1
Agrotait: posts big blind $3
*** HOLE CARDS ***
SLK500: folds
Uncalled bet ($2) returned to Agrotait
Agrotait collected $2 from pot
Agrotait: doesn't show hand
*** SUMMARY ***
Total pot $2 | Rake $0
Seat 3: SLK500 (button) (small blind) folded before Flop
Seat 4: Agrotait (big blind) collected ($2)


PokerStars Hand #160540460102:  Hold'em Limit ($3/$6 USD) - 2016/10/28 6:40:49 ET
Table 'Sonja' 6-max Seat #4 is the button
Seat 3: SLK500 ($96.14 in chips)
Seat 4: Agrotait ($93.04 in chips)
Agrotait: posts small blind $1
SLK500: posts big blind $3
*** HOLE CARDS ***
Agrotait: raises $3 to $6
SLK500: raises $3 to $9
Agrotait: calls $3
*** FLOP *** [3c 2h Ks]
SLK500: bets $3
Agrotait: folds
Uncalled bet ($3) returned to SLK500
SLK500 collected $17.64 from pot
SLK500: doesn't show hand
*** SUMMARY ***
Total pot $18 | Rake $0.36
Board [3c 2h Ks]
Seat 3: SLK500 (big blind) collected ($17.64)
Seat 4: Agrotait (button) (small blind) folded on the Flop


PokerStars Hand #160540451883:  Hold'em Limit ($3/$6 USD) - 2016/10/28 6:40:31 ET
Table 'Sonja' 6-max Seat #4 is the button
Seat 3: SLK500 ($96.14 in chips)
Seat 4: Agrotait ($93.04 in chips)
Agrotait: posts small blind $1
SLK500: posts big blind $3
*** HOLE CARDS ***
Agrotait: folds
Uncalled bet ($2) returned to SLK500
SLK500 collected $2 from pot
SLK500: doesn't show hand
*** SUMMARY ***
Total pot $2 | Rake $0
Seat 3: SLK500 (big blind) collected ($2)
Seat 4: Agrotait (button) (small blind) folded before Flop


PokerStars Hand #160540436450:  Hold'em Limit ($3/$6 USD) - 2016/10/28 6:39:55 ET
Table 'Sonja' 6-max Seat #3 is the button
Seat 3: SLK500 ($60.64 in chips)
Seat 4: Agrotait ($129.04 in chips)
SLK500: posts small blind $1
Agrotait: posts big blind $3
*** HOLE CARDS ***
SLK500: raises $3 to $6
Agrotait: calls $3
*** FLOP *** [6h 7c 6d]
Agrotait: checks
SLK500: bets $3
Agrotait: raises $3 to $6
SLK500: calls $3
*** TURN *** [6h 7c 6d] [Kd]
Agrotait: bets $6
SLK500: raises $6 to $12
Agrotait: raises $6 to $18
SLK500: calls $6
*** RIVER *** [6h 7c 6d Kd] [Ks]
Agrotait: checks
SLK500: bets $6
Agrotait: calls $6
*** SHOW DOWN ***
SLK500: shows [Kc 4c] (a full house, Kings full of Sixes)
Agrotait: mucks hand
SLK500 collected $71.50 from pot
*** SUMMARY ***
Total pot $72 | Rake $0.50
Board [6h 7c 6d Kd Ks]
Seat 3: SLK500 (button) (small blind) showed [Kc 4c] and won ($71.50) with a full house, Kings full of Sixes
Seat 4: Agrotait (big blind) mucked


PokerStars Hand #160540454479:  Hold'em Limit ($3/$6 USD) - 2016/10/28 6:40:37 ET
Table 'Sonja' 6-max Seat #3 is the button
Seat 3: SLK500 ($97.14 in chips)
Seat 4: Agrotait ($92.04 in chips)
SLK500: posts small blind $1
Agrotait: posts big blind $3
*** HOLE CARDS ***
SLK500: folds
Uncalled bet ($2) returned to Agrotait
Agrotait collected $2 from pot
Agrotait: doesn't show hand
*** SUMMARY ***
Total pot $2 | Rake $0
Seat 3: SLK500 (button) (small blind) folded before Flop
Seat 4: Agrotait (big blind) collected ($2)


PokerStars Hand #160540466949:  Hold'em Limit ($3/$6 USD) - 2016/10/28 6:41:05 ET
Table 'Sonja' 6-max Seat #3 is the button
Seat 3: SLK500 ($104.78 in chips)
Seat 4: Agrotait ($84.04 in chips)
SLK500: posts small blind $1
Agrotait: posts big blind $3
*** HOLE CARDS ***
SLK500: calls $2
Agrotait: checks
*** FLOP *** [Ts 6s 6d]
Agrotait: bets $3
SLK500: calls $3
*** TURN *** [Ts 6s 6d] [5c]
Agrotait: checks
SLK500: checks
*** RIVER *** [Ts 6s 6d 5c] [7c]
Agrotait: checks
SLK500: bets $6
Agrotait: folds
Uncalled bet ($6) returned to SLK500
SLK500 collected $11.76 from pot
SLK500: doesn't show hand
*** SUMMARY ***
Total pot $12 | Rake $0.24
Board [Ts 6s 6d 5c 7c]
Seat 3: SLK500 (button) (small blind) collected ($11.76)
Seat 4: Agrotait (big blind) folded on the River


