PokerStars Hand #159942806021:  Hold'em Limit ($3/$6 USD) - 2016/10/14 19:55:56 ET
Table 'Sonja' 6-max Seat #1 is the button
Seat 1: Colt1985 ($54 in chips)
Seat 4: FHstyles ($60 in chips)
Colt1985: posts small blind $1
FHstyles: posts big blind $3
*** HOLE CARDS ***
Colt1985: folds
Uncalled bet ($2) returned to FHstyles
FHstyles collected $2 from pot
FHstyles: doesn't show hand
*** SUMMARY ***
Total pot $2 | Rake $0
Seat 1: Colt1985 (button) (small blind) folded before Flop
Seat 4: FHstyles (big blind) collected ($2)


PokerStars Hand #159942810847:  Hold'em Limit ($3/$6 USD) - 2016/10/14 19:56:06 ET
Table 'Sonja' 6-max Seat #4 is the button
Seat 1: Colt1985 ($53 in chips)
Seat 4: FHstyles ($61 in chips)
FHstyles: posts small blind $1
Colt1985: posts big blind $3
*** HOLE CARDS ***
ToDaFelt joins the table at seat #2
FHstyles: raises $3 to $6
Colt1985: calls $3
*** FLOP *** [3d 9s Qc]
Colt1985: checks
FHstyles: bets $3
Colt1985: folds
Uncalled bet ($3) returned to FHstyles
FHstyles collected $11.76 from pot
FHstyles: doesn't show hand
*** SUMMARY ***
Total pot $12 | Rake $0.24
Board [3d 9s Qc]
Seat 1: Colt1985 (big blind) folded on the Flop
Seat 4: FHstyles (button) (small blind) collected ($11.76)


