PokerStars Hand #162731645701:  Hold'em Limit ($3/$6 USD) - 2016/12/10 15:08:57 ET
Table 'Sonja II' 6-max Seat #4 is the button
Seat 3: Blikon ($145.54 in chips)
Seat 4: kolaz03 ($73.74 in chips)
kolaz03: posts small blind $1
Blikon: posts big blind $3
*** HOLE CARDS ***
kolaz03: folds
Uncalled bet ($2) returned to Blikon
Blikon collected $2 from pot
*** SUMMARY ***
Total pot $2 | Rake $0
Seat 3: Blikon (big blind) collected ($2)
Seat 4: kolaz03 (button) (small blind) folded before Flop


PokerStars Hand #162731626171:  Hold'em Limit ($3/$6 USD) - 2016/12/10 15:08:37 ET
Table 'Sonja II' 6-max Seat #3 is the button
Seat 3: Blikon ($136.90 in chips)
Seat 4: kolaz03 ($82.74 in chips)
Blikon: posts small blind $1
kolaz03: posts big blind $3
*** HOLE CARDS ***
Blikon: raises $3 to $6
kolaz03: calls $3
*** FLOP *** [5d 4d Js]
kolaz03: checks
Blikon: bets $3
kolaz03: calls $3
*** TURN *** [5d 4d Js] [3d]
kolaz03: checks
Blikon: checks
*** RIVER *** [5d 4d Js 3d] [8h]
kolaz03: checks
Blikon: bets $6
kolaz03: folds
Uncalled bet ($6) returned to Blikon
Blikon collected $17.64 from pot
*** SUMMARY ***
Total pot $18 | Rake $0.36
Board [5d 4d Js 3d 8h]
Seat 3: Blikon (button) (small blind) collected ($17.64)
Seat 4: kolaz03 (big blind) folded on the River


PokerStars Hand #162731608667:  Hold'em Limit ($3/$6 USD) - 2016/12/10 15:08:20 ET
Table 'Sonja II' 6-max Seat #4 is the button
Seat 3: Blikon ($128.26 in chips)
Seat 4: kolaz03 ($91.74 in chips)
kolaz03: posts small blind $1
Blikon: posts big blind $3
*** HOLE CARDS ***
kolaz03: raises $3 to $6
Blikon: calls $3
*** FLOP *** [Ac 5c Qh]
Blikon: checks
kolaz03: bets $3
Blikon: calls $3
*** TURN *** [Ac 5c Qh] [Kd]
Blikon: checks
kolaz03: checks
*** RIVER *** [Ac 5c Qh Kd] [2s]
Blikon: bets $6
kolaz03: folds
Uncalled bet ($6) returned to Blikon
Blikon collected $17.64 from pot
*** SUMMARY ***
Total pot $18 | Rake $0.36
Board [Ac 5c Qh Kd 2s]
Seat 3: Blikon (big blind) collected ($17.64)
Seat 4: kolaz03 (button) (small blind) folded on the River


PokerStars Hand #162731689386:  Hold'em Limit ($3/$6 USD) - 2016/12/10 15:09:42 ET
Table 'Sonja II' 6-max Seat #4 is the button
Seat 3: Blikon ($159.06 in chips)
Seat 4: kolaz03 ($72 in chips)
kolaz03: posts small blind $1
Blikon: posts big blind $3
*** HOLE CARDS ***
kolaz03: raises $3 to $6
Blikon: calls $3
*** FLOP *** [Kh 7s 6d]
Blikon: checks
kolaz03: bets $3
Blikon: raises $3 to $6
kolaz03: calls $3
*** TURN *** [Kh 7s 6d] [7d]
Blikon: bets $6
kolaz03: folds
Uncalled bet ($6) returned to Blikon
Blikon collected $23.52 from pot
*** SUMMARY ***
Total pot $24 | Rake $0.48
Board [Kh 7s 6d 7d]
Seat 3: Blikon (big blind) collected ($23.52)
Seat 4: kolaz03 (button) (small blind) folded on the Turn


PokerStars Hand #162731677495:  Hold'em Limit ($3/$6 USD) - 2016/12/10 15:09:30 ET
Table 'Sonja II' 6-max Seat #3 is the button
Seat 3: Blikon ($153.30 in chips)
Seat 4: kolaz03 ($72 in chips)
Blikon: posts small blind $1
kolaz03: posts big blind $3
*** HOLE CARDS ***
Blikon: raises $3 to $6
kolaz03: calls $3
*** FLOP *** [5h Td 3c]
kolaz03: checks
Blikon: checks
*** TURN *** [5h Td 3c] [3h]
kolaz03: checks
Blikon: bets $6
kolaz03: folds
Uncalled bet ($6) returned to Blikon
Blikon collected $11.76 from pot
*** SUMMARY ***
Total pot $12 | Rake $0.24
Board [5h Td 3c 3h]
Seat 3: Blikon (button) (small blind) collected ($11.76)
Seat 4: kolaz03 (big blind) folded on the Turn


PokerStars Hand #162731670789:  Hold'em Limit ($3/$6 USD) - 2016/12/10 15:09:23 ET
Table 'Sonja II' 6-max Seat #4 is the button
Seat 3: Blikon ($152.30 in chips)
Seat 4: kolaz03 ($72 in chips)
kolaz03: posts small blind $1
Blikon: posts big blind $3
*** HOLE CARDS ***
kolaz03: folds
Uncalled bet ($2) returned to Blikon
Blikon collected $2 from pot
*** SUMMARY ***
Total pot $2 | Rake $0
Seat 3: Blikon (big blind) collected ($2)
Seat 4: kolaz03 (button) (small blind) folded before Flop


PokerStars Hand #162731650036:  Hold'em Limit ($3/$6 USD) - 2016/12/10 15:09:02 ET
Table 'Sonja II' 6-max Seat #3 is the button
Seat 3: Blikon ($146.54 in chips)
Seat 4: kolaz03 ($72.74 in chips)
Blikon: posts small blind $1
kolaz03: posts big blind $3
*** HOLE CARDS ***
Blikon: raises $3 to $6
kolaz03: calls $3
*** FLOP *** [Qs Jc Kd]
kolaz03: checks
Blikon: bets $3
kolaz03: folds
Uncalled bet ($3) returned to Blikon
Blikon collected $11.76 from pot
*** SUMMARY ***
Total pot $12 | Rake $0.24
Board [Qs Jc Kd]
Seat 3: Blikon (button) (small blind) collected ($11.76)
Seat 4: kolaz03 (big blind) folded on the Flop


PokerStars Hand #162731772771:  Hold'em Limit ($3/$6 USD) - 2016/12/10 15:11:06 ET
Table 'Sonja II' 6-max Seat #3 is the button
Seat 3: Blikon ($199.58 in chips)
Seat 4: kolaz03 ($72 in chips)
Blikon: posts small blind $1
kolaz03: posts big blind $3
*** HOLE CARDS ***
Blikon: raises $3 to $6
kolaz03: folds
Uncalled bet ($3) returned to Blikon
Blikon collected $6 from pot
*** SUMMARY ***
Total pot $6 | Rake $0
Seat 3: Blikon (button) (small blind) collected ($6)
Seat 4: kolaz03 (big blind) folded before Flop


PokerStars Hand #162731753119:  Hold'em Limit ($3/$6 USD) - 2016/12/10 15:10:47 ET
Table 'Sonja II' 6-max Seat #4 is the button
Seat 3: Blikon ($185.08 in chips)
Seat 4: kolaz03 ($72 in chips)
kolaz03: posts small blind $1
Blikon: posts big blind $3
*** HOLE CARDS ***
kolaz03: raises $3 to $6
Blikon: calls $3
*** FLOP *** [8s 4c Jh]
Blikon: checks
kolaz03: bets $3
Blikon: calls $3
*** TURN *** [8s 4c Jh] [3c]
Blikon: checks
kolaz03: bets $6
Blikon: calls $6
*** RIVER *** [8s 4c Jh 3c] [8c]
Blikon: checks
kolaz03: checks
*** SHOW DOWN ***
Blikon: shows [Ac 9h] (a pair of Eights)
kolaz03: mucks hand
Blikon collected $29.50 from pot
*** SUMMARY ***
Total pot $30 | Rake $0.50
Board [8s 4c Jh 3c 8c]
Seat 3: Blikon (big blind) showed [Ac 9h] and won ($29.50) with a pair of Eights
Seat 4: kolaz03 (button) (small blind) mucked


PokerStars Hand #162731827028:  Hold'em Limit ($3/$6 USD) - 2016/12/10 15:12:02 ET
Table 'Sonja II' 6-max Seat #3 is the button
Seat 3: Blikon ($233.60 in chips)
Seat 4: kolaz03 ($72 in chips)
Blikon: posts small blind $1
kolaz03: posts big blind $3
*** HOLE CARDS ***
Blikon: folds
Uncalled bet ($2) returned to kolaz03
kolaz03 collected $2 from pot
kolaz03: doesn't show hand
*** SUMMARY ***
Total pot $2 | Rake $0
Seat 3: Blikon (button) (small blind) folded before Flop
Seat 4: kolaz03 (big blind) collected ($2)


PokerStars Hand #162731799807:  Hold'em Limit ($3/$6 USD) - 2016/12/10 15:11:34 ET
Table 'Sonja II' 6-max Seat #4 is the button
Seat 3: Blikon ($213.10 in chips)
Seat 4: kolaz03 ($73 in chips)
kolaz03: posts small blind $1
Blikon: posts big blind $3
*** HOLE CARDS ***
kolaz03: raises $3 to $6
Blikon: calls $3
*** FLOP *** [Ks Jc Qc]
Blikon: checks
kolaz03: bets $3
Blikon: calls $3
*** TURN *** [Ks Jc Qc] [Qs]
Blikon: checks
kolaz03: bets $6
Blikon: calls $6
*** RIVER *** [Ks Jc Qc Qs] [8s]
Blikon: checks
kolaz03: bets $6
Blikon: calls $6
*** SHOW DOWN ***
kolaz03: shows [Jh 6c] (two pair, Queens and Jacks)
Blikon: shows [9s 4s] (a flush, King high)
Blikon collected $41.50 from pot
*** SUMMARY ***
Total pot $42 | Rake $0.50
Board [Ks Jc Qc Qs 8s]
Seat 3: Blikon (big blind) showed [9s 4s] and won ($41.50) with a flush, King high
Seat 4: kolaz03 (button) (small blind) showed [Jh 6c] and lost with two pair, Queens and Jacks


PokerStars Hand #162731794484:  Hold'em Limit ($3/$6 USD) - 2016/12/10 15:11:29 ET
Table 'Sonja II' 6-max Seat #3 is the button
Seat 3: Blikon ($214.10 in chips)
Seat 4: kolaz03 ($72 in chips)
Blikon: posts small blind $1
kolaz03: posts big blind $3
*** HOLE CARDS ***
Blikon: folds
Uncalled bet ($2) returned to kolaz03
kolaz03 collected $2 from pot
kolaz03: doesn't show hand
*** SUMMARY ***
Total pot $2 | Rake $0
Seat 3: Blikon (button) (small blind) folded before Flop
Seat 4: kolaz03 (big blind) collected ($2)


PokerStars Hand #162731782554:  Hold'em Limit ($3/$6 USD) - 2016/12/10 15:11:16 ET
Table 'Sonja II' 6-max Seat #4 is the button
Seat 3: Blikon ($202.58 in chips)
Seat 4: kolaz03 ($72 in chips)
kolaz03: posts small blind $1
Blikon: posts big blind $3
*** HOLE CARDS ***
kolaz03: raises $3 to $6
Blikon: raises $3 to $9
kolaz03: calls $3
*** FLOP *** [2c Jc Tc]
Blikon: bets $3
kolaz03: calls $3
*** TURN *** [2c Jc Tc] [Ad]
Blikon: bets $6
kolaz03: folds
Uncalled bet ($6) returned to Blikon
Blikon collected $23.52 from pot
*** SUMMARY ***
Total pot $24 | Rake $0.48
Board [2c Jc Tc Ad]
Seat 3: Blikon (big blind) collected ($23.52)
Seat 4: kolaz03 (button) (small blind) folded on the Turn


PokerStars Hand #162731705081:  Hold'em Limit ($3/$6 USD) - 2016/12/10 15:09:58 ET
Table 'Sonja II' 6-max Seat #3 is the button
Seat 3: Blikon ($170.58 in chips)
Seat 4: kolaz03 ($72 in chips)
Blikon: posts small blind $1
kolaz03: posts big blind $3
*** HOLE CARDS ***
Blikon: raises $3 to $6
kolaz03: calls $3
*** FLOP *** [8h 4c Tc]
kolaz03: checks
Blikon: checks
*** TURN *** [8h 4c Tc] [Th]
kolaz03: checks
Blikon: checks
*** RIVER *** [8h 4c Tc Th] [4d]
kolaz03: bets $6
Blikon: calls $6
*** SHOW DOWN ***
kolaz03: shows [As 5d] (two pair, Tens and Fours)
Blikon: mucks hand
kolaz03 collected $23.52 from pot
*** SUMMARY ***
Total pot $24 | Rake $0.48
Board [8h 4c Tc Th 4d]
Seat 3: Blikon (button) (small blind) mucked
Seat 4: kolaz03 (big blind) showed [As 5d] and won ($23.52) with two pair, Tens and Fours


PokerStars Hand #162731843886:  Hold'em Limit ($3/$6 USD) - 2016/12/10 15:12:19 ET
Table 'Sonja II' 6-max Seat #3 is the button
Seat 3: Blikon ($241.24 in chips)
Seat 4: kolaz03 ($72 in chips)
Blikon: posts small blind $1
kolaz03: posts big blind $3
*** HOLE CARDS ***
Blikon: raises $3 to $6
kolaz03: folds
Uncalled bet ($3) returned to Blikon
Blikon collected $6 from pot
*** SUMMARY ***
Total pot $6 | Rake $0
Seat 3: Blikon (button) (small blind) collected ($6)
Seat 4: kolaz03 (big blind) folded before Flop


PokerStars Hand #162731833853:  Hold'em Limit ($3/$6 USD) - 2016/12/10 15:12:08 ET
Table 'Sonja II' 6-max Seat #4 is the button
Seat 3: Blikon ($232.60 in chips)
Seat 4: kolaz03 ($73 in chips)
kolaz03: posts small blind $1
Blikon: posts big blind $3
*** HOLE CARDS ***
kolaz03: raises $3 to $6
Blikon: raises $3 to $9
kolaz03: calls $3
*** FLOP *** [Th 6s Qs]
Blikon: bets $3
kolaz03: folds
Uncalled bet ($3) returned to Blikon
Blikon collected $17.64 from pot
*** SUMMARY ***
Total pot $18 | Rake $0.36
Board [Th 6s Qs]
Seat 3: Blikon (big blind) collected ($17.64)
Seat 4: kolaz03 (button) (small blind) folded on the Flop


PokerStars Hand #162731893627:  Hold'em Limit ($3/$6 USD) - 2016/12/10 15:13:09 ET
Table 'Sonja II' 6-max Seat #4 is the button
Seat 3: Blikon ($249.74 in chips)
Seat 4: kolaz03 ($72 in chips)
kolaz03: posts small blind $1
Blikon: posts big blind $3
*** HOLE CARDS ***
kolaz03: raises $3 to $6
Blikon: calls $3
*** FLOP *** [Kh 2s 9c]
Blikon: checks
kolaz03: bets $3
Blikon: folds
Uncalled bet ($3) returned to kolaz03
kolaz03 collected $11.76 from pot
kolaz03: doesn't show hand
*** SUMMARY ***
Total pot $12 | Rake $0.24
Board [Kh 2s 9c]
Seat 3: Blikon (big blind) folded on the Flop
Seat 4: kolaz03 (button) (small blind) collected ($11.76)


PokerStars Hand #162731875389:  Hold'em Limit ($3/$6 USD) - 2016/12/10 15:12:51 ET
Table 'Sonja II' 6-max Seat #3 is the button
Seat 3: Blikon ($235.24 in chips)
Seat 4: kolaz03 ($81.64 in chips)
Blikon: posts small blind $1
kolaz03: posts big blind $3
*** HOLE CARDS ***
Blikon: raises $3 to $6
kolaz03: calls $3
*** FLOP *** [2h Jh 8c]
kolaz03: checks
Blikon: bets $3
kolaz03: calls $3
*** TURN *** [2h Jh 8c] [Jc]
kolaz03: checks
Blikon: bets $6
kolaz03: calls $6
*** RIVER *** [2h Jh 8c Jc] [7h]
kolaz03: checks
Blikon: bets $6
kolaz03: folds
Uncalled bet ($6) returned to Blikon
Blikon collected $29.50 from pot
*** SUMMARY ***
Total pot $30 | Rake $0.50
Board [2h Jh 8c Jc 7h]
Seat 3: Blikon (button) (small blind) collected ($29.50)
Seat 4: kolaz03 (big blind) folded on the River


PokerStars Hand #162731858321:  Hold'em Limit ($3/$6 USD) - 2016/12/10 15:12:33 ET
Table 'Sonja II' 6-max Seat #4 is the button
Seat 3: Blikon ($244.24 in chips)
Seat 4: kolaz03 ($73 in chips)
kolaz03: posts small blind $1
Blikon: posts big blind $3
*** HOLE CARDS ***
kolaz03: raises $3 to $6
Blikon: calls $3
*** FLOP *** [Jd 2s 3h]
Blikon: checks
kolaz03: bets $3
Blikon: calls $3
*** TURN *** [Jd 2s 3h] [Kc]
Blikon: checks
kolaz03: bets $6
Blikon: folds
Uncalled bet ($6) returned to kolaz03
kolaz03 collected $17.64 from pot
kolaz03: doesn't show hand
*** SUMMARY ***
Total pot $18 | Rake $0.36
Board [Jd 2s 3h Kc]
Seat 3: Blikon (big blind) folded on the Turn
Seat 4: kolaz03 (button) (small blind) collected ($17.64)


PokerStars Hand #162731853898:  Hold'em Limit ($3/$6 USD) - 2016/12/10 15:12:29 ET
Table 'Sonja II' 6-max Seat #3 is the button
Seat 3: Blikon ($245.24 in chips)
Seat 4: kolaz03 ($72 in chips)
Blikon: posts small blind $1
kolaz03: posts big blind $3
*** HOLE CARDS ***
Blikon: folds
Uncalled bet ($2) returned to kolaz03
kolaz03 collected $2 from pot
kolaz03: doesn't show hand
*** SUMMARY ***
Total pot $2 | Rake $0
Seat 3: Blikon (button) (small blind) folded before Flop
Seat 4: kolaz03 (big blind) collected ($2)


PokerStars Hand #162731849353:  Hold'em Limit ($3/$6 USD) - 2016/12/10 15:12:24 ET
Table 'Sonja II' 6-max Seat #4 is the button
Seat 3: Blikon ($244.24 in chips)
Seat 4: kolaz03 ($72 in chips)
kolaz03: posts small blind $1
Blikon: posts big blind $3
*** HOLE CARDS ***
kolaz03: folds
Uncalled bet ($2) returned to Blikon
Blikon collected $2 from pot
*** SUMMARY ***
Total pot $2 | Rake $0
Seat 3: Blikon (big blind) collected ($2)
Seat 4: kolaz03 (button) (small blind) folded before Flop


PokerStars Hand #162731906329:  Hold'em Limit ($3/$6 USD) - 2016/12/10 15:13:22 ET
Table 'Sonja II' 6-max Seat #4 is the button
Seat 3: Blikon ($242.74 in chips)
Seat 4: kolaz03 ($78.76 in chips)
kolaz03: posts small blind $1
Blikon: posts big blind $3
*** HOLE CARDS ***
kolaz03: raises $3 to $6
Blikon: calls $3
*** FLOP *** [6c 3s Td]
Blikon: checks
kolaz03: bets $3
Blikon: raises $3 to $6
kolaz03: calls $3
*** TURN *** [6c 3s Td] [5c]
Blikon: bets $6
kolaz03: calls $6
*** RIVER *** [6c 3s Td 5c] [Jd]
Blikon: checks
kolaz03: checks
*** SHOW DOWN ***
Blikon: shows [9c 4c] (high card Jack)
kolaz03: shows [7h 5s] (a pair of Fives)
kolaz03 collected $35.50 from pot
*** SUMMARY ***
Total pot $36 | Rake $0.50
Board [6c 3s Td 5c Jd]
Seat 3: Blikon (big blind) showed [9c 4c] and lost with high card Jack
Seat 4: kolaz03 (button) (small blind) showed [7h 5s] and won ($35.50) with a pair of Fives


PokerStars Hand #162731933182:  Hold'em Limit ($3/$6 USD) - 2016/12/10 15:13:50 ET
Table 'Sonja II' 6-max Seat #4 is the button
Seat 3: Blikon ($223.74 in chips)
Seat 4: kolaz03 ($97.26 in chips)
kolaz03: posts small blind $1
Blikon: posts big blind $3
*** HOLE CARDS ***
kolaz03: folds
Uncalled bet ($2) returned to Blikon
Blikon collected $2 from pot
*** SUMMARY ***
Total pot $2 | Rake $0
Seat 3: Blikon (big blind) collected ($2)
Seat 4: kolaz03 (button) (small blind) folded before Flop


PokerStars Hand #162731928574:  Hold'em Limit ($3/$6 USD) - 2016/12/10 15:13:45 ET
Table 'Sonja II' 6-max Seat #3 is the button
Seat 3: Blikon ($224.74 in chips)
Seat 4: kolaz03 ($96.26 in chips)
Blikon: posts small blind $1
kolaz03: posts big blind $3
*** HOLE CARDS ***
Blikon: folds
Uncalled bet ($2) returned to kolaz03
kolaz03 collected $2 from pot
kolaz03: doesn't show hand
*** SUMMARY ***
Total pot $2 | Rake $0
Seat 3: Blikon (button) (small blind) folded before Flop
Seat 4: kolaz03 (big blind) collected ($2)


PokerStars Hand #162731938839:  Hold'em Limit ($3/$6 USD) - 2016/12/10 15:13:55 ET
Table 'Sonja II' 6-max Seat #3 is the button
Seat 3: Blikon ($224.74 in chips)
Seat 4: kolaz03 ($96.26 in chips)
Blikon: posts small blind $1
kolaz03: posts big blind $3
*** HOLE CARDS ***
Blikon: raises $3 to $6
kolaz03: calls $3
*** FLOP *** [6h 3s 9d]
kolaz03: checks
Blikon: checks
*** TURN *** [6h 3s 9d] [5d]
kolaz03: checks
Blikon: bets $6
kolaz03: calls $6
*** RIVER *** [6h 3s 9d 5d] [7s]
kolaz03: checks
Blikon: checks
*** SHOW DOWN ***
kolaz03: shows [Kc 2c] (high card King)
Blikon: shows [Td 5c] (a pair of Fives)
Blikon collected $23.52 from pot
*** SUMMARY ***
Total pot $24 | Rake $0.48
Board [6h 3s 9d 5d 7s]
Seat 3: Blikon (button) (small blind) showed [Td 5c] and won ($23.52) with a pair of Fives
Seat 4: kolaz03 (big blind) showed [Kc 2c] and lost with high card King


PokerStars Hand #162731901223:  Hold'em Limit ($3/$6 USD) - 2016/12/10 15:13:17 ET
Table 'Sonja II' 6-max Seat #3 is the button
Seat 3: Blikon ($243.74 in chips)
Seat 4: kolaz03 ($77.76 in chips)
Blikon: posts small blind $1
kolaz03: posts big blind $3
*** HOLE CARDS ***
Blikon: folds
Uncalled bet ($2) returned to kolaz03
GoliafUa leaves the table
kolaz03 collected $2 from pot
kolaz03: doesn't show hand
*** SUMMARY ***
Total pot $2 | Rake $0
Seat 3: Blikon (button) (small blind) folded before Flop
Seat 4: kolaz03 (big blind) collected ($2)


PokerStars Hand #162731962243:  Hold'em Limit ($3/$6 USD) - 2016/12/10 15:14:19 ET
Table 'Sonja II' 6-max Seat #3 is the button
Seat 3: Blikon ($244.90 in chips)
Seat 4: kolaz03 ($75.26 in chips)
Blikon: posts small blind $1
serg 1968 joins the table at seat #1
kolaz03: posts big blind $3
*** HOLE CARDS ***
Blikon: folds
Uncalled bet ($2) returned to kolaz03
kolaz03 collected $2 from pot
kolaz03: doesn't show hand
*** SUMMARY ***
Total pot $2 | Rake $0
Seat 3: Blikon (button) (small blind) folded before Flop
Seat 4: kolaz03 (big blind) collected ($2)


PokerStars Hand #162731953246:  Hold'em Limit ($3/$6 USD) - 2016/12/10 15:14:10 ET
Table 'Sonja II' 6-max Seat #4 is the button
Seat 3: Blikon ($236.26 in chips)
Seat 4: kolaz03 ($84.26 in chips)
kolaz03: posts small blind $1
Blikon: posts big blind $3
*** HOLE CARDS ***
kolaz03: raises $3 to $6
Blikon: raises $3 to $9
kolaz03: calls $3
*** FLOP *** [Ah Ks 7d]
Blikon: bets $3
kolaz03: folds
Uncalled bet ($3) returned to Blikon
Blikon collected $17.64 from pot
*** SUMMARY ***
Total pot $18 | Rake $0.36
Board [Ah Ks 7d]
Seat 3: Blikon (big blind) collected ($17.64)
Seat 4: kolaz03 (button) (small blind) folded on the Flop


PokerStars Hand #162739489938:  Hold'em Limit ($3/$6 USD) - 2016/12/10 17:30:10 ET
Table 'Sonja II' 6-max Seat #2 is the button
Seat 2: Kursor ($205.90 in chips)
Seat 3: MellivoraSto ($149.96 in chips)
Kursor: posts small blind $1
MellivoraSto: posts big blind $3
*** HOLE CARDS ***
Kursor: raises $3 to $6
MellivoraSto: raises $3 to $9
Kursor: calls $3
*** FLOP *** [5s 4d Kc]
MellivoraSto: bets $3
Kursor: calls $3
*** TURN *** [5s 4d Kc] [Ts]
MellivoraSto: bets $6
cfidds joins the table at seat #4
Kursor: folds
Uncalled bet ($6) returned to MellivoraSto
MellivoraSto collected $23.52 from pot
MellivoraSto: doesn't show hand
*** SUMMARY ***
Total pot $24 | Rake $0.48
Board [5s 4d Kc Ts]
Seat 2: Kursor (button) (small blind) folded on the Turn
Seat 3: MellivoraSto (big blind) collected ($23.52)


PokerStars Hand #162739723560:  Hold'em Limit ($3/$6 USD) - 2016/12/10 17:33:49 ET
Table 'Sonja II' 6-max Seat #4 is the button
Seat 3: MellivoraSto ($141.83 in chips)
Seat 4: cfidds ($130.74 in chips)
cfidds: posts small blind $1
tomhradil112 joins the table at seat #1
MellivoraSto: posts big blind $3
*** HOLE CARDS ***
cfidds: raises $3 to $6
MellivoraSto: calls $3
*** FLOP *** [9s 5s 3d]
MellivoraSto: checks
cfidds: checks
*** TURN *** [9s 5s 3d] [2h]
MellivoraSto: bets $6
cfidds: folds
Uncalled bet ($6) returned to MellivoraSto
MellivoraSto collected $11.76 from pot
MellivoraSto: doesn't show hand
*** SUMMARY ***
Total pot $12 | Rake $0.24
Board [9s 5s 3d 2h]
Seat 3: MellivoraSto (big blind) collected ($11.76)
Seat 4: cfidds (button) (small blind) folded on the Turn


PokerStars Hand #162739718308:  Hold'em Limit ($3/$6 USD) - 2016/12/10 17:33:44 ET
Table 'Sonja II' 6-max Seat #3 is the button
Seat 3: MellivoraSto ($142.83 in chips)
Seat 4: cfidds ($129.74 in chips)
MellivoraSto: posts small blind $1
cfidds: posts big blind $3
*** HOLE CARDS ***
MellivoraSto: folds
Uncalled bet ($2) returned to cfidds
cfidds collected $2 from pot
*** SUMMARY ***
Total pot $2 | Rake $0
Seat 3: MellivoraSto (button) (small blind) folded before Flop
Seat 4: cfidds (big blind) collected ($2)


PokerStars Hand #162739712957:  Hold'em Limit ($3/$6 USD) - 2016/12/10 17:33:39 ET
Table 'Sonja II' 6-max Seat #4 is the button
Seat 3: MellivoraSto ($141.83 in chips)
Seat 4: cfidds ($130.74 in chips)
cfidds: posts small blind $1
Kursor: is sitting out
MellivoraSto: posts big blind $3
*** HOLE CARDS ***
cfidds: folds
Uncalled bet ($2) returned to MellivoraSto
MellivoraSto collected $2 from pot
MellivoraSto: doesn't show hand
*** SUMMARY ***
Total pot $2 | Rake $0
Seat 3: MellivoraSto (big blind) collected ($2)
Seat 4: cfidds (button) (small blind) folded before Flop


PokerStars Hand #162739740810:  Hold'em Limit ($3/$6 USD) - 2016/12/10 17:34:06 ET
Table 'Sonja II' 6-max Seat #3 is the button
Seat 3: MellivoraSto ($147.59 in chips)
Seat 4: cfidds ($124.74 in chips)
MellivoraSto: posts small blind $1
cfidds: posts big blind $3
*** HOLE CARDS ***
MellivoraSto: folds
Uncalled bet ($2) returned to cfidds
cfidds collected $2 from pot
*** SUMMARY ***
Total pot $2 | Rake $0
Seat 3: MellivoraSto (button) (small blind) folded before Flop
Seat 4: cfidds (big blind) collected ($2)


