PokerStars Hand #166693155965:  Hold'em Limit ($3/$6 USD) - 2017/02/24 7:18:46 ET
Table 'Soomana' 6-max Seat #4 is the button
Seat 1: UnknDoomer ($29 in chips)
Seat 4: Agrotait ($73 in chips)
Agrotait: posts small blind $1
UnknDoomer: posts big blind $3
*** HOLE CARDS ***
AzureCaper joins the table at seat #2
Agrotait: raises $3 to $6
UnknDoomer: folds
Uncalled bet ($3) returned to Agrotait
Agrotait collected $6 from pot
Agrotait: doesn't show hand
*** SUMMARY ***
Total pot $6 | Rake $0
Seat 1: UnknDoomer (big blind) folded before Flop
Seat 4: Agrotait (button) (small blind) collected ($6)


PokerStars Hand #166693151291:  Hold'em Limit ($3/$6 USD) - 2017/02/24 7:18:36 ET
Table 'Soomana' 6-max Seat #1 is the button
Seat 1: UnknDoomer ($30 in chips)
Seat 4: Agrotait ($72 in chips)
UnknDoomer: posts small blind $1
Agrotait: posts big blind $3
*** HOLE CARDS ***
UnknDoomer: folds
Uncalled bet ($2) returned to Agrotait
Agrotait collected $2 from pot
Agrotait: doesn't show hand
*** SUMMARY ***
Total pot $2 | Rake $0
Seat 1: UnknDoomer (button) (small blind) folded before Flop
Seat 4: Agrotait (big blind) collected ($2)


PokerStars Hand #166693661876:  Hold'em Limit ($3/$6 USD) - 2017/02/24 7:35:11 ET
Table 'Soomana' 6-max Seat #2 is the button
Seat 1: UnknDoomer ($32.57 in chips)
Seat 2: AzureCaper ($94.37 in chips)
AzureCaper: posts small blind $1
RockKillerTY: is sitting out
grabaz: is sitting out
UnknDoomer: posts big blind $3
*** HOLE CARDS ***
AzureCaper: raises $3 to $6
grabaz leaves the table
UnknDoomer: folds
Uncalled bet ($3) returned to AzureCaper
AzureCaper collected $6 from pot
AzureCaper: doesn't show hand
*** SUMMARY ***
Total pot $6 | Rake $0
Seat 1: UnknDoomer (big blind) folded before Flop
Seat 2: AzureCaper (button) (small blind) collected ($6)


PokerStars Hand #166693667816:  Hold'em Limit ($3/$6 USD) - 2017/02/24 7:35:22 ET
Table 'Soomana' 6-max Seat #1 is the button
Seat 1: UnknDoomer ($29.57 in chips)
Seat 2: AzureCaper ($97.37 in chips)
UnknDoomer: posts small blind $1
AzureCaper: posts big blind $3
*** HOLE CARDS ***
UnknDoomer: calls $2
AzureCaper: checks
*** FLOP *** [7s 5d 9c]
AzureCaper: checks
UnknDoomer: checks
*** TURN *** [7s 5d 9c] [3h]
AzureCaper: bets $6
UnknDoomer: folds
Uncalled bet ($6) returned to AzureCaper
AzureCaper collected $5.88 from pot
AzureCaper: doesn't show hand
*** SUMMARY ***
Total pot $6 | Rake $0.12
Board [7s 5d 9c 3h]
Seat 1: UnknDoomer (button) (small blind) folded on the Turn
Seat 2: AzureCaper (big blind) collected ($5.88)


PokerStars Hand #166693676609:  Hold'em Limit ($3/$6 USD) - 2017/02/24 7:35:39 ET
Table 'Soomana' 6-max Seat #2 is the button
Seat 1: UnknDoomer ($26.57 in chips)
Seat 2: AzureCaper ($100.25 in chips)
AzureCaper: posts small blind $1
UnknDoomer: posts big blind $3
*** HOLE CARDS ***
AzureCaper: raises $3 to $6
RockKillerTY leaves the table
UnknDoomer: calls $3
*** FLOP *** [8d 5d 3c]
UnknDoomer: checks
AzureCaper: bets $3
B_loJkl joins the table at seat #3
UnknDoomer: calls $3
*** TURN *** [8d 5d 3c] [Js]
UnknDoomer: checks
AzureCaper: checks
*** RIVER *** [8d 5d 3c Js] [Jh]
UnknDoomer: bets $6
AzureCaper: folds
Uncalled bet ($6) returned to UnknDoomer
UnknDoomer collected $17.64 from pot
UnknDoomer: doesn't show hand
*** SUMMARY ***
Total pot $18 | Rake $0.36
Board [8d 5d 3c Js Jh]
Seat 1: UnknDoomer (big blind) collected ($17.64)
Seat 2: AzureCaper (button) (small blind) folded on the River


PokerStars Hand #166693690925:  Hold'em Limit ($3/$6 USD) - 2017/02/24 7:36:06 ET
Table 'Soomana' 6-max Seat #1 is the button
Seat 1: UnknDoomer ($35.21 in chips)
Seat 2: AzureCaper ($91.25 in chips)
UnknDoomer: posts small blind $1
AzureCaper: posts big blind $3
*** HOLE CARDS ***
UnknDoomer: calls $2
AzureCaper: checks
*** FLOP *** [3c 2h Kd]
AzureCaper: bets $3
UnknDoomer: folds
Uncalled bet ($3) returned to AzureCaper
AzureCaper collected $5.88 from pot
AzureCaper: doesn't show hand
*** SUMMARY ***
Total pot $6 | Rake $0.12
Board [3c 2h Kd]
Seat 1: UnknDoomer (button) (small blind) folded on the Flop
Seat 2: AzureCaper (big blind) collected ($5.88)


PokerStars Hand #166693972052:  Hold'em Limit ($3/$6 USD) - 2017/02/24 7:44:58 ET
Table 'Soomana' 6-max Seat #1 is the button
Seat 1: ThatLostBoy ($120 in chips)
Seat 5: TinaTurner72 ($138.63 in chips)
ThatLostBoy: posts small blind $1
RockKillerTY leaves the table
TinaTurner72: posts big blind $3
*** HOLE CARDS ***
ThatLostBoy: folds
Uncalled bet ($2) returned to TinaTurner72
TinaTurner72 collected $2 from pot
TinaTurner72: doesn't show hand
*** SUMMARY ***
Total pot $2 | Rake $0
Seat 1: ThatLostBoy (button) (small blind) folded before Flop
Seat 5: TinaTurner72 (big blind) collected ($2)


PokerStars Hand #166693975539:  Hold'em Limit ($3/$6 USD) - 2017/02/24 7:45:04 ET
Table 'Soomana' 6-max Seat #5 is the button
Seat 1: ThatLostBoy ($119 in chips)
Seat 5: TinaTurner72 ($139.63 in chips)
TinaTurner72: posts small blind $1
ThatLostBoy: posts big blind $3
*** HOLE CARDS ***
B_loJkl leaves the table
B_loJkl joins the table at seat #2
TinaTurner72: raises $3 to $6
ThatLostBoy: raises $3 to $9
TinaTurner72: calls $3
*** FLOP *** [Kh Td Ac]
ThatLostBoy: bets $3
TinaTurner72: calls $3
*** TURN *** [Kh Td Ac] [8d]
ThatLostBoy: bets $6
TinaTurner72: calls $6
*** RIVER *** [Kh Td Ac 8d] [3h]
tttzzz joins the table at seat #3
ThatLostBoy: bets $6
TinaTurner72: raises $6 to $12
saldanhacida joins the table at seat #6
ThatLostBoy: raises $6 to $18
TinaTurner72: raises $6 to $24
Betting is capped
ThatLostBoy: calls $6
*** SHOW DOWN ***
TinaTurner72: shows [8h 8s] (three of a kind, Eights)
ThatLostBoy: mucks hand
TinaTurner72 collected $83.50 from pot
*** SUMMARY ***
Total pot $84 | Rake $0.50
Board [Kh Td Ac 8d 3h]
Seat 1: ThatLostBoy (big blind) mucked
Seat 5: TinaTurner72 (button) (small blind) showed [8h 8s] and won ($83.50) with three of a kind, Eights


PokerStars Hand #166695752141:  Hold'em Limit ($3/$6 USD) - 2017/02/24 8:38:59 ET
Table 'Soomana' 6-max Seat #1 is the button
Seat 1: tttzzz ($135.57 in chips)
Seat 2: B_loJkl ($159.89 in chips)
tttzzz: posts small blind $1
B_loJkl: posts big blind $3
*** HOLE CARDS ***
tttzzz: folds
Uncalled bet ($2) returned to B_loJkl
B_loJkl collected $2 from pot
B_loJkl: doesn't show hand
*** SUMMARY ***
Total pot $2 | Rake $0
Seat 1: tttzzz (button) (small blind) folded before Flop
Seat 2: B_loJkl (big blind) collected ($2)


PokerStars Hand #166695718502:  Hold'em Limit ($3/$6 USD) - 2017/02/24 8:38:01 ET
Table 'Soomana' 6-max Seat #2 is the button
Seat 1: tttzzz ($103.07 in chips)
Seat 2: B_loJkl ($192.89 in chips)
B_loJkl: posts small blind $1
TinaTurner72: is sitting out
tttzzz: posts big blind $3
*** HOLE CARDS ***
B_loJkl: raises $3 to $6
TinaTurner72 leaves the table
tttzzz: calls $3
*** FLOP *** [Qc 6s 3c]
tttzzz: checks
B_loJkl: bets $3
tttzzz: calls $3
*** TURN *** [Qc 6s 3c] [7d]
tttzzz: checks
B_loJkl: bets $6
tttzzz: raises $6 to $12
canoestar26 joins the table at seat #5
B_loJkl: raises $6 to $18
tttzzz: calls $6
*** RIVER *** [Qc 6s 3c 7d] [Ah]
tttzzz: checks
B_loJkl: bets $6
tttzzz: raises $6 to $12
B_loJkl: folds
Uncalled bet ($6) returned to tttzzz
tttzzz collected $65.50 from pot
tttzzz: doesn't show hand
*** SUMMARY ***
Total pot $66 | Rake $0.50
Board [Qc 6s 3c 7d Ah]
Seat 1: tttzzz (big blind) collected ($65.50)
Seat 2: B_loJkl (button) (small blind) folded on the River


PokerStars Hand #166695759850:  Hold'em Limit ($3/$6 USD) - 2017/02/24 8:39:12 ET
Table 'Soomana' 6-max Seat #5 is the button
Seat 2: B_loJkl ($159.89 in chips)
Seat 5: canoestar26 ($33 in chips)
canoestar26: posts small blind $1
Widegermany was removed from the table for failing to post
tttzzz: is sitting out
B_loJkl: posts big blind $3
*** HOLE CARDS ***
canoestar26: raises $3 to $6
tttzzz leaves the table
B_loJkl: folds
Uncalled bet ($3) returned to canoestar26
canoestar26 collected $6 from pot
canoestar26: doesn't show hand
*** SUMMARY ***
Total pot $6 | Rake $0
Seat 2: B_loJkl (big blind) folded before Flop
Seat 5: canoestar26 (button) (small blind) collected ($6)


