PokerStars Hand #170065663864:  Hold'em Limit ($3/$6 USD) - 2017/05/07 2:27:23 ET
Table 'Soomana' 6-max Seat #5 is the button
Seat 1: VolkovDmitri ($147.36 in chips)
Seat 5: play4uron ($128.64 in chips)
play4uron: posts small blind $1
VolkovDmitri: posts big blind $3
*** HOLE CARDS ***
TbIP-TbIP 88 leaves the table
play4uron: raises $3 to $6
VolkovDmitri: calls $3
*** FLOP *** [Ts Qh Qd]
VolkovDmitri: checks
play4uron: bets $3
VolkovDmitri: folds
Uncalled bet ($3) returned to play4uron
play4uron collected $11.76 from pot
play4uron: doesn't show hand
*** SUMMARY ***
Total pot $12 | Rake $0.24
Board [Ts Qh Qd]
Seat 1: VolkovDmitri (big blind) folded on the Flop
Seat 5: play4uron (button) (small blind) collected ($11.76)


PokerStars Hand #170065656451:  Hold'em Limit ($3/$6 USD) - 2017/05/07 2:26:56 ET
Table 'Soomana' 6-max Seat #1 is the button
Seat 1: VolkovDmitri ($156.36 in chips)
Seat 5: play4uron ($120 in chips)
VolkovDmitri: posts small blind $1
play4uron: posts big blind $3
*** HOLE CARDS ***
VolkovDmitri: raises $3 to $6
play4uron: calls $3
*** FLOP *** [3s Jd Qc]
play4uron: checks
VolkovDmitri: bets $3
play4uron: calls $3
*** TURN *** [3s Jd Qc] [9c]
play4uron: bets $6
VolkovDmitri: folds
Uncalled bet ($6) returned to play4uron
play4uron collected $17.64 from pot
play4uron: doesn't show hand
*** SUMMARY ***
Total pot $18 | Rake $0.36
Board [3s Jd Qc 9c]
Seat 1: VolkovDmitri (button) (small blind) folded on the Turn
Seat 5: play4uron (big blind) collected ($17.64)


