PokerStars Hand #146102175646:  Hold'em Limit ($3/$6 USD) - 2015/12/29 5:04:46 ET
Table 'Sootiyo' 6-max Seat #1 is the button
Seat 1: VolkovDmitri ($120 in chips)
Seat 3: _fayzulllo_ ($72 in chips)
VolkovDmitri: posts small blind $1
_fayzulllo_: posts big blind $3
*** HOLE CARDS ***
VolkovDmitri: raises $3 to $6
_fayzulllo_: calls $3
*** FLOP *** [7d 4h Qd]
_fayzulllo_: checks
VolkovDmitri: bets $3
_fayzulllo_: calls $3
*** TURN *** [7d 4h Qd] [8c]
_fayzulllo_: checks
VolkovDmitri: bets $6
_fayzulllo_: calls $6
*** RIVER *** [7d 4h Qd 8c] [8d]
_fayzulllo_: checks
VolkovDmitri: bets $6
_fayzulllo_: calls $6
*** SHOW DOWN ***
VolkovDmitri: shows [9c 8s] (three of a kind, Eights)
_fayzulllo_: mucks hand
VolkovDmitri collected $41.50 from pot
*** SUMMARY ***
Total pot $42 | Rake $0.50
Board [7d 4h Qd 8c 8d]
Seat 1: VolkovDmitri (button) (small blind) showed [9c 8s] and won ($41.50) with three of a kind, Eights
Seat 3: _fayzulllo_ (big blind) mucked


PokerStars Hand #146102188893:  Hold'em Limit ($3/$6 USD) - 2015/12/29 5:05:17 ET
Table 'Sootiyo' 6-max Seat #3 is the button
Seat 1: VolkovDmitri ($140.50 in chips)
Seat 3: _fayzulllo_ ($51 in chips)
_fayzulllo_: posts small blind $1
VolkovDmitri: posts big blind $3
*** HOLE CARDS ***
_fayzulllo_: raises $3 to $6
VolkovDmitri: calls $3
*** FLOP *** [Tc 2s 6d]
VolkovDmitri: checks
_fayzulllo_: bets $3
VolkovDmitri: calls $3
*** TURN *** [Tc 2s 6d] [Ad]
VolkovDmitri: checks
_fayzulllo_: checks
*** RIVER *** [Tc 2s 6d Ad] [3c]
VolkovDmitri: checks
_fayzulllo_: bets $6
VolkovDmitri: calls $6
*** SHOW DOWN ***
_fayzulllo_: shows [5h 5s] (a pair of Fives)
VolkovDmitri: mucks hand
_fayzulllo_ collected $29.50 from pot
*** SUMMARY ***
Total pot $30 | Rake $0.50
Board [Tc 2s 6d Ad 3c]
Seat 1: VolkovDmitri (big blind) mucked
Seat 3: _fayzulllo_ (button) (small blind) showed [5h 5s] and won ($29.50) with a pair of Fives


PokerStars Hand #146102211234:  Hold'em Limit ($3/$6 USD) - 2015/12/29 5:06:08 ET
Table 'Sootiyo' 6-max Seat #1 is the button
Seat 1: VolkovDmitri ($125.50 in chips)
Seat 3: _fayzulllo_ ($65.50 in chips)
VolkovDmitri: posts small blind $1
_fayzulllo_: posts big blind $3
*** HOLE CARDS ***
VolkovDmitri: raises $3 to $6
_fayzulllo_: calls $3
*** FLOP *** [Jd 5c 3s]
Chromy84 joins the table at seat #4
_fayzulllo_: checks
VolkovDmitri: bets $3
scorpio04 joins the table at seat #5
_fayzulllo_: calls $3
*** TURN *** [Jd 5c 3s] [6s]
_fayzulllo_: checks
VolkovDmitri: checks
*** RIVER *** [Jd 5c 3s 6s] [8s]
_fayzulllo_: bets $6
VolkovDmitri: calls $6
*** SHOW DOWN ***
_fayzulllo_: shows [9h Kc] (high card King)
VolkovDmitri: shows [As 8d] (a pair of Eights)
VolkovDmitri collected $29.50 from pot
*** SUMMARY ***
Total pot $30 | Rake $0.50
Board [Jd 5c 3s 6s 8s]
Seat 1: VolkovDmitri (button) (small blind) showed [As 8d] and won ($29.50) with a pair of Eights
Seat 3: _fayzulllo_ (big blind) showed [9h Kc] and lost with high card King


PokerStars Hand #146102809021:  Hold'em Limit ($3/$6 USD) - 2015/12/29 5:28:36 ET
Table 'Sootiyo' 6-max Seat #5 is the button
Seat 5: scorpio04 ($74.75 in chips)
Seat 6: krytalex ($185.58 in chips)
scorpio04: posts small blind $1
krytalex: posts big blind $3
*** HOLE CARDS ***
scorpio04: folds
Uncalled bet ($2) returned to krytalex
krytalex collected $2 from pot
*** SUMMARY ***
Total pot $2 | Rake $0
Seat 5: scorpio04 (button) (small blind) folded before Flop
Seat 6: krytalex (big blind) collected ($2)


PokerStars Hand #146102783839:  Hold'em Limit ($3/$6 USD) - 2015/12/29 5:27:41 ET
Table 'Sootiyo' 6-max Seat #6 is the button
Seat 5: scorpio04 ($75 in chips)
Seat 6: krytalex ($185.83 in chips)
krytalex: posts small blind $1
HAL9QQQ: is sitting out
Chromy84: is sitting out
scorpio04: posts big blind $3
*** HOLE CARDS ***
krytalex: raises $3 to $6
scorpio04: calls $3
*** FLOP *** [Ah 9d Ad]
Chromy84 leaves the table
scorpio04: checks
krytalex: bets $3
HAL9QQQ leaves the table
scorpio04: calls $3
*** TURN *** [Ah 9d Ad] [9s]
scorpio04: checks
krytalex: checks
*** RIVER *** [Ah 9d Ad 9s] [5c]
scorpio04: bets $6
krytalex: calls $6
*** SHOW DOWN ***
scorpio04: shows [Ks 3h] (two pair, Aces and Nines)
krytalex: shows [Kc Td] (two pair, Aces and Nines)
scorpio04 collected $14.75 from pot
krytalex collected $14.75 from pot
*** SUMMARY ***
Total pot $30 | Rake $0.50
Board [Ah 9d Ad 9s 5c]
Seat 5: scorpio04 (big blind) showed [Ks 3h] and won ($14.75) with two pair, Aces and Nines
Seat 6: krytalex (button) (small blind) showed [Kc Td] and won ($14.75) with two pair, Aces and Nines


PokerStars Hand #146102811320:  Hold'em Limit ($3/$6 USD) - 2015/12/29 5:28:41 ET
Table 'Sootiyo' 6-max Seat #6 is the button
Seat 5: scorpio04 ($73.75 in chips)
Seat 6: krytalex ($186.58 in chips)
krytalex: posts small blind $1
scorpio04: posts big blind $3
*** HOLE CARDS ***
krytalex: folds
Uncalled bet ($2) returned to scorpio04
scorpio04 collected $2 from pot
scorpio04: doesn't show hand
*** SUMMARY ***
Total pot $2 | Rake $0
Seat 5: scorpio04 (big blind) collected ($2)
Seat 6: krytalex (button) (small blind) folded before Flop


