PokerStars Hand #161030608658:  Hold'em Limit ($3/$6 USD) - 2016/11/07 4:07:58 ET
Table 'Sootiyo' 6-max Seat #2 is the button
Seat 1: hairy1961 ($44 in chips)
Seat 2: kolaz03 ($87.50 in chips)
kolaz03: posts small blind $1
hairy1961: posts big blind $3
*** HOLE CARDS ***
kolaz03: folds
Uncalled bet ($2) returned to hairy1961
hairy1961 collected $2 from pot
hairy1961: doesn't show hand
*** SUMMARY ***
Total pot $2 | Rake $0
Seat 1: hairy1961 (big blind) collected ($2)
Seat 2: kolaz03 (button) (small blind) folded before Flop


PokerStars Hand #161030606867:  Hold'em Limit ($3/$6 USD) - 2016/11/07 4:07:52 ET
Table 'Sootiyo' 6-max Seat #1 is the button
Seat 1: hairy1961 ($45 in chips)
Seat 2: kolaz03 ($86.50 in chips)
hairy1961: posts small blind $1
kolaz03: posts big blind $3
*** HOLE CARDS ***
hairy1961: folds
Uncalled bet ($2) returned to kolaz03
kolaz03 collected $2 from pot
kolaz03: doesn't show hand
*** SUMMARY ***
Total pot $2 | Rake $0
Seat 1: hairy1961 (button) (small blind) folded before Flop
Seat 2: kolaz03 (big blind) collected ($2)


PokerStars Hand #161030587789:  Hold'em Limit ($3/$6 USD) - 2016/11/07 4:06:54 ET
Table 'Sootiyo' 6-max Seat #2 is the button
Seat 1: hairy1961 ($60 in chips)
Seat 2: kolaz03 ($72 in chips)
kolaz03: posts small blind $1
VolkovDmitri: is sitting out
hairy1961: posts big blind $3
*** HOLE CARDS ***
VolkovDmitri leaves the table
kolaz03: raises $3 to $6
hairy1961: calls $3
*** FLOP *** [Kd 4d 5d]
hairy1961: checks
kolaz03: bets $3
hairy1961: calls $3
*** TURN *** [Kd 4d 5d] [5s]
hairy1961: checks
kolaz03: checks
*** RIVER *** [Kd 4d 5d 5s] [7c]
hairy1961: bets $6
kolaz03: calls $6
*** SHOW DOWN ***
hairy1961: shows [9c Qd] (a pair of Fives)
kolaz03: shows [9h 7h] (two pair, Sevens and Fives)
kolaz03 collected $29.50 from pot
*** SUMMARY ***
Total pot $30 | Rake $0.50
Board [Kd 4d 5d 5s 7c]
Seat 1: hairy1961 (big blind) showed [9c Qd] and lost with a pair of Fives
Seat 2: kolaz03 (button) (small blind) showed [9h 7h] and won ($29.50) with two pair, Sevens and Fives


PokerStars Hand #161030612660:  Hold'em Limit ($3/$6 USD) - 2016/11/07 4:08:10 ET
Table 'Sootiyo' 6-max Seat #2 is the button
Seat 1: hairy1961 ($44 in chips)
Seat 2: kolaz03 ($87.50 in chips)
kolaz03: posts small blind $1
hairy1961: posts big blind $3
*** HOLE CARDS ***
kolaz03: folds
Uncalled bet ($2) returned to hairy1961
hairy1961 collected $2 from pot
hairy1961: doesn't show hand
*** SUMMARY ***
Total pot $2 | Rake $0
Seat 1: hairy1961 (big blind) collected ($2)
Seat 2: kolaz03 (button) (small blind) folded before Flop


PokerStars Hand #161030611013:  Hold'em Limit ($3/$6 USD) - 2016/11/07 4:08:05 ET
Table 'Sootiyo' 6-max Seat #1 is the button
Seat 1: hairy1961 ($45 in chips)
Seat 2: kolaz03 ($86.50 in chips)
hairy1961: posts small blind $1
kolaz03: posts big blind $3
*** HOLE CARDS ***
hairy1961: folds
Uncalled bet ($2) returned to kolaz03
kolaz03 collected $2 from pot
kolaz03: doesn't show hand
*** SUMMARY ***
Total pot $2 | Rake $0
Seat 1: hairy1961 (button) (small blind) folded before Flop
Seat 2: kolaz03 (big blind) collected ($2)


PokerStars Hand #161030614559:  Hold'em Limit ($3/$6 USD) - 2016/11/07 4:08:15 ET
Table 'Sootiyo' 6-max Seat #1 is the button
Seat 1: hairy1961 ($45 in chips)
Seat 2: kolaz03 ($86.50 in chips)
hairy1961: posts small blind $1
kolaz03: posts big blind $3
*** HOLE CARDS ***
hairy1961: folds
Uncalled bet ($2) returned to kolaz03
kolaz03 collected $2 from pot
kolaz03: doesn't show hand
*** SUMMARY ***
Total pot $2 | Rake $0
Seat 1: hairy1961 (button) (small blind) folded before Flop
Seat 2: kolaz03 (big blind) collected ($2)


PokerStars Hand #161030616283:  Hold'em Limit ($3/$6 USD) - 2016/11/07 4:08:21 ET
Table 'Sootiyo' 6-max Seat #2 is the button
Seat 1: hairy1961 ($44 in chips)
Seat 2: kolaz03 ($87.50 in chips)
kolaz03: posts small blind $1
hairy1961: posts big blind $3
*** HOLE CARDS ***
kolaz03: raises $3 to $6
hairy1961: raises $3 to $9
kolaz03: calls $3
*** FLOP *** [Kh 4h 3d]
hairy1961: bets $3
kolaz03: folds
Uncalled bet ($3) returned to hairy1961
hairy1961 collected $17.64 from pot
hairy1961: doesn't show hand
*** SUMMARY ***
Total pot $18 | Rake $0.36
Board [Kh 4h 3d]
Seat 1: hairy1961 (big blind) collected ($17.64)
Seat 2: kolaz03 (button) (small blind) folded on the Flop


PokerStars Hand #161030622422:  Hold'em Limit ($3/$6 USD) - 2016/11/07 4:08:39 ET
Table 'Sootiyo' 6-max Seat #1 is the button
Seat 1: hairy1961 ($52.64 in chips)
Seat 2: kolaz03 ($78.50 in chips)
hairy1961: posts small blind $1
kolaz03: posts big blind $3
*** HOLE CARDS ***
hairy1961: raises $3 to $6
kolaz03: calls $3
*** FLOP *** [6c 4d Ks]
kolaz03: checks
hairy1961: bets $3
kolaz03: calls $3
*** TURN *** [6c 4d Ks] [Td]
kolaz03: checks
hairy1961: bets $6
kolaz03: calls $6
*** RIVER *** [6c 4d Ks Td] [3d]
kolaz03: checks
hairy1961: bets $6
kolaz03: calls $6
*** SHOW DOWN ***
hairy1961: shows [Ad Tc] (a pair of Tens)
kolaz03: mucks hand
hairy1961 collected $41.50 from pot
*** SUMMARY ***
Total pot $42 | Rake $0.50
Board [6c 4d Ks Td 3d]
Seat 1: hairy1961 (button) (small blind) showed [Ad Tc] and won ($41.50) with a pair of Tens
Seat 2: kolaz03 (big blind) mucked


PokerStars Hand #161030644606:  Hold'em Limit ($3/$6 USD) - 2016/11/07 4:09:46 ET
Table 'Sootiyo' 6-max Seat #1 is the button
Seat 1: hairy1961 ($67.14 in chips)
Seat 2: kolaz03 ($78.76 in chips)
hairy1961: posts small blind $1
kolaz03: posts big blind $3
*** HOLE CARDS ***
hairy1961: folds
Uncalled bet ($2) returned to kolaz03
kolaz03 collected $2 from pot
kolaz03: doesn't show hand
*** SUMMARY ***
Total pot $2 | Rake $0
Seat 1: hairy1961 (button) (small blind) folded before Flop
Seat 2: kolaz03 (big blind) collected ($2)


PokerStars Hand #161030635546:  Hold'em Limit ($3/$6 USD) - 2016/11/07 4:09:19 ET
Table 'Sootiyo' 6-max Seat #1 is the button
Seat 1: hairy1961 ($74.14 in chips)
Seat 2: kolaz03 ($72 in chips)
hairy1961: posts small blind $1
kolaz03: posts big blind $3
*** HOLE CARDS ***
hairy1961: folds
Uncalled bet ($2) returned to kolaz03
kolaz03 collected $2 from pot
kolaz03: doesn't show hand
*** SUMMARY ***
Total pot $2 | Rake $0
Seat 1: hairy1961 (button) (small blind) folded before Flop
Seat 2: kolaz03 (big blind) collected ($2)


PokerStars Hand #161030637307:  Hold'em Limit ($3/$6 USD) - 2016/11/07 4:09:24 ET
Table 'Sootiyo' 6-max Seat #2 is the button
Seat 1: hairy1961 ($73.14 in chips)
Seat 2: kolaz03 ($73 in chips)
kolaz03: posts small blind $1
hairy1961: posts big blind $3
*** HOLE CARDS ***
kolaz03: raises $3 to $6
hairy1961: calls $3
*** FLOP *** [4d 2s Qc]
hairy1961: checks
kolaz03: bets $3
hairy1961: folds
Uncalled bet ($3) returned to kolaz03
kolaz03 collected $11.76 from pot
kolaz03: doesn't show hand
*** SUMMARY ***
Total pot $12 | Rake $0.24
Board [4d 2s Qc]
Seat 1: hairy1961 (big blind) folded on the Flop
Seat 2: kolaz03 (button) (small blind) collected ($11.76)


PokerStars Hand #161030631434:  Hold'em Limit ($3/$6 USD) - 2016/11/07 4:09:07 ET
Table 'Sootiyo' 6-max Seat #2 is the button
Seat 1: hairy1961 ($73.14 in chips)
Seat 2: kolaz03 ($72 in chips)
kolaz03: posts small blind $1
hairy1961: posts big blind $3
*** HOLE CARDS ***
kolaz03: folds
Uncalled bet ($2) returned to hairy1961
hairy1961 collected $2 from pot
hairy1961: doesn't show hand
*** SUMMARY ***
Total pot $2 | Rake $0
Seat 1: hairy1961 (big blind) collected ($2)
Seat 2: kolaz03 (button) (small blind) folded before Flop


