PokerStars Hand #171606643466:  Hold'em Limit ($3/$6 USD) - 2017/06/10 16:28:00 ET
Table 'Sophia' 10-max Seat #10 is the button
Seat 9: krytalex ($120 in chips)
Seat 10: Auge72 ($84 in chips)
Auge72: posts small blind $1
krytalex: posts big blind $3
*** HOLE CARDS ***
Auge72: folds
Uncalled bet ($2) returned to krytalex
krytalex collected $2 from pot
*** SUMMARY ***
Total pot $2 | Rake $0
Seat 9: krytalex (big blind) collected ($2)
Seat 10: Auge72 (button) (small blind) folded before Flop


PokerStars Hand #171606648208:  Hold'em Limit ($3/$6 USD) - 2017/06/10 16:28:06 ET
Table 'Sophia' 10-max Seat #9 is the button
Seat 9: krytalex ($121 in chips)
Seat 10: Auge72 ($83 in chips)
krytalex: posts small blind $1
Auge72: posts big blind $3
*** HOLE CARDS ***
krytalex: raises $3 to $6
Auge72: calls $3
*** FLOP *** [2h Ts Kd]
Auge72: checks
krytalex: bets $3
Auge72: folds
Uncalled bet ($3) returned to krytalex
krytalex collected $11.76 from pot
*** SUMMARY ***
Total pot $12 | Rake $0.24
Board [2h Ts Kd]
Seat 9: krytalex (button) (small blind) collected ($11.76)
Seat 10: Auge72 (big blind) folded on the Flop


PokerStars Hand #171606671723:  Hold'em Limit ($3/$6 USD) - 2017/06/10 16:28:38 ET
Table 'Sophia' 10-max Seat #10 is the button
Seat 9: krytalex ($126.76 in chips)
Seat 10: Auge72 ($77 in chips)
Auge72: posts small blind $1
krytalex: posts big blind $3
*** HOLE CARDS ***
Auge72: raises $3 to $6
krytalex: calls $3
*** FLOP *** [5s 9s Ts]
krytalex: checks
Auge72: bets $3
krytalex: folds
Uncalled bet ($3) returned to Auge72
Auge72 collected $11.76 from pot
*** SUMMARY ***
Total pot $12 | Rake $0.24
Board [5s 9s Ts]
Seat 9: krytalex (big blind) folded on the Flop
Seat 10: Auge72 (button) (small blind) collected ($11.76)


PokerStars Hand #171606698139:  Hold'em Limit ($3/$6 USD) - 2017/06/10 16:29:14 ET
Table 'Sophia' 10-max Seat #9 is the button
Seat 9: krytalex ($120.76 in chips)
Seat 10: Auge72 ($82.76 in chips)
krytalex: posts small blind $1
Auge72: posts big blind $3
*** HOLE CARDS ***
krytalex: raises $3 to $6
Auge72: calls $3
*** FLOP *** [4h 6s 2c]
Auge72: bets $3
krytalex: calls $3
*** TURN *** [4h 6s 2c] [9c]
Auge72: bets $6
krytalex: raises $6 to $12
Auge72: calls $6
*** RIVER *** [4h 6s 2c 9c] [4c]
Auge72: checks
krytalex: bets $6
Auge72: calls $6
*** SHOW DOWN ***
krytalex: shows [2s 2h] (a full house, Deuces full of Fours)
Auge72: mucks hand
krytalex collected $53.50 from pot
*** SUMMARY ***
Total pot $54 | Rake $0.50
Board [4h 6s 2c 9c 4c]
Seat 9: krytalex (button) (small blind) showed [2s 2h] and won ($53.50) with a full house, Deuces full of Fours
Seat 10: Auge72 (big blind) mucked


PokerStars Hand #171606717201:  Hold'em Limit ($3/$6 USD) - 2017/06/10 16:29:40 ET
Table 'Sophia' 10-max Seat #10 is the button
Seat 9: krytalex ($147.26 in chips)
Seat 10: Auge72 ($55.76 in chips)
Auge72: posts small blind $1
krytalex: posts big blind $3
*** HOLE CARDS ***
Auge72: raises $3 to $6
krytalex: calls $3
*** FLOP *** [Qc 5d 8c]
krytalex: checks
Auge72: checks
*** TURN *** [Qc 5d 8c] [3d]
krytalex: checks
Auge72: checks
*** RIVER *** [Qc 5d 8c 3d] [8h]
krytalex: checks
Auge72: checks
*** SHOW DOWN ***
krytalex: shows [Ah 3s] (two pair, Eights and Threes)
Auge72: mucks hand
krytalex collected $11.76 from pot
*** SUMMARY ***
Total pot $12 | Rake $0.24
Board [Qc 5d 8c 3d 8h]
Seat 9: krytalex (big blind) showed [Ah 3s] and won ($11.76) with two pair, Eights and Threes
Seat 10: Auge72 (button) (small blind) mucked


PokerStars Hand #171606802549:  Hold'em Limit ($3/$6 USD) - 2017/06/10 16:31:35 ET
Table 'Sophia' 10-max Seat #10 is the button
Seat 9: krytalex ($176.52 in chips)
Seat 10: Auge72 ($25.76 in chips)
Auge72: posts small blind $1
krytalex: posts big blind $3
*** HOLE CARDS ***
Auge72: folds
Uncalled bet ($2) returned to krytalex
krytalex collected $2 from pot
*** SUMMARY ***
Total pot $2 | Rake $0
Seat 9: krytalex (big blind) collected ($2)
Seat 10: Auge72 (button) (small blind) folded before Flop


PokerStars Hand #171606754729:  Hold'em Limit ($3/$6 USD) - 2017/06/10 16:30:30 ET
Table 'Sophia' 10-max Seat #9 is the button
Seat 9: krytalex ($153.02 in chips)
Seat 10: Auge72 ($49.76 in chips)
krytalex: posts small blind $1
Auge72: posts big blind $3
*** HOLE CARDS ***
krytalex: raises $3 to $6
Auge72: folds
Uncalled bet ($3) returned to krytalex
krytalex collected $6 from pot
*** SUMMARY ***
Total pot $6 | Rake $0
Seat 9: krytalex (button) (small blind) collected ($6)
Seat 10: Auge72 (big blind) folded before Flop


PokerStars Hand #171606767192:  Hold'em Limit ($3/$6 USD) - 2017/06/10 16:30:47 ET
Table 'Sophia' 10-max Seat #10 is the button
Seat 9: krytalex ($156.02 in chips)
Seat 10: Auge72 ($46.76 in chips)
Auge72: posts small blind $1
krytalex: posts big blind $3
*** HOLE CARDS ***
Auge72: raises $3 to $6
krytalex: folds
Uncalled bet ($3) returned to Auge72
Auge72 collected $6 from pot
*** SUMMARY ***
Total pot $6 | Rake $0
Seat 9: krytalex (big blind) folded before Flop
Seat 10: Auge72 (button) (small blind) collected ($6)


PokerStars Hand #171606777560:  Hold'em Limit ($3/$6 USD) - 2017/06/10 16:31:01 ET
Table 'Sophia' 10-max Seat #9 is the button
Seat 9: krytalex ($153.02 in chips)
Seat 10: Auge72 ($49.76 in chips)
krytalex: posts small blind $1
Auge72: posts big blind $3
*** HOLE CARDS ***
krytalex: raises $3 to $6
Auge72: raises $3 to $9
krytalex: calls $3
*** FLOP *** [6s Td Ah]
Auge72: bets $3
krytalex: calls $3
*** TURN *** [6s Td Ah] [7c]
Auge72: bets $6
krytalex: raises $6 to $12
Auge72: calls $6
*** RIVER *** [6s Td Ah 7c] [7d]
Auge72: checks
krytalex: bets $6
Auge72: folds
Uncalled bet ($6) returned to krytalex
krytalex collected $47.50 from pot
*** SUMMARY ***
Total pot $48 | Rake $0.50
Board [6s Td Ah 7c 7d]
Seat 9: krytalex (button) (small blind) collected ($47.50)
Seat 10: Auge72 (big blind) folded on the River


PokerStars Hand #171606812561:  Hold'em Limit ($3/$6 USD) - 2017/06/10 16:31:49 ET
Table 'Sophia' 10-max Seat #10 is the button
Seat 9: krytalex ($176.52 in chips)
Seat 10: Auge72 ($25.76 in chips)
Auge72: posts small blind $1
krytalex: posts big blind $3
*** HOLE CARDS ***
Auge72: folds
Uncalled bet ($2) returned to krytalex
krytalex collected $2 from pot
*** SUMMARY ***
Total pot $2 | Rake $0
Seat 9: krytalex (big blind) collected ($2)
Seat 10: Auge72 (button) (small blind) folded before Flop


PokerStars Hand #171606805921:  Hold'em Limit ($3/$6 USD) - 2017/06/10 16:31:40 ET
Table 'Sophia' 10-max Seat #9 is the button
Seat 9: krytalex ($177.52 in chips)
Seat 10: Auge72 ($24.76 in chips)
krytalex: posts small blind $1
Auge72: posts big blind $3
*** HOLE CARDS ***
krytalex: folds
Uncalled bet ($2) returned to Auge72
Auge72 collected $2 from pot
*** SUMMARY ***
Total pot $2 | Rake $0
Seat 9: krytalex (button) (small blind) folded before Flop
Seat 10: Auge72 (big blind) collected ($2)


PokerStars Hand #171606815839:  Hold'em Limit ($3/$6 USD) - 2017/06/10 16:31:53 ET
Table 'Sophia' 10-max Seat #9 is the button
Seat 9: krytalex ($177.52 in chips)
Seat 10: Auge72 ($24.76 in chips)
krytalex: posts small blind $1
Auge72: posts big blind $3
*** HOLE CARDS ***
krytalex: raises $3 to $6
Auge72: calls $3
*** FLOP *** [4s Tc 5d]
Auge72: checks
krytalex: bets $3
Auge72: calls $3
*** TURN *** [4s Tc 5d] [9c]
Auge72: checks
krytalex: checks
*** RIVER *** [4s Tc 5d 9c] [6s]
Auge72: bets $6
krytalex: raises $6 to $12
Auge72: folds
Uncalled bet ($6) returned to krytalex
krytalex collected $29.50 from pot
*** SUMMARY ***
Total pot $30 | Rake $0.50
Board [4s Tc 5d 9c 6s]
Seat 9: krytalex (button) (small blind) collected ($29.50)
Seat 10: Auge72 (big blind) folded on the River


PokerStars Hand #171606832632:  Hold'em Limit ($3/$6 USD) - 2017/06/10 16:32:16 ET
Table 'Sophia' 10-max Seat #10 is the button
Seat 9: krytalex ($192.02 in chips)
Seat 10: Auge72 ($9.76 in chips)
Auge72: posts small blind $1
krytalex: posts big blind $3
*** HOLE CARDS ***
Auge72: raises $3 to $6
krytalex: calls $3
*** FLOP *** [8h 2h 8d]
krytalex: checks
Auge72: bets $3
krytalex: calls $3
*** TURN *** [8h 2h 8d] [8s]
krytalex: checks
Auge72: bets $0.76 and is all-in
krytalex: calls $0.76
*** RIVER *** [8h 2h 8d 8s] [Th]
*** SHOW DOWN ***
krytalex: shows [6s Qd] (three of a kind, Eights)
Auge72: shows [Ac Ad] (a full house, Eights full of Aces)
Auge72 collected $19.13 from pot
*** SUMMARY ***
Total pot $19.52 | Rake $0.39
Board [8h 2h 8d 8s Th]
Seat 9: krytalex (big blind) showed [6s Qd] and lost with three of a kind, Eights
Seat 10: Auge72 (button) (small blind) showed [Ac Ad] and won ($19.13) with a full house, Eights full of Aces


PokerStars Hand #171606846452:  Hold'em Limit ($3/$6 USD) - 2017/06/10 16:32:35 ET
Table 'Sophia' 10-max Seat #9 is the button
Seat 9: krytalex ($182.26 in chips)
Seat 10: Auge72 ($19.13 in chips)
krytalex: posts small blind $1
Auge72: posts big blind $3
*** HOLE CARDS ***
krytalex: folds
Uncalled bet ($2) returned to Auge72
Auge72 collected $2 from pot
Auge72: doesn't show hand
*** SUMMARY ***
Total pot $2 | Rake $0
Seat 9: krytalex (button) (small blind) folded before Flop
Seat 10: Auge72 (big blind) collected ($2)


PokerStars Hand #171606852596:  Hold'em Limit ($3/$6 USD) - 2017/06/10 16:32:43 ET
Table 'Sophia' 10-max Seat #10 is the button
Seat 9: krytalex ($181.26 in chips)
Seat 10: Auge72 ($20.13 in chips)
Auge72: posts small blind $1
krytalex: posts big blind $3
*** HOLE CARDS ***
Auge72: folds
Uncalled bet ($2) returned to krytalex
krytalex collected $2 from pot
*** SUMMARY ***
Total pot $2 | Rake $0
Seat 9: krytalex (big blind) collected ($2)
Seat 10: Auge72 (button) (small blind) folded before Flop


PokerStars Hand #171606870569:  Hold'em Limit ($3/$6 USD) - 2017/06/10 16:33:07 ET
Table 'Sophia' 10-max Seat #10 is the button
Seat 9: krytalex ($181.26 in chips)
Seat 10: Auge72 ($20.13 in chips)
Auge72: posts small blind $1
krytalex: posts big blind $3
*** HOLE CARDS ***
Auge72: raises $3 to $6
krytalex: folds
Uncalled bet ($3) returned to Auge72
Auge72 collected $6 from pot
Auge72: doesn't show hand
*** SUMMARY ***
Total pot $6 | Rake $0
Seat 9: krytalex (big blind) folded before Flop
Seat 10: Auge72 (button) (small blind) collected ($6)


PokerStars Hand #171606856134:  Hold'em Limit ($3/$6 USD) - 2017/06/10 16:32:48 ET
Table 'Sophia' 10-max Seat #9 is the button
Seat 9: krytalex ($182.26 in chips)
Seat 10: Auge72 ($19.13 in chips)
krytalex: posts small blind $1
Auge72: posts big blind $3
*** HOLE CARDS ***
krytalex: folds
Uncalled bet ($2) returned to Auge72
Auge72 collected $2 from pot
Auge72: doesn't show hand
*** SUMMARY ***
Total pot $2 | Rake $0
Seat 9: krytalex (button) (small blind) folded before Flop
Seat 10: Auge72 (big blind) collected ($2)


PokerStars Hand #171606876630:  Hold'em Limit ($3/$6 USD) - 2017/06/10 16:33:16 ET
Table 'Sophia' 10-max Seat #9 is the button
Seat 9: krytalex ($178.26 in chips)
Seat 10: Auge72 ($23.13 in chips)
krytalex: posts small blind $1
Auge72: posts big blind $3
*** HOLE CARDS ***
krytalex: folds
Uncalled bet ($2) returned to Auge72
Auge72 collected $2 from pot
Auge72: doesn't show hand
*** SUMMARY ***
Total pot $2 | Rake $0
Seat 9: krytalex (button) (small blind) folded before Flop
Seat 10: Auge72 (big blind) collected ($2)


PokerStars Hand #171606880454:  Hold'em Limit ($3/$6 USD) - 2017/06/10 16:33:21 ET
Table 'Sophia' 10-max Seat #10 is the button
Seat 9: krytalex ($177.26 in chips)
Seat 10: Auge72 ($24.13 in chips)
Auge72: posts small blind $1
krytalex: posts big blind $3
*** HOLE CARDS ***
Auge72: raises $3 to $6
krytalex: calls $3
*** FLOP *** [Jc 2d 2s]
krytalex: checks
Auge72: checks
*** TURN *** [Jc 2d 2s] [6s]
krytalex: checks
Auge72: checks
*** RIVER *** [Jc 2d 2s 6s] [Ac]
krytalex: checks
Auge72: bets $6
krytalex: folds
Uncalled bet ($6) returned to Auge72
Auge72 collected $11.76 from pot
Auge72: doesn't show hand
*** SUMMARY ***
Total pot $12 | Rake $0.24
Board [Jc 2d 2s 6s Ac]
Seat 9: krytalex (big blind) folded on the River
Seat 10: Auge72 (button) (small blind) collected ($11.76)


PokerStars Hand #171606938997:  Hold'em Limit ($3/$6 USD) - 2017/06/10 16:34:41 ET
Table 'Sophia' 10-max Seat #10 is the button
Seat 9: krytalex ($173.02 in chips)
Seat 10: Auge72 ($27.77 in chips)
Auge72: posts small blind $1
krytalex: posts big blind $3
*** HOLE CARDS ***
Auge72: folds
Uncalled bet ($2) returned to krytalex
krytalex collected $2 from pot
*** SUMMARY ***
Total pot $2 | Rake $0
Seat 9: krytalex (big blind) collected ($2)
Seat 10: Auge72 (button) (small blind) folded before Flop


PokerStars Hand #171606934736:  Hold'em Limit ($3/$6 USD) - 2017/06/10 16:34:35 ET
Table 'Sophia' 10-max Seat #9 is the button
Seat 9: krytalex ($174.02 in chips)
Seat 10: Auge72 ($26.77 in chips)
krytalex: posts small blind $1
Auge72: posts big blind $3
*** HOLE CARDS ***
krytalex: folds
Uncalled bet ($2) returned to Auge72
Auge72 collected $2 from pot
Auge72: doesn't show hand
*** SUMMARY ***
Total pot $2 | Rake $0
Seat 9: krytalex (button) (small blind) folded before Flop
Seat 10: Auge72 (big blind) collected ($2)


PokerStars Hand #171606904425:  Hold'em Limit ($3/$6 USD) - 2017/06/10 16:33:53 ET
Table 'Sophia' 10-max Seat #10 is the button
Seat 9: krytalex ($177.02 in chips)
Seat 10: Auge72 ($23.89 in chips)
Auge72: posts small blind $1
krytalex: posts big blind $3
*** HOLE CARDS ***
Auge72: raises $3 to $6
krytalex: folds
Uncalled bet ($3) returned to Auge72
Auge72 collected $6 from pot
Auge72: doesn't show hand
*** SUMMARY ***
Total pot $6 | Rake $0
Seat 9: krytalex (big blind) folded before Flop
Seat 10: Auge72 (button) (small blind) collected ($6)


PokerStars Hand #171606921257:  Hold'em Limit ($3/$6 USD) - 2017/06/10 16:34:16 ET
Table 'Sophia' 10-max Seat #10 is the button
Seat 9: krytalex ($177.02 in chips)
Seat 10: Auge72 ($23.89 in chips)
Auge72: posts small blind $1
krytalex: posts big blind $3
*** HOLE CARDS ***
Auge72: calls $2
krytalex: checks
*** FLOP *** [Qh 5d Ac]
krytalex: checks
Auge72: checks
*** TURN *** [Qh 5d Ac] [6c]
krytalex: checks
Auge72: checks
*** RIVER *** [Qh 5d Ac 6c] [8d]
krytalex: checks
Auge72: checks
*** SHOW DOWN ***
krytalex: shows [Jd 9s] (high card Ace)
Auge72: shows [Ks 2h] (high card Ace - King kicker)
Auge72 collected $5.88 from pot
*** SUMMARY ***
Total pot $6 | Rake $0.12
Board [Qh 5d Ac 6c 8d]
Seat 9: krytalex (big blind) showed [Jd 9s] and lost with high card Ace
Seat 10: Auge72 (button) (small blind) showed [Ks 2h] and won ($5.88) with high card Ace


PokerStars Hand #171606896406:  Hold'em Limit ($3/$6 USD) - 2017/06/10 16:33:43 ET
Table 'Sophia' 10-max Seat #9 is the button
Seat 9: krytalex ($171.26 in chips)
Seat 10: Auge72 ($29.89 in chips)
krytalex: posts small blind $1
Auge72: posts big blind $3
*** HOLE CARDS ***
krytalex: raises $3 to $6
Auge72: calls $3
*** FLOP *** [4s Ac 6s]
Auge72: checks
krytalex: bets $3
Auge72: folds
Uncalled bet ($3) returned to krytalex
krytalex collected $11.76 from pot
*** SUMMARY ***
Total pot $12 | Rake $0.24
Board [4s Ac 6s]
Seat 9: krytalex (button) (small blind) collected ($11.76)
Seat 10: Auge72 (big blind) folded on the Flop


PokerStars Hand #171606961478:  Hold'em Limit ($3/$6 USD) - 2017/06/10 16:35:11 ET
Table 'Sophia' 10-max Seat #9 is the button
Seat 9: krytalex ($189.52 in chips)
Seat 10: Auge72 ($10.77 in chips)
krytalex: posts small blind $1
Auge72: posts big blind $3
*** HOLE CARDS ***
krytalex: raises $3 to $6
Auge72: raises $3 to $9
krytalex: calls $3
*** FLOP *** [Qs Ad 2d]
Auge72: bets $1.77 and is all-in
krytalex: calls $1.77
*** TURN *** [Qs Ad 2d] [Jc]
*** RIVER *** [Qs Ad 2d Jc] [6d]
*** SHOW DOWN ***
Auge72: shows [Kh Ks] (a pair of Kings)
krytalex: shows [4s Js] (a pair of Jacks)
Auge72 collected $21.11 from pot
*** SUMMARY ***
Total pot $21.54 | Rake $0.43
Board [Qs Ad 2d Jc 6d]
Seat 9: krytalex (button) (small blind) showed [4s Js] and lost with a pair of Jacks
Seat 10: Auge72 (big blind) showed [Kh Ks] and won ($21.11) with a pair of Kings


PokerStars Hand #171606958385:  Hold'em Limit ($3/$6 USD) - 2017/06/10 16:35:07 ET
Table 'Sophia' 10-max Seat #10 is the button
Seat 9: krytalex ($188.52 in chips)
Seat 10: Auge72 ($11.77 in chips)
Auge72: posts small blind $1
krytalex: posts big blind $3
*** HOLE CARDS ***
Auge72: folds
Uncalled bet ($2) returned to krytalex
krytalex collected $2 from pot
*** SUMMARY ***
Total pot $2 | Rake $0
Seat 9: krytalex (big blind) collected ($2)
Seat 10: Auge72 (button) (small blind) folded before Flop


PokerStars Hand #171606942452:  Hold'em Limit ($3/$6 USD) - 2017/06/10 16:34:45 ET
Table 'Sophia' 10-max Seat #9 is the button
Seat 9: krytalex ($174.02 in chips)
Seat 10: Auge72 ($26.77 in chips)
krytalex: posts small blind $1
Auge72: posts big blind $3
*** HOLE CARDS ***
krytalex: raises $3 to $6
Auge72: calls $3
*** FLOP *** [Ah 4s Jc]
Auge72: checks
krytalex: bets $3
Auge72: calls $3
*** TURN *** [Ah 4s Jc] [3s]
Auge72: checks
krytalex: bets $6
Auge72: calls $6
*** RIVER *** [Ah 4s Jc 3s] [Qc]
Auge72: checks
krytalex: bets $6
Auge72: folds
Uncalled bet ($6) returned to krytalex
krytalex collected $29.50 from pot
*** SUMMARY ***
Total pot $30 | Rake $0.50
Board [Ah 4s Jc 3s Qc]
Seat 9: krytalex (button) (small blind) collected ($29.50)
Seat 10: Auge72 (big blind) folded on the River


PokerStars Hand #171606980808:  Hold'em Limit ($3/$6 USD) - 2017/06/10 16:35:38 ET
Table 'Sophia' 10-max Seat #10 is the button
Seat 9: krytalex ($178.75 in chips)
Seat 10: Auge72 ($21.11 in chips)
Auge72: posts small blind $1
krytalex: posts big blind $3
*** HOLE CARDS ***
Auge72: raises $3 to $6
krytalex: raises $3 to $9
Auge72: raises $3 to $12
Betting is capped
krytalex: calls $3
*** FLOP *** [3s As 7h]
krytalex: checks
Auge72: bets $3
krytalex: calls $3
*** TURN *** [3s As 7h] [4h]
krytalex: checks
Auge72: bets $6
krytalex: calls $6
*** RIVER *** [3s As 7h 4h] [9s]
krytalex: checks
Auge72: checks
*** SHOW DOWN ***
krytalex: shows [Qh Ks] (high card Ace)
Auge72: shows [6s 6c] (a pair of Sixes)
Auge72 collected $41.50 from pot
*** SUMMARY ***
Total pot $42 | Rake $0.50
Board [3s As 7h 4h 9s]
Seat 9: krytalex (big blind) showed [Qh Ks] and lost with high card Ace
Seat 10: Auge72 (button) (small blind) showed [6s 6c] and won ($41.50) with a pair of Sixes


PokerStars Hand #171607002053:  Hold'em Limit ($3/$6 USD) - 2017/06/10 16:36:07 ET
Table 'Sophia' 10-max Seat #9 is the button
Seat 9: krytalex ($157.75 in chips)
Seat 10: Auge72 ($41.61 in chips)
krytalex: posts small blind $1
Auge72: posts big blind $3
*** HOLE CARDS ***
krytalex: folds
Uncalled bet ($2) returned to Auge72
Auge72 collected $2 from pot
Auge72: doesn't show hand
*** SUMMARY ***
Total pot $2 | Rake $0
Seat 9: krytalex (button) (small blind) folded before Flop
Seat 10: Auge72 (big blind) collected ($2)


PokerStars Hand #171607009097:  Hold'em Limit ($3/$6 USD) - 2017/06/10 16:36:16 ET
Table 'Sophia' 10-max Seat #10 is the button
Seat 9: krytalex ($156.75 in chips)
Seat 10: Auge72 ($42.61 in chips)
Auge72: posts small blind $1
krytalex: posts big blind $3
*** HOLE CARDS ***
Auge72: raises $3 to $6
krytalex: raises $3 to $9
Auge72: calls $3
*** FLOP *** [9d 5d Ks]
krytalex: bets $3
Auge72: calls $3
*** TURN *** [9d 5d Ks] [9h]
krytalex: bets $6
Auge72: calls $6
*** RIVER *** [9d 5d Ks 9h] [Qc]
krytalex: bets $6
Auge72: folds
Uncalled bet ($6) returned to krytalex
krytalex collected $35.50 from pot
*** SUMMARY ***
Total pot $36 | Rake $0.50
Board [9d 5d Ks 9h Qc]
Seat 9: krytalex (big blind) collected ($35.50)
Seat 10: Auge72 (button) (small blind) folded on the River


PokerStars Hand #171607020910:  Hold'em Limit ($3/$6 USD) - 2017/06/10 16:36:32 ET
Table 'Sophia' 10-max Seat #9 is the button
Seat 9: krytalex ($174.25 in chips)
Seat 10: Auge72 ($24.61 in chips)
krytalex: posts small blind $1
Auge72: posts big blind $3
*** HOLE CARDS ***
krytalex: raises $3 to $6
Auge72: calls $3
*** FLOP *** [Jc 3h Td]
Auge72: checks
krytalex: bets $3
Auge72: folds
Uncalled bet ($3) returned to krytalex
krytalex collected $11.76 from pot
*** SUMMARY ***
Total pot $12 | Rake $0.24
Board [Jc 3h Td]
Seat 9: krytalex (button) (small blind) collected ($11.76)
Seat 10: Auge72 (big blind) folded on the Flop


PokerStars Hand #171607033866:  Hold'em Limit ($3/$6 USD) - 2017/06/10 16:36:50 ET
Table 'Sophia' 10-max Seat #9 is the button
Seat 9: krytalex ($181.01 in chips)
Seat 10: Auge72 ($17.61 in chips)
krytalex: posts small blind $1
Auge72: posts big blind $3
*** HOLE CARDS ***
krytalex: raises $3 to $6
Auge72: calls $3
*** FLOP *** [Ac Kd 3s]
Auge72: checks
krytalex: bets $3
Auge72: calls $3
*** TURN *** [Ac Kd 3s] [3d]
Auge72: checks
krytalex: checks
*** RIVER *** [Ac Kd 3s 3d] [5d]
Auge72: bets $6
krytalex: calls $6
*** SHOW DOWN ***
Auge72: shows [4s 6s] (a pair of Threes)
krytalex: shows [6c 5h] (two pair, Fives and Threes)
krytalex collected $29.50 from pot
*** SUMMARY ***
Total pot $30 | Rake $0.50
Board [Ac Kd 3s 3d 5d]
Seat 9: krytalex (button) (small blind) showed [6c 5h] and won ($29.50) with two pair, Fives and Threes
Seat 10: Auge72 (big blind) showed [4s 6s] and lost with a pair of Threes


PokerStars Hand #171607030250:  Hold'em Limit ($3/$6 USD) - 2017/06/10 16:36:45 ET
Table 'Sophia' 10-max Seat #10 is the button
Seat 9: krytalex ($180.01 in chips)
Seat 10: Auge72 ($18.61 in chips)
Auge72: posts small blind $1
krytalex: posts big blind $3
*** HOLE CARDS ***
Auge72: folds
Uncalled bet ($2) returned to krytalex
krytalex collected $2 from pot
*** SUMMARY ***
Total pot $2 | Rake $0
Seat 9: krytalex (big blind) collected ($2)
Seat 10: Auge72 (button) (small blind) folded before Flop


PokerStars Hand #171613347371:  Hold'em Limit ($3/$6 USD) - 2017/06/10 19:12:03 ET
Table 'Sophia' 10-max Seat #10 is the button
Seat 9: krytalex ($195.51 in chips)
Seat 10: SANKO2009 ($120 in chips)
SANKO2009: posts small blind $1
krytalex: posts big blind $3
*** HOLE CARDS ***
SANKO2009: raises $3 to $6
krytalex: calls $3
*** FLOP *** [Ts Jc 8h]
krytalex: checks
SANKO2009: bets $3
krytalex: calls $3
*** TURN *** [Ts Jc 8h] [7d]
krytalex: checks
SANKO2009: checks
*** RIVER *** [Ts Jc 8h 7d] [Ac]
krytalex: bets $6
SANKO2009: calls $6
*** SHOW DOWN ***
krytalex: shows [9c 6s] (a straight, Seven to Jack)
SANKO2009: mucks hand
krytalex collected $29.50 from pot
*** SUMMARY ***
Total pot $30 | Rake $0.50
Board [Ts Jc 8h 7d Ac]
Seat 9: krytalex (big blind) showed [9c 6s] and won ($29.50) with a straight, Seven to Jack
Seat 10: SANKO2009 (button) (small blind) mucked


PokerStars Hand #171613374785:  Hold'em Limit ($3/$6 USD) - 2017/06/10 19:12:51 ET
Table 'Sophia' 10-max Seat #9 is the button
Seat 9: krytalex ($210.01 in chips)
Seat 10: SANKO2009 ($105 in chips)
krytalex: posts small blind $1
SANKO2009: posts big blind $3
*** HOLE CARDS ***
B_loJkl joins the table at seat #1
krytalex: raises $3 to $6
SANKO2009: calls $3
*** FLOP *** [Kc Qs 6h]
SANKO2009: bets $3
krytalex: folds
Uncalled bet ($3) returned to SANKO2009
SANKO2009 collected $11.76 from pot
*** SUMMARY ***
Total pot $12 | Rake $0.24
Board [Kc Qs 6h]
Seat 9: krytalex (button) (small blind) folded on the Flop
Seat 10: SANKO2009 (big blind) collected ($11.76)


PokerStars Hand #171614560670:  Hold'em Limit ($3/$6 USD) - 2017/06/10 19:48:30 ET
Table 'Sophia' 10-max Seat #6 is the button
Seat 2: Chessnok ($152.34 in chips)
Seat 6: razor3334 ($127.17 in chips)
razor3334: posts small blind $1
krytalex: is sitting out
Chessnok: posts big blind $3
*** HOLE CARDS ***
razor3334: raises $3 to $6
krytalex leaves the table
Chessnok: folds
Uncalled bet ($3) returned to razor3334
razor3334 collected $6 from pot
*** SUMMARY ***
Total pot $6 | Rake $0
Seat 2: Chessnok (big blind) folded before Flop
Seat 6: razor3334 (button) (small blind) collected ($6)


PokerStars Hand #171614583964:  Hold'em Limit ($3/$6 USD) - 2017/06/10 19:49:15 ET
Table 'Sophia' 10-max Seat #6 is the button
Seat 2: Chessnok ($137.34 in chips)
Seat 6: razor3334 ($141.69 in chips)
razor3334: posts small blind $1
Chessnok: posts big blind $3
*** HOLE CARDS ***
razor3334: raises $3 to $6
Chessnok: calls $3
*** FLOP *** [Qd 2s Ad]
Chessnok: bets $3
razor3334: calls $3
*** TURN *** [Qd 2s Ad] [8h]
Chessnok: checks
razor3334: checks
*** RIVER *** [Qd 2s Ad 8h] [Kd]
Chessnok: checks
razor3334: checks
*** SHOW DOWN ***
Chessnok: shows [9h 6s] (high card Ace)
razor3334: shows [2h 3h] (a pair of Deuces)
razor3334 collected $17.64 from pot
*** SUMMARY ***
Total pot $18 | Rake $0.36
Board [Qd 2s Ad 8h Kd]
Seat 2: Chessnok (big blind) showed [9h 6s] and lost with high card Ace
Seat 6: razor3334 (button) (small blind) showed [2h 3h] and won ($17.64) with a pair of Deuces


PokerStars Hand #171614569108:  Hold'em Limit ($3/$6 USD) - 2017/06/10 19:48:47 ET
Table 'Sophia' 10-max Seat #2 is the button
Seat 2: Chessnok ($149.34 in chips)
Seat 6: razor3334 ($130.17 in chips)
Chessnok: posts small blind $1
razor3334: posts big blind $3
*** HOLE CARDS ***
Chessnok: raises $3 to $6
razor3334: raises $3 to $9
Chessnok: calls $3
*** FLOP *** [Qs 9h Qc]
razor3334: bets $3
Chessnok: calls $3
*** TURN *** [Qs 9h Qc] [3s]
razor3334: checks
Chessnok: checks
*** RIVER *** [Qs 9h Qc 3s] [As]
razor3334: bets $6
B_loJkl leaves the table
Chessnok: folds
Uncalled bet ($6) returned to razor3334
razor3334 collected $23.52 from pot
*** SUMMARY ***
Total pot $24 | Rake $0.48
Board [Qs 9h Qc 3s As]
Seat 2: Chessnok (button) (small blind) folded on the River
Seat 6: razor3334 (big blind) collected ($23.52)


PokerStars Hand #171614599831:  Hold'em Limit ($3/$6 USD) - 2017/06/10 19:49:46 ET
Table 'Sophia' 10-max Seat #2 is the button
Seat 2: Chessnok ($128.34 in chips)
Seat 6: razor3334 ($150.33 in chips)
Chessnok: posts small blind $1
razor3334: posts big blind $3
*** HOLE CARDS ***
Chessnok: folds
Uncalled bet ($2) returned to razor3334
razor3334 collected $2 from pot
*** SUMMARY ***
Total pot $2 | Rake $0
Seat 2: Chessnok (button) (small blind) folded before Flop
Seat 6: razor3334 (big blind) collected ($2)


PokerStars Hand #171614610404:  Hold'em Limit ($3/$6 USD) - 2017/06/10 19:50:06 ET
Table 'Sophia' 10-max Seat #6 is the button
Seat 2: Chessnok ($123.34 in chips)
Seat 6: razor3334 ($155.33 in chips)
razor3334: posts small blind $1
Chessnok: posts big blind $3
*** HOLE CARDS ***
razor3334: raises $3 to $6
Chessnok: raises $3 to $9
razor3334: raises $3 to $12
Betting is capped
Chessnok: calls $3
*** FLOP *** [4c 5d Qh]
Chessnok: bets $3
razor3334: calls $3
*** TURN *** [4c 5d Qh] [Js]
Chessnok: checks
razor3334: checks
*** RIVER *** [4c 5d Qh Js] [Ks]
Chessnok: checks
razor3334: bets $6
Chessnok: calls $6
*** SHOW DOWN ***
razor3334: shows [Th Ac] (a straight, Ten to Ace)
Chessnok: mucks hand
razor3334 collected $41.50 from pot
*** SUMMARY ***
Total pot $42 | Rake $0.50
Board [4c 5d Qh Js Ks]
Seat 2: Chessnok (big blind) mucked
Seat 6: razor3334 (button) (small blind) showed [Th Ac] and won ($41.50) with a straight, Ten to Ace


PokerStars Hand #171614606692:  Hold'em Limit ($3/$6 USD) - 2017/06/10 19:49:59 ET
Table 'Sophia' 10-max Seat #2 is the button
Seat 2: Chessnok ($124.34 in chips)
Seat 6: razor3334 ($154.33 in chips)
Chessnok: posts small blind $1
razor3334: posts big blind $3
*** HOLE CARDS ***
Chessnok: folds
Uncalled bet ($2) returned to razor3334
razor3334 collected $2 from pot
razor3334: doesn't show hand
*** SUMMARY ***
Total pot $2 | Rake $0
Seat 2: Chessnok (button) (small blind) folded before Flop
Seat 6: razor3334 (big blind) collected ($2)


PokerStars Hand #171614627936:  Hold'em Limit ($3/$6 USD) - 2017/06/10 19:50:41 ET
Table 'Sophia' 10-max Seat #2 is the button
Seat 2: Chessnok ($102.34 in chips)
Seat 6: razor3334 ($175.83 in chips)
Chessnok: posts small blind $1
razor3334: posts big blind $3
*** HOLE CARDS ***
Chessnok: raises $3 to $6
razor3334: raises $3 to $9
Chessnok: calls $3
*** FLOP *** [8d 4c 7h]
razor3334: bets $3
Chessnok: calls $3
*** TURN *** [8d 4c 7h] [Ac]
MForce007 joins the table at seat #1
razor3334: bets $6
Chessnok: raises $6 to $12
razor3334: calls $6
*** RIVER *** [8d 4c 7h Ac] [4h]
razor3334: checks
Chessnok: bets $6
razor3334: calls $6
*** SHOW DOWN ***
Chessnok: shows [2s Ah] (two pair, Aces and Fours)
razor3334: mucks hand
Chessnok collected $59.50 from pot
*** SUMMARY ***
Total pot $60 | Rake $0.50
Board [8d 4c 7h Ac 4h]
Seat 2: Chessnok (button) (small blind) showed [2s Ah] and won ($59.50) with two pair, Aces and Fours
Seat 6: razor3334 (big blind) mucked


PokerStars Hand #171614675802:  Hold'em Limit ($3/$6 USD) - 2017/06/10 19:52:16 ET
Table 'Sophia' 10-max Seat #6 is the button
Seat 2: Chessnok ($135.84 in chips)
Seat 6: razor3334 ($121.83 in chips)
razor3334: posts small blind $1
Chessnok: posts big blind $3
*** HOLE CARDS ***
MForce007 leaves the table
razor3334: raises $3 to $6
Chessnok: folds
Uncalled bet ($3) returned to razor3334
razor3334 collected $6 from pot
razor3334: doesn't show hand
*** SUMMARY ***
Total pot $6 | Rake $0
Seat 2: Chessnok (big blind) folded before Flop
Seat 6: razor3334 (button) (small blind) collected ($6)


PokerStars Hand #171614694700:  Hold'em Limit ($3/$6 USD) - 2017/06/10 19:52:53 ET
Table 'Sophia' 10-max Seat #6 is the button
Seat 2: Chessnok ($117.84 in chips)
Seat 6: razor3334 ($139.33 in chips)
razor3334: posts small blind $1
Chessnok: posts big blind $3
*** HOLE CARDS ***
razor3334: raises $3 to $6
Chessnok: calls $3
*** FLOP *** [3c Ah 2c]
Chessnok: checks
razor3334: bets $3
Chessnok: calls $3
*** TURN *** [3c Ah 2c] [6s]
Chessnok: checks
razor3334: checks
*** RIVER *** [3c Ah 2c 6s] [Kc]
Chessnok: checks
razor3334: checks
*** SHOW DOWN ***
Chessnok: shows [3s Qh] (a pair of Threes)
razor3334: mucks hand
Chessnok collected $17.64 from pot
*** SUMMARY ***
Total pot $18 | Rake $0.36
Board [3c Ah 2c 6s Kc]
Seat 2: Chessnok (big blind) showed [3s Qh] and won ($17.64) with a pair of Threes
Seat 6: razor3334 (button) (small blind) mucked


PokerStars Hand #171614680728:  Hold'em Limit ($3/$6 USD) - 2017/06/10 19:52:25 ET
Table 'Sophia' 10-max Seat #2 is the button
Seat 2: Chessnok ($132.84 in chips)
Seat 6: razor3334 ($124.83 in chips)
Chessnok: posts small blind $1
razor3334: posts big blind $3
*** HOLE CARDS ***
Chessnok: raises $3 to $6
razor3334: calls $3
*** FLOP *** [2h Kc 5c]
razor3334: checks
Chessnok: bets $3
razor3334: calls $3
*** TURN *** [2h Kc 5c] [Qh]
razor3334: checks
Chessnok: checks
*** RIVER *** [2h Kc 5c Qh] [9c]
razor3334: bets $6
Chessnok: calls $6
*** SHOW DOWN ***
razor3334: shows [Ac 4c] (a flush, Ace high)
Chessnok: mucks hand
razor3334 collected $29.50 from pot
*** SUMMARY ***
Total pot $30 | Rake $0.50
Board [2h Kc 5c Qh 9c]
Seat 2: Chessnok (button) (small blind) mucked
Seat 6: razor3334 (big blind) showed [Ac 4c] and won ($29.50) with a flush, Ace high


PokerStars Hand #171614705801:  Hold'em Limit ($3/$6 USD) - 2017/06/10 19:53:15 ET
Table 'Sophia' 10-max Seat #2 is the button
Seat 2: Chessnok ($126.48 in chips)
Seat 6: razor3334 ($130.33 in chips)
Chessnok: posts small blind $1
razor3334: posts big blind $3
*** HOLE CARDS ***
Chessnok: raises $3 to $6
razor3334: calls $3
*** FLOP *** [4h 7d Th]
razor3334: checks
Chessnok: bets $3
razor3334: raises $3 to $6
Chessnok: calls $3
*** TURN *** [4h 7d Th] [8d]
razor3334: bets $6
Chessnok: raises $6 to $12
razor3334: raises $6 to $18
Chessnok: calls $6
*** RIVER *** [4h 7d Th 8d] [8s]
razor3334: bets $6
Chessnok: raises $6 to $12
razor3334: calls $6
*** SHOW DOWN ***
Chessnok: shows [8h Qc] (three of a kind, Eights)
razor3334: shows [Jd 9s] (a straight, Seven to Jack)
razor3334 collected $83.50 from pot
*** SUMMARY ***
Total pot $84 | Rake $0.50
Board [4h 7d Th 8d 8s]
Seat 2: Chessnok (button) (small blind) showed [8h Qc] and lost with three of a kind, Eights
Seat 6: razor3334 (big blind) showed [Jd 9s] and won ($83.50) with a straight, Seven to Jack


PokerStars Hand #171614752822:  Hold'em Limit ($3/$6 USD) - 2017/06/10 19:54:50 ET
Table 'Sophia' 10-max Seat #2 is the button
Seat 2: Chessnok ($101.98 in chips)
Seat 6: razor3334 ($153.83 in chips)
Chessnok: posts small blind $1
razor3334: posts big blind $3
*** HOLE CARDS ***
Chessnok: raises $3 to $6
razor3334: folds
Uncalled bet ($3) returned to Chessnok
Chessnok collected $6 from pot
Chessnok: doesn't show hand
*** SUMMARY ***
Total pot $6 | Rake $0
Seat 2: Chessnok (button) (small blind) collected ($6)
Seat 6: razor3334 (big blind) folded before Flop


PokerStars Hand #171614732175:  Hold'em Limit ($3/$6 USD) - 2017/06/10 19:54:08 ET
Table 'Sophia' 10-max Seat #6 is the button
Seat 2: Chessnok ($84.48 in chips)
Seat 6: razor3334 ($171.83 in chips)
razor3334: posts small blind $1
Chessnok: posts big blind $3
*** HOLE CARDS ***
razor3334: raises $3 to $6
Chessnok: raises $3 to $9
razor3334: raises $3 to $12
Betting is capped
Chessnok: calls $3
*** FLOP *** [Qc 9c Jd]
Chessnok: bets $3
razor3334: raises $3 to $6
Chessnok: calls $3
*** TURN *** [Qc 9c Jd] [7s]
Chessnok: checks
razor3334: checks
*** RIVER *** [Qc 9c Jd 7s] [Jh]
Chessnok: checks
razor3334: checks
*** SHOW DOWN ***
Chessnok: shows [5h 5c] (two pair, Jacks and Fives)
razor3334: shows [Ah Ks] (a pair of Jacks)
Chessnok collected $35.50 from pot
*** SUMMARY ***
Total pot $36 | Rake $0.50
Board [Qc 9c Jd 7s Jh]
Seat 2: Chessnok (big blind) showed [5h 5c] and won ($35.50) with two pair, Jacks and Fives
Seat 6: razor3334 (button) (small blind) showed [Ah Ks] and lost with a pair of Jacks


PokerStars Hand #171614777582:  Hold'em Limit ($3/$6 USD) - 2017/06/10 19:55:45 ET
Table 'Sophia' 10-max Seat #2 is the button
Seat 2: Chessnok ($134.48 in chips)
Seat 6: razor3334 ($120.83 in chips)
Chessnok: posts small blind $1
razor3334: posts big blind $3
*** HOLE CARDS ***
Chessnok: raises $3 to $6
razor3334: raises $3 to $9
Chessnok: calls $3
*** FLOP *** [2d 7s 8s]
razor3334: bets $3
Chessnok: calls $3
*** TURN *** [2d 7s 8s] [8d]
razor3334: bets $6
Chessnok: calls $6
*** RIVER *** [2d 7s 8s 8d] [Jc]
razor3334: bets $6
Chessnok: calls $6
*** SHOW DOWN ***
razor3334: shows [Ah 9d] (a pair of Eights)
Chessnok: mucks hand
razor3334 collected $47.50 from pot
*** SUMMARY ***
Total pot $48 | Rake $0.50
Board [2d 7s 8s 8d Jc]
Seat 2: Chessnok (button) (small blind) mucked
Seat 6: razor3334 (big blind) showed [Ah 9d] and won ($47.50) with a pair of Eights


PokerStars Hand #171614808727:  Hold'em Limit ($3/$6 USD) - 2017/06/10 19:56:57 ET
Table 'Sophia' 10-max Seat #6 is the button
Seat 2: Chessnok ($131.98 in chips)
Seat 6: razor3334 ($122.33 in chips)
razor3334: posts small blind $1
Chessnok: posts big blind $3
*** HOLE CARDS ***
razor3334: raises $3 to $6
Chessnok: raises $3 to $9
razor3334: calls $3
*** FLOP *** [2d Jc 7c]
Chessnok: bets $3
razor3334: calls $3
*** TURN *** [2d Jc 7c] [9d]
Chessnok: bets $6
razor3334: folds
Uncalled bet ($6) returned to Chessnok
Chessnok collected $23.52 from pot
Chessnok: doesn't show hand
*** SUMMARY ***
Total pot $24 | Rake $0.48
Board [2d Jc 7c 9d]
Seat 2: Chessnok (big blind) collected ($23.52)
Seat 6: razor3334 (button) (small blind) folded on the Turn


PokerStars Hand #171614793231:  Hold'em Limit ($3/$6 USD) - 2017/06/10 19:56:21 ET
Table 'Sophia' 10-max Seat #2 is the button
Seat 2: Chessnok ($111.48 in chips)
Seat 6: razor3334 ($143.33 in chips)
Chessnok: posts small blind $1
razor3334: posts big blind $3
*** HOLE CARDS ***
Chessnok: raises $3 to $6
razor3334: calls $3
*** FLOP *** [2h 5h 3s]
razor3334: checks
Chessnok: bets $3
razor3334: calls $3
*** TURN *** [2h 5h 3s] [5s]
razor3334: checks
Chessnok: bets $6
razor3334: raises $6 to $12
Chessnok: calls $6
*** RIVER *** [2h 5h 3s 5s] [4h]
razor3334: checks
Chessnok: bets $6
razor3334: folds
Uncalled bet ($6) returned to Chessnok
Chessnok collected $41.50 from pot
Chessnok: doesn't show hand
*** SUMMARY ***
Total pot $42 | Rake $0.50
Board [2h 5h 3s 5s 4h]
Seat 2: Chessnok (button) (small blind) collected ($41.50)
Seat 6: razor3334 (big blind) folded on the River


PokerStars Hand #171614832367:  Hold'em Limit ($3/$6 USD) - 2017/06/10 19:57:52 ET
Table 'Sophia' 10-max Seat #6 is the button
Seat 2: Chessnok ($152.14 in chips)
Seat 6: razor3334 ($101.33 in chips)
razor3334: posts small blind $1
Chessnok: posts big blind $3
*** HOLE CARDS ***
razor3334: calls $2
Chessnok: raises $3 to $6
razor3334: calls $3
*** FLOP *** [5s 8h 7h]
Chessnok: bets $3
razor3334: raises $3 to $6
Chessnok: raises $3 to $9
razor3334: calls $3
*** TURN *** [5s 8h 7h] [8c]
Chessnok: bets $6
razor3334: calls $6
*** RIVER *** [5s 8h 7h 8c] [4c]
Chessnok: bets $6
razor3334: raises $6 to $12
Chessnok: calls $6
*** SHOW DOWN ***
razor3334: shows [6c Qs] (a straight, Four to Eight)
Chessnok: mucks hand
razor3334 collected $65.50 from pot
*** SUMMARY ***
Total pot $66 | Rake $0.50
Board [5s 8h 7h 8c 4c]
Seat 2: Chessnok (big blind) mucked
Seat 6: razor3334 (button) (small blind) showed [6c Qs] and won ($65.50) with a straight, Four to Eight


PokerStars Hand #171614817644:  Hold'em Limit ($3/$6 USD) - 2017/06/10 19:57:18 ET
Table 'Sophia' 10-max Seat #2 is the button
Seat 2: Chessnok ($143.50 in chips)
Seat 6: razor3334 ($110.33 in chips)
Chessnok: posts small blind $1
razor3334: posts big blind $3
*** HOLE CARDS ***
Chessnok: raises $3 to $6
razor3334: calls $3
*** FLOP *** [Qh 3c Qs]
razor3334: checks
Chessnok: bets $3
razor3334: calls $3
*** TURN *** [Qh 3c Qs] [Ah]
razor3334: checks
Chessnok: checks
*** RIVER *** [Qh 3c Qs Ah] [9d]
razor3334: checks
Chessnok: checks
*** SHOW DOWN ***
razor3334: shows [5s Jd] (a pair of Queens)
Chessnok: shows [5h Kc] (a pair of Queens - Ace+King kicker)
Chessnok collected $17.64 from pot
*** SUMMARY ***
Total pot $18 | Rake $0.36
Board [Qh 3c Qs Ah 9d]
Seat 2: Chessnok (button) (small blind) showed [5h Kc] and won ($17.64) with a pair of Queens
Seat 6: razor3334 (big blind) showed [5s Jd] and lost with a pair of Queens


