PokerStars Hand #175104459911:  Hold'em Limit ($3/$6 USD) - 2017/09/02 9:24:54 ET
Table 'Sophia II' 10-max Seat #7 is the button
Seat 6: CrotchSnifer ($114 in chips)
Seat 7: VolkovDmitri ($125.76 in chips)
VolkovDmitri: posts small blind $1
CrotchSnifer: posts big blind $3
*** HOLE CARDS ***
VolkovDmitri: raises $3 to $6
CrotchSnifer: calls $3
*** FLOP *** [Kh Ad 8s]
CrotchSnifer: checks
VolkovDmitri: bets $3
CrotchSnifer: folds
Uncalled bet ($3) returned to VolkovDmitri
VolkovDmitri collected $11.76 from pot
VolkovDmitri: doesn't show hand
*** SUMMARY ***
Total pot $12 | Rake $0.24
Board [Kh Ad 8s]
Seat 6: CrotchSnifer (big blind) folded on the Flop
Seat 7: VolkovDmitri (button) (small blind) collected ($11.76)


PokerStars Hand #175104468483:  Hold'em Limit ($3/$6 USD) - 2017/09/02 9:25:08 ET
Table 'Sophia II' 10-max Seat #6 is the button
Seat 6: CrotchSnifer ($108 in chips)
Seat 7: VolkovDmitri ($131.52 in chips)
CrotchSnifer: posts small blind $1
VolkovDmitri: posts big blind $3
*** HOLE CARDS ***
CrotchSnifer: folds
Uncalled bet ($2) returned to VolkovDmitri
VolkovDmitri collected $2 from pot
VolkovDmitri: doesn't show hand
*** SUMMARY ***
Total pot $2 | Rake $0
Seat 6: CrotchSnifer (button) (small blind) folded before Flop
Seat 7: VolkovDmitri (big blind) collected ($2)


PokerStars Hand #175104441680:  Hold'em Limit ($3/$6 USD) - 2017/09/02 9:24:23 ET
Table 'Sophia II' 10-max Seat #6 is the button
Seat 6: CrotchSnifer ($120 in chips)
Seat 7: VolkovDmitri ($120 in chips)
CrotchSnifer: posts small blind $1
VolkovDmitri: posts big blind $3
*** HOLE CARDS ***
CrotchSnifer: raises $3 to $6
VolkovDmitri: calls $3
*** FLOP *** [7s 6h 3h]
VolkovDmitri: checks
CrotchSnifer: checks
*** TURN *** [7s 6h 3h] [8c]
VolkovDmitri: bets $6
CrotchSnifer: folds
Uncalled bet ($6) returned to VolkovDmitri
VolkovDmitri collected $11.76 from pot
VolkovDmitri: doesn't show hand
*** SUMMARY ***
Total pot $12 | Rake $0.24
Board [7s 6h 3h 8c]
Seat 6: CrotchSnifer (button) (small blind) folded on the Turn
Seat 7: VolkovDmitri (big blind) collected ($11.76)


PokerStars Hand #175104493596:  Hold'em Limit ($3/$6 USD) - 2017/09/02 9:25:51 ET
Table 'Sophia II' 10-max Seat #7 is the button
Seat 6: CrotchSnifer ($82 in chips)
Seat 7: VolkovDmitri ($157.02 in chips)
VolkovDmitri: posts small blind $1
CrotchSnifer: posts big blind $3
*** HOLE CARDS ***
VolkovDmitri: raises $3 to $6
CrotchSnifer: calls $3
*** FLOP *** [Ac 7c Ah]
CrotchSnifer: checks
VolkovDmitri: bets $3
CrotchSnifer: calls $3
*** TURN *** [Ac 7c Ah] [4h]
CrotchSnifer: checks
VolkovDmitri: checks
*** RIVER *** [Ac 7c Ah 4h] [Th]
CrotchSnifer: bets $6
VolkovDmitri: calls $6
*** SHOW DOWN ***
CrotchSnifer: shows [6h 9s] (a pair of Aces)
VolkovDmitri: shows [4s 5d] (two pair, Aces and Fours)
VolkovDmitri collected $29.50 from pot
*** SUMMARY ***
Total pot $30 | Rake $0.50
Board [Ac 7c Ah 4h Th]
Seat 6: CrotchSnifer (big blind) showed [6h 9s] and lost with a pair of Aces
Seat 7: VolkovDmitri (button) (small blind) showed [4s 5d] and won ($29.50) with two pair, Aces and Fours


PokerStars Hand #175104505118:  Hold'em Limit ($3/$6 USD) - 2017/09/02 9:26:11 ET
Table 'Sophia II' 10-max Seat #6 is the button
Seat 6: CrotchSnifer ($67 in chips)
Seat 7: VolkovDmitri ($171.52 in chips)
CrotchSnifer: posts small blind $1
VolkovDmitri: posts big blind $3
*** HOLE CARDS ***
CrotchSnifer: raises $3 to $6
VolkovDmitri: folds
Uncalled bet ($3) returned to CrotchSnifer
CrotchSnifer collected $6 from pot
*** SUMMARY ***
Total pot $6 | Rake $0
Seat 6: CrotchSnifer (button) (small blind) collected ($6)
Seat 7: VolkovDmitri (big blind) folded before Flop


PokerStars Hand #175104490008:  Hold'em Limit ($3/$6 USD) - 2017/09/02 9:25:45 ET
Table 'Sophia II' 10-max Seat #6 is the button
Seat 6: CrotchSnifer ($83 in chips)
Seat 7: VolkovDmitri ($156.02 in chips)
CrotchSnifer: posts small blind $1
VolkovDmitri: posts big blind $3
*** HOLE CARDS ***
CrotchSnifer: folds
Uncalled bet ($2) returned to VolkovDmitri
VolkovDmitri collected $2 from pot
VolkovDmitri: doesn't show hand
*** SUMMARY ***
Total pot $2 | Rake $0
Seat 6: CrotchSnifer (button) (small blind) folded before Flop
Seat 7: VolkovDmitri (big blind) collected ($2)


PokerStars Hand #175104471819:  Hold'em Limit ($3/$6 USD) - 2017/09/02 9:25:14 ET
Table 'Sophia II' 10-max Seat #7 is the button
Seat 6: CrotchSnifer ($107 in chips)
Seat 7: VolkovDmitri ($132.52 in chips)
VolkovDmitri: posts small blind $1
CrotchSnifer: posts big blind $3
*** HOLE CARDS ***
VolkovDmitri: raises $3 to $6
CrotchSnifer: raises $3 to $9
VolkovDmitri: calls $3
*** FLOP *** [Jd Th Kh]
CrotchSnifer: bets $3
VolkovDmitri: calls $3
*** TURN *** [Jd Th Kh] [2c]
CrotchSnifer: bets $6
VolkovDmitri: calls $6
*** RIVER *** [Jd Th Kh 2c] [8c]
CrotchSnifer: bets $6
VolkovDmitri: calls $6
*** SHOW DOWN ***
CrotchSnifer: shows [3c Qc] (high card King)
VolkovDmitri: shows [2h 4h] (a pair of Deuces)
VolkovDmitri collected $47.50 from pot
*** SUMMARY ***
Total pot $48 | Rake $0.50
Board [Jd Th Kh 2c 8c]
Seat 6: CrotchSnifer (big blind) showed [3c Qc] and lost with high card King
Seat 7: VolkovDmitri (button) (small blind) showed [2h 4h] and won ($47.50) with a pair of Deuces


PokerStars Hand #175104509054:  Hold'em Limit ($3/$6 USD) - 2017/09/02 9:26:18 ET
Table 'Sophia II' 10-max Seat #7 is the button
Seat 6: CrotchSnifer ($70 in chips)
Seat 7: VolkovDmitri ($168.52 in chips)
VolkovDmitri: posts small blind $1
CrotchSnifer: posts big blind $3
*** HOLE CARDS ***
VolkovDmitri: raises $3 to $6
CrotchSnifer: calls $3
*** FLOP *** [Kc 2c Qs]
CrotchSnifer: checks
VolkovDmitri: bets $3
CrotchSnifer: calls $3
*** TURN *** [Kc 2c Qs] [4s]
CrotchSnifer: bets $6
VolkovDmitri: calls $6
*** RIVER *** [Kc 2c Qs 4s] [Qh]
CrotchSnifer: bets $6
VolkovDmitri: calls $6
*** SHOW DOWN ***
CrotchSnifer: shows [7c Qd] (three of a kind, Queens)
VolkovDmitri: mucks hand
CrotchSnifer collected $41.50 from pot
*** SUMMARY ***
Total pot $42 | Rake $0.50
Board [Kc 2c Qs 4s Qh]
Seat 6: CrotchSnifer (big blind) showed [7c Qd] and won ($41.50) with three of a kind, Queens
Seat 7: VolkovDmitri (button) (small blind) mucked


PokerStars Hand #175104524455:  Hold'em Limit ($3/$6 USD) - 2017/09/02 9:26:44 ET
Table 'Sophia II' 10-max Seat #6 is the button
Seat 6: CrotchSnifer ($170.50 in chips)
Seat 7: VolkovDmitri ($147.52 in chips)
CrotchSnifer: posts small blind $1
VolkovDmitri: posts big blind $3
*** HOLE CARDS ***
CrotchSnifer: raises $3 to $6
BANDITO 5555 joins the table at seat #1
VolkovDmitri: calls $3
*** FLOP *** [5d 6h Qh]
VolkovDmitri: checks
CrotchSnifer: bets $3
VolkovDmitri: calls $3
*** TURN *** [5d 6h Qh] [Ah]
VolkovDmitri: checks
CrotchSnifer: bets $6
Velbor107 joins the table at seat #2
VolkovDmitri: folds
Uncalled bet ($6) returned to CrotchSnifer
CrotchSnifer collected $17.64 from pot
*** SUMMARY ***
Total pot $18 | Rake $0.36
Board [5d 6h Qh Ah]
Seat 6: CrotchSnifer (button) (small blind) collected ($17.64)
Seat 7: VolkovDmitri (big blind) folded on the Turn


PokerStars Hand #175104822545:  Hold'em Limit ($3/$6 USD) - 2017/09/02 9:35:08 ET
Table 'Sophia II' 10-max Seat #6 is the button
Seat 1: BANDITO 5555 ($81.40 in chips)
Seat 6: CrotchSnifer ($117.31 in chips)
CrotchSnifer: posts small blind $1
VolkovDmitri: is sitting out
BANDITO 5555: posts big blind $3
*** HOLE CARDS ***
CrotchSnifer: raises $3 to $6
VolkovDmitri leaves the table
BANDITO 5555: folds
Uncalled bet ($3) returned to CrotchSnifer
CrotchSnifer collected $6 from pot
*** SUMMARY ***
Total pot $6 | Rake $0
Seat 1: BANDITO 5555 (big blind) folded before Flop
Seat 6: CrotchSnifer (button) (small blind) collected ($6)


PokerStars Hand #175104833056:  Hold'em Limit ($3/$6 USD) - 2017/09/02 9:35:26 ET
Table 'Sophia II' 10-max Seat #6 is the button
Seat 1: BANDITO 5555 ($77.40 in chips)
Seat 6: CrotchSnifer ($121.31 in chips)
CrotchSnifer: posts small blind $1
BANDITO 5555: posts big blind $3
*** HOLE CARDS ***
CrotchSnifer: raises $3 to $6
BANDITO 5555: calls $3
*** FLOP *** [6h Td Jc]
BANDITO 5555: checks
CrotchSnifer: bets $3
BANDITO 5555: calls $3
*** TURN *** [6h Td Jc] [2h]
BANDITO 5555: checks
CrotchSnifer: bets $6
BANDITO 5555: folds
Uncalled bet ($6) returned to CrotchSnifer
CrotchSnifer collected $17.64 from pot
*** SUMMARY ***
Total pot $18 | Rake $0.36
Board [6h Td Jc 2h]
Seat 1: BANDITO 5555 (big blind) folded on the Turn
Seat 6: CrotchSnifer (button) (small blind) collected ($17.64)


PokerStars Hand #175104845101:  Hold'em Limit ($3/$6 USD) - 2017/09/02 9:35:46 ET
Table 'Sophia II' 10-max Seat #1 is the button
Seat 1: BANDITO 5555 ($68.40 in chips)
Seat 6: CrotchSnifer ($129.95 in chips)
BANDITO 5555: posts small blind $1
CrotchSnifer: posts big blind $3
*** HOLE CARDS ***
BANDITO 5555: calls $2
CrotchSnifer: checks
*** FLOP *** [6c 6s 8d]
CrotchSnifer: checks
BANDITO 5555: bets $3
CrotchSnifer: calls $3
*** TURN *** [6c 6s 8d] [4d]
CrotchSnifer: checks
BANDITO 5555: bets $6
CrotchSnifer: calls $6
*** RIVER *** [6c 6s 8d 4d] [8s]
CrotchSnifer: checks
BANDITO 5555: bets $6
CrotchSnifer: folds
Uncalled bet ($6) returned to BANDITO 5555
BANDITO 5555 collected $23.52 from pot
BANDITO 5555: doesn't show hand
*** SUMMARY ***
Total pot $24 | Rake $0.48
Board [6c 6s 8d 4d 8s]
Seat 1: BANDITO 5555 (button) (small blind) collected ($23.52)
Seat 6: CrotchSnifer (big blind) folded on the River


PokerStars Hand #175104829535:  Hold'em Limit ($3/$6 USD) - 2017/09/02 9:35:20 ET
Table 'Sophia II' 10-max Seat #1 is the button
Seat 1: BANDITO 5555 ($78.40 in chips)
Seat 6: CrotchSnifer ($120.31 in chips)
BANDITO 5555: posts small blind $1
CrotchSnifer: posts big blind $3
*** HOLE CARDS ***
BANDITO 5555: folds
Uncalled bet ($2) returned to CrotchSnifer
CrotchSnifer collected $2 from pot
*** SUMMARY ***
Total pot $2 | Rake $0
Seat 1: BANDITO 5555 (button) (small blind) folded before Flop
Seat 6: CrotchSnifer (big blind) collected ($2)


