PokerStars Hand #150307573913:  Hold'em Limit ($3/$6 USD) - 2016/03/13 16:53:30 ET
Table 'Sophia' 6-max Seat #1 is the button
Seat 1: Zubasa07 ($500 in chips)
Seat 3: Adamantick ($30 in chips)
Zubasa07: posts small blind $1
Adamantick: posts big blind $3
*** HOLE CARDS ***
Zubasa07: raises $3 to $6
Adamantick: calls $3
*** FLOP *** [3c Ac 4h]
Adamantick: checks
Zubasa07: bets $3
Adamantick: calls $3
*** TURN *** [3c Ac 4h] [6d]
Adamantick: checks
Zubasa07: bets $6
Adamantick: raises $6 to $12
Zubasa07: calls $6
*** RIVER *** [3c Ac 4h 6d] [Kc]
Adamantick: bets $6
Zubasa07: raises $6 to $12
Adamantick: folds
Uncalled bet ($6) returned to Zubasa07
Zubasa07 collected $53.50 from pot
Zubasa07: doesn't show hand
*** SUMMARY ***
Total pot $54 | Rake $0.50
Board [3c Ac 4h 6d Kc]
Seat 1: Zubasa07 (button) (small blind) collected ($53.50)
Seat 3: Adamantick (big blind) folded on the River


PokerStars Hand #150307625693:  Hold'em Limit ($3/$6 USD) - 2016/03/13 16:54:14 ET
Table 'Sophia' 6-max Seat #3 is the button
Seat 1: Zubasa07 ($526.50 in chips)
Seat 3: Adamantick ($33 in chips)
Adamantick: posts small blind $1
Zubasa07: posts big blind $3
*** HOLE CARDS ***
Adamantick: raises $3 to $6
Zubasa07: calls $3
*** FLOP *** [Qc 9d Ts]
Zubasa07: checks
Adamantick: bets $3
Zubasa07: calls $3
*** TURN *** [Qc 9d Ts] [2h]
Zubasa07: checks
Adamantick: bets $6
Zubasa07: folds
Uncalled bet ($6) returned to Adamantick
Adamantick collected $17.64 from pot
*** SUMMARY ***
Total pot $18 | Rake $0.36
Board [Qc 9d Ts 2h]
Seat 1: Zubasa07 (big blind) folded on the Turn
Seat 3: Adamantick (button) (small blind) collected ($17.64)


PokerStars Hand #150307713945:  Hold'em Limit ($3/$6 USD) - 2016/03/13 16:55:45 ET
Table 'Sophia' 6-max Seat #3 is the button
Seat 1: Zubasa07 ($538.76 in chips)
Seat 3: Adamantick ($19.64 in chips)
Adamantick: posts small blind $1
Zubasa07: posts big blind $3
*** HOLE CARDS ***
Adamantick: folds
Uncalled bet ($2) returned to Zubasa07
Zubasa07 collected $2 from pot
Zubasa07: doesn't show hand
*** SUMMARY ***
Total pot $2 | Rake $0
Seat 1: Zubasa07 (big blind) collected ($2)
Seat 3: Adamantick (button) (small blind) folded before Flop


PokerStars Hand #150307701623:  Hold'em Limit ($3/$6 USD) - 2016/03/13 16:55:29 ET
Table 'Sophia' 6-max Seat #1 is the button
Seat 1: Zubasa07 ($533 in chips)
Seat 3: Adamantick ($25.64 in chips)
Zubasa07: posts small blind $1
Adamantick: posts big blind $3
*** HOLE CARDS ***
Zubasa07: raises $3 to $6
Adamantick: calls $3
*** FLOP *** [Jc 5h 7s]
Adamantick: checks
Zubasa07: bets $3
Adamantick: folds
Uncalled bet ($3) returned to Zubasa07
Zubasa07 collected $11.76 from pot
Zubasa07: doesn't show hand
*** SUMMARY ***
Total pot $12 | Rake $0.24
Board [Jc 5h 7s]
Seat 1: Zubasa07 (button) (small blind) collected ($11.76)
Seat 3: Adamantick (big blind) folded on the Flop


PokerStars Hand #150307717896:  Hold'em Limit ($3/$6 USD) - 2016/03/13 16:55:50 ET
Table 'Sophia' 6-max Seat #1 is the button
Seat 1: Zubasa07 ($539.76 in chips)
Seat 3: Adamantick ($18.64 in chips)
Zubasa07: posts small blind $1
Adamantick: posts big blind $3
*** HOLE CARDS ***
Zubasa07: raises $3 to $6
Adamantick: calls $3
*** FLOP *** [7c Ac 8c]
Adamantick: checks
Zubasa07: bets $3
Adamantick: calls $3
*** TURN *** [7c Ac 8c] [9c]
Adamantick: bets $6
Zubasa07: raises $6 to $12
Adamantick: calls $3.64 and is all-in
Uncalled bet ($2.36) returned to Zubasa07
*** RIVER *** [7c Ac 8c 9c] [3c]
*** SHOW DOWN ***
Adamantick: shows [As 2d] (a flush, Ace high)
Zubasa07: shows [Ad 7h] (a flush, Ace high)
Adamantick collected $18.39 from pot
Zubasa07 collected $18.39 from pot
*** SUMMARY ***
Total pot $37.28 | Rake $0.50
Board [7c Ac 8c 9c 3c]
Seat 1: Zubasa07 (button) (small blind) showed [Ad 7h] and won ($18.39) with a flush, Ace high
Seat 3: Adamantick (big blind) showed [As 2d] and won ($18.39) with a flush, Ace high


PokerStars Hand #150307697540:  Hold'em Limit ($3/$6 USD) - 2016/03/13 16:55:23 ET
Table 'Sophia' 6-max Seat #3 is the button
Seat 1: Zubasa07 ($532 in chips)
Seat 3: Adamantick ($26.64 in chips)
Adamantick: posts small blind $1
Zubasa07: posts big blind $3
*** HOLE CARDS ***
Adamantick: folds
Uncalled bet ($2) returned to Zubasa07
Zubasa07 collected $2 from pot
Zubasa07: doesn't show hand
*** SUMMARY ***
Total pot $2 | Rake $0
Seat 1: Zubasa07 (big blind) collected ($2)
Seat 3: Adamantick (button) (small blind) folded before Flop


PokerStars Hand #150307662800:  Hold'em Limit ($3/$6 USD) - 2016/03/13 16:54:47 ET
Table 'Sophia' 6-max Seat #1 is the button
Seat 1: Zubasa07 ($517.50 in chips)
Seat 3: Adamantick ($41.64 in chips)
Zubasa07: posts small blind $1
Adamantick: posts big blind $3
*** HOLE CARDS ***
Zubasa07: raises $3 to $6
Adamantick: calls $3
*** FLOP *** [3d 5s Td]
Adamantick: checks
GoliafUa joins the table at seat #4
Zubasa07: bets $3
Adamantick: calls $3
*** TURN *** [3d 5s Td] [8h]
Adamantick: checks
Zubasa07: bets $6
Adamantick: calls $6
*** RIVER *** [3d 5s Td 8h] [Th]
Adamantick: checks
Zubasa07: bets $6
Adamantick: folds
Uncalled bet ($6) returned to Zubasa07
Zubasa07 collected $29.50 from pot
Zubasa07: doesn't show hand
*** SUMMARY ***
Total pot $30 | Rake $0.50
Board [3d 5s Td 8h Th]
Seat 1: Zubasa07 (button) (small blind) collected ($29.50)
Seat 3: Adamantick (big blind) folded on the River


PokerStars Hand #150307742464:  Hold'em Limit ($3/$6 USD) - 2016/03/13 16:56:23 ET
Table 'Sophia' 6-max Seat #3 is the button
Seat 1: Zubasa07 ($539.51 in chips)
Seat 3: Adamantick ($48.39 in chips)
Adamantick: posts small blind $1
Zubasa07: posts big blind $3
*** HOLE CARDS ***
Adamantick: raises $3 to $6
Zubasa07: calls $3
*** FLOP *** [Kc Tc 5d]
Zubasa07: checks
Adamantick: bets $3
Zubasa07: calls $3
*** TURN *** [Kc Tc 5d] [3d]
Zubasa07: checks
Adamantick: bets $6
Zubasa07: folds
Uncalled bet ($6) returned to Adamantick
Adamantick collected $17.64 from pot
Adamantick: doesn't show hand
*** SUMMARY ***
Total pot $18 | Rake $0.36
Board [Kc Tc 5d 3d]
Seat 1: Zubasa07 (big blind) folded on the Turn
Seat 3: Adamantick (button) (small blind) collected ($17.64)


PokerStars Hand #150307778916:  Hold'em Limit ($3/$6 USD) - 2016/03/13 16:57:10 ET
Table 'Sophia' 6-max Seat #1 is the button
Seat 1: Zubasa07 ($530.51 in chips)
Seat 3: Adamantick ($57.03 in chips)
Zubasa07: posts small blind $1
Adamantick: posts big blind $3
*** HOLE CARDS ***
Zubasa07: raises $3 to $6
Adamantick: calls $3
*** FLOP *** [8s 7h Td]
Adamantick: checks
Zubasa07: bets $3
Adamantick: calls $3
*** TURN *** [8s 7h Td] [4h]
Adamantick: checks
Zubasa07: bets $6
Adamantick: raises $6 to $12
Zubasa07: calls $6
*** RIVER *** [8s 7h Td 4h] [2d]
Adamantick: bets $6
Zubasa07: calls $6
*** SHOW DOWN ***
Adamantick: shows [7c As] (a pair of Sevens)
Zubasa07: shows [Ad 8c] (a pair of Eights)
Zubasa07 collected $53.50 from pot
*** SUMMARY ***
Total pot $54 | Rake $0.50
Board [8s 7h Td 4h 2d]
Seat 1: Zubasa07 (button) (small blind) showed [Ad 8c] and won ($53.50) with a pair of Eights
Seat 3: Adamantick (big blind) showed [7c As] and lost with a pair of Sevens


PokerStars Hand #150307805999:  Hold'em Limit ($3/$6 USD) - 2016/03/13 16:57:45 ET
Table 'Sophia' 6-max Seat #3 is the button
Seat 1: Zubasa07 ($557.01 in chips)
Seat 3: Adamantick ($30.03 in chips)
Adamantick: posts small blind $1
Zubasa07: posts big blind $3
*** HOLE CARDS ***
Adamantick: raises $3 to $6
Zubasa07: raises $3 to $9
Adamantick: calls $3
*** FLOP *** [Th Qc 6s]
Zubasa07: checks
Adamantick: checks
*** TURN *** [Th Qc 6s] [3s]
Zubasa07: bets $6
Adamantick: calls $6
*** RIVER *** [Th Qc 6s 3s] [4d]
Zubasa07: bets $6
Adamantick: calls $6
*** SHOW DOWN ***
Zubasa07: shows [4h 6h] (two pair, Sixes and Fours)
Adamantick: mucks hand
Zubasa07 collected $41.50 from pot
*** SUMMARY ***
Total pot $42 | Rake $0.50
Board [Th Qc 6s 3s 4d]
Seat 1: Zubasa07 (big blind) showed [4h 6h] and won ($41.50) with two pair, Sixes and Fours
Seat 3: Adamantick (button) (small blind) mucked


PokerStars Hand #150307840927:  Hold'em Limit ($3/$6 USD) - 2016/03/13 16:58:29 ET
Table 'Sophia' 6-max Seat #3 is the button
Seat 1: Zubasa07 ($580.51 in chips)
Seat 3: Adamantick ($6.03 in chips)
Adamantick: posts small blind $1
Zubasa07: posts big blind $3
*** HOLE CARDS ***
Adamantick: raises $3 to $6
Zubasa07: raises $3 to $9
Adamantick: calls $0.03 and is all-in
Uncalled bet ($2.97) returned to Zubasa07
GoliafUa leaves the table
*** FLOP *** [Tc 6h 4s]
*** TURN *** [Tc 6h 4s] [3s]
*** RIVER *** [Tc 6h 4s 3s] [8d]
*** SHOW DOWN ***
Zubasa07: shows [7s Kc] (high card King)
Adamantick: shows [Ks Th] (a pair of Tens)
Adamantick collected $11.82 from pot
*** SUMMARY ***
Total pot $12.06 | Rake $0.24
Board [Tc 6h 4s 3s 8d]
Seat 1: Zubasa07 (big blind) showed [7s Kc] and lost with high card King
Seat 3: Adamantick (button) (small blind) showed [Ks Th] and won ($11.82) with a pair of Tens


PokerStars Hand #150307851575:  Hold'em Limit ($3/$6 USD) - 2016/03/13 16:58:43 ET
Table 'Sophia' 6-max Seat #1 is the button
Seat 1: Zubasa07 ($574.48 in chips)
Seat 3: Adamantick ($11.82 in chips)
Zubasa07: posts small blind $1
Adamantick: posts big blind $3
*** HOLE CARDS ***
Zubasa07: folds
Uncalled bet ($2) returned to Adamantick
Adamantick collected $2 from pot
Adamantick: doesn't show hand
*** SUMMARY ***
Total pot $2 | Rake $0
Seat 1: Zubasa07 (button) (small blind) folded before Flop
Seat 3: Adamantick (big blind) collected ($2)


PokerStars Hand #150307859689:  Hold'em Limit ($3/$6 USD) - 2016/03/13 16:58:53 ET
Table 'Sophia' 6-max Seat #3 is the button
Seat 1: Zubasa07 ($573.48 in chips)
Seat 3: Adamantick ($12.82 in chips)
Adamantick: posts small blind $1
Zubasa07: posts big blind $3
*** HOLE CARDS ***
Adamantick: raises $3 to $6
Zubasa07: calls $3
*** FLOP *** [8c 7h Kc]
Zubasa07: bets $3
Adamantick: raises $3 to $6
Zubasa07: raises $3 to $9
Adamantick: calls $0.82 and is all-in
Uncalled bet ($2.18) returned to Zubasa07
*** TURN *** [8c 7h Kc] [Kh]
*** RIVER *** [8c 7h Kc Kh] [4d]
*** SHOW DOWN ***
Zubasa07: shows [Js 7c] (two pair, Kings and Sevens)
Adamantick: shows [9d 8s] (two pair, Kings and Eights)
Adamantick collected $25.14 from pot
*** SUMMARY ***
Total pot $25.64 | Rake $0.50
Board [8c 7h Kc Kh 4d]
Seat 1: Zubasa07 (big blind) showed [Js 7c] and lost with two pair, Kings and Sevens
Seat 3: Adamantick (button) (small blind) showed [9d 8s] and won ($25.14) with two pair, Kings and Eights


PokerStars Hand #150307833462:  Hold'em Limit ($3/$6 USD) - 2016/03/13 16:58:20 ET
Table 'Sophia' 6-max Seat #1 is the button
Seat 1: Zubasa07 ($577.51 in chips)
Seat 3: Adamantick ($9.03 in chips)
Zubasa07: posts small blind $1
Adamantick: posts big blind $3
*** HOLE CARDS ***
Zubasa07: raises $3 to $6
Adamantick: folds
Uncalled bet ($3) returned to Zubasa07
Zubasa07 collected $6 from pot
Zubasa07: doesn't show hand
*** SUMMARY ***
Total pot $6 | Rake $0
Seat 1: Zubasa07 (button) (small blind) collected ($6)
Seat 3: Adamantick (big blind) folded before Flop


PokerStars Hand #150307882372:  Hold'em Limit ($3/$6 USD) - 2016/03/13 16:59:23 ET
Table 'Sophia' 6-max Seat #1 is the button
Seat 1: Zubasa07 ($560.66 in chips)
Seat 3: Adamantick ($25.14 in chips)
Zubasa07: posts small blind $1
Adamantick: posts big blind $3
*** HOLE CARDS ***
Zubasa07: raises $3 to $6
Adamantick: calls $3
*** FLOP *** [Ah Jd Qc]
Adamantick: checks
Zubasa07: bets $3
Adamantick: calls $3
*** TURN *** [Ah Jd Qc] [5s]
Adamantick: checks
Zubasa07: checks
*** RIVER *** [Ah Jd Qc 5s] [2s]
Adamantick: bets $6
Zubasa07: calls $6
*** SHOW DOWN ***
Adamantick: shows [Ad 4d] (a pair of Aces)
Zubasa07: mucks hand
Adamantick collected $29.50 from pot
*** SUMMARY ***
Total pot $30 | Rake $0.50
Board [Ah Jd Qc 5s 2s]
Seat 1: Zubasa07 (button) (small blind) mucked
Seat 3: Adamantick (big blind) showed [Ad 4d] and won ($29.50) with a pair of Aces


PokerStars Hand #150307898965:  Hold'em Limit ($3/$6 USD) - 2016/03/13 16:59:44 ET
Table 'Sophia' 6-max Seat #3 is the button
Seat 1: Zubasa07 ($545.66 in chips)
Seat 3: Adamantick ($39.64 in chips)
Adamantick: posts small blind $1
Zubasa07: posts big blind $3
*** HOLE CARDS ***
Adamantick: raises $3 to $6
Zubasa07: raises $3 to $9
Adamantick: calls $3
*** FLOP *** [Jh Ac 8d]
Zubasa07: bets $3
Adamantick: calls $3
*** TURN *** [Jh Ac 8d] [7h]
Zubasa07: checks
Adamantick: bets $6
Zubasa07: calls $6
*** RIVER *** [Jh Ac 8d 7h] [Qs]
Zubasa07: checks
Adamantick: checks
*** SHOW DOWN ***
Zubasa07: shows [Td Ks] (a straight, Ten to Ace)
Adamantick: mucks hand
Zubasa07 collected $35.50 from pot
*** SUMMARY ***
Total pot $36 | Rake $0.50
Board [Jh Ac 8d 7h Qs]
Seat 1: Zubasa07 (big blind) showed [Td Ks] and won ($35.50) with a straight, Ten to Ace
Seat 3: Adamantick (button) (small blind) mucked


PokerStars Hand #150307922981:  Hold'em Limit ($3/$6 USD) - 2016/03/13 17:00:13 ET
Table 'Sophia' 6-max Seat #1 is the button
Seat 1: Zubasa07 ($563.16 in chips)
Seat 3: Adamantick ($21.64 in chips)
Zubasa07: posts small blind $1
Adamantick: posts big blind $3
*** HOLE CARDS ***
Zubasa07: raises $3 to $6
Adamantick: folds
Uncalled bet ($3) returned to Zubasa07
Zubasa07 collected $6 from pot
Zubasa07: doesn't show hand
*** SUMMARY ***
Total pot $6 | Rake $0
Seat 1: Zubasa07 (button) (small blind) collected ($6)
Seat 3: Adamantick (big blind) folded before Flop


PokerStars Hand #150307928154:  Hold'em Limit ($3/$6 USD) - 2016/03/13 17:00:19 ET
Table 'Sophia' 6-max Seat #3 is the button
Seat 1: Zubasa07 ($566.16 in chips)
Seat 3: Adamantick ($18.64 in chips)
Adamantick: posts small blind $1
Zubasa07: posts big blind $3
*** HOLE CARDS ***
Adamantick: raises $3 to $6
Zubasa07: calls $3
*** FLOP *** [3d Qh 9c]
Zubasa07: checks
Adamantick: bets $3
Zubasa07: folds
Uncalled bet ($3) returned to Adamantick
Adamantick collected $11.76 from pot
Adamantick: doesn't show hand
*** SUMMARY ***
Total pot $12 | Rake $0.24
Board [3d Qh 9c]
Seat 1: Zubasa07 (big blind) folded on the Flop
Seat 3: Adamantick (button) (small blind) collected ($11.76)


PokerStars Hand #150307943520:  Hold'em Limit ($3/$6 USD) - 2016/03/13 17:00:38 ET
Table 'Sophia' 6-max Seat #1 is the button
Seat 1: Zubasa07 ($560.16 in chips)
Seat 3: Adamantick ($24.40 in chips)
Zubasa07: posts small blind $1
Adamantick: posts big blind $3
*** HOLE CARDS ***
Zubasa07: raises $3 to $6
Adamantick: calls $3
*** FLOP *** [3c 2h 3h]
Adamantick: checks
Zubasa07: bets $3
Adamantick: calls $3
*** TURN *** [3c 2h 3h] [9h]
Adamantick: checks
Zubasa07: checks
*** RIVER *** [3c 2h 3h 9h] [4s]
Adamantick: bets $6
Zubasa07: folds
Uncalled bet ($6) returned to Adamantick
Adamantick collected $17.64 from pot
*** SUMMARY ***
Total pot $18 | Rake $0.36
Board [3c 2h 3h 9h 4s]
Seat 1: Zubasa07 (button) (small blind) folded on the River
Seat 3: Adamantick (big blind) collected ($17.64)


PokerStars Hand #150307970728:  Hold'em Limit ($3/$6 USD) - 2016/03/13 17:01:09 ET
Table 'Sophia' 6-max Seat #3 is the button
Seat 1: Zubasa07 ($551.16 in chips)
Seat 3: Adamantick ($33.04 in chips)
Adamantick: posts small blind $1
Zubasa07: posts big blind $3
*** HOLE CARDS ***
Adamantick: folds
Uncalled bet ($2) returned to Zubasa07
Zubasa07 collected $2 from pot
Zubasa07: doesn't show hand
*** SUMMARY ***
Total pot $2 | Rake $0
Seat 1: Zubasa07 (big blind) collected ($2)
Seat 3: Adamantick (button) (small blind) folded before Flop


PokerStars Hand #150307974550:  Hold'em Limit ($3/$6 USD) - 2016/03/13 17:01:14 ET
Table 'Sophia' 6-max Seat #1 is the button
Seat 1: Zubasa07 ($552.16 in chips)
Seat 3: Adamantick ($32.04 in chips)
Zubasa07: posts small blind $1
Adamantick: posts big blind $3
*** HOLE CARDS ***
Zubasa07: raises $3 to $6
Adamantick: calls $3
*** FLOP *** [Qs Ks 5s]
Adamantick: checks
Zubasa07: bets $3
Adamantick: calls $3
*** TURN *** [Qs Ks 5s] [3s]
Adamantick: checks
Zubasa07: checks
*** RIVER *** [Qs Ks 5s 3s] [Kc]
Adamantick: bets $6
Zubasa07: folds
Uncalled bet ($6) returned to Adamantick
Adamantick collected $17.64 from pot
Adamantick: doesn't show hand
*** SUMMARY ***
Total pot $18 | Rake $0.36
Board [Qs Ks 5s 3s Kc]
Seat 1: Zubasa07 (button) (small blind) folded on the River
Seat 3: Adamantick (big blind) collected ($17.64)


PokerStars Hand #150308012195:  Hold'em Limit ($3/$6 USD) - 2016/03/13 17:01:53 ET
Table 'Sophia' 6-max Seat #3 is the button
Seat 1: Zubasa07 ($543.16 in chips)
Seat 3: Adamantick ($40.68 in chips)
Adamantick: posts small blind $1
Zubasa07: posts big blind $3
*** HOLE CARDS ***
Adamantick: folds
Uncalled bet ($2) returned to Zubasa07
Zubasa07 collected $2 from pot
Zubasa07: doesn't show hand
*** SUMMARY ***
Total pot $2 | Rake $0
Seat 1: Zubasa07 (big blind) collected ($2)
Seat 3: Adamantick (button) (small blind) folded before Flop


PokerStars Hand #150308017640:  Hold'em Limit ($3/$6 USD) - 2016/03/13 17:01:58 ET
Table 'Sophia' 6-max Seat #1 is the button
Seat 1: Zubasa07 ($544.16 in chips)
Seat 3: Adamantick ($39.68 in chips)
Zubasa07: posts small blind $1
Adamantick: posts big blind $3
*** HOLE CARDS ***
Zubasa07: folds
Uncalled bet ($2) returned to Adamantick
Adamantick collected $2 from pot
*** SUMMARY ***
Total pot $2 | Rake $0
Seat 1: Zubasa07 (button) (small blind) folded before Flop
Seat 3: Adamantick (big blind) collected ($2)


PokerStars Hand #150308073702:  Hold'em Limit ($3/$6 USD) - 2016/03/13 17:02:51 ET
Table 'Sophia' 6-max Seat #3 is the button
Seat 1: Zubasa07 ($533.16 in chips)
Seat 3: Adamantick ($50.32 in chips)
Adamantick: posts small blind $1
Zubasa07: posts big blind $3
*** HOLE CARDS ***
Adamantick: calls $2
Zubasa07: raises $3 to $6
Adamantick: calls $3
*** FLOP *** [2c 7d 9s]
Zubasa07: bets $3
Adamantick: calls $3
*** TURN *** [2c 7d 9s] [Kc]
Zubasa07: bets $6
Adamantick: folds
Uncalled bet ($6) returned to Zubasa07
Zubasa07 collected $17.64 from pot
Zubasa07: doesn't show hand
*** SUMMARY ***
Total pot $18 | Rake $0.36
Board [2c 7d 9s Kc]
Seat 1: Zubasa07 (big blind) collected ($17.64)
Seat 3: Adamantick (button) (small blind) folded on the Turn


PokerStars Hand #150308068554:  Hold'em Limit ($3/$6 USD) - 2016/03/13 17:02:46 ET
Table 'Sophia' 6-max Seat #1 is the button
Seat 1: Zubasa07 ($534.16 in chips)
Seat 3: Adamantick ($49.32 in chips)
Zubasa07: posts small blind $1
Adamantick: posts big blind $3
*** HOLE CARDS ***
Zubasa07: folds
Uncalled bet ($2) returned to Adamantick
Adamantick collected $2 from pot
Adamantick: doesn't show hand
*** SUMMARY ***
Total pot $2 | Rake $0
Seat 1: Zubasa07 (button) (small blind) folded before Flop
Seat 3: Adamantick (big blind) collected ($2)


PokerStars Hand #150308024647:  Hold'em Limit ($3/$6 USD) - 2016/03/13 17:02:04 ET
Table 'Sophia' 6-max Seat #3 is the button
Seat 1: Zubasa07 ($543.16 in chips)
Seat 3: Adamantick ($40.68 in chips)
Adamantick: posts small blind $1
Zubasa07: posts big blind $3
*** HOLE CARDS ***
Adamantick: raises $3 to $6
Zubasa07: calls $3
*** FLOP *** [2s Js 7h]
Zubasa07: checks
Adamantick: bets $3
Zubasa07: calls $3
*** TURN *** [2s Js 7h] [Ac]
Zubasa07: checks
Adamantick: bets $6
Zubasa07: folds
Uncalled bet ($6) returned to Adamantick
Adamantick collected $17.64 from pot
Adamantick: doesn't show hand
*** SUMMARY ***
Total pot $18 | Rake $0.36
Board [2s Js 7h Ac]
Seat 1: Zubasa07 (big blind) folded on the Turn
Seat 3: Adamantick (button) (small blind) collected ($17.64)


PokerStars Hand #150308137459:  Hold'em Limit ($3/$6 USD) - 2016/03/13 17:03:49 ET
Table 'Sophia' 6-max Seat #3 is the button
Seat 1: Zubasa07 ($522.80 in chips)
Seat 3: Adamantick ($59.82 in chips)
Adamantick: posts small blind $1
Zubasa07: posts big blind $3
*** HOLE CARDS ***
Adamantick: raises $3 to $6
Zubasa07: folds
Uncalled bet ($3) returned to Adamantick
Adamantick collected $6 from pot
Adamantick: doesn't show hand
*** SUMMARY ***
Total pot $6 | Rake $0
Seat 1: Zubasa07 (big blind) folded before Flop
Seat 3: Adamantick (button) (small blind) collected ($6)


PokerStars Hand #150308108933:  Hold'em Limit ($3/$6 USD) - 2016/03/13 17:03:23 ET
Table 'Sophia' 6-max Seat #1 is the button
Seat 1: Zubasa07 ($537.80 in chips)
Seat 3: Adamantick ($45.32 in chips)
Zubasa07: posts small blind $1
Adamantick: posts big blind $3
*** HOLE CARDS ***
Zubasa07: raises $3 to $6
Adamantick: calls $3
*** FLOP *** [7h 8h Kd]
Adamantick: bets $3
Zubasa07: calls $3
*** TURN *** [7h 8h Kd] [6c]
Adamantick: bets $6
Zubasa07: calls $6
*** RIVER *** [7h 8h Kd 6c] [Js]
Adamantick: bets $6
Zubasa07: folds
Uncalled bet ($6) returned to Adamantick
Adamantick collected $29.50 from pot
*** SUMMARY ***
Total pot $30 | Rake $0.50
Board [7h 8h Kd 6c Js]
Seat 1: Zubasa07 (button) (small blind) folded on the River
Seat 3: Adamantick (big blind) collected ($29.50)


PokerStars Hand #150308100871:  Hold'em Limit ($3/$6 USD) - 2016/03/13 17:03:15 ET
Table 'Sophia' 6-max Seat #3 is the button
Seat 1: Zubasa07 ($540.80 in chips)
Seat 3: Adamantick ($42.32 in chips)
Adamantick: posts small blind $1
Zubasa07: posts big blind $3
*** HOLE CARDS ***
Adamantick: raises $3 to $6
Zubasa07: folds
Uncalled bet ($3) returned to Adamantick
Adamantick collected $6 from pot
Adamantick: doesn't show hand
*** SUMMARY ***
Total pot $6 | Rake $0
Seat 1: Zubasa07 (big blind) folded before Flop
Seat 3: Adamantick (button) (small blind) collected ($6)


PokerStars Hand #150308096437:  Hold'em Limit ($3/$6 USD) - 2016/03/13 17:03:11 ET
Table 'Sophia' 6-max Seat #1 is the button
Seat 1: Zubasa07 ($541.80 in chips)
Seat 3: Adamantick ($41.32 in chips)
Zubasa07: posts small blind $1
Adamantick: posts big blind $3
*** HOLE CARDS ***
Zubasa07: folds
Uncalled bet ($2) returned to Adamantick
Adamantick collected $2 from pot
*** SUMMARY ***
Total pot $2 | Rake $0
Seat 1: Zubasa07 (button) (small blind) folded before Flop
Seat 3: Adamantick (big blind) collected ($2)


PokerStars Hand #150308152309:  Hold'em Limit ($3/$6 USD) - 2016/03/13 17:04:02 ET
Table 'Sophia' 6-max Seat #1 is the button
Seat 1: Zubasa07 ($519.80 in chips)
Seat 3: Adamantick ($62.82 in chips)
Zubasa07: posts small blind $1
Adamantick: posts big blind $3
*** HOLE CARDS ***
Zubasa07: raises $3 to $6
Adamantick: folds
Uncalled bet ($3) returned to Zubasa07
Zubasa07 collected $6 from pot
Zubasa07: doesn't show hand
*** SUMMARY ***
Total pot $6 | Rake $0
Seat 1: Zubasa07 (button) (small blind) collected ($6)
Seat 3: Adamantick (big blind) folded before Flop


PokerStars Hand #150308202451:  Hold'em Limit ($3/$6 USD) - 2016/03/13 17:04:48 ET
Table 'Sophia' 6-max Seat #3 is the button
Seat 1: Zubasa07 ($501.80 in chips)
Seat 3: Adamantick ($80.32 in chips)
Adamantick: posts small blind $1
Zubasa07: posts big blind $3
*** HOLE CARDS ***
Adamantick: folds
Uncalled bet ($2) returned to Zubasa07
Zubasa07 collected $2 from pot
Zubasa07: doesn't show hand
*** SUMMARY ***
Total pot $2 | Rake $0
Seat 1: Zubasa07 (big blind) collected ($2)
Seat 3: Adamantick (button) (small blind) folded before Flop


PokerStars Hand #150308195595:  Hold'em Limit ($3/$6 USD) - 2016/03/13 17:04:42 ET
Table 'Sophia' 6-max Seat #1 is the button
Seat 1: Zubasa07 ($498.80 in chips)
Seat 3: Adamantick ($83.32 in chips)
Zubasa07: posts small blind $1
Adamantick: posts big blind $3
*** HOLE CARDS ***
Zubasa07: raises $3 to $6
Adamantick: folds
Uncalled bet ($3) returned to Zubasa07
Zubasa07 collected $6 from pot
Zubasa07: doesn't show hand
*** SUMMARY ***
Total pot $6 | Rake $0
Seat 1: Zubasa07 (button) (small blind) collected ($6)
Seat 3: Adamantick (big blind) folded before Flop


PokerStars Hand #150308162607:  Hold'em Limit ($3/$6 USD) - 2016/03/13 17:04:12 ET
Table 'Sophia' 6-max Seat #3 is the button
Seat 1: Zubasa07 ($522.80 in chips)
Seat 3: Adamantick ($59.82 in chips)
Adamantick: posts small blind $1
Zubasa07: posts big blind $3
*** HOLE CARDS ***
Adamantick: raises $3 to $6
Zubasa07: raises $3 to $9
Adamantick: calls $3
*** FLOP *** [9d 5h Ac]
Zubasa07: bets $3
Adamantick: calls $3
*** TURN *** [9d 5h Ac] [Qd]
Zubasa07: bets $6
Adamantick: raises $6 to $12
Zubasa07: calls $6
*** RIVER *** [9d 5h Ac Qd] [2s]
Zubasa07: checks
Adamantick: bets $6
Zubasa07: folds
Uncalled bet ($6) returned to Adamantick
Adamantick collected $47.50 from pot
Adamantick: doesn't show hand
*** SUMMARY ***
Total pot $48 | Rake $0.50
Board [9d 5h Ac Qd 2s]
Seat 1: Zubasa07 (big blind) folded on the River
Seat 3: Adamantick (button) (small blind) collected ($47.50)


PokerStars Hand #150308256000:  Hold'em Limit ($3/$6 USD) - 2016/03/13 17:05:37 ET
Table 'Sophia' 6-max Seat #3 is the button
Seat 1: Zubasa07 ($515.44 in chips)
Seat 3: Adamantick ($66.32 in chips)
Adamantick: posts small blind $1
Zubasa07: posts big blind $3
*** HOLE CARDS ***
Adamantick: folds
Uncalled bet ($2) returned to Zubasa07
Zubasa07 collected $2 from pot
Zubasa07: doesn't show hand
*** SUMMARY ***
Total pot $2 | Rake $0
Seat 1: Zubasa07 (big blind) collected ($2)
Seat 3: Adamantick (button) (small blind) folded before Flop


PokerStars Hand #150308248892:  Hold'em Limit ($3/$6 USD) - 2016/03/13 17:05:30 ET
Table 'Sophia' 6-max Seat #1 is the button
Seat 1: Zubasa07 ($512.44 in chips)
Seat 3: Adamantick ($69.32 in chips)
Zubasa07: posts small blind $1
Adamantick: posts big blind $3
*** HOLE CARDS ***
Zubasa07: raises $3 to $6
Adamantick: folds
Uncalled bet ($3) returned to Zubasa07
Zubasa07 collected $6 from pot
Zubasa07: doesn't show hand
*** SUMMARY ***
Total pot $6 | Rake $0
Seat 1: Zubasa07 (button) (small blind) collected ($6)
Seat 3: Adamantick (big blind) folded before Flop


PokerStars Hand #150308244244:  Hold'em Limit ($3/$6 USD) - 2016/03/13 17:05:26 ET
Table 'Sophia' 6-max Seat #3 is the button
Seat 1: Zubasa07 ($511.44 in chips)
Seat 3: Adamantick ($70.32 in chips)
Adamantick: posts small blind $1
Zubasa07: posts big blind $3
*** HOLE CARDS ***
Adamantick: folds
Uncalled bet ($2) returned to Zubasa07
Zubasa07 collected $2 from pot
Zubasa07: doesn't show hand
*** SUMMARY ***
Total pot $2 | Rake $0
Seat 1: Zubasa07 (big blind) collected ($2)
Seat 3: Adamantick (button) (small blind) folded before Flop


PokerStars Hand #150308208859:  Hold'em Limit ($3/$6 USD) - 2016/03/13 17:04:54 ET
Table 'Sophia' 6-max Seat #1 is the button
Seat 1: Zubasa07 ($502.80 in chips)
Seat 3: Adamantick ($79.32 in chips)
Zubasa07: posts small blind $1
Adamantick: posts big blind $3
*** HOLE CARDS ***
Zubasa07: raises $3 to $6
Adamantick: calls $3
*** FLOP *** [As 4h 9s]
Adamantick: checks
Zubasa07: bets $3
Adamantick: calls $3
*** TURN *** [As 4h 9s] [8c]
Adamantick: checks
Zubasa07: checks
*** RIVER *** [As 4h 9s 8c] [Js]
Adamantick: checks
Zubasa07: checks
*** SHOW DOWN ***
Adamantick: shows [Qs 5d] (high card Ace)
Zubasa07: shows [3h 3s] (a pair of Threes)
Zubasa07 collected $17.64 from pot
*** SUMMARY ***
Total pot $18 | Rake $0.36
Board [As 4h 9s 8c Js]
Seat 1: Zubasa07 (button) (small blind) showed [3h 3s] and won ($17.64) with a pair of Threes
Seat 3: Adamantick (big blind) showed [Qs 5d] and lost with high card Ace


PokerStars Hand #150308306866:  Hold'em Limit ($3/$6 USD) - 2016/03/13 17:06:22 ET
Table 'Sophia' 6-max Seat #3 is the button
Seat 1: Zubasa07 ($530.94 in chips)
Seat 3: Adamantick ($50.32 in chips)
Adamantick: posts small blind $1
Zubasa07: posts big blind $3
*** HOLE CARDS ***
Adamantick: raises $3 to $6
Zubasa07: calls $3
*** FLOP *** [6d 2d Ac]
Zubasa07: checks
Adamantick: bets $3
Zubasa07: folds
Uncalled bet ($3) returned to Adamantick
Adamantick collected $11.76 from pot
*** SUMMARY ***
Total pot $12 | Rake $0.24
Board [6d 2d Ac]
Seat 1: Zubasa07 (big blind) folded on the Flop
Seat 3: Adamantick (button) (small blind) collected ($11.76)


PokerStars Hand #150308263545:  Hold'em Limit ($3/$6 USD) - 2016/03/13 17:05:44 ET
Table 'Sophia' 6-max Seat #1 is the button
Seat 1: Zubasa07 ($516.44 in chips)
Seat 3: Adamantick ($65.32 in chips)
Zubasa07: posts small blind $1
Adamantick: posts big blind $3
*** HOLE CARDS ***
Zubasa07: raises $3 to $6
Adamantick: calls $3
*** FLOP *** [6h 2s 7c]
Adamantick: checks
Zubasa07: bets $3
Adamantick: calls $3
*** TURN *** [6h 2s 7c] [3s]
Adamantick: checks
Zubasa07: bets $6
Adamantick: calls $6
*** RIVER *** [6h 2s 7c 3s] [3d]
Adamantick: checks
Zubasa07: bets $6
Adamantick: folds
Uncalled bet ($6) returned to Zubasa07
Zubasa07 collected $29.50 from pot
Zubasa07: doesn't show hand
*** SUMMARY ***
Total pot $30 | Rake $0.50
Board [6h 2s 7c 3s 3d]
Seat 1: Zubasa07 (button) (small blind) collected ($29.50)
Seat 3: Adamantick (big blind) folded on the River


PokerStars Hand #150308323050:  Hold'em Limit ($3/$6 USD) - 2016/03/13 17:06:37 ET
Table 'Sophia' 6-max Seat #1 is the button
Seat 1: Zubasa07 ($524.94 in chips)
Seat 3: Adamantick ($56.08 in chips)
Zubasa07: posts small blind $1
Adamantick: posts big blind $3
*** HOLE CARDS ***
Zubasa07: raises $3 to $6
Adamantick: raises $3 to $9
Zubasa07: calls $3
*** FLOP *** [4d 6s Qc]
Adamantick: bets $3
Zubasa07: calls $3
*** TURN *** [4d 6s Qc] [3s]
Adamantick: bets $6
Zubasa07: calls $6
*** RIVER *** [4d 6s Qc 3s] [5d]
Adamantick: bets $6
Zubasa07: calls $6
*** SHOW DOWN ***
Adamantick: shows [Kc As] (high card Ace)
Zubasa07: shows [6d 8d] (a pair of Sixes)
Zubasa07 collected $47.50 from pot
*** SUMMARY ***
Total pot $48 | Rake $0.50
Board [4d 6s Qc 3s 5d]
Seat 1: Zubasa07 (button) (small blind) showed [6d 8d] and won ($47.50) with a pair of Sixes
Seat 3: Adamantick (big blind) showed [Kc As] and lost with high card Ace


PokerStars Hand #150308368205:  Hold'em Limit ($3/$6 USD) - 2016/03/13 17:07:21 ET
Table 'Sophia' 6-max Seat #1 is the button
Seat 1: Zubasa07 ($545.44 in chips)
Seat 3: Adamantick ($35.08 in chips)
Zubasa07: posts small blind $1
Adamantick: posts big blind $3
*** HOLE CARDS ***
Zubasa07: raises $3 to $6
Adamantick: calls $3
*** FLOP *** [5c 8d 8s]
Adamantick: checks
Zubasa07: bets $3
Adamantick: calls $3
*** TURN *** [5c 8d 8s] [8c]
Adamantick: bets $6
Zubasa07: calls $6
*** RIVER *** [5c 8d 8s 8c] [8h]
Adamantick: bets $6
Pete81 joins the table at seat #2
Zubasa07: raises $6 to $12
Adamantick: calls $6
*** SHOW DOWN ***
Zubasa07: shows [2s Ah] (four of a kind, Eights)
Adamantick: shows [Ac 4h] (four of a kind, Eights)
Adamantick collected $26.75 from pot
Zubasa07 collected $26.75 from pot
*** SUMMARY ***
Total pot $54 | Rake $0.50
Board [5c 8d 8s 8c 8h]
Seat 1: Zubasa07 (button) (small blind) showed [2s Ah] and won ($26.75) with four of a kind, Eights
Seat 3: Adamantick (big blind) showed [Ac 4h] and won ($26.75) with four of a kind, Eights


PokerStars Hand #150308352150:  Hold'em Limit ($3/$6 USD) - 2016/03/13 17:07:05 ET
Table 'Sophia' 6-max Seat #3 is the button
Seat 1: Zubasa07 ($548.44 in chips)
Seat 3: Adamantick ($32.08 in chips)
Adamantick: posts small blind $1
Zubasa07: posts big blind $3
*** HOLE CARDS ***
Adamantick: raises $3 to $6
Zubasa07: folds
Uncalled bet ($3) returned to Adamantick
Adamantick collected $6 from pot
Adamantick: doesn't show hand
*** SUMMARY ***
Total pot $6 | Rake $0
Seat 1: Zubasa07 (big blind) folded before Flop
Seat 3: Adamantick (button) (small blind) collected ($6)


PokerStars Hand #150308397875:  Hold'em Limit ($3/$6 USD) - 2016/03/13 17:07:48 ET
Table 'Sophia' 6-max Seat #3 is the button
Seat 1: Zubasa07 ($545.19 in chips)
Seat 3: Adamantick ($34.83 in chips)
Adamantick: posts small blind $1
Zubasa07: posts big blind $3
*** HOLE CARDS ***
Adamantick: raises $3 to $6
Zubasa07: calls $3
*** FLOP *** [4d 6h 2d]
Zubasa07: checks
Adamantick: bets $3
Zubasa07: raises $3 to $6
Adamantick: calls $3
*** TURN *** [4d 6h 2d] [3h]
Zubasa07: bets $6
Adamantick: raises $6 to $12
Zubasa07: raises $6 to $18
Adamantick: raises $4.83 to $22.83 and is all-in
Betting is capped
Zubasa07: calls $4.83
*** RIVER *** [4d 6h 2d 3h] [8c]
*** SHOW DOWN ***
Zubasa07: shows [5c 8s] (a straight, Deuce to Six)
Adamantick: shows [8h 5d] (a straight, Deuce to Six)
Zubasa07 collected $34.58 from pot
Adamantick collected $34.58 from pot
*** SUMMARY ***
Total pot $69.66 | Rake $0.50
Board [4d 6h 2d 3h 8c]
Seat 1: Zubasa07 (big blind) showed [5c 8s] and won ($34.58) with a straight, Deuce to Six
Seat 3: Adamantick (button) (small blind) showed [8h 5d] and won ($34.58) with a straight, Deuce to Six


PokerStars Hand #150308530732:  Hold'em Limit ($3/$6 USD) - 2016/03/13 17:09:51 ET
Table 'Sophia' 6-max Seat #3 is the button
Seat 2: Pete81 ($53 in chips)
Seat 3: Adamantick ($8.19 in chips)
Adamantick: posts small blind $1
Zubasa07: is sitting out
Pete81: posts big blind $3
*** HOLE CARDS ***
Adamantick: folds
Uncalled bet ($2) returned to Pete81
Pete81 collected $2 from pot
Pete81: doesn't show hand
*** SUMMARY ***
Total pot $2 | Rake $0
Seat 2: Pete81 (big blind) collected ($2)
Seat 3: Adamantick (button) (small blind) folded before Flop


PokerStars Hand #150308535615:  Hold'em Limit ($3/$6 USD) - 2016/03/13 17:09:55 ET
Table 'Sophia' 6-max Seat #2 is the button
Seat 2: Pete81 ($54 in chips)
Seat 3: Adamantick ($7.19 in chips)
Pete81: posts small blind $1
Adamantick: posts big blind $3
*** HOLE CARDS ***
Pete81: raises $3 to $6
Adamantick: raises $1.19 to $7.19 and is all-in
Pete81: calls $1.19
*** FLOP *** [3s Th 9d]
*** TURN *** [3s Th 9d] [3c]
*** RIVER *** [3s Th 9d 3c] [4s]
*** SHOW DOWN ***
Adamantick: shows [2c Ah] (a pair of Threes)
Pete81: shows [7c 8c] (a pair of Threes - lower kicker)
Adamantick collected $14.09 from pot
*** SUMMARY ***
Total pot $14.38 | Rake $0.29
Board [3s Th 9d 3c 4s]
Seat 2: Pete81 (button) (small blind) showed [7c 8c] and lost with a pair of Threes
Seat 3: Adamantick (big blind) showed [2c Ah] and won ($14.09) with a pair of Threes


PokerStars Hand #150308591053:  Hold'em Limit ($3/$6 USD) - 2016/03/13 17:10:47 ET
Table 'Sophia' 6-max Seat #2 is the button
Seat 2: Pete81 ($50.57 in chips)
Seat 3: Adamantick ($10.09 in chips)
Pete81: posts small blind $1
Adamantick: posts big blind $3
*** HOLE CARDS ***
Pete81: folds
Uncalled bet ($2) returned to Adamantick
Adamantick collected $2 from pot
*** SUMMARY ***
Total pot $2 | Rake $0
Seat 2: Pete81 (button) (small blind) folded before Flop
Seat 3: Adamantick (big blind) collected ($2)


PokerStars Hand #150308585466:  Hold'em Limit ($3/$6 USD) - 2016/03/13 17:10:42 ET
Table 'Sophia' 6-max Seat #3 is the button
Seat 2: Pete81 ($49.57 in chips)
Seat 3: Adamantick ($11.09 in chips)
Adamantick: posts small blind $1
Pete81: posts big blind $3
*** HOLE CARDS ***
Adamantick: folds
Uncalled bet ($2) returned to Pete81
Pete81 collected $2 from pot
Pete81: doesn't show hand
*** SUMMARY ***
Total pot $2 | Rake $0
Seat 2: Pete81 (big blind) collected ($2)
Seat 3: Adamantick (button) (small blind) folded before Flop


PokerStars Hand #150308575026:  Hold'em Limit ($3/$6 USD) - 2016/03/13 17:10:32 ET
Table 'Sophia' 6-max Seat #2 is the button
Seat 2: Pete81 ($43.81 in chips)
Seat 3: Adamantick ($17.09 in chips)
Pete81: posts small blind $1
Adamantick: posts big blind $3
*** HOLE CARDS ***
Pete81: raises $3 to $6
Adamantick: calls $3
*** FLOP *** [Qs 8s Jd]
Adamantick: checks
Pete81: bets $3
Adamantick: folds
Uncalled bet ($3) returned to Pete81
Pete81 collected $11.76 from pot
Pete81: doesn't show hand
*** SUMMARY ***
Total pot $12 | Rake $0.24
Board [Qs 8s Jd]
Seat 2: Pete81 (button) (small blind) collected ($11.76)
Seat 3: Adamantick (big blind) folded on the Flop


PokerStars Hand #150308568907:  Hold'em Limit ($3/$6 USD) - 2016/03/13 17:10:26 ET
Table 'Sophia' 6-max Seat #3 is the button
Seat 2: Pete81 ($46.81 in chips)
Seat 3: Adamantick ($14.09 in chips)
Adamantick: posts small blind $1
Pete81: posts big blind $3
*** HOLE CARDS ***
Adamantick: raises $3 to $6
Pete81: folds
Uncalled bet ($3) returned to Adamantick
Adamantick collected $6 from pot
Adamantick: doesn't show hand
*** SUMMARY ***
Total pot $6 | Rake $0
Seat 2: Pete81 (big blind) folded before Flop
Seat 3: Adamantick (button) (small blind) collected ($6)


PokerStars Hand #150308561626:  Hold'em Limit ($3/$6 USD) - 2016/03/13 17:10:20 ET
Table 'Sophia' 6-max Seat #2 is the button
Seat 2: Pete81 ($47.81 in chips)
Seat 3: Adamantick ($13.09 in chips)
Pete81: posts small blind $1
Adamantick: posts big blind $3
*** HOLE CARDS ***
Pete81: folds
Uncalled bet ($2) returned to Adamantick
Adamantick collected $2 from pot
Adamantick: doesn't show hand
*** SUMMARY ***
Total pot $2 | Rake $0
Seat 2: Pete81 (button) (small blind) folded before Flop
Seat 3: Adamantick (big blind) collected ($2)


PokerStars Hand #150308556177:  Hold'em Limit ($3/$6 USD) - 2016/03/13 17:10:15 ET
Table 'Sophia' 6-max Seat #3 is the button
Seat 2: Pete81 ($46.81 in chips)
Seat 3: Adamantick ($14.09 in chips)
Adamantick: posts small blind $1
Pete81: posts big blind $3
*** HOLE CARDS ***
Adamantick: folds
Uncalled bet ($2) returned to Pete81
Pete81 collected $2 from pot
Pete81: doesn't show hand
*** SUMMARY ***
Total pot $2 | Rake $0
Seat 2: Pete81 (big blind) collected ($2)
Seat 3: Adamantick (button) (small blind) folded before Flop


PokerStars Hand #150308664330:  Hold'em Limit ($3/$6 USD) - 2016/03/13 17:11:55 ET
Table 'Sophia' 6-max Seat #4 is the button
Seat 3: Adamantick ($10.09 in chips)
Seat 4: Chessnok ($121 in chips)
Chessnok: posts small blind $1
Adamantick: posts big blind $3
*** HOLE CARDS ***
Chessnok: raises $3 to $6
Adamantick: folds
Uncalled bet ($3) returned to Chessnok
Chessnok collected $6 from pot
Chessnok: doesn't show hand
*** SUMMARY ***
Total pot $6 | Rake $0
Seat 3: Adamantick (big blind) folded before Flop
Seat 4: Chessnok (button) (small blind) collected ($6)


PokerStars Hand #150308659493:  Hold'em Limit ($3/$6 USD) - 2016/03/13 17:11:51 ET
Table 'Sophia' 6-max Seat #3 is the button
Seat 3: Adamantick ($11.09 in chips)
Seat 4: Chessnok ($120 in chips)
Adamantick: posts small blind $1
Chessnok: posts big blind $3
*** HOLE CARDS ***
Adamantick: folds
Uncalled bet ($2) returned to Chessnok
Chessnok collected $2 from pot
Chessnok: doesn't show hand
*** SUMMARY ***
Total pot $2 | Rake $0
Seat 3: Adamantick (button) (small blind) folded before Flop
Seat 4: Chessnok (big blind) collected ($2)


PokerStars Hand #150308651841:  Hold'em Limit ($3/$6 USD) - 2016/03/13 17:11:43 ET
Table 'Sophia' 6-max Seat #4 is the button
Seat 3: Adamantick ($14.09 in chips)
Seat 4: Chessnok ($117 in chips)
Chessnok: posts small blind $1
Adamantick: posts big blind $3
*** HOLE CARDS ***
Chessnok: raises $3 to $6
Adamantick: folds
Uncalled bet ($3) returned to Chessnok
Chessnok collected $6 from pot
Chessnok: doesn't show hand
*** SUMMARY ***
Total pot $6 | Rake $0
Seat 3: Adamantick (big blind) folded before Flop
Seat 4: Chessnok (button) (small blind) collected ($6)


PokerStars Hand #150308637085:  Hold'em Limit ($3/$6 USD) - 2016/03/13 17:11:30 ET
Table 'Sophia' 6-max Seat #3 is the button
Seat 3: Adamantick ($11.09 in chips)
Seat 4: Chessnok ($120 in chips)
Adamantick: posts small blind $1
Chessnok: posts big blind $3
*** HOLE CARDS ***
Zubasa07 leaves the table
Adamantick: raises $3 to $6
Chessnok: folds
Uncalled bet ($3) returned to Adamantick
Adamantick collected $6 from pot
*** SUMMARY ***
Total pot $6 | Rake $0
Seat 3: Adamantick (button) (small blind) collected ($6)
Seat 4: Chessnok (big blind) folded before Flop


PokerStars Hand #150308669671:  Hold'em Limit ($3/$6 USD) - 2016/03/13 17:12:00 ET
Table 'Sophia' 6-max Seat #3 is the button
Seat 3: Adamantick ($7.09 in chips)
Seat 4: Chessnok ($124 in chips)
Adamantick: posts small blind $1
Chessnok: posts big blind $3
*** HOLE CARDS ***
Adamantick: raises $3 to $6
Chessnok: calls $3
*** FLOP *** [Kd Js 2c]
Chessnok: checks
Adamantick: bets $1.09 and is all-in
Chessnok: calls $1.09
*** TURN *** [Kd Js 2c] [Qs]
*** RIVER *** [Kd Js 2c Qs] [Qc]
*** SHOW DOWN ***
Chessnok: shows [Jc 7h] (two pair, Queens and Jacks)
Adamantick: shows [6s 2s] (two pair, Queens and Deuces)
Adamantick leaves the table
Chessnok collected $13.90 from pot
*** SUMMARY ***
Total pot $14.18 | Rake $0.28
Board [Kd Js 2c Qs Qc]
Seat 3: Adamantick (button) (small blind) showed [6s 2s] and lost with two pair, Queens and Deuces
Seat 4: Chessnok (big blind) showed [Jc 7h] and won ($13.90) with two pair, Queens and Jacks


PokerStars Hand #150309448300:  Hold'em Limit ($3/$6 USD) - 2016/03/13 17:24:21 ET
Table 'Sophia' 6-max Seat #4 is the button
Seat 4: Chessnok ($147.66 in chips)
Seat 5: bugsbubble ($93 in chips)
Chessnok: posts small blind $1
bugsbubble: posts big blind $3
*** HOLE CARDS ***
Chessnok: raises $3 to $6
bugsbubble: calls $3
*** FLOP *** [4s Js Td]
bugsbubble: checks
Chessnok: bets $3
bugsbubble: calls $3
*** TURN *** [4s Js Td] [Ac]
bugsbubble: checks
Chessnok: bets $6
bugsbubble: folds
Uncalled bet ($6) returned to Chessnok
Chessnok collected $17.64 from pot
Chessnok: doesn't show hand
*** SUMMARY ***
Total pot $18 | Rake $0.36
Board [4s Js Td Ac]
Seat 4: Chessnok (button) (small blind) collected ($17.64)
Seat 5: bugsbubble (big blind) folded on the Turn


PokerStars Hand #150309557899:  Hold'em Limit ($3/$6 USD) - 2016/03/13 17:26:06 ET
Table 'Sophia' 6-max Seat #5 is the button
Seat 1: Pete81 ($60 in chips)
Seat 5: bugsbubble ($84 in chips)
bugsbubble: posts small blind $1
Pete81: posts big blind $3
*** HOLE CARDS ***
bugsbubble: raises $3 to $6
Pete81: calls $3
*** FLOP *** [Kc 9s 9d]
Pete81: checks
bugsbubble: bets $3
Pete81: folds
Uncalled bet ($3) returned to bugsbubble
bugsbubble collected $11.76 from pot
bugsbubble: doesn't show hand
*** SUMMARY ***
Total pot $12 | Rake $0.24
Board [Kc 9s 9d]
Seat 1: Pete81 (big blind) folded on the Flop
Seat 5: bugsbubble (button) (small blind) collected ($11.76)


