PokerStars Hand #147275717378:  Hold'em Limit ($3/$6 USD) - 2016/01/18 16:34:42 ET
Table 'Sophrosyne' 2-max Seat #2 is the button
Seat 1: megaloh240 ($11.78 in chips)
Seat 2: elifnur2008 ($117.28 in chips)
elifnur2008: posts small blind $1
megaloh240: posts big blind $3
*** HOLE CARDS ***
elifnur2008: folds
Uncalled bet ($2) returned to megaloh240
megaloh240 collected $2 from pot
megaloh240: doesn't show hand
*** SUMMARY ***
Total pot $2 | Rake $0
Seat 1: megaloh240 (big blind) collected ($2)
Seat 2: elifnur2008 (button) (small blind) folded before Flop


PokerStars Hand #147275693817:  Hold'em Limit ($3/$6 USD) - 2016/01/18 16:34:20 ET
Table 'Sophrosyne' 2-max Seat #1 is the button
Seat 1: megaloh240 ($26.78 in chips)
Seat 2: elifnur2008 ($102.78 in chips)
megaloh240: posts small blind $1
elifnur2008: posts big blind $3
*** HOLE CARDS ***
megaloh240: raises $3 to $6
elifnur2008: calls $3
*** FLOP *** [8s 8d Td]
elifnur2008: checks
megaloh240: bets $3
elifnur2008: calls $3
*** TURN *** [8s 8d Td] [6d]
elifnur2008: checks
megaloh240: bets $6
elifnur2008: raises $6 to $12
megaloh240: folds
Uncalled bet ($6) returned to elifnur2008
elifnur2008 collected $29.50 from pot
elifnur2008: doesn't show hand
*** SUMMARY ***
Total pot $30 | Rake $0.50
Board [8s 8d Td 6d]
Seat 1: megaloh240 (button) (small blind) folded on the Turn
Seat 2: elifnur2008 (big blind) collected ($29.50)


PokerStars Hand #147275724562:  Hold'em Limit ($3/$6 USD) - 2016/01/18 16:34:48 ET
Table 'Sophrosyne' 2-max Seat #1 is the button
Seat 1: megaloh240 ($12.78 in chips)
Seat 2: elifnur2008 ($116.28 in chips)
megaloh240: posts small blind $1
elifnur2008: posts big blind $3
*** HOLE CARDS ***
megaloh240: raises $3 to $6
elifnur2008: calls $3
*** FLOP *** [Kc 3h Ts]
elifnur2008: checks
megaloh240: bets $3
elifnur2008: calls $3
*** TURN *** [Kc 3h Ts] [Ks]
elifnur2008: checks
megaloh240: checks
*** RIVER *** [Kc 3h Ts Ks] [Ad]
elifnur2008: checks
megaloh240: bets $3.78 and is all-in
elifnur2008: calls $3.78
*** SHOW DOWN ***
megaloh240: shows [7s 2c] (a pair of Kings)
elifnur2008: shows [Td 9c] (two pair, Kings and Tens)
elifnur2008 collected $25.06 from pot
*** SUMMARY ***
Total pot $25.56 | Rake $0.50
Board [Kc 3h Ts Ks Ad]
Seat 1: megaloh240 (button) (small blind) showed [7s 2c] and lost with a pair of Kings
Seat 2: elifnur2008 (big blind) showed [Td 9c] and won ($25.06) with two pair, Kings and Tens


PokerStars Hand #147275644328:  Hold'em Limit ($3/$6 USD) - 2016/01/18 16:33:35 ET
Table 'Sophrosyne' 2-max Seat #2 is the button
Seat 1: megaloh240 ($58.78 in chips)
Seat 2: elifnur2008 ($71.76 in chips)
elifnur2008: posts small blind $1
megaloh240: posts big blind $3
*** HOLE CARDS ***
elifnur2008: raises $3 to $6
megaloh240: calls $3
*** FLOP *** [Js Th 2d]
megaloh240: bets $3
elifnur2008: raises $3 to $6
megaloh240: calls $3
*** TURN *** [Js Th 2d] [8c]
megaloh240: checks
elifnur2008: bets $6
megaloh240: folds
Uncalled bet ($6) returned to elifnur2008
elifnur2008 collected $23.52 from pot
elifnur2008: doesn't show hand
*** SUMMARY ***
Total pot $24 | Rake $0.48
Board [Js Th 2d 8c]
Seat 1: megaloh240 (big blind) folded on the Turn
Seat 2: elifnur2008 (button) (small blind) collected ($23.52)


PokerStars Hand #147276559025:  Hold'em Limit ($3/$6 USD) - 2016/01/18 16:47:34 ET
Table 'Sophrosyne' 2-max Seat #1 is the button
Seat 1: yayalo44 ($49.08 in chips)
Seat 2: elifnur2008 ($120.56 in chips)
yayalo44: posts small blind $1
elifnur2008: posts big blind $3
*** HOLE CARDS ***
yayalo44: raises $3 to $6
elifnur2008: raises $3 to $9
yayalo44: raises $3 to $12
Betting is capped
elifnur2008: calls $3
*** FLOP *** [Jd 7d 4c]
elifnur2008: bets $3
yayalo44: raises $3 to $6
elifnur2008: raises $3 to $9
yayalo44: raises $3 to $12
Betting is capped
elifnur2008: calls $3
*** TURN *** [Jd 7d 4c] [Kc]
elifnur2008: bets $6
yayalo44: raises $6 to $12
elifnur2008: calls $6
*** RIVER *** [Jd 7d 4c Kc] [Qh]
elifnur2008: checks
yayalo44: bets $6
elifnur2008: folds
Uncalled bet ($6) returned to yayalo44
yayalo44 collected $71.50 from pot
yayalo44: doesn't show hand
*** SUMMARY ***
Total pot $72 | Rake $0.50
Board [Jd 7d 4c Kc Qh]
Seat 1: yayalo44 (button) (small blind) collected ($71.50)
Seat 2: elifnur2008 (big blind) folded on the River


PokerStars Hand #147276669442:  Hold'em Limit ($3/$6 USD) - 2016/01/18 16:49:05 ET
Table 'Sophrosyne' 2-max Seat #2 is the button
Seat 1: yayalo44 ($18.78 in chips)
Seat 2: elifnur2008 ($148.74 in chips)
elifnur2008: posts small blind $1
yayalo44: posts big blind $3
*** HOLE CARDS ***
elifnur2008: raises $3 to $6
yayalo44: calls $3
*** FLOP *** [Jh 4s Ts]
yayalo44: checks
elifnur2008: bets $3
yayalo44: folds
Uncalled bet ($3) returned to elifnur2008
elifnur2008 collected $11.76 from pot
elifnur2008: doesn't show hand
*** SUMMARY ***
Total pot $12 | Rake $0.24
Board [Jh 4s Ts]
Seat 1: yayalo44 (big blind) folded on the Flop
Seat 2: elifnur2008 (button) (small blind) collected ($11.76)


PokerStars Hand #147276650833:  Hold'em Limit ($3/$6 USD) - 2016/01/18 16:48:50 ET
Table 'Sophrosyne' 2-max Seat #1 is the button
Seat 1: yayalo44 ($9.58 in chips)
Seat 2: elifnur2008 ($158.32 in chips)
yayalo44: posts small blind $1
elifnur2008: posts big blind $3
*** HOLE CARDS ***
yayalo44: raises $3 to $6
elifnur2008: calls $3
*** FLOP *** [4c 8h 9c]
elifnur2008: checks
yayalo44: bets $3
elifnur2008: raises $3 to $6
yayalo44: calls $0.58 and is all-in
Uncalled bet ($2.42) returned to elifnur2008
*** TURN *** [4c 8h 9c] [9s]
*** RIVER *** [4c 8h 9c 9s] [Kh]
*** SHOW DOWN ***
elifnur2008: shows [Tc Js] (a pair of Nines)
yayalo44: shows [6s Qc] (a pair of Nines - King+Queen kicker)
yayalo44 collected $18.78 from pot
*** SUMMARY ***
Total pot $19.16 | Rake $0.38
Board [4c 8h 9c 9s Kh]
Seat 1: yayalo44 (button) (small blind) showed [6s Qc] and won ($18.78) with a pair of Nines
Seat 2: elifnur2008 (big blind) showed [Tc Js] and lost with a pair of Nines


PokerStars Hand #147276639166:  Hold'em Limit ($3/$6 USD) - 2016/01/18 16:48:40 ET
Table 'Sophrosyne' 2-max Seat #2 is the button
Seat 1: yayalo44 ($15.58 in chips)
Seat 2: elifnur2008 ($152.56 in chips)
elifnur2008: posts small blind $1
yayalo44: posts big blind $3
*** HOLE CARDS ***
elifnur2008: raises $3 to $6
yayalo44: calls $3
*** FLOP *** [Kh 6c Ac]
yayalo44: checks
elifnur2008: bets $3
yayalo44: folds
Uncalled bet ($3) returned to elifnur2008
elifnur2008 collected $11.76 from pot
elifnur2008: doesn't show hand
*** SUMMARY ***
Total pot $12 | Rake $0.24
Board [Kh 6c Ac]
Seat 1: yayalo44 (big blind) folded on the Flop
Seat 2: elifnur2008 (button) (small blind) collected ($11.76)


PokerStars Hand #147276613425:  Hold'em Limit ($3/$6 USD) - 2016/01/18 16:48:19 ET
Table 'Sophrosyne' 2-max Seat #1 is the button
Seat 1: yayalo44 ($60.58 in chips)
Seat 2: elifnur2008 ($108.06 in chips)
yayalo44: posts small blind $1
elifnur2008: posts big blind $3
*** HOLE CARDS ***
yayalo44: raises $3 to $6
elifnur2008: raises $3 to $9
yayalo44: raises $3 to $12
Betting is capped
elifnur2008: calls $3
*** FLOP *** [4s 9s Tc]
elifnur2008: checks
yayalo44: bets $3
elifnur2008: calls $3
*** TURN *** [4s 9s Tc] [Th]
elifnur2008: checks
yayalo44: bets $6
elifnur2008: calls $6
*** RIVER *** [4s 9s Tc Th] [4h]
elifnur2008: checks
yayalo44: bets $6
elifnur2008: raises $6 to $12
yayalo44: raises $6 to $18
elifnur2008: raises $6 to $24
Betting is capped
yayalo44: calls $6
*** SHOW DOWN ***
elifnur2008: shows [Qs Td] (a full house, Tens full of Fours)
yayalo44: mucks hand
elifnur2008 collected $89.50 from pot
*** SUMMARY ***
Total pot $90 | Rake $0.50
Board [4s 9s Tc Th 4h]
Seat 1: yayalo44 (button) (small blind) mucked
Seat 2: elifnur2008 (big blind) showed [Qs Td] and won ($89.50) with a full house, Tens full of Fours


PokerStars Hand #147276585262:  Hold'em Limit ($3/$6 USD) - 2016/01/18 16:47:56 ET
Table 'Sophrosyne' 2-max Seat #2 is the button
Seat 1: yayalo44 ($84.58 in chips)
Seat 2: elifnur2008 ($84.56 in chips)
elifnur2008: posts small blind $1
yayalo44: posts big blind $3
*** HOLE CARDS ***
elifnur2008: raises $3 to $6
yayalo44: raises $3 to $9
elifnur2008: calls $3
*** FLOP *** [2s Kh Jd]
yayalo44: bets $3
elifnur2008: calls $3
*** TURN *** [2s Kh Jd] [Ks]
yayalo44: bets $6
elifnur2008: raises $6 to $12
yayalo44: calls $6
*** RIVER *** [2s Kh Jd Ks] [8c]
yayalo44: checks
elifnur2008: bets $6
yayalo44: folds
Uncalled bet ($6) returned to elifnur2008
elifnur2008 collected $47.50 from pot
elifnur2008: doesn't show hand
*** SUMMARY ***
Total pot $48 | Rake $0.50
Board [2s Kh Jd Ks 8c]
Seat 1: yayalo44 (big blind) folded on the River
Seat 2: elifnur2008 (button) (small blind) collected ($47.50)


PokerStars Hand #147276687510:  Hold'em Limit ($3/$6 USD) - 2016/01/18 16:49:20 ET
Table 'Sophrosyne' 2-max Seat #2 is the button
Seat 1: yayalo44 ($11.78 in chips)
Seat 2: elifnur2008 ($155.50 in chips)
elifnur2008: posts small blind $1
yayalo44: posts big blind $3
*** HOLE CARDS ***
elifnur2008: raises $3 to $6
yayalo44: calls $3
*** FLOP *** [Qc 3s Qd]
yayalo44: checks
elifnur2008: bets $3
yayalo44: raises $2.78 to $5.78 and is all-in
elifnur2008: calls $2.78
*** TURN *** [Qc 3s Qd] [8c]
*** RIVER *** [Qc 3s Qd 8c] [5d]
*** SHOW DOWN ***
yayalo44: shows [Ks 9h] (a pair of Queens)
elifnur2008: shows [Qs Tc] (three of a kind, Queens)
elifnur2008 collected $23.09 from pot
*** SUMMARY ***
Total pot $23.56 | Rake $0.47
Board [Qc 3s Qd 8c 5d]
Seat 1: yayalo44 (big blind) showed [Ks 9h] and lost with a pair of Queens
Seat 2: elifnur2008 (button) (small blind) showed [Qs Tc] and won ($23.09) with three of a kind, Queens


PokerStars Hand #147276680747:  Hold'em Limit ($3/$6 USD) - 2016/01/18 16:49:15 ET
Table 'Sophrosyne' 2-max Seat #1 is the button
Seat 1: yayalo44 ($12.78 in chips)
Seat 2: elifnur2008 ($154.50 in chips)
yayalo44: posts small blind $1
elifnur2008: posts big blind $3
*** HOLE CARDS ***
yayalo44: folds
Uncalled bet ($2) returned to elifnur2008
elifnur2008 collected $2 from pot
elifnur2008: doesn't show hand
*** SUMMARY ***
Total pot $2 | Rake $0
Seat 1: yayalo44 (button) (small blind) folded before Flop
Seat 2: elifnur2008 (big blind) collected ($2)


