PokerStars Hand #158120440291:  Hold'em Limit ($3/$6 USD) - 2016/09/03 17:29:10 ET
Table 'Sorga' 6-max Seat #3 is the button
Seat 3: Sebra ($63 in chips)
Seat 4: AzureCaper ($77.76 in chips)
Sebra: posts small blind $1
AzureCaper: posts big blind $3
*** HOLE CARDS ***
Sebra: folds
Uncalled bet ($2) returned to AzureCaper
AzureCaper collected $2 from pot
AzureCaper: doesn't show hand
*** SUMMARY ***
Total pot $2 | Rake $0
Seat 3: Sebra (button) (small blind) folded before Flop
Seat 4: AzureCaper (big blind) collected ($2)


PokerStars Hand #158120444199:  Hold'em Limit ($3/$6 USD) - 2016/09/03 17:29:16 ET
Table 'Sorga' 6-max Seat #4 is the button
Seat 3: Sebra ($62 in chips)
Seat 4: AzureCaper ($78.76 in chips)
AzureCaper: posts small blind $1
Sebra: posts big blind $3
*** HOLE CARDS ***
AzureCaper: raises $3 to $6
Sebra: folds
Uncalled bet ($3) returned to AzureCaper
AzureCaper collected $6 from pot
AzureCaper: doesn't show hand
*** SUMMARY ***
Total pot $6 | Rake $0
Seat 3: Sebra (big blind) folded before Flop
Seat 4: AzureCaper (button) (small blind) collected ($6)


PokerStars Hand #158120464645:  Hold'em Limit ($3/$6 USD) - 2016/09/03 17:29:45 ET
Table 'Sorga' 6-max Seat #4 is the button
Seat 3: Sebra ($64.76 in chips)
Seat 4: AzureCaper ($75.76 in chips)
AzureCaper: posts small blind $1
Sebra: posts big blind $3
*** HOLE CARDS ***
AzureCaper: folds
Uncalled bet ($2) returned to Sebra
Sebra collected $2 from pot
Sebra: doesn't show hand
*** SUMMARY ***
Total pot $2 | Rake $0
Seat 3: Sebra (big blind) collected ($2)
Seat 4: AzureCaper (button) (small blind) folded before Flop


PokerStars Hand #158120461452:  Hold'em Limit ($3/$6 USD) - 2016/09/03 17:29:40 ET
Table 'Sorga' 6-max Seat #3 is the button
Seat 3: Sebra ($65.76 in chips)
Seat 4: AzureCaper ($74.76 in chips)
Sebra: posts small blind $1
AzureCaper: posts big blind $3
*** HOLE CARDS ***
Sebra: folds
Uncalled bet ($2) returned to AzureCaper
AzureCaper collected $2 from pot
AzureCaper: doesn't show hand
*** SUMMARY ***
Total pot $2 | Rake $0
Seat 3: Sebra (button) (small blind) folded before Flop
Seat 4: AzureCaper (big blind) collected ($2)


PokerStars Hand #158120458290:  Hold'em Limit ($3/$6 USD) - 2016/09/03 17:29:36 ET
Table 'Sorga' 6-max Seat #4 is the button
Seat 3: Sebra ($64.76 in chips)
Seat 4: AzureCaper ($75.76 in chips)
AzureCaper: posts small blind $1
Sebra: posts big blind $3
*** HOLE CARDS ***
AzureCaper: folds
Uncalled bet ($2) returned to Sebra
Sebra collected $2 from pot
Sebra: doesn't show hand
*** SUMMARY ***
Total pot $2 | Rake $0
Seat 3: Sebra (big blind) collected ($2)
Seat 4: AzureCaper (button) (small blind) folded before Flop


PokerStars Hand #158120448097:  Hold'em Limit ($3/$6 USD) - 2016/09/03 17:29:21 ET
Table 'Sorga' 6-max Seat #3 is the button
Seat 3: Sebra ($59 in chips)
Seat 4: AzureCaper ($81.76 in chips)
Sebra: posts small blind $1
AzureCaper: posts big blind $3
*** HOLE CARDS ***
Sebra: raises $3 to $6
AzureCaper: calls $3
*** FLOP *** [7c 4h 9s]
AzureCaper: checks
Sebra: bets $3
AzureCaper: folds
Uncalled bet ($3) returned to Sebra
Sebra collected $11.76 from pot
Sebra: doesn't show hand
*** SUMMARY ***
Total pot $12 | Rake $0.24
Board [7c 4h 9s]
Seat 3: Sebra (button) (small blind) collected ($11.76)
Seat 4: AzureCaper (big blind) folded on the Flop


PokerStars Hand #158120509532:  Hold'em Limit ($3/$6 USD) - 2016/09/03 17:30:48 ET
Table 'Sorga' 6-max Seat #3 is the button
Seat 3: Sebra ($100.42 in chips)
Seat 4: AzureCaper ($72 in chips)
Sebra: posts small blind $1
AzureCaper: posts big blind $3
*** HOLE CARDS ***
Sebra: raises $3 to $6
AzureCaper: folds
Uncalled bet ($3) returned to Sebra
Sebra collected $6 from pot
Sebra: doesn't show hand
*** SUMMARY ***
Total pot $6 | Rake $0
Seat 3: Sebra (button) (small blind) collected ($6)
Seat 4: AzureCaper (big blind) folded before Flop


PokerStars Hand #158120492534:  Hold'em Limit ($3/$6 USD) - 2016/09/03 17:30:23 ET
Table 'Sorga' 6-max Seat #3 is the button
Seat 3: Sebra ($86.02 in chips)
Seat 4: AzureCaper ($72 in chips)
Sebra: posts small blind $1
AzureCaper: posts big blind $3
*** HOLE CARDS ***
Sebra: raises $3 to $6
AzureCaper: calls $3
*** FLOP *** [Kc 9d Jd]
AzureCaper: checks
Sebra: bets $3
AzureCaper: folds
Uncalled bet ($3) returned to Sebra
Sebra collected $11.76 from pot
Sebra: doesn't show hand
*** SUMMARY ***
Total pot $12 | Rake $0.24
Board [Kc 9d Jd]
Seat 3: Sebra (button) (small blind) collected ($11.76)
Seat 4: AzureCaper (big blind) folded on the Flop


PokerStars Hand #158120520908:  Hold'em Limit ($3/$6 USD) - 2016/09/03 17:31:04 ET
Table 'Sorga' 6-max Seat #3 is the button
Seat 3: Sebra ($109.18 in chips)
Seat 4: AzureCaper ($72 in chips)
Sebra: posts small blind $1
AzureCaper: posts big blind $3
*** HOLE CARDS ***
Sebra: raises $3 to $6
AzureCaper: calls $3
*** FLOP *** [Ah 5h 6s]
AzureCaper: checks
Sebra: bets $3
AzureCaper: raises $3 to $6
Sebra: calls $3
*** TURN *** [Ah 5h 6s] [3c]
AzureCaper: bets $6
Sebra: calls $6
*** RIVER *** [Ah 5h 6s 3c] [4h]
AzureCaper: bets $6
Sebra: calls $6
*** SHOW DOWN ***
AzureCaper: shows [4d 7d] (a straight, Three to Seven)
Sebra: mucks hand
AzureCaper collected $47.50 from pot
*** SUMMARY ***
Total pot $48 | Rake $0.50
Board [Ah 5h 6s 3c 4h]
Seat 3: Sebra (button) (small blind) mucked
Seat 4: AzureCaper (big blind) showed [4d 7d] and won ($47.50) with a straight, Three to Seven


PokerStars Hand #158120513696:  Hold'em Limit ($3/$6 USD) - 2016/09/03 17:30:54 ET
Table 'Sorga' 6-max Seat #4 is the button
Seat 3: Sebra ($103.42 in chips)
Seat 4: AzureCaper ($72 in chips)
AzureCaper: posts small blind $1
Sebra: posts big blind $3
*** HOLE CARDS ***
AzureCaper: raises $3 to $6
Sebra: calls $3
*** FLOP *** [8c 9c 6d]
Sebra: bets $3
AzureCaper: folds
Uncalled bet ($3) returned to Sebra
Sebra collected $11.76 from pot
Sebra: doesn't show hand
*** SUMMARY ***
Total pot $12 | Rake $0.24
Board [8c 9c 6d]
Seat 3: Sebra (big blind) collected ($11.76)
Seat 4: AzureCaper (button) (small blind) folded on the Flop


PokerStars Hand #158120537439:  Hold'em Limit ($3/$6 USD) - 2016/09/03 17:31:27 ET
Table 'Sorga' 6-max Seat #4 is the button
Seat 3: Sebra ($85.18 in chips)
Seat 4: AzureCaper ($95.50 in chips)
AzureCaper: posts small blind $1
Sebra: posts big blind $3
*** HOLE CARDS ***
AzureCaper: raises $3 to $6
Sebra: folds
Uncalled bet ($3) returned to AzureCaper
AzureCaper collected $6 from pot
AzureCaper: doesn't show hand
*** SUMMARY ***
Total pot $6 | Rake $0
Seat 3: Sebra (big blind) folded before Flop
Seat 4: AzureCaper (button) (small blind) collected ($6)


PokerStars Hand #158120577333:  Hold'em Limit ($3/$6 USD) - 2016/09/03 17:32:23 ET
Table 'Sorga' 6-max Seat #3 is the button
Seat 3: Sebra ($88.58 in chips)
Seat 4: AzureCaper ($91.14 in chips)
Sebra: posts small blind $1
AzureCaper: posts big blind $3
*** HOLE CARDS ***
Sebra: folds
Uncalled bet ($2) returned to AzureCaper
AzureCaper collected $2 from pot
AzureCaper: doesn't show hand
*** SUMMARY ***
Total pot $2 | Rake $0
Seat 3: Sebra (button) (small blind) folded before Flop
Seat 4: AzureCaper (big blind) collected ($2)


PokerStars Hand #158120573928:  Hold'em Limit ($3/$6 USD) - 2016/09/03 17:32:18 ET
Table 'Sorga' 6-max Seat #4 is the button
Seat 3: Sebra ($91.58 in chips)
Seat 4: AzureCaper ($88.14 in chips)
AzureCaper: posts small blind $1
Sebra: posts big blind $3
*** HOLE CARDS ***
AzureCaper: raises $3 to $6
Sebra: folds
Uncalled bet ($3) returned to AzureCaper
AzureCaper collected $6 from pot
AzureCaper: doesn't show hand
*** SUMMARY ***
Total pot $6 | Rake $0
Seat 3: Sebra (big blind) folded before Flop
Seat 4: AzureCaper (button) (small blind) collected ($6)


PokerStars Hand #158120565027:  Hold'em Limit ($3/$6 USD) - 2016/09/03 17:32:06 ET
Table 'Sorga' 6-max Seat #3 is the button
Seat 3: Sebra ($100.58 in chips)
Seat 4: AzureCaper ($79.50 in chips)
Sebra: posts small blind $1
AzureCaper: posts big blind $3
*** HOLE CARDS ***
Sebra: raises $3 to $6
AzureCaper: calls $3
*** FLOP *** [Th 5d 7s]
AzureCaper: checks
Sebra: bets $3
AzureCaper: raises $3 to $6
Sebra: folds
Uncalled bet ($3) returned to AzureCaper
AzureCaper collected $17.64 from pot
AzureCaper: doesn't show hand
*** SUMMARY ***
Total pot $18 | Rake $0.36
Board [Th 5d 7s]
Seat 3: Sebra (button) (small blind) folded on the Flop
Seat 4: AzureCaper (big blind) collected ($17.64)


PokerStars Hand #158120561890:  Hold'em Limit ($3/$6 USD) - 2016/09/03 17:32:01 ET
Table 'Sorga' 6-max Seat #4 is the button
Seat 3: Sebra ($99.58 in chips)
Seat 4: AzureCaper ($80.50 in chips)
AzureCaper: posts small blind $1
Sebra: posts big blind $3
*** HOLE CARDS ***
AzureCaper: folds
Uncalled bet ($2) returned to Sebra
Sebra collected $2 from pot
Sebra: doesn't show hand
*** SUMMARY ***
Total pot $2 | Rake $0
Seat 3: Sebra (big blind) collected ($2)
Seat 4: AzureCaper (button) (small blind) folded before Flop


PokerStars Hand #158120558536:  Hold'em Limit ($3/$6 USD) - 2016/09/03 17:31:56 ET
Table 'Sorga' 6-max Seat #3 is the button
Seat 3: Sebra ($96.58 in chips)
Seat 4: AzureCaper ($83.50 in chips)
Sebra: posts small blind $1
AzureCaper: posts big blind $3
*** HOLE CARDS ***
Sebra: raises $3 to $6
AzureCaper: folds
Uncalled bet ($3) returned to Sebra
Sebra collected $6 from pot
Sebra: doesn't show hand
*** SUMMARY ***
Total pot $6 | Rake $0
Seat 3: Sebra (button) (small blind) collected ($6)
Seat 4: AzureCaper (big blind) folded before Flop


PokerStars Hand #158120551993:  Hold'em Limit ($3/$6 USD) - 2016/09/03 17:31:47 ET
Table 'Sorga' 6-max Seat #4 is the button
Seat 3: Sebra ($87.94 in chips)
Seat 4: AzureCaper ($92.50 in chips)
AzureCaper: posts small blind $1
Sebra: posts big blind $3
*** HOLE CARDS ***
AzureCaper: raises $3 to $6
Sebra: raises $3 to $9
AzureCaper: calls $3
*** FLOP *** [5d Jd Ts]
Sebra: bets $3
AzureCaper: folds
Uncalled bet ($3) returned to Sebra
Sebra collected $17.64 from pot
Sebra: doesn't show hand
*** SUMMARY ***
Total pot $18 | Rake $0.36
Board [5d Jd Ts]
Seat 3: Sebra (big blind) collected ($17.64)
Seat 4: AzureCaper (button) (small blind) folded on the Flop


PokerStars Hand #158120607611:  Hold'em Limit ($3/$6 USD) - 2016/09/03 17:33:06 ET
Table 'Sorga' 6-max Seat #3 is the button
Seat 3: Sebra ($84.10 in chips)
Seat 4: AzureCaper ($94.54 in chips)
Sebra: posts small blind $1
AzureCaper: posts big blind $3
*** HOLE CARDS ***
Sebra: raises $3 to $6
AzureCaper: calls $3
*** FLOP *** [Ts 6h 8s]
AzureCaper: checks
Sebra: checks
*** TURN *** [Ts 6h 8s] [4h]
AzureCaper: bets $6
Sebra: calls $6
*** RIVER *** [Ts 6h 8s 4h] [Qh]
AzureCaper: checks
Sebra: bets $6
AzureCaper: folds
Uncalled bet ($6) returned to Sebra
Sebra collected $23.52 from pot
Sebra: doesn't show hand
*** SUMMARY ***
Total pot $24 | Rake $0.48
Board [Ts 6h 8s 4h Qh]
Seat 3: Sebra (button) (small blind) collected ($23.52)
Seat 4: AzureCaper (big blind) folded on the River


PokerStars Hand #158120593710:  Hold'em Limit ($3/$6 USD) - 2016/09/03 17:32:46 ET
Table 'Sorga' 6-max Seat #3 is the button
Seat 3: Sebra ($99.10 in chips)
Seat 4: AzureCaper ($80.14 in chips)
Sebra: posts small blind $1
AzureCaper: posts big blind $3
*** HOLE CARDS ***
Sebra: raises $3 to $6
AzureCaper: calls $3
*** FLOP *** [Qh As 3d]
AzureCaper: checks
Sebra: bets $3
AzureCaper: raises $3 to $6
Sebra: folds
Uncalled bet ($3) returned to AzureCaper
AzureCaper collected $17.64 from pot
AzureCaper: doesn't show hand
*** SUMMARY ***
Total pot $18 | Rake $0.36
Board [Qh As 3d]
Seat 3: Sebra (button) (small blind) folded on the Flop
Seat 4: AzureCaper (big blind) collected ($17.64)


PokerStars Hand #158120601580:  Hold'em Limit ($3/$6 USD) - 2016/09/03 17:32:57 ET
Table 'Sorga' 6-max Seat #4 is the button
Seat 3: Sebra ($90.10 in chips)
Seat 4: AzureCaper ($88.78 in chips)
AzureCaper: posts small blind $1
Sebra: posts big blind $3
*** HOLE CARDS ***
AzureCaper: raises $3 to $6
Sebra: calls $3
*** FLOP *** [Jc Ah Qh]
Sebra: checks
AzureCaper: bets $3
Sebra: folds
Uncalled bet ($3) returned to AzureCaper
AA_ILI joins the table at seat #5
AzureCaper collected $11.76 from pot
AzureCaper: doesn't show hand
*** SUMMARY ***
Total pot $12 | Rake $0.24
Board [Jc Ah Qh]
Seat 3: Sebra (big blind) folded on the Flop
Seat 4: AzureCaper (button) (small blind) collected ($11.76)


PokerStars Hand #158120580480:  Hold'em Limit ($3/$6 USD) - 2016/09/03 17:32:28 ET
Table 'Sorga' 6-max Seat #4 is the button
Seat 3: Sebra ($87.58 in chips)
Seat 4: AzureCaper ($92.14 in chips)
AzureCaper: posts small blind $1
Sebra: posts big blind $3
*** HOLE CARDS ***
AzureCaper: raises $3 to $6
Sebra: raises $3 to $9
AzureCaper: calls $3
*** FLOP *** [Tc 4c 9h]
Sebra: bets $3
AzureCaper: calls $3
*** TURN *** [Tc 4c 9h] [6d]
Sebra: bets $6
AzureCaper: folds
Uncalled bet ($6) returned to Sebra
Sebra collected $23.52 from pot
Sebra: doesn't show hand
*** SUMMARY ***
Total pot $24 | Rake $0.48
Board [Tc 4c 9h 6d]
Seat 3: Sebra (big blind) collected ($23.52)
Seat 4: AzureCaper (button) (small blind) folded on the Turn


