PokerStars Hand #147865053794:  Hold'em Limit ($3/$6 USD) - 2016/01/29 5:14:36 ET
Table 'Sorga II' 6-max Seat #2 is the button
Seat 2: frazerchi ($31 in chips)
Seat 3: BelSv ($78 in chips)
frazerchi: posts small blind $1
BelSv: posts big blind $3
*** HOLE CARDS ***
frazerchi: raises $3 to $6
BelSv: calls $3
*** FLOP *** [8d 2c Kh]
BelSv: checks
frazerchi: checks
*** TURN *** [8d 2c Kh] [9h]
BelSv: bets $6
frazerchi: folds
Uncalled bet ($6) returned to BelSv
BelSv collected $11.76 from pot
BelSv: doesn't show hand
*** SUMMARY ***
Total pot $12 | Rake $0.24
Board [8d 2c Kh 9h]
Seat 2: frazerchi (button) (small blind) folded on the Turn
Seat 3: BelSv (big blind) collected ($11.76)


PokerStars Hand #147865069236:  Hold'em Limit ($3/$6 USD) - 2016/01/29 5:15:08 ET
Table 'Sorga II' 6-max Seat #2 is the button
Seat 2: frazerchi ($48.50 in chips)
Seat 3: BelSv ($74.09 in chips)
frazerchi: posts small blind $1
BelSv: posts big blind $3
*** HOLE CARDS ***
frazerchi: calls $2
BelSv: raises $3 to $6
frazerchi: calls $3
*** FLOP *** [5c 6h 3c]
BelSv: bets $3
frazerchi: calls $3
*** TURN *** [5c 6h 3c] [9s]
BelSv: bets $6
frazerchi: calls $6
*** RIVER *** [5c 6h 3c 9s] [3d]
BelSv: bets $6
frazerchi: folds
Uncalled bet ($6) returned to BelSv
BelSv collected $29.50 from pot
BelSv: doesn't show hand
*** SUMMARY ***
Total pot $30 | Rake $0.50
Board [5c 6h 3c 9s 3d]
Seat 2: frazerchi (button) (small blind) folded on the River
Seat 3: BelSv (big blind) collected ($29.50)


PokerStars Hand #147865084098:  Hold'em Limit ($3/$6 USD) - 2016/01/29 5:15:38 ET
Table 'Sorga II' 6-max Seat #2 is the button
Seat 2: frazerchi ($30.50 in chips)
Seat 3: BelSv ($91.59 in chips)
frazerchi: posts small blind $1
BelSv: posts big blind $3
*** HOLE CARDS ***
frazerchi: folds
Uncalled bet ($2) returned to BelSv
BelSv collected $2 from pot
BelSv: doesn't show hand
*** SUMMARY ***
Total pot $2 | Rake $0
Seat 2: frazerchi (button) (small blind) folded before Flop
Seat 3: BelSv (big blind) collected ($2)


PokerStars Hand #147865086896:  Hold'em Limit ($3/$6 USD) - 2016/01/29 5:15:44 ET
Table 'Sorga II' 6-max Seat #3 is the button
Seat 2: frazerchi ($29.50 in chips)
Seat 3: BelSv ($92.59 in chips)
BelSv: posts small blind $1
frazerchi: posts big blind $3
*** HOLE CARDS ***
BelSv: raises $3 to $6
frazerchi: calls $3
*** FLOP *** [5h 3d 9c]
frazerchi: checks
BelSv: checks
*** TURN *** [5h 3d 9c] [5c]
frazerchi: bets $6
BelSv: calls $6
*** RIVER *** [5h 3d 9c 5c] [4s]
frazerchi: bets $6
BelSv: calls $6
*** SHOW DOWN ***
frazerchi: shows [6s Td] (a pair of Fives)
BelSv: shows [Ad Jd] (a pair of Fives - Ace kicker)
BelSv collected $35.50 from pot
*** SUMMARY ***
Total pot $36 | Rake $0.50
Board [5h 3d 9c 5c 4s]
Seat 2: frazerchi (big blind) showed [6s Td] and lost with a pair of Fives
Seat 3: BelSv (button) (small blind) showed [Ad Jd] and won ($35.50) with a pair of Fives


PokerStars Hand #147865126873:  Hold'em Limit ($3/$6 USD) - 2016/01/29 5:17:06 ET
Table 'Sorga II' 6-max Seat #3 is the button
Seat 2: frazerchi ($22.02 in chips)
Seat 3: BelSv ($98.35 in chips)
BelSv: posts small blind $1
frazerchi: posts big blind $3
*** HOLE CARDS ***
BelSv: raises $3 to $6
frazerchi: calls $3
*** FLOP *** [9d Jd 2h]
frazerchi: checks
BelSv: bets $3
frazerchi: raises $3 to $6
BelSv: calls $3
*** TURN *** [9d Jd 2h] [5s]
frazerchi: bets $6
BelSv: folds
Uncalled bet ($6) returned to frazerchi
frazerchi collected $23.52 from pot
frazerchi: doesn't show hand
*** SUMMARY ***
Total pot $24 | Rake $0.48
Board [9d Jd 2h 5s]
Seat 2: frazerchi (big blind) collected ($23.52)
Seat 3: BelSv (button) (small blind) folded on the Turn


PokerStars Hand #147865114115:  Hold'em Limit ($3/$6 USD) - 2016/01/29 5:16:40 ET
Table 'Sorga II' 6-max Seat #3 is the button
Seat 2: frazerchi ($33.02 in chips)
Seat 3: BelSv ($87.83 in chips)
BelSv: posts small blind $1
frazerchi: posts big blind $3
*** HOLE CARDS ***
BelSv: folds
Uncalled bet ($2) returned to frazerchi
frazerchi collected $2 from pot
frazerchi: doesn't show hand
*** SUMMARY ***
Total pot $2 | Rake $0
Seat 2: frazerchi (big blind) collected ($2)
Seat 3: BelSv (button) (small blind) folded before Flop


PokerStars Hand #147865111379:  Hold'em Limit ($3/$6 USD) - 2016/01/29 5:16:35 ET
Table 'Sorga II' 6-max Seat #2 is the button
Seat 2: frazerchi ($34.02 in chips)
Seat 3: BelSv ($86.83 in chips)
frazerchi: posts small blind $1
BelSv: posts big blind $3
*** HOLE CARDS ***
frazerchi: folds
Uncalled bet ($2) returned to BelSv
BelSv collected $2 from pot
BelSv: doesn't show hand
*** SUMMARY ***
Total pot $2 | Rake $0
Seat 2: frazerchi (button) (small blind) folded before Flop
Seat 3: BelSv (big blind) collected ($2)


PokerStars Hand #147865116824:  Hold'em Limit ($3/$6 USD) - 2016/01/29 5:16:46 ET
Table 'Sorga II' 6-max Seat #2 is the button
Seat 2: frazerchi ($34.02 in chips)
Seat 3: BelSv ($86.83 in chips)
frazerchi: posts small blind $1
BelSv: posts big blind $3
*** HOLE CARDS ***
frazerchi: raises $3 to $6
BelSv: raises $3 to $9
frazerchi: calls $3
*** FLOP *** [5s Jd 8d]
BelSv: bets $3
frazerchi: calls $3
*** TURN *** [5s Jd 8d] [9d]
BelSv: bets $6
frazerchi: folds
Uncalled bet ($6) returned to BelSv
BelSv collected $23.52 from pot
BelSv: doesn't show hand
*** SUMMARY ***
Total pot $24 | Rake $0.48
Board [5s Jd 8d 9d]
Seat 2: frazerchi (button) (small blind) folded on the Turn
Seat 3: BelSv (big blind) collected ($23.52)


PokerStars Hand #147865134717:  Hold'em Limit ($3/$6 USD) - 2016/01/29 5:17:23 ET
Table 'Sorga II' 6-max Seat #2 is the button
Seat 2: frazerchi ($33.54 in chips)
Seat 3: BelSv ($86.35 in chips)
frazerchi: posts small blind $1
BelSv: posts big blind $3
*** HOLE CARDS ***
frazerchi: raises $3 to $6
BelSv: folds
Uncalled bet ($3) returned to frazerchi
frazerchi collected $6 from pot
frazerchi: doesn't show hand
*** SUMMARY ***
Total pot $6 | Rake $0
Seat 2: frazerchi (button) (small blind) collected ($6)
Seat 3: BelSv (big blind) folded before Flop


PokerStars Hand #147865155150:  Hold'em Limit ($3/$6 USD) - 2016/01/29 5:18:05 ET
Table 'Sorga II' 6-max Seat #3 is the button
Seat 2: frazerchi ($42.04 in chips)
Seat 3: BelSv ($78 in chips)
BelSv: posts small blind $1
frazerchi: posts big blind $3
*** HOLE CARDS ***
BelSv: raises $3 to $6
frazerchi: calls $3
*** FLOP *** [9h Kh 4c]
frazerchi: checks
BelSv: bets $3
frazerchi: raises $3 to $6
BelSv: calls $3
*** TURN *** [9h Kh 4c] [5h]
frazerchi: bets $6
BelSv: calls $6
*** RIVER *** [9h Kh 4c 5h] [5s]
frazerchi: checks
BelSv: checks
*** SHOW DOWN ***
frazerchi: shows [Tc 8d] (a pair of Fives)
BelSv: shows [7d 9c] (two pair, Nines and Fives)
BelSv collected $35.50 from pot
*** SUMMARY ***
Total pot $36 | Rake $0.50
Board [9h Kh 4c 5h 5s]
Seat 2: frazerchi (big blind) showed [Tc 8d] and lost with a pair of Fives
Seat 3: BelSv (button) (small blind) showed [7d 9c] and won ($35.50) with two pair, Nines and Fives


PokerStars Hand #147865147331:  Hold'em Limit ($3/$6 USD) - 2016/01/29 5:17:49 ET
Table 'Sorga II' 6-max Seat #2 is the button
Seat 2: frazerchi ($27.54 in chips)
Seat 3: BelSv ($91.99 in chips)
frazerchi: posts small blind $1
BelSv: posts big blind $3
*** HOLE CARDS ***
frazerchi: raises $3 to $6
BelSv: raises $3 to $9
frazerchi: calls $3
*** FLOP *** [8c Ah Qs]
BelSv: bets $3
frazerchi: raises $3 to $6
BelSv: calls $3
*** TURN *** [8c Ah Qs] [3s]
BelSv: checks
frazerchi: bets $6
BelSv: folds
Uncalled bet ($6) returned to frazerchi
frazerchi collected $29.50 from pot
frazerchi: doesn't show hand
*** SUMMARY ***
Total pot $30 | Rake $0.50
Board [8c Ah Qs 3s]
Seat 2: frazerchi (button) (small blind) collected ($29.50)
Seat 3: BelSv (big blind) folded on the Turn


PokerStars Hand #147865188310:  Hold'em Limit ($3/$6 USD) - 2016/01/29 5:19:13 ET
Table 'Sorga II' 6-max Seat #2 is the button
Seat 2: frazerchi ($53.06 in chips)
Seat 3: BelSv ($78 in chips)
frazerchi: posts small blind $1
BelSv: posts big blind $3
*** HOLE CARDS ***
frazerchi: raises $3 to $6
BelSv: calls $3
*** FLOP *** [Ts 8d 2h]
BelSv: checks
frazerchi: checks
*** TURN *** [Ts 8d 2h] [2s]
BelSv: bets $6
frazerchi: calls $6
*** RIVER *** [Ts 8d 2h 2s] [9h]
BelSv: bets $6
frazerchi: calls $6
*** SHOW DOWN ***
BelSv: shows [8h 3h] (two pair, Eights and Deuces)
frazerchi: mucks hand
BelSv collected $35.50 from pot
*** SUMMARY ***
Total pot $36 | Rake $0.50
Board [Ts 8d 2h 2s 9h]
Seat 2: frazerchi (button) (small blind) mucked
Seat 3: BelSv (big blind) showed [8h 3h] and won ($35.50) with two pair, Eights and Deuces


PokerStars Hand #147865169449:  Hold'em Limit ($3/$6 USD) - 2016/01/29 5:18:34 ET
Table 'Sorga II' 6-max Seat #2 is the button
Seat 2: frazerchi ($24.04 in chips)
Seat 3: BelSv ($95.50 in chips)
frazerchi: posts small blind $1
BelSv: posts big blind $3
*** HOLE CARDS ***
frazerchi: raises $3 to $6
BelSv: calls $3
*** FLOP *** [Kh Td 4d]
BelSv: checks
frazerchi: bets $3
BelSv: raises $3 to $6
frazerchi: calls $3
*** TURN *** [Kh Td 4d] [Ac]
BelSv: checks
frazerchi: checks
*** RIVER *** [Kh Td 4d Ac] [Jd]
BelSv: checks
frazerchi: checks
*** SHOW DOWN ***
BelSv: shows [4c 3c] (a pair of Fours)
frazerchi: shows [5d 5s] (a pair of Fives)
frazerchi collected $23.52 from pot
*** SUMMARY ***
Total pot $24 | Rake $0.48
Board [Kh Td 4d Ac Jd]
Seat 2: frazerchi (button) (small blind) showed [5d 5s] and won ($23.52) with a pair of Fives
Seat 3: BelSv (big blind) showed [4c 3c] and lost with a pair of Fours


PokerStars Hand #147865180542:  Hold'em Limit ($3/$6 USD) - 2016/01/29 5:18:57 ET
Table 'Sorga II' 6-max Seat #3 is the button
Seat 2: frazerchi ($35.56 in chips)
Seat 3: BelSv ($83.50 in chips)
BelSv: posts small blind $1
frazerchi: posts big blind $3
*** HOLE CARDS ***
BelSv: raises $3 to $6
frazerchi: calls $3
*** FLOP *** [8s 8d Qc]
frazerchi: checks
BelSv: checks
*** TURN *** [8s 8d Qc] [Ad]
frazerchi: bets $6
BelSv: calls $6
*** RIVER *** [8s 8d Qc Ad] [3s]
frazerchi: bets $6
BelSv: calls $6
*** SHOW DOWN ***
frazerchi: shows [4h Qs] (two pair, Queens and Eights)
BelSv: mucks hand
frazerchi collected $35.50 from pot
*** SUMMARY ***
Total pot $36 | Rake $0.50
Board [8s 8d Qc Ad 3s]
Seat 2: frazerchi (big blind) showed [4h Qs] and won ($35.50) with two pair, Queens and Eights
Seat 3: BelSv (button) (small blind) mucked


PokerStars Hand #147865198402:  Hold'em Limit ($3/$6 USD) - 2016/01/29 5:19:34 ET
Table 'Sorga II' 6-max Seat #3 is the button
Seat 2: frazerchi ($35.06 in chips)
Seat 3: BelSv ($95.50 in chips)
BelSv: posts small blind $1
frazerchi: posts big blind $3
*** HOLE CARDS ***
BelSv: raises $3 to $6
frazerchi: calls $3
*** FLOP *** [Kh 5h Th]
frazerchi: checks
BelSv: checks
*** TURN *** [Kh 5h Th] [Kd]
frazerchi: bets $6
BelSv: calls $6
*** RIVER *** [Kh 5h Th Kd] [2c]
frazerchi: checks
BelSv: bets $6
frazerchi: folds
Uncalled bet ($6) returned to BelSv
BelSv collected $23.52 from pot
BelSv: doesn't show hand
*** SUMMARY ***
Total pot $24 | Rake $0.48
Board [Kh 5h Th Kd 2c]
Seat 2: frazerchi (big blind) folded on the River
Seat 3: BelSv (button) (small blind) collected ($23.52)


PokerStars Hand #147865208561:  Hold'em Limit ($3/$6 USD) - 2016/01/29 5:19:55 ET
Table 'Sorga II' 6-max Seat #2 is the button
Seat 2: frazerchi ($23.06 in chips)
Seat 3: BelSv ($107.02 in chips)
frazerchi: posts small blind $1
BelSv: posts big blind $3
*** HOLE CARDS ***
frazerchi: raises $3 to $6
BelSv: calls $3
*** FLOP *** [7h 5h 6c]
BelSv: checks
frazerchi: bets $3
BelSv: raises $3 to $6
frazerchi: raises $3 to $9
BelSv: raises $3 to $12
Betting is capped
frazerchi: calls $3
*** TURN *** [7h 5h 6c] [Jc]
BelSv: bets $6
frazerchi: calls $5.06 and is all-in
Uncalled bet ($0.94) returned to BelSv
*** RIVER *** [7h 5h 6c Jc] [9s]
*** SHOW DOWN ***
BelSv: shows [Kc 7d] (a pair of Sevens)
frazerchi: shows [Ah 4s] (high card Ace)
BelSv collected $45.62 from pot
*** SUMMARY ***
Total pot $46.12 | Rake $0.50
Board [7h 5h 6c Jc 9s]
Seat 2: frazerchi (button) (small blind) showed [Ah 4s] and lost with high card Ace
Seat 3: BelSv (big blind) showed [Kc 7d] and won ($45.62) with a pair of Sevens


PokerStars Hand #147865225860:  Hold'em Limit ($3/$6 USD) - 2016/01/29 5:20:30 ET
Table 'Sorga II' 6-max Seat #3 is the button
Seat 2: frazerchi ($30 in chips)
Seat 3: BelSv ($129.58 in chips)
BelSv: posts small blind $1
frazerchi: posts big blind $3
*** HOLE CARDS ***
BelSv: raises $3 to $6
frazerchi: calls $3
*** FLOP *** [Tc 3c 3s]
frazerchi: checks
BelSv: bets $3
frazerchi: calls $3
*** TURN *** [Tc 3c 3s] [Th]
frazerchi: checks
BelSv: checks
*** RIVER *** [Tc 3c 3s Th] [4s]
frazerchi: bets $6
BelSv: calls $6
*** SHOW DOWN ***
frazerchi: shows [3h Kh] (a full house, Threes full of Tens)
BelSv: mucks hand
frazerchi collected $29.50 from pot
*** SUMMARY ***
Total pot $30 | Rake $0.50
Board [Tc 3c 3s Th 4s]
Seat 2: frazerchi (big blind) showed [3h Kh] and won ($29.50) with a full house, Threes full of Tens
Seat 3: BelSv (button) (small blind) mucked


PokerStars Hand #147865235541:  Hold'em Limit ($3/$6 USD) - 2016/01/29 5:20:50 ET
Table 'Sorga II' 6-max Seat #2 is the button
Seat 2: frazerchi ($44.50 in chips)
Seat 3: BelSv ($114.58 in chips)
frazerchi: posts small blind $1
BelSv: posts big blind $3
*** HOLE CARDS ***
frazerchi: calls $2
Shara.Vi joins the table at seat #4
BelSv: checks
*** FLOP *** [7s 3c 6s]
Agrotait joins the table at seat #5
BelSv: checks
frazerchi: bets $3
BelSv: folds
Uncalled bet ($3) returned to frazerchi
frazerchi collected $5.88 from pot
frazerchi: doesn't show hand
*** SUMMARY ***
Total pot $6 | Rake $0.12
Board [7s 3c 6s]
Seat 2: frazerchi (button) (small blind) collected ($5.88)
Seat 3: BelSv (big blind) folded on the Flop


