PokerStars Hand #147384427289:  Hold'em Limit ($3/$6 USD) - 2016/01/20 15:34:07 ET
Table 'Soyuz-Apollo' 10-max Seat #7 is the button
Seat 2: Ottensen 82` ($80.50 in chips)
Seat 7: Pandakey ($99 in chips)
Pandakey: posts small blind $1
Ottensen 82`: posts big blind $3
*** HOLE CARDS ***
Pandakey: raises $3 to $6
Ottensen 82`: calls $3
*** FLOP *** [9h 4s 8s]
Ottensen 82`: checks
Pandakey: bets $3
SashaYuvelir joins the table at seat #3
Ottensen 82`: calls $3
*** TURN *** [9h 4s 8s] [Qc]
Ottensen 82`: checks
Pandakey: bets $6
Ottensen 82`: calls $6
*** RIVER *** [9h 4s 8s Qc] [Js]
Ottensen 82`: bets $6
Pandakey: calls $6
*** SHOW DOWN ***
Ottensen 82`: shows [Td Qs] (a straight, Eight to Queen)
Pandakey: mucks hand
Ottensen 82` collected $41.50 from pot
*** SUMMARY ***
Total pot $42 | Rake $0.50
Board [9h 4s 8s Qc Js]
Seat 2: Ottensen 82` (big blind) showed [Td Qs] and won ($41.50) with a straight, Eight to Queen
Seat 7: Pandakey (button) (small blind) mucked


PokerStars Hand #147384552170:  Hold'em Limit ($3/$6 USD) - 2016/01/20 15:36:02 ET
Table 'Soyuz-Apollo' 10-max Seat #3 is the button
Seat 3: SashaYuvelir ($33.69 in chips)
Seat 7: Pandakey ($78 in chips)
SashaYuvelir: posts small blind $1
Pandakey: posts big blind $3
*** HOLE CARDS ***
SashaYuvelir: raises $3 to $6
Pandakey: folds
Uncalled bet ($3) returned to SashaYuvelir
SashaYuvelir collected $6 from pot
SashaYuvelir: doesn't show hand
*** SUMMARY ***
Total pot $6 | Rake $0
Seat 3: SashaYuvelir (button) (small blind) collected ($6)
Seat 7: Pandakey (big blind) folded before Flop


PokerStars Hand #147384505694:  Hold'em Limit ($3/$6 USD) - 2016/01/20 15:35:19 ET
Table 'Soyuz-Apollo' 10-max Seat #7 is the button
Seat 3: SashaYuvelir ($36.69 in chips)
Seat 7: Pandakey ($75 in chips)
Pandakey: posts small blind $1
Ottensen 82`: is sitting out
SashaYuvelir: posts big blind $3
*** HOLE CARDS ***
Pandakey: raises $3 to $6
SashaYuvelir: folds
Uncalled bet ($3) returned to Pandakey
Pandakey collected $6 from pot
Pandakey: doesn't show hand
*** SUMMARY ***
Total pot $6 | Rake $0
Seat 3: SashaYuvelir (big blind) folded before Flop
Seat 7: Pandakey (button) (small blind) collected ($6)


