PokerStars Hand #171884583898:  Hold'em Limit ($3/$6 USD) - 2017/06/17 8:43:08 ET
Table 'Soyuz-Apollo' 6-max Seat #3 is the button
Seat 3: 19woody58 ($100.36 in chips)
Seat 4: Agrotait ($72 in chips)
19woody58: posts small blind $1
Agrotait: posts big blind $3
*** HOLE CARDS ***
19woody58: folds
Uncalled bet ($2) returned to Agrotait
Agrotait collected $2 from pot
Agrotait: doesn't show hand
*** SUMMARY ***
Total pot $2 | Rake $0
Seat 3: 19woody58 (button) (small blind) folded before Flop
Seat 4: Agrotait (big blind) collected ($2)


PokerStars Hand #171884588403:  Hold'em Limit ($3/$6 USD) - 2017/06/17 8:43:17 ET
Table 'Soyuz-Apollo' 6-max Seat #4 is the button
Seat 3: 19woody58 ($99.36 in chips)
Seat 4: Agrotait ($73 in chips)
Agrotait: posts small blind $1
19woody58: posts big blind $3
*** HOLE CARDS ***
Agrotait: raises $3 to $6
19woody58: folds
Uncalled bet ($3) returned to Agrotait
Agrotait collected $6 from pot
Agrotait: doesn't show hand
*** SUMMARY ***
Total pot $6 | Rake $0
Seat 3: 19woody58 (big blind) folded before Flop
Seat 4: Agrotait (button) (small blind) collected ($6)


PokerStars Hand #171884592782:  Hold'em Limit ($3/$6 USD) - 2017/06/17 8:43:25 ET
Table 'Soyuz-Apollo' 6-max Seat #3 is the button
Seat 3: 19woody58 ($96.36 in chips)
Seat 4: Agrotait ($76 in chips)
19woody58: posts small blind $1
Agrotait: posts big blind $3
*** HOLE CARDS ***
19woody58: raises $3 to $6
Agrotait: calls $3
*** FLOP *** [5c 6s Ah]
Agrotait: checks
19woody58: bets $3
Agrotait: calls $3
*** TURN *** [5c 6s Ah] [2c]
Agrotait: checks
19woody58: bets $6
Agrotait: calls $6
*** RIVER *** [5c 6s Ah 2c] [Ts]
Agrotait: checks
19woody58: bets $6
masterblstr8 joins the table at seat #5
Agrotait: folds
Uncalled bet ($6) returned to 19woody58
NewRocker joins the table at seat #2
19woody58 collected $29.50 from pot
*** SUMMARY ***
Total pot $30 | Rake $0.50
Board [5c 6s Ah 2c Ts]
Seat 3: 19woody58 (button) (small blind) collected ($29.50)
Seat 4: Agrotait (big blind) folded on the River


PokerStars Hand #171884869066:  Hold'em Limit ($3/$6 USD) - 2017/06/17 8:52:19 ET
Table 'Soyuz-Apollo' 6-max Seat #6 is the button
Seat 1: AzureCaper ($80.64 in chips)
Seat 6: nedo1414 ($97 in chips)
nedo1414: posts small blind $1
AzureCaper: posts big blind $3
*** HOLE CARDS ***
nedo1414: raises $3 to $6
AzureCaper: folds
Uncalled bet ($3) returned to nedo1414
nedo1414 collected $6 from pot
nedo1414: doesn't show hand
*** SUMMARY ***
Total pot $6 | Rake $0
Seat 1: AzureCaper (big blind) folded before Flop
Seat 6: nedo1414 (button) (small blind) collected ($6)


PokerStars Hand #171884857351:  Hold'em Limit ($3/$6 USD) - 2017/06/17 8:51:56 ET
Table 'Soyuz-Apollo' 6-max Seat #1 is the button
Seat 1: AzureCaper ($72 in chips)
Seat 6: nedo1414 ($106 in chips)
AzureCaper: posts small blind $1
masterblstr8: is sitting out
nedo1414: posts big blind $3
*** HOLE CARDS ***
AzureCaper: raises $3 to $6
nedo1414: calls $3
*** FLOP *** [2d 3h 2c]
nedo1414: checks
AzureCaper: bets $3
nedo1414: calls $3
*** TURN *** [2d 3h 2c] [Ac]
nedo1414: checks
AzureCaper: bets $6
nedo1414: folds
Uncalled bet ($6) returned to AzureCaper
AzureCaper collected $17.64 from pot
AzureCaper: doesn't show hand
*** SUMMARY ***
Total pot $18 | Rake $0.36
Board [2d 3h 2c Ac]
Seat 1: AzureCaper (button) (small blind) collected ($17.64)
Seat 6: nedo1414 (big blind) folded on the Turn


PokerStars Hand #171884878876:  Hold'em Limit ($3/$6 USD) - 2017/06/17 8:52:38 ET
Table 'Soyuz-Apollo' 6-max Seat #6 is the button
Seat 1: AzureCaper ($76.64 in chips)
Seat 6: nedo1414 ($101 in chips)
nedo1414: posts small blind $1
AzureCaper: posts big blind $3
*** HOLE CARDS ***
nedo1414: folds
Uncalled bet ($2) returned to AzureCaper
AzureCaper collected $2 from pot
AzureCaper: doesn't show hand
*** SUMMARY ***
Total pot $2 | Rake $0
Seat 1: AzureCaper (big blind) collected ($2)
Seat 6: nedo1414 (button) (small blind) folded before Flop


PokerStars Hand #171884876579:  Hold'em Limit ($3/$6 USD) - 2017/06/17 8:52:33 ET
Table 'Soyuz-Apollo' 6-max Seat #1 is the button
Seat 1: AzureCaper ($77.64 in chips)
Seat 6: nedo1414 ($100 in chips)
AzureCaper: posts small blind $1
nedo1414: posts big blind $3
*** HOLE CARDS ***
AzureCaper: folds
Uncalled bet ($2) returned to nedo1414
nedo1414 collected $2 from pot
nedo1414: doesn't show hand
*** SUMMARY ***
Total pot $2 | Rake $0
Seat 1: AzureCaper (button) (small blind) folded before Flop
Seat 6: nedo1414 (big blind) collected ($2)


PokerStars Hand #171884890553:  Hold'em Limit ($3/$6 USD) - 2017/06/17 8:53:00 ET
Table 'Soyuz-Apollo' 6-max Seat #6 is the button
Seat 1: AzureCaper ($83.40 in chips)
Seat 6: nedo1414 ($94 in chips)
nedo1414: posts small blind $1
AzureCaper: posts big blind $3
*** HOLE CARDS ***
nedo1414: raises $3 to $6
AzureCaper: calls $3
*** FLOP *** [6s 2c Qc]
AzureCaper: checks
nedo1414: bets $3
AzureCaper: raises $3 to $6
nedo1414: calls $3
*** TURN *** [6s 2c Qc] [Th]
AzureCaper: bets $6
nedo1414: calls $6
*** RIVER *** [6s 2c Qc Th] [Qh]
AzureCaper: bets $6
nedo1414: calls $6
*** SHOW DOWN ***
AzureCaper: shows [6c Ah] (two pair, Queens and Sixes)
nedo1414: mucks hand
AzureCaper collected $47.50 from pot
*** SUMMARY ***
Total pot $48 | Rake $0.50
Board [6s 2c Qc Th Qh]
Seat 1: AzureCaper (big blind) showed [6c Ah] and won ($47.50) with two pair, Queens and Sixes
Seat 6: nedo1414 (button) (small blind) mucked


PokerStars Hand #171884914121:  Hold'em Limit ($3/$6 USD) - 2017/06/17 8:53:46 ET
Table 'Soyuz-Apollo' 6-max Seat #1 is the button
Seat 1: AzureCaper ($91.90 in chips)
Seat 6: nedo1414 ($84.52 in chips)
AzureCaper: posts small blind $1
nedo1414: posts big blind $3
*** HOLE CARDS ***
AzureCaper: raises $3 to $6
nedo1414: folds
Uncalled bet ($3) returned to AzureCaper
AzureCaper collected $6 from pot
AzureCaper: doesn't show hand
*** SUMMARY ***
Total pot $6 | Rake $0
Seat 1: AzureCaper (button) (small blind) collected ($6)
Seat 6: nedo1414 (big blind) folded before Flop


PokerStars Hand #171884911237:  Hold'em Limit ($3/$6 USD) - 2017/06/17 8:53:40 ET
Table 'Soyuz-Apollo' 6-max Seat #6 is the button
Seat 1: AzureCaper ($94.90 in chips)
Seat 6: nedo1414 ($81.52 in chips)
nedo1414: posts small blind $1
AzureCaper: posts big blind $3
*** HOLE CARDS ***
nedo1414: raises $3 to $6
AzureCaper: folds
Uncalled bet ($3) returned to nedo1414
nedo1414 collected $6 from pot
nedo1414: doesn't show hand
*** SUMMARY ***
Total pot $6 | Rake $0
Seat 1: AzureCaper (big blind) folded before Flop
Seat 6: nedo1414 (button) (small blind) collected ($6)


PokerStars Hand #171884883531:  Hold'em Limit ($3/$6 USD) - 2017/06/17 8:52:47 ET
Table 'Soyuz-Apollo' 6-max Seat #1 is the button
Seat 1: AzureCaper ($77.64 in chips)
Seat 6: nedo1414 ($100 in chips)
AzureCaper: posts small blind $1
19woody58 was removed from the table for failing to post
nedo1414: posts big blind $3
*** HOLE CARDS ***
AzureCaper: raises $3 to $6
nedo1414: calls $3
*** FLOP *** [5h Ad Ac]
nedo1414: checks
AzureCaper: bets $3
nedo1414: folds
Uncalled bet ($3) returned to AzureCaper
AzureCaper collected $11.76 from pot
AzureCaper: doesn't show hand
*** SUMMARY ***
Total pot $12 | Rake $0.24
Board [5h Ad Ac]
Seat 1: AzureCaper (button) (small blind) collected ($11.76)
Seat 6: nedo1414 (big blind) folded on the Flop


PokerStars Hand #171884939221:  Hold'em Limit ($3/$6 USD) - 2017/06/17 8:54:34 ET
Table 'Soyuz-Apollo' 6-max Seat #1 is the button
Seat 1: AzureCaper ($97.40 in chips)
Seat 6: nedo1414 ($78.02 in chips)
AzureCaper: posts small blind $1
nedo1414: posts big blind $3
*** HOLE CARDS ***
AzureCaper: folds
Uncalled bet ($2) returned to nedo1414
nedo1414 collected $2 from pot
nedo1414: doesn't show hand
*** SUMMARY ***
Total pot $2 | Rake $0
Seat 1: AzureCaper (button) (small blind) folded before Flop
Seat 6: nedo1414 (big blind) collected ($2)


PokerStars Hand #171884927827:  Hold'em Limit ($3/$6 USD) - 2017/06/17 8:54:12 ET
Table 'Soyuz-Apollo' 6-max Seat #6 is the button
Seat 1: AzureCaper ($112.40 in chips)
Seat 6: nedo1414 ($63.52 in chips)
nedo1414: posts small blind $1
AzureCaper: posts big blind $3
*** HOLE CARDS ***
nedo1414: raises $3 to $6
AzureCaper: calls $3
*** FLOP *** [3d 2h 7s]
AzureCaper: checks
nedo1414: bets $3
AzureCaper: calls $3
*** TURN *** [3d 2h 7s] [4d]
AzureCaper: checks
nedo1414: bets $6
AzureCaper: calls $6
*** RIVER *** [3d 2h 7s 4d] [3s]
AzureCaper: checks
nedo1414: bets $6
AzureCaper: folds
Uncalled bet ($6) returned to nedo1414
nedo1414 collected $29.50 from pot
nedo1414: doesn't show hand
*** SUMMARY ***
Total pot $30 | Rake $0.50
Board [3d 2h 7s 4d 3s]
Seat 1: AzureCaper (big blind) folded on the River
Seat 6: nedo1414 (button) (small blind) collected ($29.50)


PokerStars Hand #171884941878:  Hold'em Limit ($3/$6 USD) - 2017/06/17 8:54:39 ET
Table 'Soyuz-Apollo' 6-max Seat #6 is the button
Seat 1: AzureCaper ($96.40 in chips)
Seat 6: nedo1414 ($79.02 in chips)
nedo1414: posts small blind $1
AzureCaper: posts big blind $3
*** HOLE CARDS ***
nedo1414: raises $3 to $6
AzureCaper: calls $3
*** FLOP *** [Th 2c Jc]
AzureCaper: checks
nedo1414: bets $3
AzureCaper: folds
Uncalled bet ($3) returned to nedo1414
nedo1414 collected $11.76 from pot
nedo1414: doesn't show hand
*** SUMMARY ***
Total pot $12 | Rake $0.24
Board [Th 2c Jc]
Seat 1: AzureCaper (big blind) folded on the Flop
Seat 6: nedo1414 (button) (small blind) collected ($11.76)


PokerStars Hand #171884919866:  Hold'em Limit ($3/$6 USD) - 2017/06/17 8:53:57 ET
Table 'Soyuz-Apollo' 6-max Seat #1 is the button
Seat 1: AzureCaper ($91.90 in chips)
Seat 6: nedo1414 ($84.52 in chips)
AzureCaper: posts small blind $1
nedo1414: posts big blind $3
*** HOLE CARDS ***
AzureCaper: raises $3 to $6
nedo1414: calls $3
*** FLOP *** [6c Jc Qc]
nedo1414: checks
AzureCaper: bets $3
nedo1414: calls $3
*** TURN *** [6c Jc Qc] [Jh]
nedo1414: checks
AzureCaper: bets $6
nedo1414: calls $6
*** RIVER *** [6c Jc Qc Jh] [7d]
nedo1414: checks
AzureCaper: bets $6
nedo1414: calls $6
*** SHOW DOWN ***
AzureCaper: shows [7h Kd] (two pair, Jacks and Sevens)
nedo1414: mucks hand
AzureCaper collected $41.50 from pot
*** SUMMARY ***
Total pot $42 | Rake $0.50
Board [6c Jc Qc Jh 7d]
Seat 1: AzureCaper (button) (small blind) showed [7h Kd] and won ($41.50) with two pair, Jacks and Sevens
Seat 6: nedo1414 (big blind) mucked


PokerStars Hand #171884916508:  Hold'em Limit ($3/$6 USD) - 2017/06/17 8:53:50 ET
Table 'Soyuz-Apollo' 6-max Seat #6 is the button
Seat 1: AzureCaper ($94.90 in chips)
Seat 6: nedo1414 ($81.52 in chips)
nedo1414: posts small blind $1
AzureCaper: posts big blind $3
*** HOLE CARDS ***
nedo1414: raises $3 to $6
AzureCaper: folds
Uncalled bet ($3) returned to nedo1414
nedo1414 collected $6 from pot
nedo1414: doesn't show hand
*** SUMMARY ***
Total pot $6 | Rake $0
Seat 1: AzureCaper (big blind) folded before Flop
Seat 6: nedo1414 (button) (small blind) collected ($6)


PokerStars Hand #171884955425:  Hold'em Limit ($3/$6 USD) - 2017/06/17 8:55:05 ET
Table 'Soyuz-Apollo' 6-max Seat #6 is the button
Seat 1: AzureCaper ($72 in chips)
Seat 6: nedo1414 ($105.28 in chips)
nedo1414: posts small blind $1
AzureCaper: posts big blind $3
*** HOLE CARDS ***
nedo1414: raises $3 to $6
AzureCaper: raises $3 to $9
nedo1414: calls $3
*** FLOP *** [7h 4h 8s]
AzureCaper: bets $3
nedo1414: raises $3 to $6
AzureCaper: calls $3
*** TURN *** [7h 4h 8s] [Ac]
AzureCaper: bets $6
nedo1414: calls $6
*** RIVER *** [7h 4h 8s Ac] [3d]
AzureCaper: bets $6
nedo1414: folds
Uncalled bet ($6) returned to AzureCaper
AzureCaper collected $41.50 from pot
AzureCaper: doesn't show hand
*** SUMMARY ***
Total pot $42 | Rake $0.50
Board [7h 4h 8s Ac 3d]
Seat 1: AzureCaper (big blind) collected ($41.50)
Seat 6: nedo1414 (button) (small blind) folded on the River


PokerStars Hand #171888444527:  Hold'em Limit ($3/$6 USD) - 2017/06/17 10:38:42 ET
Table 'Soyuz-Apollo' 6-max Seat #5 is the button
Seat 1: ABATAPP ($149.07 in chips)
Seat 5: EVBET ($254.25 in chips)
EVBET: posts small blind $1
ABATAPP: posts big blind $3
*** HOLE CARDS ***
EVBET: raises $3 to $6
kayway6 leaves the table
ABATAPP: calls $3
*** FLOP *** [Jh 5s 8d]
ABATAPP: checks
EVBET: bets $3
ABATAPP: raises $3 to $6
EVBET: raises $3 to $9
ABATAPP: raises $3 to $12
Betting is capped
EVBET: calls $3
*** TURN *** [Jh 5s 8d] [3h]
ABATAPP: checks
EVBET: bets $6
ABATAPP: raises $6 to $12
EVBET: calls $6
*** RIVER *** [Jh 5s 8d 3h] [Ad]
ABATAPP: bets $6
EVBET: calls $6
*** SHOW DOWN ***
ABATAPP: shows [5h 5c] (three of a kind, Fives)
EVBET: mucks hand
ABATAPP collected $71.50 from pot
*** SUMMARY ***
Total pot $72 | Rake $0.50
Board [Jh 5s 8d 3h Ad]
Seat 1: ABATAPP (big blind) showed [5h 5c] and won ($71.50) with three of a kind, Fives
Seat 5: EVBET (button) (small blind) mucked


PokerStars Hand #171888477706:  Hold'em Limit ($3/$6 USD) - 2017/06/17 10:39:37 ET
Table 'Soyuz-Apollo' 6-max Seat #1 is the button
Seat 1: ABATAPP ($184.57 in chips)
Seat 5: EVBET ($234 in chips)
ABATAPP: posts small blind $1
EVBET: posts big blind $3
*** HOLE CARDS ***
ABATAPP: raises $3 to $6
EVBET: calls $3
*** FLOP *** [5s 2s Jh]
EVBET: checks
TbIP-TbIP 88 leaves the table
ABATAPP: checks
*** TURN *** [5s 2s Jh] [Ts]
EVBET: checks
ABATAPP: bets $6
EVBET: folds
Uncalled bet ($6) returned to ABATAPP
ABATAPP collected $11.76 from pot
ABATAPP: doesn't show hand
*** SUMMARY ***
Total pot $12 | Rake $0.24
Board [5s 2s Jh Ts]
Seat 1: ABATAPP (button) (small blind) collected ($11.76)
Seat 5: EVBET (big blind) folded on the Turn


