PokerStars Hand #160887585595:  Hold'em Limit ($3/$6 USD) - 2016/11/04 11:24:27 ET
Table 'Soyuz-Apollo' 6-max Seat #3 is the button
Seat 3: denn69 ($62.77 in chips)
Seat 4: VolkovDmitri ($129.64 in chips)
denn69: posts small blind $1
VolkovDmitri: posts big blind $3
*** HOLE CARDS ***
denn69: raises $3 to $6
VolkovDmitri: calls $3
*** FLOP *** [9c Ah 2d]
VolkovDmitri: checks
denn69: bets $3
VolkovDmitri: raises $3 to $6
denn69: folds
Uncalled bet ($3) returned to VolkovDmitri
VolkovDmitri collected $17.64 from pot
VolkovDmitri: doesn't show hand
*** SUMMARY ***
Total pot $18 | Rake $0.36
Board [9c Ah 2d]
Seat 3: denn69 (button) (small blind) folded on the Flop
Seat 4: VolkovDmitri (big blind) collected ($17.64)


PokerStars Hand #160887598138:  Hold'em Limit ($3/$6 USD) - 2016/11/04 11:24:46 ET
Table 'Soyuz-Apollo' 6-max Seat #4 is the button
Seat 3: denn69 ($53.77 in chips)
Seat 4: VolkovDmitri ($138.28 in chips)
VolkovDmitri: posts small blind $1
denn69: posts big blind $3
*** HOLE CARDS ***
VolkovDmitri: raises $3 to $6
denn69: folds
Uncalled bet ($3) returned to VolkovDmitri
VolkovDmitri collected $6 from pot
VolkovDmitri: doesn't show hand
*** SUMMARY ***
Total pot $6 | Rake $0
Seat 3: denn69 (big blind) folded before Flop
Seat 4: VolkovDmitri (button) (small blind) collected ($6)


PokerStars Hand #160887625214:  Hold'em Limit ($3/$6 USD) - 2016/11/04 11:25:26 ET
Table 'Soyuz-Apollo' 6-max Seat #4 is the button
Seat 3: denn69 ($29.77 in chips)
Seat 4: VolkovDmitri ($161.78 in chips)
VolkovDmitri: posts small blind $1
denn69: posts big blind $3
*** HOLE CARDS ***
VolkovDmitri: raises $3 to $6
denn69: folds
Uncalled bet ($3) returned to VolkovDmitri
VolkovDmitri collected $6 from pot
*** SUMMARY ***
Total pot $6 | Rake $0
Seat 3: denn69 (big blind) folded before Flop
Seat 4: VolkovDmitri (button) (small blind) collected ($6)


PokerStars Hand #160887605332:  Hold'em Limit ($3/$6 USD) - 2016/11/04 11:24:57 ET
Table 'Soyuz-Apollo' 6-max Seat #3 is the button
Seat 3: denn69 ($50.77 in chips)
Seat 4: VolkovDmitri ($141.28 in chips)
denn69: posts small blind $1
VolkovDmitri: posts big blind $3
*** HOLE CARDS ***
denn69: raises $3 to $6
VolkovDmitri: calls $3
*** FLOP *** [8h 2c 4c]
VolkovDmitri: bets $3
denn69: raises $3 to $6
VolkovDmitri: raises $3 to $9
denn69: calls $3
*** TURN *** [8h 2c 4c] [Ts]
VolkovDmitri: bets $6
denn69: calls $6
*** RIVER *** [8h 2c 4c Ts] [4s]
VolkovDmitri: checks
denn69: checks
*** SHOW DOWN ***
VolkovDmitri: shows [8d Jh] (two pair, Eights and Fours)
denn69: mucks hand
VolkovDmitri collected $41.50 from pot
*** SUMMARY ***
Total pot $42 | Rake $0.50
Board [8h 2c 4c Ts 4s]
Seat 3: denn69 (button) (small blind) mucked
Seat 4: VolkovDmitri (big blind) showed [8d Jh] and won ($41.50) with two pair, Eights and Fours


PokerStars Hand #160887629019:  Hold'em Limit ($3/$6 USD) - 2016/11/04 11:25:31 ET
Table 'Soyuz-Apollo' 6-max Seat #3 is the button
Seat 3: denn69 ($26.77 in chips)
Seat 4: VolkovDmitri ($164.78 in chips)
denn69: posts small blind $1
VolkovDmitri: posts big blind $3
*** HOLE CARDS ***
denn69: raises $3 to $6
VolkovDmitri: folds
Uncalled bet ($3) returned to denn69
denn69 collected $6 from pot
denn69: doesn't show hand
*** SUMMARY ***
Total pot $6 | Rake $0
Seat 3: denn69 (button) (small blind) collected ($6)
Seat 4: VolkovDmitri (big blind) folded before Flop


PokerStars Hand #160887638055:  Hold'em Limit ($3/$6 USD) - 2016/11/04 11:25:45 ET
Table 'Soyuz-Apollo' 6-max Seat #4 is the button
Seat 3: denn69 ($29.77 in chips)
Seat 4: VolkovDmitri ($161.78 in chips)
VolkovDmitri: posts small blind $1
denn69: posts big blind $3
*** HOLE CARDS ***
VolkovDmitri: raises $3 to $6
denn69: calls $3
*** FLOP *** [9d Qs 4d]
denn69: checks
VolkovDmitri: bets $3
denn69: folds
Uncalled bet ($3) returned to VolkovDmitri
VolkovDmitri collected $11.76 from pot
*** SUMMARY ***
Total pot $12 | Rake $0.24
Board [9d Qs 4d]
Seat 3: denn69 (big blind) folded on the Flop
Seat 4: VolkovDmitri (button) (small blind) collected ($11.76)


PokerStars Hand #160887651221:  Hold'em Limit ($3/$6 USD) - 2016/11/04 11:26:04 ET
Table 'Soyuz-Apollo' 6-max Seat #3 is the button
Seat 3: denn69 ($23.77 in chips)
Seat 4: VolkovDmitri ($167.54 in chips)
denn69: posts small blind $1
denn69 said, "don't win a single hand"
VolkovDmitri: posts big blind $3
*** HOLE CARDS ***
denn69: raises $3 to $6
VolkovDmitri: calls $3
*** FLOP *** [Td 9h Kc]
VolkovDmitri: checks
denn69: bets $3
VolkovDmitri said, "congratz"
VolkovDmitri: calls $3
*** TURN *** [Td 9h Kc] [2h]
VolkovDmitri: checks
denn69: bets $6
VolkovDmitri: calls $6
*** RIVER *** [Td 9h Kc 2h] [7d]
VolkovDmitri: checks
denn69: bets $6
VolkovDmitri: calls $6
*** SHOW DOWN ***
denn69: shows [8d Th] (a pair of Tens)
VolkovDmitri: mucks hand
denn69 collected $41.50 from pot
*** SUMMARY ***
Total pot $42 | Rake $0.50
Board [Td 9h Kc 2h 7d]
Seat 3: denn69 (button) (small blind) showed [8d Th] and won ($41.50) with a pair of Tens
Seat 4: VolkovDmitri (big blind) mucked


PokerStars Hand #160887682698:  Hold'em Limit ($3/$6 USD) - 2016/11/04 11:26:50 ET
Table 'Soyuz-Apollo' 6-max Seat #4 is the button
Seat 3: denn69 ($44.27 in chips)
Seat 4: VolkovDmitri ($146.54 in chips)
VolkovDmitri: posts small blind $1
denn69: posts big blind $3
*** HOLE CARDS ***
VolkovDmitri: raises $3 to $6
denn69: raises $3 to $9
VolkovDmitri: calls $3
*** FLOP *** [Th Jd Ah]
denn69: bets $3
VolkovDmitri: folds
Uncalled bet ($3) returned to denn69
denn69 collected $17.64 from pot
denn69: doesn't show hand
*** SUMMARY ***
Total pot $18 | Rake $0.36
Board [Th Jd Ah]
Seat 3: denn69 (big blind) collected ($17.64)
Seat 4: VolkovDmitri (button) (small blind) folded on the Flop


PokerStars Hand #160887691704:  Hold'em Limit ($3/$6 USD) - 2016/11/04 11:27:03 ET
Table 'Soyuz-Apollo' 6-max Seat #3 is the button
Seat 3: denn69 ($52.91 in chips)
Seat 4: VolkovDmitri ($137.54 in chips)
denn69: posts small blind $1
VolkovDmitri: posts big blind $3
*** HOLE CARDS ***
denn69: raises $3 to $6
VolkovDmitri: folds
Uncalled bet ($3) returned to denn69
denn69 collected $6 from pot
denn69: doesn't show hand
*** SUMMARY ***
Total pot $6 | Rake $0
Seat 3: denn69 (button) (small blind) collected ($6)
Seat 4: VolkovDmitri (big blind) folded before Flop


PokerStars Hand #160887714336:  Hold'em Limit ($3/$6 USD) - 2016/11/04 11:27:37 ET
Table 'Soyuz-Apollo' 6-max Seat #3 is the button
Seat 3: denn69 ($37.91 in chips)
Seat 4: VolkovDmitri ($152.04 in chips)
denn69: posts small blind $1
VolkovDmitri: posts big blind $3
*** HOLE CARDS ***
denn69: folds
Uncalled bet ($2) returned to VolkovDmitri
VolkovDmitri collected $2 from pot
VolkovDmitri: doesn't show hand
*** SUMMARY ***
Total pot $2 | Rake $0
Seat 3: denn69 (button) (small blind) folded before Flop
Seat 4: VolkovDmitri (big blind) collected ($2)


PokerStars Hand #160887698406:  Hold'em Limit ($3/$6 USD) - 2016/11/04 11:27:13 ET
Table 'Soyuz-Apollo' 6-max Seat #4 is the button
Seat 3: denn69 ($55.91 in chips)
Seat 4: VolkovDmitri ($134.54 in chips)
VolkovDmitri: posts small blind $1
denn69: posts big blind $3
*** HOLE CARDS ***
VolkovDmitri: raises $3 to $6
denn69: raises $3 to $9
VolkovDmitri: calls $3
*** FLOP *** [Qc 7h Js]
denn69: checks
VolkovDmitri: bets $3
denn69: calls $3
*** TURN *** [Qc 7h Js] [9h]
denn69: checks
VolkovDmitri: bets $6
denn69: calls $6
*** RIVER *** [Qc 7h Js 9h] [Kh]
denn69: checks
VolkovDmitri: checks
*** SHOW DOWN ***
denn69: shows [Ac 7c] (a pair of Sevens)
VolkovDmitri: shows [5h Qd] (a pair of Queens)
VolkovDmitri collected $35.50 from pot
*** SUMMARY ***
Total pot $36 | Rake $0.50
Board [Qc 7h Js 9h Kh]
Seat 3: denn69 (big blind) showed [Ac 7c] and lost with a pair of Sevens
Seat 4: VolkovDmitri (button) (small blind) showed [5h Qd] and won ($35.50) with a pair of Queens


PokerStars Hand #160887717684:  Hold'em Limit ($3/$6 USD) - 2016/11/04 11:27:42 ET
Table 'Soyuz-Apollo' 6-max Seat #4 is the button
Seat 3: denn69 ($36.91 in chips)
Seat 4: VolkovDmitri ($153.04 in chips)
VolkovDmitri: posts small blind $1
denn69: posts big blind $3
*** HOLE CARDS ***
VolkovDmitri: raises $3 to $6
denn69: raises $3 to $9
VolkovDmitri: calls $3
*** FLOP *** [5d 7s 8h]
denn69: bets $3
VolkovDmitri: calls $3
*** TURN *** [5d 7s 8h] [5c]
denn69: bets $6
VolkovDmitri: calls $6
*** RIVER *** [5d 7s 8h 5c] [9s]
denn69: checks
VolkovDmitri: bets $6
denn69: calls $6
*** SHOW DOWN ***
VolkovDmitri: shows [9h Qd] (two pair, Nines and Fives)
denn69: mucks hand
VolkovDmitri collected $47.50 from pot
*** SUMMARY ***
Total pot $48 | Rake $0.50
Board [5d 7s 8h 5c 9s]
Seat 3: denn69 (big blind) mucked
Seat 4: VolkovDmitri (button) (small blind) showed [9h Qd] and won ($47.50) with two pair, Nines and Fives


PokerStars Hand #160887733486:  Hold'em Limit ($3/$6 USD) - 2016/11/04 11:28:05 ET
Table 'Soyuz-Apollo' 6-max Seat #3 is the button
Seat 3: denn69 ($12.91 in chips)
Seat 4: VolkovDmitri ($176.54 in chips)
denn69: posts small blind $1
VolkovDmitri: posts big blind $3
*** HOLE CARDS ***
denn69: folds
Uncalled bet ($2) returned to VolkovDmitri
VolkovDmitri collected $2 from pot
VolkovDmitri: doesn't show hand
*** SUMMARY ***
Total pot $2 | Rake $0
Seat 3: denn69 (button) (small blind) folded before Flop
Seat 4: VolkovDmitri (big blind) collected ($2)


PokerStars Hand #160887737045:  Hold'em Limit ($3/$6 USD) - 2016/11/04 11:28:10 ET
Table 'Soyuz-Apollo' 6-max Seat #4 is the button
Seat 3: denn69 ($11.91 in chips)
Seat 4: VolkovDmitri ($177.54 in chips)
VolkovDmitri: posts small blind $1
denn69: posts big blind $3
*** HOLE CARDS ***
VolkovDmitri: raises $3 to $6
denn69: folds
Uncalled bet ($3) returned to VolkovDmitri
VolkovDmitri collected $6 from pot
VolkovDmitri: doesn't show hand
*** SUMMARY ***
Total pot $6 | Rake $0
Seat 3: denn69 (big blind) folded before Flop
Seat 4: VolkovDmitri (button) (small blind) collected ($6)


PokerStars Hand #160887741504:  Hold'em Limit ($3/$6 USD) - 2016/11/04 11:28:17 ET
Table 'Soyuz-Apollo' 6-max Seat #3 is the button
Seat 3: denn69 ($8.91 in chips)
Seat 4: VolkovDmitri ($180.54 in chips)
denn69: posts small blind $1
VolkovDmitri: posts big blind $3
*** HOLE CARDS ***
denn69: raises $3 to $6
VolkovDmitri: raises $3 to $9
denn69: calls $2.91 and is all-in
Uncalled bet ($0.09) returned to VolkovDmitri
*** FLOP *** [Kd 6d 9d]
*** TURN *** [Kd 6d 9d] [Qs]
*** RIVER *** [Kd 6d 9d Qs] [2d]
*** SHOW DOWN ***
VolkovDmitri: shows [8h 8c] (a pair of Eights)
denn69: shows [5s 6h] (a pair of Sixes)
VolkovDmitri collected $17.46 from pot
*** SUMMARY ***
Total pot $17.82 | Rake $0.36
Board [Kd 6d 9d Qs 2d]
Seat 3: denn69 (button) (small blind) showed [5s 6h] and lost with a pair of Sixes
Seat 4: VolkovDmitri (big blind) showed [8h 8c] and won ($17.46) with a pair of Eights


