PokerStars Hand #150757056933:  Hold'em Limit ($3/$6 USD) - 2016/03/22 11:23:38 ET
Table 'Soyuz-Apollo' 6-max Seat #3 is the button
Seat 3: xKronic2k11 ($56.15 in chips)
Seat 4: TbIP-TbIP 88 ($72 in chips)
xKronic2k11: posts small blind $1
vestimokrec joins the table at seat #5
TbIP-TbIP 88: posts big blind $3
*** HOLE CARDS ***
xKronic2k11: raises $3 to $6
TbIP-TbIP 88: calls $3
*** FLOP *** [Td 4d 6h]
TbIP-TbIP 88: checks
xKronic2k11: checks
*** TURN *** [Td 4d 6h] [4s]
TbIP-TbIP 88: checks
xKronic2k11: checks
*** RIVER *** [Td 4d 6h 4s] [6c]
TbIP-TbIP 88: checks
xKronic2k11: bets $6
TbIP-TbIP 88: calls $6
*** SHOW DOWN ***
xKronic2k11: shows [Tc 5s] (two pair, Tens and Sixes)
TbIP-TbIP 88: mucks hand
xKronic2k11 collected $23.52 from pot
*** SUMMARY ***
Total pot $24 | Rake $0.48
Board [Td 4d 6h 4s 6c]
Seat 3: xKronic2k11 (button) (small blind) showed [Tc 5s] and won ($23.52) with two pair, Tens and Sixes
Seat 4: TbIP-TbIP 88 (big blind) mucked


PokerStars Hand #150758829333:  Hold'em Limit ($3/$6 USD) - 2016/03/22 12:04:20 ET
Table 'Soyuz-Apollo' 6-max Seat #1 is the button
Seat 1: HAL9QQQ ($179.50 in chips)
Seat 6: viviangle ($182.21 in chips)
HAL9QQQ: posts small blind $1
craaa: is sitting out
viviangle: posts big blind $3
*** HOLE CARDS ***
HAL9QQQ: raises $3 to $6
viviangle: folds
Uncalled bet ($3) returned to HAL9QQQ
HAL9QQQ collected $6 from pot
HAL9QQQ: doesn't show hand
*** SUMMARY ***
Total pot $6 | Rake $0
Seat 1: HAL9QQQ (button) (small blind) collected ($6)
Seat 6: viviangle (big blind) folded before Flop


