PokerStars Hand #151177431342:  Hold'em Limit ($3/$6 USD) - 2016/03/30 14:46:10 ET
Table 'Soyuz-Apollo' 6-max Seat #6 is the button
Seat 1: TbIP-TbIP 88 ($72 in chips)
Seat 6: Siwy56 ($120 in chips)
Siwy56: posts small blind $1
TbIP-TbIP 88: posts big blind $3
*** HOLE CARDS ***
Siwy56: calls $2
TbIP-TbIP 88: checks
*** FLOP *** [Ks 2h Qs]
TbIP-TbIP 88: checks
Siwy56: bets $3
TbIP-TbIP 88: folds
Uncalled bet ($3) returned to Siwy56
Siwy56 collected $5.88 from pot
Siwy56: doesn't show hand
*** SUMMARY ***
Total pot $6 | Rake $0.12
Board [Ks 2h Qs]
Seat 1: TbIP-TbIP 88 (big blind) folded on the Flop
Seat 6: Siwy56 (button) (small blind) collected ($5.88)


PokerStars Hand #151177503012:  Hold'em Limit ($3/$6 USD) - 2016/03/30 14:47:23 ET
Table 'Soyuz-Apollo' 6-max Seat #6 is the button
Seat 1: TbIP-TbIP 88 ($72 in chips)
Seat 6: Siwy56 ($131.52 in chips)
Siwy56: posts small blind $1
TbIP-TbIP 88: posts big blind $3
*** HOLE CARDS ***
Siwy56: folds
Uncalled bet ($2) returned to TbIP-TbIP 88
TbIP-TbIP 88 collected $2 from pot
TbIP-TbIP 88: doesn't show hand
*** SUMMARY ***
Total pot $2 | Rake $0
Seat 1: TbIP-TbIP 88 (big blind) collected ($2)
Seat 6: Siwy56 (button) (small blind) folded before Flop


PokerStars Hand #151177457577:  Hold'em Limit ($3/$6 USD) - 2016/03/30 14:46:37 ET
Table 'Soyuz-Apollo' 6-max Seat #1 is the button
Seat 1: TbIP-TbIP 88 ($72 in chips)
Seat 6: Siwy56 ($122.88 in chips)
TbIP-TbIP 88: posts small blind $1
Siwy56: posts big blind $3
*** HOLE CARDS ***
TbIP-TbIP 88: raises $3 to $6
Siwy56: calls $3
*** FLOP *** [Js 6d Kh]
Siwy56: checks
TbIP-TbIP 88: bets $3
Siwy56: calls $3
*** TURN *** [Js 6d Kh] [7h]
Siwy56: checks
TbIP-TbIP 88: checks
*** RIVER *** [Js 6d Kh 7h] [Qc]
Siwy56: bets $6
TbIP-TbIP 88: folds
Uncalled bet ($6) returned to Siwy56
Siwy56 collected $17.64 from pot
Siwy56: doesn't show hand
*** SUMMARY ***
Total pot $18 | Rake $0.36
Board [Js 6d Kh 7h Qc]
Seat 1: TbIP-TbIP 88 (button) (small blind) folded on the River
Seat 6: Siwy56 (big blind) collected ($17.64)


PokerStars Hand #151177507884:  Hold'em Limit ($3/$6 USD) - 2016/03/30 14:47:28 ET
Table 'Soyuz-Apollo' 6-max Seat #1 is the button
Seat 1: TbIP-TbIP 88 ($73 in chips)
Seat 6: Siwy56 ($130.52 in chips)
TbIP-TbIP 88: posts small blind $1
Siwy56: posts big blind $3
*** HOLE CARDS ***
TbIP-TbIP 88: folds
Uncalled bet ($2) returned to Siwy56
Siwy56 collected $2 from pot
Siwy56: doesn't show hand
*** SUMMARY ***
Total pot $2 | Rake $0
Seat 1: TbIP-TbIP 88 (button) (small blind) folded before Flop
Seat 6: Siwy56 (big blind) collected ($2)


PokerStars Hand #151177512306:  Hold'em Limit ($3/$6 USD) - 2016/03/30 14:47:33 ET
Table 'Soyuz-Apollo' 6-max Seat #6 is the button
Seat 1: TbIP-TbIP 88 ($72 in chips)
Seat 6: Siwy56 ($131.52 in chips)
Siwy56: posts small blind $1
TbIP-TbIP 88: posts big blind $3
*** HOLE CARDS ***
Siwy56: calls $2
Zubasa07 joins the table at seat #2
TbIP-TbIP 88: raises $3 to $6
Siwy56: calls $3
*** FLOP *** [Qh 5s 6h]
TbIP-TbIP 88: bets $3
Siwy56: calls $3
*** TURN *** [Qh 5s 6h] [Qd]
TbIP-TbIP 88: bets $6
Siwy56: folds
Uncalled bet ($6) returned to TbIP-TbIP 88
TbIP-TbIP 88 collected $17.64 from pot
TbIP-TbIP 88: doesn't show hand
*** SUMMARY ***
Total pot $18 | Rake $0.36
Board [Qh 5s 6h Qd]
Seat 1: TbIP-TbIP 88 (big blind) collected ($17.64)
Seat 6: Siwy56 (button) (small blind) folded on the Turn


PokerStars Hand #151178634663:  Hold'em Limit ($3/$6 USD) - 2016/03/30 15:07:38 ET
Table 'Soyuz-Apollo' 6-max Seat #2 is the button
Seat 2: Zubasa07 ($527.94 in chips)
Seat 6: Siwy56 ($150.21 in chips)
Zubasa07: posts small blind $1
Siwy56: posts big blind $3
*** HOLE CARDS ***
Zubasa07: raises $3 to $6
Siwy56: folds
Uncalled bet ($3) returned to Zubasa07
Zubasa07 collected $6 from pot
Zubasa07: doesn't show hand
*** SUMMARY ***
Total pot $6 | Rake $0
Seat 2: Zubasa07 (button) (small blind) collected ($6)
Seat 6: Siwy56 (big blind) folded before Flop


PokerStars Hand #151178640991:  Hold'em Limit ($3/$6 USD) - 2016/03/30 15:07:45 ET
Table 'Soyuz-Apollo' 6-max Seat #6 is the button
Seat 2: Zubasa07 ($530.94 in chips)
Seat 6: Siwy56 ($147.21 in chips)
Siwy56: posts small blind $1
Zubasa07: posts big blind $3
*** HOLE CARDS ***
Siwy56: calls $2
Zubasa07: checks
*** FLOP *** [Jh 3c 8d]
Zubasa07: bets $3
Siwy56: calls $3
*** TURN *** [Jh 3c 8d] [Qd]
Zubasa07: bets $6
Siwy56: calls $6
*** RIVER *** [Jh 3c 8d Qd] [6d]
Zubasa07: checks
Siwy56: checks
*** SHOW DOWN ***
Zubasa07: shows [2h 3h] (a pair of Threes)
Siwy56: mucks hand
Zubasa07 collected $23.52 from pot
*** SUMMARY ***
Total pot $24 | Rake $0.48
Board [Jh 3c 8d Qd 6d]
Seat 2: Zubasa07 (big blind) showed [2h 3h] and won ($23.52) with a pair of Threes
Seat 6: Siwy56 (button) (small blind) mucked


PokerStars Hand #151178670585:  Hold'em Limit ($3/$6 USD) - 2016/03/30 15:08:14 ET
Table 'Soyuz-Apollo' 6-max Seat #2 is the button
Seat 2: Zubasa07 ($542.46 in chips)
Seat 6: Siwy56 ($135.21 in chips)
Zubasa07: posts small blind $1
Siwy56: posts big blind $3
*** HOLE CARDS ***
Zubasa07: raises $3 to $6
Siwy56: calls $3
*** FLOP *** [2s 2d Kd]
Siwy56: checks
Zubasa07: bets $3
Siwy56: calls $3
*** TURN *** [2s 2d Kd] [Tc]
Siwy56: checks
Zubasa07: bets $6
Siwy56: folds
Uncalled bet ($6) returned to Zubasa07
Zubasa07 collected $17.64 from pot
Zubasa07: doesn't show hand
*** SUMMARY ***
Total pot $18 | Rake $0.36
Board [2s 2d Kd Tc]
Seat 2: Zubasa07 (button) (small blind) collected ($17.64)
Seat 6: Siwy56 (big blind) folded on the Turn


