PokerStars Hand #173520900657:  Hold'em Limit ($3/$6 USD) - 2017/07/26 2:00:51 ET
Table 'Spica' 10-max Seat #5 is the button
Seat 5: KIT426 ($120 in chips)
Seat 7: VolkovDmitri ($120 in chips)
KIT426: posts small blind $1
VolkovDmitri: posts big blind $3
*** HOLE CARDS ***
KIT426: raises $3 to $6
VolkovDmitri: calls $3
*** FLOP *** [Ad Ac Td]
VolkovDmitri: checks
KIT426: bets $3
VolkovDmitri: raises $3 to $6
KIT426: calls $3
*** TURN *** [Ad Ac Td] [4s]
VolkovDmitri: bets $6
KIT426: calls $6
*** RIVER *** [Ad Ac Td 4s] [3s]
VolkovDmitri: bets $6
KIT426: folds
Uncalled bet ($6) returned to VolkovDmitri
VolkovDmitri collected $35.50 from pot
VolkovDmitri: doesn't show hand
*** SUMMARY ***
Total pot $36 | Rake $0.50
Board [Ad Ac Td 4s 3s]
Seat 5: KIT426 (button) (small blind) folded on the River
Seat 7: VolkovDmitri (big blind) collected ($35.50)


PokerStars Hand #173520923564:  Hold'em Limit ($3/$6 USD) - 2017/07/26 2:02:30 ET
Table 'Spica' 10-max Seat #5 is the button
Seat 5: KIT426 ($106.64 in chips)
Seat 6: Iseethelight ($120 in chips)
KIT426: posts small blind $1
Iseethelight: posts big blind $3
*** HOLE CARDS ***
VolkovDmitri leaves the table
KIT426: folds
Uncalled bet ($2) returned to Iseethelight
Iseethelight collected $2 from pot
Iseethelight: doesn't show hand
*** SUMMARY ***
Total pot $2 | Rake $0
Seat 5: KIT426 (button) (small blind) folded before Flop
Seat 6: Iseethelight (big blind) collected ($2)


PokerStars Hand #173520918761:  Hold'em Limit ($3/$6 USD) - 2017/07/26 2:02:10 ET
Table 'Spica' 10-max Seat #7 is the button
Seat 5: KIT426 ($109.64 in chips)
Seat 7: VolkovDmitri ($129.50 in chips)
VolkovDmitri: posts small blind $1
KIT426: posts big blind $3
*** HOLE CARDS ***
Iseethelight joins the table at seat #6
VolkovDmitri: raises $3 to $6
KIT426: folds
Uncalled bet ($3) returned to VolkovDmitri
VolkovDmitri collected $6 from pot
VolkovDmitri: doesn't show hand
*** SUMMARY ***
Total pot $6 | Rake $0
Seat 5: KIT426 (big blind) folded before Flop
Seat 7: VolkovDmitri (button) (small blind) collected ($6)


PokerStars Hand #173520909269:  Hold'em Limit ($3/$6 USD) - 2017/07/26 2:01:29 ET
Table 'Spica' 10-max Seat #7 is the button
Seat 5: KIT426 ($102 in chips)
Seat 7: VolkovDmitri ($137.50 in chips)
VolkovDmitri: posts small blind $1
KIT426: posts big blind $3
*** HOLE CARDS ***
VolkovDmitri: raises $3 to $6
KIT426: calls $3
*** FLOP *** [6h 4s 7h]
KIT426: checks
VolkovDmitri: bets $3
KIT426: calls $3
*** TURN *** [6h 4s 7h] [7s]
KIT426: checks
VolkovDmitri: checks
*** RIVER *** [6h 4s 7h 7s] [3d]
KIT426: bets $6
VolkovDmitri: folds
Uncalled bet ($6) returned to KIT426
KIT426 collected $17.64 from pot
*** SUMMARY ***
Total pot $18 | Rake $0.36
Board [6h 4s 7h 7s 3d]
Seat 5: KIT426 (big blind) collected ($17.64)
Seat 7: VolkovDmitri (button) (small blind) folded on the River


PokerStars Hand #173520917613:  Hold'em Limit ($3/$6 USD) - 2017/07/26 2:02:05 ET
Table 'Spica' 10-max Seat #5 is the button
Seat 5: KIT426 ($110.64 in chips)
Seat 7: VolkovDmitri ($128.50 in chips)
KIT426: posts small blind $1
VolkovDmitri: posts big blind $3
*** HOLE CARDS ***
KIT426: folds
Uncalled bet ($2) returned to VolkovDmitri
VolkovDmitri collected $2 from pot
VolkovDmitri: doesn't show hand
*** SUMMARY ***
Total pot $2 | Rake $0
Seat 5: KIT426 (button) (small blind) folded before Flop
Seat 7: VolkovDmitri (big blind) collected ($2)


PokerStars Hand #173520940756:  Hold'em Limit ($3/$6 USD) - 2017/07/26 2:03:42 ET
Table 'Spica' 10-max Seat #6 is the button
Seat 5: KIT426 ($110.40 in chips)
Seat 6: Iseethelight ($121 in chips)
Iseethelight: posts small blind $1
KIT426: posts big blind $3
*** HOLE CARDS ***
Iseethelight: folds
Uncalled bet ($2) returned to KIT426
KIT426 collected $2 from pot
*** SUMMARY ***
Total pot $2 | Rake $0
Seat 5: KIT426 (big blind) collected ($2)
Seat 6: Iseethelight (button) (small blind) folded before Flop


PokerStars Hand #173520939495:  Hold'em Limit ($3/$6 USD) - 2017/07/26 2:03:37 ET
Table 'Spica' 10-max Seat #5 is the button
Seat 5: KIT426 ($111.40 in chips)
Seat 6: Iseethelight ($120 in chips)
KIT426: posts small blind $1
Iseethelight: posts big blind $3
*** HOLE CARDS ***
KIT426: folds
Uncalled bet ($2) returned to Iseethelight
Iseethelight collected $2 from pot
Iseethelight: doesn't show hand
*** SUMMARY ***
Total pot $2 | Rake $0
Seat 5: KIT426 (button) (small blind) folded before Flop
Seat 6: Iseethelight (big blind) collected ($2)


PokerStars Hand #173520924775:  Hold'em Limit ($3/$6 USD) - 2017/07/26 2:02:35 ET
Table 'Spica' 10-max Seat #6 is the button
Seat 5: KIT426 ($105.64 in chips)
Seat 6: Iseethelight ($121 in chips)
Iseethelight: posts small blind $1
KIT426: posts big blind $3
*** HOLE CARDS ***
Iseethelight: raises $3 to $6
KIT426: calls $3
*** FLOP *** [Th 8d Jd]
KIT426: bets $3
Iseethelight: folds
Uncalled bet ($3) returned to KIT426
KIT426 collected $11.76 from pot
*** SUMMARY ***
Total pot $12 | Rake $0.24
Board [Th 8d Jd]
Seat 5: KIT426 (big blind) collected ($11.76)
Seat 6: Iseethelight (button) (small blind) folded on the Flop


