PokerStars Hand #162159235007:  Hold'em Limit ($3/$6 USD) - 2016/11/29 16:40:31 ET
Table 'Spica II' 6-max Seat #5 is the button
Seat 3: robertass84 ($136.28 in chips)
Seat 5: TinaTurner72 ($107 in chips)
TinaTurner72: posts small blind $1
robertass84: posts big blind $3
*** HOLE CARDS ***
TinaTurner72: folds
Uncalled bet ($2) returned to robertass84
robertass84 collected $2 from pot
robertass84: doesn't show hand
*** SUMMARY ***
Total pot $2 | Rake $0
Seat 3: robertass84 (big blind) collected ($2)
Seat 5: TinaTurner72 (button) (small blind) folded before Flop


PokerStars Hand #162159228581:  Hold'em Limit ($3/$6 USD) - 2016/11/29 16:40:25 ET
Table 'Spica II' 6-max Seat #3 is the button
Seat 3: robertass84 ($137.28 in chips)
Seat 5: TinaTurner72 ($106 in chips)
robertass84: posts small blind $1
TinaTurner72: posts big blind $3
*** HOLE CARDS ***
robertass84: folds
Uncalled bet ($2) returned to TinaTurner72
TinaTurner72 collected $2 from pot
TinaTurner72: doesn't show hand
*** SUMMARY ***
Total pot $2 | Rake $0
Seat 3: robertass84 (button) (small blind) folded before Flop
Seat 5: TinaTurner72 (big blind) collected ($2)


PokerStars Hand #162159205231:  Hold'em Limit ($3/$6 USD) - 2016/11/29 16:40:04 ET
Table 'Spica II' 6-max Seat #5 is the button
Seat 3: robertass84 ($125.76 in chips)
Seat 5: TinaTurner72 ($118 in chips)
TinaTurner72: posts small blind $1
robertass84: posts big blind $3
*** HOLE CARDS ***
TinaTurner72: raises $3 to $6
robertass84: raises $3 to $9
TinaTurner72: calls $3
*** FLOP *** [7h 2h 2d]
robertass84: bets $3
TinaTurner72: calls $3
*** TURN *** [7h 2h 2d] [5d]
robertass84: bets $6
TinaTurner72: folds
Uncalled bet ($6) returned to robertass84
robertass84 collected $23.52 from pot
robertass84: doesn't show hand
*** SUMMARY ***
Total pot $24 | Rake $0.48
Board [7h 2h 2d 5d]
Seat 3: robertass84 (big blind) collected ($23.52)
Seat 5: TinaTurner72 (button) (small blind) folded on the Turn


PokerStars Hand #162159174146:  Hold'em Limit ($3/$6 USD) - 2016/11/29 16:39:35 ET
Table 'Spica II' 6-max Seat #3 is the button
Seat 3: robertass84 ($120 in chips)
Seat 5: TinaTurner72 ($124 in chips)
robertass84: posts small blind $1
TinaTurner72: posts big blind $3
*** HOLE CARDS ***
robertass84: raises $3 to $6
TinaTurner72: calls $3
*** FLOP *** [3c Ac Kd]
TinaTurner72: checks
robertass84: bets $3
TinaTurner72: folds
Uncalled bet ($3) returned to robertass84
robertass84 collected $11.76 from pot
robertass84: doesn't show hand
*** SUMMARY ***
Total pot $12 | Rake $0.24
Board [3c Ac Kd]
Seat 3: robertass84 (button) (small blind) collected ($11.76)
Seat 5: TinaTurner72 (big blind) folded on the Flop


PokerStars Hand #162159281546:  Hold'em Limit ($3/$6 USD) - 2016/11/29 16:41:14 ET
Table 'Spica II' 6-max Seat #5 is the button
Seat 3: robertass84 ($143.04 in chips)
Seat 5: TinaTurner72 ($100 in chips)
TinaTurner72: posts small blind $1
robertass84: posts big blind $3
*** HOLE CARDS ***
TinaTurner72: raises $3 to $6
robertass84: raises $3 to $9
TinaTurner72: calls $3
*** FLOP *** [Qs 6h Th]
robertass84: checks
TinaTurner72: bets $3
robertass84: folds
Uncalled bet ($3) returned to TinaTurner72
TinaTurner72 collected $17.64 from pot
TinaTurner72: doesn't show hand
*** SUMMARY ***
Total pot $18 | Rake $0.36
Board [Qs 6h Th]
Seat 3: robertass84 (big blind) folded on the Flop
Seat 5: TinaTurner72 (button) (small blind) collected ($17.64)


PokerStars Hand #162159275564:  Hold'em Limit ($3/$6 USD) - 2016/11/29 16:41:08 ET
Table 'Spica II' 6-max Seat #3 is the button
Seat 3: robertass84 ($144.04 in chips)
Seat 5: TinaTurner72 ($99 in chips)
robertass84: posts small blind $1
ToDaFelt joins the table at seat #4
TinaTurner72: posts big blind $3
*** HOLE CARDS ***
robertass84: folds
Uncalled bet ($2) returned to TinaTurner72
TinaTurner72 collected $2 from pot
TinaTurner72: doesn't show hand
*** SUMMARY ***
Total pot $2 | Rake $0
Seat 3: robertass84 (button) (small blind) folded before Flop
Seat 5: TinaTurner72 (big blind) collected ($2)


PokerStars Hand #162159265898:  Hold'em Limit ($3/$6 USD) - 2016/11/29 16:40:59 ET
Table 'Spica II' 6-max Seat #5 is the button
Seat 3: robertass84 ($143.04 in chips)
Seat 5: TinaTurner72 ($100 in chips)
TinaTurner72: posts small blind $1
robertass84: posts big blind $3
*** HOLE CARDS ***
TinaTurner72: folds
Uncalled bet ($2) returned to robertass84
robertass84 collected $2 from pot
robertass84: doesn't show hand
*** SUMMARY ***
Total pot $2 | Rake $0
Seat 3: robertass84 (big blind) collected ($2)
Seat 5: TinaTurner72 (button) (small blind) folded before Flop


PokerStars Hand #162159241237:  Hold'em Limit ($3/$6 USD) - 2016/11/29 16:40:37 ET
Table 'Spica II' 6-max Seat #3 is the button
Seat 3: robertass84 ($137.28 in chips)
Seat 5: TinaTurner72 ($106 in chips)
robertass84: posts small blind $1
TinaTurner72: posts big blind $3
*** HOLE CARDS ***
robertass84: raises $3 to $6
TinaTurner72: calls $3
*** FLOP *** [Ad 6c Jh]
TinaTurner72: checks
robertass84: bets $3
TinaTurner72: folds
Uncalled bet ($3) returned to robertass84
robertass84 collected $11.76 from pot
robertass84: doesn't show hand
*** SUMMARY ***
Total pot $12 | Rake $0.24
Board [Ad 6c Jh]
Seat 3: robertass84 (button) (small blind) collected ($11.76)
Seat 5: TinaTurner72 (big blind) folded on the Flop


PokerStars Hand #162159317274:  Hold'em Limit ($3/$6 USD) - 2016/11/29 16:41:46 ET
Table 'Spica II' 6-max Seat #4 is the button
Seat 3: robertass84 ($133.04 in chips)
Seat 4: ToDaFelt ($121 in chips)
ToDaFelt: posts small blind $1
robertass84: posts big blind $3
*** HOLE CARDS ***
ToDaFelt: raises $3 to $6
robertass84: raises $3 to $9
ToDaFelt: calls $3
*** FLOP *** [7s Tc 7c]
robertass84: bets $3
ToDaFelt: calls $3
*** TURN *** [7s Tc 7c] [8c]
robertass84: bets $6
ToDaFelt: calls $6
*** RIVER *** [7s Tc 7c 8c] [Jc]
robertass84: checks
ToDaFelt: checks
*** SHOW DOWN ***
robertass84: shows [5s 8s] (two pair, Eights and Sevens)
ToDaFelt: mucks hand
robertass84 collected $35.50 from pot
*** SUMMARY ***
Total pot $36 | Rake $0.50
Board [7s Tc 7c 8c Jc]
Seat 3: robertass84 (big blind) showed [5s 8s] and won ($35.50) with two pair, Eights and Sevens
Seat 4: ToDaFelt (button) (small blind) mucked


PokerStars Hand #162159311989:  Hold'em Limit ($3/$6 USD) - 2016/11/29 16:41:42 ET
Table 'Spica II' 6-max Seat #3 is the button
Seat 3: robertass84 ($134.04 in chips)
Seat 4: ToDaFelt ($120 in chips)
robertass84: posts small blind $1
ToDaFelt: posts big blind $3
*** HOLE CARDS ***
robertass84: folds
Uncalled bet ($2) returned to ToDaFelt
ToDaFelt collected $2 from pot
ToDaFelt: doesn't show hand
*** SUMMARY ***
Total pot $2 | Rake $0
Seat 3: robertass84 (button) (small blind) folded before Flop
Seat 4: ToDaFelt (big blind) collected ($2)


