PokerStars Hand #176589085356:  Hold'em Limit ($3/$6 USD) - 2017/10/06 22:30:10 ET
Table 'Spica' 6-max Seat #4 is the button
Seat 4: GlamDragon ($171.12 in chips)
Seat 6: jfrizz313 ($381.21 in chips)
GlamDragon: posts small blind $1
jfrizz313: posts big blind $3
*** HOLE CARDS ***
GlamDragon: raises $3 to $6
jfrizz313: folds
Uncalled bet ($3) returned to GlamDragon
GlamDragon collected $6 from pot
GlamDragon: doesn't show hand
*** SUMMARY ***
Total pot $6 | Rake $0
Seat 4: GlamDragon (button) (small blind) collected ($6)
Seat 6: jfrizz313 (big blind) folded before Flop


PokerStars Hand #176589076246:  Hold'em Limit ($3/$6 USD) - 2017/10/06 22:29:45 ET
Table 'Spica' 6-max Seat #6 is the button
Seat 4: GlamDragon ($141.62 in chips)
Seat 6: jfrizz313 ($411.21 in chips)
jfrizz313: posts small blind $1
GlamDragon: posts big blind $3
*** HOLE CARDS ***
jfrizz313: raises $3 to $6
GlamDragon: calls $3
*** FLOP *** [3h Js 7d]
GlamDragon: checks
jfrizz313: bets $3
GlamDragon: raises $3 to $6
jfrizz313: calls $3
*** TURN *** [3h Js 7d] [Tc]
GlamDragon: bets $6
jfrizz313: calls $6
*** RIVER *** [3h Js 7d Tc] [Kd]
GlamDragon: bets $6
jfrizz313: raises $6 to $12
GlamDragon: calls $6
*** SHOW DOWN ***
jfrizz313: shows [Kc 6s] (a pair of Kings)
GlamDragon: shows [Kh Jc] (two pair, Kings and Jacks)
GlamDragon collected $59.50 from pot
*** SUMMARY ***
Total pot $60 | Rake $0.50
Board [3h Js 7d Tc Kd]
Seat 4: GlamDragon (big blind) showed [Kh Jc] and won ($59.50) with two pair, Kings and Jacks
Seat 6: jfrizz313 (button) (small blind) showed [Kc 6s] and lost with a pair of Kings


PokerStars Hand #176589095372:  Hold'em Limit ($3/$6 USD) - 2017/10/06 22:30:38 ET
Table 'Spica' 6-max Seat #4 is the button
Seat 4: GlamDragon ($156.12 in chips)
Seat 6: jfrizz313 ($395.71 in chips)
GlamDragon: posts small blind $1
jfrizz313: posts big blind $3
*** HOLE CARDS ***
GlamDragon: folds
Uncalled bet ($2) returned to jfrizz313
jfrizz313 collected $2 from pot
*** SUMMARY ***
Total pot $2 | Rake $0
Seat 4: GlamDragon (button) (small blind) folded before Flop
Seat 6: jfrizz313 (big blind) collected ($2)


PokerStars Hand #176589087923:  Hold'em Limit ($3/$6 USD) - 2017/10/06 22:30:17 ET
Table 'Spica' 6-max Seat #6 is the button
Seat 4: GlamDragon ($174.12 in chips)
Seat 6: jfrizz313 ($378.21 in chips)
jfrizz313: posts small blind $1
GlamDragon: posts big blind $3
*** HOLE CARDS ***
jfrizz313: calls $2
GlamDragon: checks
*** FLOP *** [Th Jc 2c]
GlamDragon: bets $3
jfrizz313: calls $3
*** TURN *** [Th Jc 2c] [Qd]
GlamDragon: checks
jfrizz313: bets $6
GlamDragon: calls $6
*** RIVER *** [Th Jc 2c Qd] [9c]
GlamDragon: checks
jfrizz313: bets $6
GlamDragon: calls $6
*** SHOW DOWN ***
jfrizz313: shows [8s Tc] (a straight, Eight to Queen)
GlamDragon: mucks hand
playergains joins the table at seat #1
jfrizz313 collected $35.50 from pot
*** SUMMARY ***
Total pot $36 | Rake $0.50
Board [Th Jc 2c Qd 9c]
Seat 4: GlamDragon (big blind) mucked
Seat 6: jfrizz313 (button) (small blind) showed [8s Tc] and won ($35.50) with a straight, Eight to Queen


PokerStars Hand #176591408116:  Hold'em Limit ($3/$6 USD) - 2017/10/07 0:37:16 ET
Table 'Spica' 6-max Seat #1 is the button
Seat 1: KAKA1 ($117.69 in chips)
Seat 2: breich90 ($178.96 in chips)
KAKA1: posts small blind $1
breich90: posts big blind $3
*** HOLE CARDS ***
KAKA1: folds
Uncalled bet ($2) returned to breich90
breich90 collected $2 from pot
breich90: doesn't show hand
*** SUMMARY ***
Total pot $2 | Rake $0
Seat 1: KAKA1 (button) (small blind) folded before Flop
Seat 2: breich90 (big blind) collected ($2)


PokerStars Hand #176591398034:  Hold'em Limit ($3/$6 USD) - 2017/10/07 0:36:38 ET
Table 'Spica' 6-max Seat #2 is the button
Seat 1: KAKA1 ($138.69 in chips)
Seat 2: breich90 ($158.46 in chips)
breich90: posts small blind $1
KAKA1: posts big blind $3
*** HOLE CARDS ***
breich90: raises $3 to $6
KAKA1: calls $3
*** FLOP *** [3c Qc 7h]
jig50 leaves the table
KAKA1: bets $3
DECAlpha joins the table at seat #4
breich90: calls $3
*** TURN *** [3c Qc 7h] [Td]
KAKA1: bets $6
budlight9910 joins the table at seat #3
breich90: raises $6 to $12
KAKA1: calls $6
*** RIVER *** [3c Qc 7h Td] [3s]
KAKA1: checks
jig50 joins the table at seat #5
breich90: bets $6
KAKA1: folds
Uncalled bet ($6) returned to breich90
breich90 collected $41.50 from pot
breich90: doesn't show hand
*** SUMMARY ***
Total pot $42 | Rake $0.50
Board [3c Qc 7h Td 3s]
Seat 1: KAKA1 (big blind) folded on the River
Seat 2: breich90 (button) (small blind) collected ($41.50)


PokerStars Hand #176591721739:  Hold'em Limit ($3/$6 USD) - 2017/10/07 0:57:33 ET
Table 'Spica' 6-max Seat #1 is the button
Seat 1: KAKA1 ($12.60 in chips)
Seat 2: chass9 ($10.78 in chips)
KAKA1: posts small blind $1
chass9: posts big blind $3
*** HOLE CARDS ***
jig50 leaves the table
KAKA1: calls $2
chass9: checks
*** FLOP *** [5d 6s 9c]
chass9: bets $3
KAKA1: raises $3 to $6
chass9: raises $1.78 to $7.78 and is all-in
KAKA1: calls $1.78
*** TURN *** [5d 6s 9c] [8d]
*** RIVER *** [5d 6s 9c 8d] [4s]
*** SHOW DOWN ***
chass9: shows [5s 4h] (two pair, Fives and Fours)
KAKA1: shows [5c 7d] (a straight, Five to Nine)
KAKA1 collected $21.13 from pot
*** SUMMARY ***
Total pot $21.56 | Rake $0.43
Board [5d 6s 9c 8d 4s]
Seat 1: KAKA1 (button) (small blind) showed [5c 7d] and won ($21.13) with a straight, Five to Nine
Seat 2: chass9 (big blind) showed [5s 4h] and lost with two pair, Fives and Fours


