PokerStars Hand #154929566898:  Hold'em Limit ($3/$6 USD) - 2016/06/19 8:24:37 ET
Table 'Spica' 6-max Seat #3 is the button
Seat 3: dasukam89 ($53.84 in chips)
Seat 6: zmikasd ($41.05 in chips)
dasukam89: posts small blind $1
zmikasd: posts big blind $3
*** HOLE CARDS ***
dasukam89: raises $3 to $6
zmikasd: raises $3 to $9
dasukam89: raises $3 to $12
Betting is capped
zmikasd: folds
Uncalled bet ($3) returned to dasukam89
dasukam89 collected $18 from pot
dasukam89 leaves the table
*** SUMMARY ***
Total pot $18 | Rake $0
Seat 3: dasukam89 (button) (small blind) collected ($18)
Seat 6: zmikasd (big blind) folded before Flop


PokerStars Hand #154929562393:  Hold'em Limit ($3/$6 USD) - 2016/06/19 8:24:28 ET
Table 'Spica' 6-max Seat #6 is the button
Seat 3: dasukam89 ($44.84 in chips)
Seat 6: zmikasd ($50.05 in chips)
zmikasd: posts small blind $1
dasukam89: posts big blind $3
*** HOLE CARDS ***
zmikasd: calls $2
dasukam89: raises $3 to $6
zmikasd: raises $3 to $9
dasukam89: raises $3 to $12
Betting is capped
zmikasd: folds
Uncalled bet ($3) returned to dasukam89
dasukam89 collected $18 from pot
dasukam89: doesn't show hand
xcgxcg2005 joins the table at seat #2
*** SUMMARY ***
Total pot $18 | Rake $0
Seat 3: dasukam89 (big blind) collected ($18)
Seat 6: zmikasd (button) (small blind) folded before Flop


