PokerStars Hand #152216454930:  Hold'em Limit ($3/$6 USD) - 2016/04/20 21:20:59 ET
Table 'Spica II' 6-max Seat #3 is the button
Seat 3: Zubasa07 ($529.57 in chips)
Seat 6: Balu100000 ($64.18 in chips)
Zubasa07: posts small blind $1
Balu100000: posts big blind $3
*** HOLE CARDS ***
Zubasa07: raises $3 to $6
Balu100000: folds
Uncalled bet ($3) returned to Zubasa07
Zubasa07 collected $6 from pot
Zubasa07: doesn't show hand
*** SUMMARY ***
Total pot $6 | Rake $0
Seat 3: Zubasa07 (button) (small blind) collected ($6)
Seat 6: Balu100000 (big blind) folded before Flop


PokerStars Hand #152216452428:  Hold'em Limit ($3/$6 USD) - 2016/04/20 21:20:53 ET
Table 'Spica II' 6-max Seat #6 is the button
Seat 3: Zubasa07 ($528.57 in chips)
Seat 6: Balu100000 ($65.18 in chips)
harrydonkey joins the table at seat #2
Balu100000: posts small blind $1
Masqb: is sitting out
Zubasa07: posts big blind $3
*** HOLE CARDS ***
Masqb leaves the table
Balu100000: folds
Uncalled bet ($2) returned to Zubasa07
Zubasa07 collected $2 from pot
Zubasa07: doesn't show hand
*** SUMMARY ***
Total pot $2 | Rake $0
Seat 3: Zubasa07 (big blind) collected ($2)
Seat 6: Balu100000 (button) (small blind) folded before Flop


PokerStars Hand #152218802956:  Hold'em Limit ($3/$6 USD) - 2016/04/20 23:17:45 ET
Table 'Spica II' 6-max Seat #4 is the button
Seat 3: anetkaapro ($90.48 in chips)
Seat 4: 40 ft cliff ($27.10 in chips)
40 ft cliff: posts small blind $1
anetkaapro: posts big blind $3
*** HOLE CARDS ***
40 ft cliff: raises $3 to $6
anetkaapro: calls $3
*** FLOP *** [Kh 7c 7h]
anetkaapro: checks
40 ft cliff: bets $3
anetkaapro: folds
Uncalled bet ($3) returned to 40 ft cliff
40 ft cliff collected $11.76 from pot
40 ft cliff: doesn't show hand
*** SUMMARY ***
Total pot $12 | Rake $0.24
Board [Kh 7c 7h]
Seat 3: anetkaapro (big blind) folded on the Flop
Seat 4: 40 ft cliff (button) (small blind) collected ($11.76)


PokerStars Hand #152218828441:  Hold'em Limit ($3/$6 USD) - 2016/04/20 23:19:12 ET
Table 'Spica II' 6-max Seat #4 is the button
Seat 3: anetkaapro ($119 in chips)
Seat 4: 40 ft cliff ($48.36 in chips)
40 ft cliff: posts small blind $1
anetkaapro: posts big blind $3
*** HOLE CARDS ***
40 ft cliff: folds
Uncalled bet ($2) returned to anetkaapro
anetkaapro collected $2 from pot
anetkaapro: doesn't show hand
*** SUMMARY ***
Total pot $2 | Rake $0
Seat 3: anetkaapro (big blind) collected ($2)
Seat 4: 40 ft cliff (button) (small blind) folded before Flop


PokerStars Hand #152218826662:  Hold'em Limit ($3/$6 USD) - 2016/04/20 23:19:06 ET
Table 'Spica II' 6-max Seat #3 is the button
Seat 3: anetkaapro ($116 in chips)
Seat 4: 40 ft cliff ($51.36 in chips)
anetkaapro: posts small blind $1
40 ft cliff: posts big blind $3
*** HOLE CARDS ***
anetkaapro: raises $3 to $6
40 ft cliff: folds
Uncalled bet ($3) returned to anetkaapro
anetkaapro collected $6 from pot
anetkaapro: doesn't show hand
*** SUMMARY ***
Total pot $6 | Rake $0
Seat 3: anetkaapro (button) (small blind) collected ($6)
Seat 4: 40 ft cliff (big blind) folded before Flop


PokerStars Hand #152218824650:  Hold'em Limit ($3/$6 USD) - 2016/04/20 23:18:59 ET
Table 'Spica II' 6-max Seat #4 is the button
Seat 3: anetkaapro ($119 in chips)
Seat 4: 40 ft cliff ($48.36 in chips)
40 ft cliff: posts small blind $1
anetkaapro: posts big blind $3
*** HOLE CARDS ***
40 ft cliff: raises $3 to $6
anetkaapro: folds
Uncalled bet ($3) returned to 40 ft cliff
40 ft cliff collected $6 from pot
40 ft cliff: doesn't show hand
*** SUMMARY ***
Total pot $6 | Rake $0
Seat 3: anetkaapro (big blind) folded before Flop
Seat 4: 40 ft cliff (button) (small blind) collected ($6)


PokerStars Hand #152218823357:  Hold'em Limit ($3/$6 USD) - 2016/04/20 23:18:55 ET
Table 'Spica II' 6-max Seat #3 is the button
Seat 3: anetkaapro ($120 in chips)
Seat 4: 40 ft cliff ($47.36 in chips)
anetkaapro: posts small blind $1
40 ft cliff: posts big blind $3
*** HOLE CARDS ***
anetkaapro: folds
Uncalled bet ($2) returned to 40 ft cliff
40 ft cliff collected $2 from pot
40 ft cliff: doesn't show hand
*** SUMMARY ***
Total pot $2 | Rake $0
Seat 3: anetkaapro (button) (small blind) folded before Flop
Seat 4: 40 ft cliff (big blind) collected ($2)


PokerStars Hand #152218816361:  Hold'em Limit ($3/$6 USD) - 2016/04/20 23:18:30 ET
Table 'Spica II' 6-max Seat #4 is the button
Seat 3: anetkaapro ($87.48 in chips)
Seat 4: 40 ft cliff ($29.86 in chips)
40 ft cliff: posts small blind $1
anetkaapro: posts big blind $3
*** HOLE CARDS ***
40 ft cliff: raises $3 to $6
anetkaapro: raises $3 to $9
40 ft cliff: calls $3
*** FLOP *** [Jd 3h Js]
anetkaapro: bets $3
40 ft cliff: calls $3
*** TURN *** [Jd 3h Js] [6s]
anetkaapro: bets $6
40 ft cliff: calls $6
*** RIVER *** [Jd 3h Js 6s] [8d]
anetkaapro: checks
40 ft cliff: bets $6
anetkaapro: folds
Uncalled bet ($6) returned to 40 ft cliff
40 ft cliff collected $35.50 from pot
40 ft cliff: doesn't show hand
*** SUMMARY ***
Total pot $36 | Rake $0.50
Board [Jd 3h Js 6s 8d]
Seat 3: anetkaapro (big blind) folded on the River
Seat 4: 40 ft cliff (button) (small blind) collected ($35.50)


PokerStars Hand #152218813455:  Hold'em Limit ($3/$6 USD) - 2016/04/20 23:18:21 ET
Table 'Spica II' 6-max Seat #3 is the button
Seat 3: anetkaapro ($84.48 in chips)
Seat 4: 40 ft cliff ($32.86 in chips)
anetkaapro: posts small blind $1
40 ft cliff: posts big blind $3
*** HOLE CARDS ***
anetkaapro: raises $3 to $6
40 ft cliff: folds
Uncalled bet ($3) returned to anetkaapro
anetkaapro collected $6 from pot
anetkaapro: doesn't show hand
*** SUMMARY ***
Total pot $6 | Rake $0
Seat 3: anetkaapro (button) (small blind) collected ($6)
Seat 4: 40 ft cliff (big blind) folded before Flop


PokerStars Hand #152218832743:  Hold'em Limit ($3/$6 USD) - 2016/04/20 23:19:27 ET
Table 'Spica II' 6-max Seat #4 is the button
Seat 3: anetkaapro ($123 in chips)
Seat 4: 40 ft cliff ($44.36 in chips)
40 ft cliff: posts small blind $1
anetkaapro: posts big blind $3
*** HOLE CARDS ***
40 ft cliff: raises $3 to $6
anetkaapro: calls $3
*** FLOP *** [5c 5h Tc]
anetkaapro: checks
40 ft cliff: bets $3
anetkaapro: calls $3
*** TURN *** [5c 5h Tc] [8h]
anetkaapro: checks
40 ft cliff: bets $6
anetkaapro: calls $6
*** RIVER *** [5c 5h Tc 8h] [5s]
anetkaapro: checks
40 ft cliff: bets $6
anetkaapro: calls $6
*** SHOW DOWN ***
40 ft cliff: shows [Td 8c] (a full house, Fives full of Tens)
anetkaapro: mucks hand
40 ft cliff collected $41.50 from pot
*** SUMMARY ***
Total pot $42 | Rake $0.50
Board [5c 5h Tc 8h 5s]
Seat 3: anetkaapro (big blind) mucked
Seat 4: 40 ft cliff (button) (small blind) showed [Td 8c] and won ($41.50) with a full house, Fives full of Tens


PokerStars Hand #152218830079:  Hold'em Limit ($3/$6 USD) - 2016/04/20 23:19:18 ET
Table 'Spica II' 6-max Seat #3 is the button
Seat 3: anetkaapro ($120 in chips)
Seat 4: 40 ft cliff ($47.36 in chips)
anetkaapro: posts small blind $1
40 ft cliff: posts big blind $3
*** HOLE CARDS ***
anetkaapro: raises $3 to $6
40 ft cliff: folds
Uncalled bet ($3) returned to anetkaapro
anetkaapro collected $6 from pot
anetkaapro: doesn't show hand
*** SUMMARY ***
Total pot $6 | Rake $0
Seat 3: anetkaapro (button) (small blind) collected ($6)
Seat 4: 40 ft cliff (big blind) folded before Flop


PokerStars Hand #152218863569:  Hold'em Limit ($3/$6 USD) - 2016/04/20 23:21:11 ET
Table 'Spica II' 6-max Seat #4 is the button
Seat 3: anetkaapro ($91.76 in chips)
Seat 4: 40 ft cliff ($74.36 in chips)
40 ft cliff: posts small blind $1
anetkaapro: posts big blind $3
*** HOLE CARDS ***
40 ft cliff: folds
Uncalled bet ($2) returned to anetkaapro
anetkaapro collected $2 from pot
anetkaapro: doesn't show hand
*** SUMMARY ***
Total pot $2 | Rake $0
Seat 3: anetkaapro (big blind) collected ($2)
Seat 4: 40 ft cliff (button) (small blind) folded before Flop


PokerStars Hand #152218861567:  Hold'em Limit ($3/$6 USD) - 2016/04/20 23:21:04 ET
Table 'Spica II' 6-max Seat #3 is the button
Seat 3: anetkaapro ($92.76 in chips)
Seat 4: 40 ft cliff ($73.36 in chips)
anetkaapro: posts small blind $1
40 ft cliff: posts big blind $3
*** HOLE CARDS ***
anetkaapro: folds
Uncalled bet ($2) returned to 40 ft cliff
40 ft cliff collected $2 from pot
40 ft cliff: doesn't show hand
*** SUMMARY ***
Total pot $2 | Rake $0
Seat 3: anetkaapro (button) (small blind) folded before Flop
Seat 4: 40 ft cliff (big blind) collected ($2)


PokerStars Hand #152218850513:  Hold'em Limit ($3/$6 USD) - 2016/04/20 23:20:25 ET
Table 'Spica II' 6-max Seat #4 is the button
Seat 3: anetkaapro ($107.76 in chips)
Seat 4: 40 ft cliff ($58.86 in chips)
40 ft cliff: posts small blind $1
anetkaapro: posts big blind $3
*** HOLE CARDS ***
40 ft cliff: raises $3 to $6
anetkaapro: calls $3
*** FLOP *** [5s Ts 4d]
anetkaapro: checks
40 ft cliff: bets $3
anetkaapro: calls $3
*** TURN *** [5s Ts 4d] [9d]
anetkaapro: checks
40 ft cliff: bets $6
anetkaapro: calls $6
*** RIVER *** [5s Ts 4d 9d] [7h]
anetkaapro: checks
40 ft cliff: bets $6
anetkaapro: folds
Uncalled bet ($6) returned to 40 ft cliff
40 ft cliff collected $29.50 from pot
40 ft cliff: doesn't show hand
*** SUMMARY ***
Total pot $30 | Rake $0.50
Board [5s Ts 4d 9d 7h]
Seat 3: anetkaapro (big blind) folded on the River
Seat 4: 40 ft cliff (button) (small blind) collected ($29.50)


PokerStars Hand #152218844585:  Hold'em Limit ($3/$6 USD) - 2016/04/20 23:20:08 ET
Table 'Spica II' 6-max Seat #3 is the button
Seat 3: anetkaapro ($102 in chips)
Seat 4: 40 ft cliff ($64.86 in chips)
anetkaapro: posts small blind $1
40 ft cliff: posts big blind $3
*** HOLE CARDS ***
anetkaapro: raises $3 to $6
40 ft cliff: calls $3
*** FLOP *** [Qh 7c 9s]
40 ft cliff: checks
anetkaapro: bets $3
40 ft cliff: folds
Uncalled bet ($3) returned to anetkaapro
anetkaapro collected $11.76 from pot
anetkaapro: doesn't show hand
*** SUMMARY ***
Total pot $12 | Rake $0.24
Board [Qh 7c 9s]
Seat 3: anetkaapro (button) (small blind) collected ($11.76)
Seat 4: 40 ft cliff (big blind) folded on the Flop


PokerStars Hand #152218876164:  Hold'em Limit ($3/$6 USD) - 2016/04/20 23:21:54 ET
Table 'Spica II' 6-max Seat #3 is the button
Seat 3: anetkaapro ($120 in chips)
Seat 4: 40 ft cliff ($96.86 in chips)
anetkaapro: posts small blind $1
40 ft cliff: posts big blind $3
*** HOLE CARDS ***
anetkaapro: raises $3 to $6
40 ft cliff: calls $3
*** FLOP *** [Kd 3h Ad]
40 ft cliff: checks
anetkaapro: bets $3
40 ft cliff: folds
Uncalled bet ($3) returned to anetkaapro
anetkaapro collected $11.76 from pot
anetkaapro: doesn't show hand
*** SUMMARY ***
Total pot $12 | Rake $0.24
Board [Kd 3h Ad]
Seat 3: anetkaapro (button) (small blind) collected ($11.76)
Seat 4: 40 ft cliff (big blind) folded on the Flop


PokerStars Hand #152218880248:  Hold'em Limit ($3/$6 USD) - 2016/04/20 23:22:08 ET
Table 'Spica II' 6-max Seat #4 is the button
Seat 3: anetkaapro ($125.76 in chips)
Seat 4: 40 ft cliff ($90.86 in chips)
40 ft cliff: posts small blind $1
anetkaapro: posts big blind $3
*** HOLE CARDS ***
40 ft cliff: folds
Uncalled bet ($2) returned to anetkaapro
anetkaapro collected $2 from pot
anetkaapro: doesn't show hand
*** SUMMARY ***
Total pot $2 | Rake $0
Seat 3: anetkaapro (big blind) collected ($2)
Seat 4: 40 ft cliff (button) (small blind) folded before Flop


PokerStars Hand #152218865202:  Hold'em Limit ($3/$6 USD) - 2016/04/20 23:21:16 ET
Table 'Spica II' 6-max Seat #3 is the button
Seat 3: anetkaapro ($92.76 in chips)
Seat 4: 40 ft cliff ($73.36 in chips)
anetkaapro: posts small blind $1
40 ft cliff: posts big blind $3
*** HOLE CARDS ***
anetkaapro: raises $3 to $6
40 ft cliff: calls $3
*** FLOP *** [8h Ac 6h]
40 ft cliff: checks
anetkaapro: bets $3
40 ft cliff: folds
Uncalled bet ($3) returned to anetkaapro
anetkaapro collected $11.76 from pot
anetkaapro: doesn't show hand
*** SUMMARY ***
Total pot $12 | Rake $0.24
Board [8h Ac 6h]
Seat 3: anetkaapro (button) (small blind) collected ($11.76)
Seat 4: 40 ft cliff (big blind) folded on the Flop


PokerStars Hand #152218869017:  Hold'em Limit ($3/$6 USD) - 2016/04/20 23:21:29 ET
Table 'Spica II' 6-max Seat #4 is the button
Seat 3: anetkaapro ($98.52 in chips)
Seat 4: 40 ft cliff ($67.36 in chips)
40 ft cliff: posts small blind $1
anetkaapro: posts big blind $3
*** HOLE CARDS ***
40 ft cliff: raises $3 to $6
anetkaapro: calls $3
*** FLOP *** [6c 4d Qc]
anetkaapro: checks
40 ft cliff: bets $3
anetkaapro: raises $3 to $6
40 ft cliff: calls $3
*** TURN *** [6c 4d Qc] [8c]
anetkaapro: checks
40 ft cliff: bets $6
anetkaapro: calls $6
*** RIVER *** [6c 4d Qc 8c] [5s]
anetkaapro: bets $6
40 ft cliff: raises $6 to $12
anetkaapro: calls $6
*** SHOW DOWN ***
40 ft cliff: shows [7c 4c] (a flush, Queen high)
anetkaapro: mucks hand
40 ft cliff collected $59.50 from pot
*** SUMMARY ***
Total pot $60 | Rake $0.50
Board [6c 4d Qc 8c 5s]
Seat 3: anetkaapro (big blind) mucked
Seat 4: 40 ft cliff (button) (small blind) showed [7c 4c] and won ($59.50) with a flush, Queen high


PokerStars Hand #152218881845:  Hold'em Limit ($3/$6 USD) - 2016/04/20 23:22:13 ET
Table 'Spica II' 6-max Seat #3 is the button
Seat 3: anetkaapro ($126.76 in chips)
Seat 4: 40 ft cliff ($89.86 in chips)
anetkaapro: posts small blind $1
40 ft cliff: posts big blind $3
*** HOLE CARDS ***
anetkaapro: raises $3 to $6
40 ft cliff: calls $3
*** FLOP *** [Qd 4h 6s]
40 ft cliff: checks
anetkaapro: bets $3
40 ft cliff: folds
Uncalled bet ($3) returned to anetkaapro
anetkaapro collected $11.76 from pot
anetkaapro: doesn't show hand
*** SUMMARY ***
Total pot $12 | Rake $0.24
Board [Qd 4h 6s]
Seat 3: anetkaapro (button) (small blind) collected ($11.76)
Seat 4: 40 ft cliff (big blind) folded on the Flop


PokerStars Hand #152218902693:  Hold'em Limit ($3/$6 USD) - 2016/04/20 23:23:22 ET
Table 'Spica II' 6-max Seat #3 is the button
Seat 3: anetkaapro ($141.16 in chips)
Seat 4: 40 ft cliff ($74.86 in chips)
anetkaapro: posts small blind $1
40 ft cliff: posts big blind $3
*** HOLE CARDS ***
anetkaapro: raises $3 to $6
40 ft cliff: raises $3 to $9
anetkaapro: calls $3
*** FLOP *** [9s 5d Kc]
40 ft cliff: bets $3
anetkaapro: calls $3
*** TURN *** [9s 5d Kc] [Ts]
40 ft cliff: bets $6
anetkaapro: calls $6
*** RIVER *** [9s 5d Kc Ts] [5s]
40 ft cliff: bets $6
anetkaapro: calls $6
*** SHOW DOWN ***
40 ft cliff: shows [Ah Kd] (two pair, Kings and Fives)
anetkaapro: mucks hand
40 ft cliff collected $47.50 from pot
*** SUMMARY ***
Total pot $48 | Rake $0.50
Board [9s 5d Kc Ts 5s]
Seat 3: anetkaapro (button) (small blind) mucked
Seat 4: 40 ft cliff (big blind) showed [Ah Kd] and won ($47.50) with two pair, Kings and Fives


PokerStars Hand #152218940599:  Hold'em Limit ($3/$6 USD) - 2016/04/20 23:25:33 ET
Table 'Spica II' 6-max Seat #3 is the button
Seat 3: anetkaapro ($134.66 in chips)
Seat 4: 40 ft cliff ($80.36 in chips)
anetkaapro: posts small blind $1
40 ft cliff: posts big blind $3
*** HOLE CARDS ***
anetkaapro: raises $3 to $6
40 ft cliff: folds
Uncalled bet ($3) returned to anetkaapro
anetkaapro collected $6 from pot
anetkaapro: doesn't show hand
*** SUMMARY ***
Total pot $6 | Rake $0
Seat 3: anetkaapro (button) (small blind) collected ($6)
Seat 4: 40 ft cliff (big blind) folded before Flop


PokerStars Hand #152218926730:  Hold'em Limit ($3/$6 USD) - 2016/04/20 23:24:45 ET
Table 'Spica II' 6-max Seat #4 is the button
Seat 3: anetkaapro ($117.16 in chips)
Seat 4: 40 ft cliff ($98.36 in chips)
40 ft cliff: posts small blind $1
anetkaapro: posts big blind $3
*** HOLE CARDS ***
40 ft cliff: raises $3 to $6
anetkaapro: calls $3
*** FLOP *** [Jc 3d Ks]
anetkaapro: checks
40 ft cliff: bets $3
anetkaapro: raises $3 to $6
40 ft cliff: calls $3
*** TURN *** [Jc 3d Ks] [2s]
anetkaapro: bets $6
40 ft cliff: calls $6
*** RIVER *** [Jc 3d Ks 2s] [Ad]
anetkaapro: checks
peterpanXXX joins the table at seat #5
40 ft cliff: checks
*** SHOW DOWN ***
anetkaapro: shows [5d Kh] (a pair of Kings)
40 ft cliff: mucks hand
anetkaapro collected $35.50 from pot
*** SUMMARY ***
Total pot $36 | Rake $0.50
Board [Jc 3d Ks 2s Ad]
Seat 3: anetkaapro (big blind) showed [5d Kh] and won ($35.50) with a pair of Kings
Seat 4: 40 ft cliff (button) (small blind) mucked


PokerStars Hand #152219164105:  Hold'em Limit ($3/$6 USD) - 2016/04/20 23:38:15 ET
Table 'Spica II' 6-max Seat #1 is the button
Seat 1: MissEKAmouse ($234.05 in chips)
Seat 5: peterpanXXX ($48.26 in chips)
MissEKAmouse: posts small blind $1
anetkaapro: is sitting out
peterpanXXX: posts big blind $3
*** HOLE CARDS ***
anetkaapro leaves the table
anetkaapro joins the table at seat #6
MissEKAmouse: folds
Uncalled bet ($2) returned to peterpanXXX
peterpanXXX collected $2 from pot
peterpanXXX: doesn't show hand
*** SUMMARY ***
Total pot $2 | Rake $0
Seat 1: MissEKAmouse (button) (small blind) folded before Flop
Seat 5: peterpanXXX (big blind) collected ($2)


PokerStars Hand #152219177087:  Hold'em Limit ($3/$6 USD) - 2016/04/20 23:39:02 ET
Table 'Spica II' 6-max Seat #5 is the button
Seat 5: peterpanXXX ($71.64 in chips)
Seat 6: anetkaapro ($96 in chips)
peterpanXXX: posts small blind $1
anetkaapro: posts big blind $3
*** HOLE CARDS ***
peterpanXXX: raises $3 to $6
anetkaapro: calls $3
*** FLOP *** [3c 8h 3h]
anetkaapro: checks
peterpanXXX: bets $3
anetkaapro: calls $3
*** TURN *** [3c 8h 3h] [5c]
anetkaapro: checks
peterpanXXX: bets $6
anetkaapro: folds
Uncalled bet ($6) returned to peterpanXXX
MissEKAmouse leaves the table
peterpanXXX collected $17.64 from pot
peterpanXXX: doesn't show hand
*** SUMMARY ***
Total pot $18 | Rake $0.36
Board [3c 8h 3h 5c]
Seat 5: peterpanXXX (button) (small blind) collected ($17.64)
Seat 6: anetkaapro (big blind) folded on the Turn


PokerStars Hand #152219181839:  Hold'em Limit ($3/$6 USD) - 2016/04/20 23:39:19 ET
Table 'Spica II' 6-max Seat #6 is the button
Seat 5: peterpanXXX ($80.28 in chips)
Seat 6: anetkaapro ($87 in chips)
anetkaapro: posts small blind $1
peterpanXXX: posts big blind $3
*** HOLE CARDS ***
anetkaapro: raises $3 to $6
peterpanXXX: calls $3
*** FLOP *** [7h 7c Kh]
peterpanXXX: checks
anetkaapro: bets $3
peterpanXXX: calls $3
*** TURN *** [7h 7c Kh] [9d]
peterpanXXX: checks
anetkaapro: bets $6
peterpanXXX: calls $6
*** RIVER *** [7h 7c Kh 9d] [4d]
peterpanXXX: checks
anetkaapro: checks
*** SHOW DOWN ***
peterpanXXX: shows [Kd 5h] (two pair, Kings and Sevens)
anetkaapro: mucks hand
peterpanXXX collected $29.50 from pot
*** SUMMARY ***
Total pot $30 | Rake $0.50
Board [7h 7c Kh 9d 4d]
Seat 5: peterpanXXX (big blind) showed [Kd 5h] and won ($29.50) with two pair, Kings and Sevens
Seat 6: anetkaapro (button) (small blind) mucked


PokerStars Hand #152219187495:  Hold'em Limit ($3/$6 USD) - 2016/04/20 23:39:39 ET
Table 'Spica II' 6-max Seat #5 is the button
Seat 5: peterpanXXX ($94.78 in chips)
Seat 6: anetkaapro ($72 in chips)
peterpanXXX: posts small blind $1
anetkaapro: posts big blind $3
*** HOLE CARDS ***
peterpanXXX: raises $3 to $6
anetkaapro: raises $3 to $9
peterpanXXX: calls $3
*** FLOP *** [Jd 7c Qh]
anetkaapro: bets $3
peterpanXXX: folds
Uncalled bet ($3) returned to anetkaapro
anetkaapro collected $17.64 from pot
anetkaapro: doesn't show hand
*** SUMMARY ***
Total pot $18 | Rake $0.36
Board [Jd 7c Qh]
Seat 5: peterpanXXX (button) (small blind) folded on the Flop
Seat 6: anetkaapro (big blind) collected ($17.64)


PokerStars Hand #152219194798:  Hold'em Limit ($3/$6 USD) - 2016/04/20 23:40:05 ET
Table 'Spica II' 6-max Seat #6 is the button
Seat 5: peterpanXXX ($85.78 in chips)
Seat 6: anetkaapro ($80.64 in chips)
anetkaapro: posts small blind $1
peterpanXXX: posts big blind $3
*** HOLE CARDS ***
anetkaapro: raises $3 to $6
peterpanXXX: calls $3
*** FLOP *** [8c 9h 2s]
peterpanXXX: checks
anetkaapro: bets $3
peterpanXXX: raises $3 to $6
anetkaapro: calls $3
*** TURN *** [8c 9h 2s] [9s]
peterpanXXX: checks
anetkaapro: checks
*** RIVER *** [8c 9h 2s 9s] [8h]
peterpanXXX: bets $6
anetkaapro: calls $6
*** SHOW DOWN ***
peterpanXXX: shows [5c 9c] (a full house, Nines full of Eights)
anetkaapro: mucks hand
peterpanXXX collected $35.50 from pot
*** SUMMARY ***
Total pot $36 | Rake $0.50
Board [8c 9h 2s 9s 8h]
Seat 5: peterpanXXX (big blind) showed [5c 9c] and won ($35.50) with a full house, Nines full of Eights
Seat 6: anetkaapro (button) (small blind) mucked


PokerStars Hand #152219207886:  Hold'em Limit ($3/$6 USD) - 2016/04/20 23:40:52 ET
Table 'Spica II' 6-max Seat #5 is the button
Seat 5: peterpanXXX ($103.28 in chips)
Seat 6: anetkaapro ($120 in chips)
peterpanXXX: posts small blind $1
anetkaapro: posts big blind $3
*** HOLE CARDS ***
peterpanXXX: raises $3 to $6
anetkaapro: calls $3
*** FLOP *** [Qc Jd 3c]
anetkaapro: checks
peterpanXXX: checks
*** TURN *** [Qc Jd 3c] [7c]
anetkaapro: bets $6
peterpanXXX: folds
Uncalled bet ($6) returned to anetkaapro
anetkaapro collected $11.76 from pot
anetkaapro: doesn't show hand
*** SUMMARY ***
Total pot $12 | Rake $0.24
Board [Qc Jd 3c 7c]
Seat 5: peterpanXXX (button) (small blind) folded on the Turn
Seat 6: anetkaapro (big blind) collected ($11.76)


PokerStars Hand #152219214101:  Hold'em Limit ($3/$6 USD) - 2016/04/20 23:41:14 ET
Table 'Spica II' 6-max Seat #6 is the button
Seat 5: peterpanXXX ($97.28 in chips)
Seat 6: anetkaapro ($125.76 in chips)
anetkaapro: posts small blind $1
peterpanXXX: posts big blind $3
*** HOLE CARDS ***
anetkaapro: raises $3 to $6
peterpanXXX: calls $3
*** FLOP *** [Tc 8h Ah]
peterpanXXX: checks
anetkaapro: bets $3
peterpanXXX: folds
Uncalled bet ($3) returned to anetkaapro
anetkaapro collected $11.76 from pot
anetkaapro: doesn't show hand
*** SUMMARY ***
Total pot $12 | Rake $0.24
Board [Tc 8h Ah]
Seat 5: peterpanXXX (big blind) folded on the Flop
Seat 6: anetkaapro (button) (small blind) collected ($11.76)


PokerStars Hand #152219226068:  Hold'em Limit ($3/$6 USD) - 2016/04/20 23:41:57 ET
Table 'Spica II' 6-max Seat #5 is the button
Seat 5: peterpanXXX ($98.92 in chips)
Seat 6: anetkaapro ($123.52 in chips)
peterpanXXX: posts small blind $1
anetkaapro: posts big blind $3
*** HOLE CARDS ***
peterpanXXX: folds
Uncalled bet ($2) returned to anetkaapro
anetkaapro collected $2 from pot
anetkaapro: doesn't show hand
*** SUMMARY ***
Total pot $2 | Rake $0
Seat 5: peterpanXXX (button) (small blind) folded before Flop
Seat 6: anetkaapro (big blind) collected ($2)


PokerStars Hand #152219219618:  Hold'em Limit ($3/$6 USD) - 2016/04/20 23:41:34 ET
Table 'Spica II' 6-max Seat #6 is the button
Seat 5: peterpanXXX ($90.28 in chips)
Seat 6: anetkaapro ($132.52 in chips)
anetkaapro: posts small blind $1
peterpanXXX: posts big blind $3
*** HOLE CARDS ***
anetkaapro: raises $3 to $6
peterpanXXX: calls $3
*** FLOP *** [2h 3c 3d]
peterpanXXX: checks
anetkaapro: bets $3
peterpanXXX: calls $3
*** TURN *** [2h 3c 3d] [5s]
peterpanXXX: checks
anetkaapro: checks
*** RIVER *** [2h 3c 3d 5s] [Ad]
peterpanXXX: bets $6
anetkaapro: folds
Uncalled bet ($6) returned to peterpanXXX
peterpanXXX collected $17.64 from pot
peterpanXXX: doesn't show hand
*** SUMMARY ***
Total pot $18 | Rake $0.36
Board [2h 3c 3d 5s Ad]
Seat 5: peterpanXXX (big blind) collected ($17.64)
Seat 6: anetkaapro (button) (small blind) folded on the River


PokerStars Hand #152219218293:  Hold'em Limit ($3/$6 USD) - 2016/04/20 23:41:29 ET
Table 'Spica II' 6-max Seat #5 is the button
Seat 5: peterpanXXX ($91.28 in chips)
Seat 6: anetkaapro ($131.52 in chips)
peterpanXXX: posts small blind $1
anetkaapro: posts big blind $3
*** HOLE CARDS ***
peterpanXXX: folds
Uncalled bet ($2) returned to anetkaapro
anetkaapro collected $2 from pot
anetkaapro: doesn't show hand
*** SUMMARY ***
Total pot $2 | Rake $0
Seat 5: peterpanXXX (button) (small blind) folded before Flop
Seat 6: anetkaapro (big blind) collected ($2)


PokerStars Hand #152219241910:  Hold'em Limit ($3/$6 USD) - 2016/04/20 23:42:55 ET
Table 'Spica II' 6-max Seat #6 is the button
Seat 5: peterpanXXX ($78.92 in chips)
Seat 6: anetkaapro ($143.02 in chips)
anetkaapro: posts small blind $1
peterpanXXX: posts big blind $3
*** HOLE CARDS ***
anetkaapro: folds
Uncalled bet ($2) returned to peterpanXXX
peterpanXXX collected $2 from pot
peterpanXXX: doesn't show hand
*** SUMMARY ***
Total pot $2 | Rake $0
Seat 5: peterpanXXX (big blind) collected ($2)
Seat 6: anetkaapro (button) (small blind) folded before Flop


PokerStars Hand #152219239928:  Hold'em Limit ($3/$6 USD) - 2016/04/20 23:42:48 ET
Table 'Spica II' 6-max Seat #5 is the button
Seat 5: peterpanXXX ($79.92 in chips)
Seat 6: anetkaapro ($142.02 in chips)
peterpanXXX: posts small blind $1
anetkaapro: posts big blind $3
*** HOLE CARDS ***
peterpanXXX: folds
Uncalled bet ($2) returned to anetkaapro
anetkaapro collected $2 from pot
anetkaapro: doesn't show hand
*** SUMMARY ***
Total pot $2 | Rake $0
Seat 5: peterpanXXX (button) (small blind) folded before Flop
Seat 6: anetkaapro (big blind) collected ($2)


PokerStars Hand #152219250556:  Hold'em Limit ($3/$6 USD) - 2016/04/20 23:43:27 ET
Table 'Spica II' 6-max Seat #6 is the button
Seat 5: peterpanXXX ($103.42 in chips)
Seat 6: anetkaapro ($118.02 in chips)
anetkaapro: posts small blind $1
peterpanXXX: posts big blind $3
*** HOLE CARDS ***
anetkaapro: raises $3 to $6
peterpanXXX: raises $3 to $9
anetkaapro: calls $3
*** FLOP *** [Kc 3h Ks]
peterpanXXX: bets $3
anetkaapro: calls $3
*** TURN *** [Kc 3h Ks] [Jd]
peterpanXXX: bets $6
anetkaapro: calls $6
*** RIVER *** [Kc 3h Ks Jd] [4c]
peterpanXXX: checks
anetkaapro: checks
*** SHOW DOWN ***
peterpanXXX: shows [Qd Td] (a pair of Kings)
anetkaapro: shows [8s 3s] (two pair, Kings and Threes)
anetkaapro collected $35.50 from pot
*** SUMMARY ***
Total pot $36 | Rake $0.50
Board [Kc 3h Ks Jd 4c]
Seat 5: peterpanXXX (big blind) showed [Qd Td] and lost with a pair of Kings
Seat 6: anetkaapro (button) (small blind) showed [8s 3s] and won ($35.50) with two pair, Kings and Threes


PokerStars Hand #152219243924:  Hold'em Limit ($3/$6 USD) - 2016/04/20 23:43:03 ET
Table 'Spica II' 6-max Seat #5 is the button
Seat 5: peterpanXXX ($79.92 in chips)
Seat 6: anetkaapro ($142.02 in chips)
peterpanXXX: posts small blind $1
anetkaapro: posts big blind $3
*** HOLE CARDS ***
peterpanXXX: raises $3 to $6
anetkaapro: raises $3 to $9
peterpanXXX: calls $3
*** FLOP *** [2d Qd 4c]
anetkaapro: bets $3
peterpanXXX: calls $3
*** TURN *** [2d Qd 4c] [Qc]
anetkaapro: bets $6
peterpanXXX: raises $6 to $12
anetkaapro: calls $6
*** RIVER *** [2d Qd 4c Qc] [5h]
anetkaapro: checks
peterpanXXX: bets $6
anetkaapro: folds
Uncalled bet ($6) returned to peterpanXXX
peterpanXXX collected $47.50 from pot
peterpanXXX: doesn't show hand
*** SUMMARY ***
Total pot $48 | Rake $0.50
Board [2d Qd 4c Qc 5h]
Seat 5: peterpanXXX (button) (small blind) collected ($47.50)
Seat 6: anetkaapro (big blind) folded on the River


PokerStars Hand #152219263655:  Hold'em Limit ($3/$6 USD) - 2016/04/20 23:44:14 ET
Table 'Spica II' 6-max Seat #5 is the button
Seat 5: peterpanXXX ($96.92 in chips)
Seat 6: anetkaapro ($123.52 in chips)
peterpanXXX: posts small blind $1
anetkaapro: posts big blind $3
*** HOLE CARDS ***
peterpanXXX: folds
Uncalled bet ($2) returned to anetkaapro
anetkaapro collected $2 from pot
anetkaapro: doesn't show hand
*** SUMMARY ***
Total pot $2 | Rake $0
Seat 5: peterpanXXX (button) (small blind) folded before Flop
Seat 6: anetkaapro (big blind) collected ($2)


PokerStars Hand #152219256303:  Hold'em Limit ($3/$6 USD) - 2016/04/20 23:43:48 ET
Table 'Spica II' 6-max Seat #5 is the button
Seat 5: peterpanXXX ($85.42 in chips)
Seat 6: anetkaapro ($135.52 in chips)
peterpanXXX: posts small blind $1
anetkaapro: posts big blind $3
*** HOLE CARDS ***
peterpanXXX: raises $3 to $6
anetkaapro: calls $3
*** FLOP *** [Ac 6d Jh]
anetkaapro: checks
peterpanXXX: bets $3
anetkaapro: calls $3
*** TURN *** [Ac 6d Jh] [9c]
anetkaapro: checks
peterpanXXX: bets $6
anetkaapro: calls $6
*** RIVER *** [Ac 6d Jh 9c] [2s]
anetkaapro: checks
peterpanXXX: bets $6
anetkaapro: folds
Uncalled bet ($6) returned to peterpanXXX
peterpanXXX collected $29.50 from pot
peterpanXXX: doesn't show hand
*** SUMMARY ***
Total pot $30 | Rake $0.50
Board [Ac 6d Jh 9c 2s]
Seat 5: peterpanXXX (button) (small blind) collected ($29.50)
Seat 6: anetkaapro (big blind) folded on the River


PokerStars Hand #152219265037:  Hold'em Limit ($3/$6 USD) - 2016/04/20 23:44:19 ET
Table 'Spica II' 6-max Seat #6 is the button
Seat 5: peterpanXXX ($95.92 in chips)
Seat 6: anetkaapro ($124.52 in chips)
anetkaapro: posts small blind $1
peterpanXXX: posts big blind $3
*** HOLE CARDS ***
anetkaapro: raises $3 to $6
peterpanXXX: calls $3
*** FLOP *** [3s 4s 3d]
peterpanXXX: checks
anetkaapro: bets $3
peterpanXXX: calls $3
*** TURN *** [3s 4s 3d] [Ts]
peterpanXXX: checks
anetkaapro: bets $6
peterpanXXX: folds
Uncalled bet ($6) returned to anetkaapro
anetkaapro collected $17.64 from pot
anetkaapro: doesn't show hand
*** SUMMARY ***
Total pot $18 | Rake $0.36
Board [3s 4s 3d Ts]
Seat 5: peterpanXXX (big blind) folded on the Turn
Seat 6: anetkaapro (button) (small blind) collected ($17.64)


PokerStars Hand #152219272444:  Hold'em Limit ($3/$6 USD) - 2016/04/20 23:44:46 ET
Table 'Spica II' 6-max Seat #6 is the button
Seat 5: peterpanXXX ($85.92 in chips)
Seat 6: anetkaapro ($134.16 in chips)
anetkaapro: posts small blind $1
peterpanXXX: posts big blind $3
*** HOLE CARDS ***
anetkaapro: folds
Uncalled bet ($2) returned to peterpanXXX
peterpanXXX collected $2 from pot
peterpanXXX: doesn't show hand
*** SUMMARY ***
Total pot $2 | Rake $0
Seat 5: peterpanXXX (big blind) collected ($2)
Seat 6: anetkaapro (button) (small blind) folded before Flop


PokerStars Hand #152219281435:  Hold'em Limit ($3/$6 USD) - 2016/04/20 23:45:19 ET
Table 'Spica II' 6-max Seat #6 is the button
Seat 5: peterpanXXX ($98.44 in chips)
Seat 6: anetkaapro ($121.16 in chips)
anetkaapro: posts small blind $1
peterpanXXX: posts big blind $3
*** HOLE CARDS ***
anetkaapro: folds
Uncalled bet ($2) returned to peterpanXXX
peterpanXXX collected $2 from pot
peterpanXXX: doesn't show hand
*** SUMMARY ***
Total pot $2 | Rake $0
Seat 5: peterpanXXX (big blind) collected ($2)
Seat 6: anetkaapro (button) (small blind) folded before Flop


PokerStars Hand #152219274833:  Hold'em Limit ($3/$6 USD) - 2016/04/20 23:44:55 ET
Table 'Spica II' 6-max Seat #5 is the button
Seat 5: peterpanXXX ($86.92 in chips)
Seat 6: anetkaapro ($133.16 in chips)
peterpanXXX: posts small blind $1
anetkaapro: posts big blind $3
*** HOLE CARDS ***
peterpanXXX: raises $3 to $6
anetkaapro: calls $3
*** FLOP *** [7d 3h 6d]
anetkaapro: checks
peterpanXXX: checks
*** TURN *** [7d 3h 6d] [3c]
anetkaapro: bets $6
peterpanXXX: raises $6 to $12
anetkaapro: folds
Uncalled bet ($6) returned to peterpanXXX
peterpanXXX collected $23.52 from pot
peterpanXXX: doesn't show hand
*** SUMMARY ***
Total pot $24 | Rake $0.48
Board [7d 3h 6d 3c]
Seat 5: peterpanXXX (button) (small blind) collected ($23.52)
Seat 6: anetkaapro (big blind) folded on the Turn


PokerStars Hand #152219271146:  Hold'em Limit ($3/$6 USD) - 2016/04/20 23:44:42 ET
Table 'Spica II' 6-max Seat #5 is the button
Seat 5: peterpanXXX ($86.92 in chips)
Seat 6: anetkaapro ($133.16 in chips)
peterpanXXX: posts small blind $1
anetkaapro: posts big blind $3
*** HOLE CARDS ***
peterpanXXX: folds
Uncalled bet ($2) returned to anetkaapro
anetkaapro collected $2 from pot
anetkaapro: doesn't show hand
*** SUMMARY ***
Total pot $2 | Rake $0
Seat 5: peterpanXXX (button) (small blind) folded before Flop
Seat 6: anetkaapro (big blind) collected ($2)


PokerStars Hand #152219282685:  Hold'em Limit ($3/$6 USD) - 2016/04/20 23:45:23 ET
Table 'Spica II' 6-max Seat #5 is the button
Seat 5: peterpanXXX ($99.44 in chips)
Seat 6: anetkaapro ($120.16 in chips)
peterpanXXX: posts small blind $1
anetkaapro: posts big blind $3
*** HOLE CARDS ***
peterpanXXX: raises $3 to $6
anetkaapro: calls $3
*** FLOP *** [9h 2d 9c]
anetkaapro: checks
peterpanXXX: bets $3
anetkaapro: calls $3
*** TURN *** [9h 2d 9c] [5h]
anetkaapro: checks
peterpanXXX: checks
*** RIVER *** [9h 2d 9c 5h] [Jc]
anetkaapro: bets $6
peterpanXXX: calls $6
*** SHOW DOWN ***
anetkaapro: shows [Qc 3c] (a pair of Nines)
peterpanXXX: shows [Kc 3s] (a pair of Nines - King kicker)
peterpanXXX collected $29.50 from pot
*** SUMMARY ***
Total pot $30 | Rake $0.50
Board [9h 2d 9c 5h Jc]
Seat 5: peterpanXXX (button) (small blind) showed [Kc 3s] and won ($29.50) with a pair of Nines
Seat 6: anetkaapro (big blind) showed [Qc 3c] and lost with a pair of Nines


PokerStars Hand #152219297399:  Hold'em Limit ($3/$6 USD) - 2016/04/20 23:46:16 ET
Table 'Spica II' 6-max Seat #5 is the button
Seat 5: peterpanXXX ($107.94 in chips)
Seat 6: anetkaapro ($110.92 in chips)
peterpanXXX: posts small blind $1
anetkaapro: posts big blind $3
*** HOLE CARDS ***
peterpanXXX: folds
Uncalled bet ($2) returned to anetkaapro
anetkaapro collected $2 from pot
anetkaapro: doesn't show hand
*** SUMMARY ***
Total pot $2 | Rake $0
Seat 5: peterpanXXX (button) (small blind) folded before Flop
Seat 6: anetkaapro (big blind) collected ($2)


PokerStars Hand #152219292969:  Hold'em Limit ($3/$6 USD) - 2016/04/20 23:46:00 ET
Table 'Spica II' 6-max Seat #6 is the button
Seat 5: peterpanXXX ($113.94 in chips)
Seat 6: anetkaapro ($105.16 in chips)
anetkaapro: posts small blind $1
peterpanXXX: posts big blind $3
*** HOLE CARDS ***
anetkaapro: raises $3 to $6
peterpanXXX: calls $3
*** FLOP *** [Th Qh Td]
peterpanXXX: checks
anetkaapro: bets $3
peterpanXXX: folds
Uncalled bet ($3) returned to anetkaapro
anetkaapro collected $11.76 from pot
anetkaapro: doesn't show hand
*** SUMMARY ***
Total pot $12 | Rake $0.24
Board [Th Qh Td]
Seat 5: peterpanXXX (big blind) folded on the Flop
Seat 6: anetkaapro (button) (small blind) collected ($11.76)


PokerStars Hand #152219298737:  Hold'em Limit ($3/$6 USD) - 2016/04/20 23:46:21 ET
Table 'Spica II' 6-max Seat #6 is the button
Seat 5: peterpanXXX ($106.94 in chips)
Seat 6: anetkaapro ($111.92 in chips)
anetkaapro: posts small blind $1
peterpanXXX: posts big blind $3
*** HOLE CARDS ***
anetkaapro: raises $3 to $6
peterpanXXX: raises $3 to $9
anetkaapro: calls $3
*** FLOP *** [9c Kh 3c]
peterpanXXX: bets $3
anetkaapro: calls $3
*** TURN *** [9c Kh 3c] [5d]
peterpanXXX: checks
anetkaapro: bets $6
peterpanXXX: folds
Uncalled bet ($6) returned to anetkaapro
anetkaapro collected $23.52 from pot
anetkaapro: doesn't show hand
*** SUMMARY ***
Total pot $24 | Rake $0.48
Board [9c Kh 3c 5d]
Seat 5: peterpanXXX (big blind) folded on the Turn
Seat 6: anetkaapro (button) (small blind) collected ($23.52)


PokerStars Hand #152219303853:  Hold'em Limit ($3/$6 USD) - 2016/04/20 23:46:39 ET
Table 'Spica II' 6-max Seat #5 is the button
Seat 5: peterpanXXX ($94.94 in chips)
Seat 6: anetkaapro ($123.44 in chips)
peterpanXXX: posts small blind $1
anetkaapro: posts big blind $3
*** HOLE CARDS ***
peterpanXXX: raises $3 to $6
anetkaapro: calls $3
*** FLOP *** [Jh 3c 5c]
anetkaapro: checks
peterpanXXX: bets $3
anetkaapro: calls $3
*** TURN *** [Jh 3c 5c] [2s]
anetkaapro: checks
peterpanXXX: checks
*** RIVER *** [Jh 3c 5c 2s] [9c]
anetkaapro: checks
peterpanXXX: checks
*** SHOW DOWN ***
anetkaapro: shows [6d 3d] (a pair of Threes)
peterpanXXX: mucks hand
anetkaapro collected $17.64 from pot
*** SUMMARY ***
Total pot $18 | Rake $0.36
Board [Jh 3c 5c 2s 9c]
Seat 5: peterpanXXX (button) (small blind) mucked
Seat 6: anetkaapro (big blind) showed [6d 3d] and won ($17.64) with a pair of Threes


PokerStars Hand #152219316350:  Hold'em Limit ($3/$6 USD) - 2016/04/20 23:47:24 ET
Table 'Spica II' 6-max Seat #5 is the button
Seat 5: peterpanXXX ($97.46 in chips)
Seat 6: anetkaapro ($120.08 in chips)
peterpanXXX: posts small blind $1
anetkaapro: posts big blind $3
*** HOLE CARDS ***
peterpanXXX: raises $3 to $6
anetkaapro: calls $3
*** FLOP *** [2s Ad Kc]
anetkaapro: checks
peterpanXXX: bets $3
anetkaapro: calls $3
*** TURN *** [2s Ad Kc] [7s]
anetkaapro: checks
peterpanXXX: bets $6
anetkaapro: calls $6
*** RIVER *** [2s Ad Kc 7s] [6s]
anetkaapro: checks
peterpanXXX: bets $6
anetkaapro: calls $6
*** SHOW DOWN ***
peterpanXXX: shows [9s 7h] (a pair of Sevens)
anetkaapro: shows [3c Kd] (a pair of Kings)
anetkaapro collected $41.50 from pot
*** SUMMARY ***
Total pot $42 | Rake $0.50
Board [2s Ad Kc 7s 6s]
Seat 5: peterpanXXX (button) (small blind) showed [9s 7h] and lost with a pair of Sevens
Seat 6: anetkaapro (big blind) showed [3c Kd] and won ($41.50) with a pair of Kings


PokerStars Hand #152219339435:  Hold'em Limit ($3/$6 USD) - 2016/04/20 23:48:47 ET
Table 'Spica II' 6-max Seat #6 is the button
Seat 5: peterpanXXX ($105.72 in chips)
Seat 6: anetkaapro ($110.58 in chips)
anetkaapro: posts small blind $1
peterpanXXX: posts big blind $3
*** HOLE CARDS ***
anetkaapro: raises $3 to $6
peterpanXXX: calls $3
*** FLOP *** [Qc 7h 9h]
peterpanXXX: checks
anetkaapro: bets $3
peterpanXXX: calls $3
*** TURN *** [Qc 7h 9h] [5h]
peterpanXXX: checks
anetkaapro: bets $6
peterpanXXX: folds
Uncalled bet ($6) returned to anetkaapro
anetkaapro collected $17.64 from pot
anetkaapro: doesn't show hand
*** SUMMARY ***
Total pot $18 | Rake $0.36
Board [Qc 7h 9h 5h]
Seat 5: peterpanXXX (big blind) folded on the Turn
Seat 6: anetkaapro (button) (small blind) collected ($17.64)


PokerStars Hand #152219324185:  Hold'em Limit ($3/$6 USD) - 2016/04/20 23:47:52 ET
Table 'Spica II' 6-max Seat #6 is the button
Seat 5: peterpanXXX ($76.46 in chips)
Seat 6: anetkaapro ($140.58 in chips)
anetkaapro: posts small blind $1
peterpanXXX: posts big blind $3
*** HOLE CARDS ***
anetkaapro: raises $3 to $6
peterpanXXX: raises $3 to $9
anetkaapro: calls $3
*** FLOP *** [2s Th Kc]
peterpanXXX: bets $3
anetkaapro: calls $3
*** TURN *** [2s Th Kc] [Qh]
peterpanXXX: bets $6
anetkaapro: calls $6
*** RIVER *** [2s Th Kc Qh] [4h]
peterpanXXX: bets $6
anetkaapro: calls $6
*** SHOW DOWN ***
peterpanXXX: shows [9s Qs] (a pair of Queens)
anetkaapro: mucks hand
peterpanXXX collected $47.50 from pot
*** SUMMARY ***
Total pot $48 | Rake $0.50
Board [2s Th Kc Qh 4h]
Seat 5: peterpanXXX (big blind) showed [9s Qs] and won ($47.50) with a pair of Queens
Seat 6: anetkaapro (button) (small blind) mucked


PokerStars Hand #152219333298:  Hold'em Limit ($3/$6 USD) - 2016/04/20 23:48:25 ET
Table 'Spica II' 6-max Seat #5 is the button
Seat 5: peterpanXXX ($99.96 in chips)
Seat 6: anetkaapro ($116.58 in chips)
peterpanXXX: posts small blind $1
anetkaapro: posts big blind $3
*** HOLE CARDS ***
peterpanXXX: raises $3 to $6
anetkaapro: calls $3
*** FLOP *** [Kd 4c Qd]
anetkaapro: checks
peterpanXXX: bets $3
anetkaapro: folds
Uncalled bet ($3) returned to peterpanXXX
peterpanXXX collected $11.76 from pot
peterpanXXX: doesn't show hand
*** SUMMARY ***
Total pot $12 | Rake $0.24
Board [Kd 4c Qd]
Seat 5: peterpanXXX (button) (small blind) collected ($11.76)
Seat 6: anetkaapro (big blind) folded on the Flop


PokerStars Hand #152219344934:  Hold'em Limit ($3/$6 USD) - 2016/04/20 23:49:07 ET
Table 'Spica II' 6-max Seat #5 is the button
Seat 5: peterpanXXX ($96.72 in chips)
Seat 6: anetkaapro ($119.22 in chips)
peterpanXXX: posts small blind $1
anetkaapro: posts big blind $3
*** HOLE CARDS ***
peterpanXXX: raises $3 to $6
anetkaapro: calls $3
*** FLOP *** [Js Qs Th]
anetkaapro: checks
peterpanXXX: checks
*** TURN *** [Js Qs Th] [6d]
anetkaapro: bets $6
peterpanXXX: folds
Uncalled bet ($6) returned to anetkaapro
anetkaapro collected $11.76 from pot
anetkaapro: doesn't show hand
*** SUMMARY ***
Total pot $12 | Rake $0.24
Board [Js Qs Th 6d]
Seat 5: peterpanXXX (button) (small blind) folded on the Turn
Seat 6: anetkaapro (big blind) collected ($11.76)


PokerStars Hand #152219350586:  Hold'em Limit ($3/$6 USD) - 2016/04/20 23:49:28 ET
Table 'Spica II' 6-max Seat #6 is the button
Seat 5: peterpanXXX ($90.72 in chips)
Seat 6: anetkaapro ($124.98 in chips)
anetkaapro: posts small blind $1
peterpanXXX: posts big blind $3
*** HOLE CARDS ***
anetkaapro: raises $3 to $6
peterpanXXX: calls $3
*** FLOP *** [Ts Jh 2c]
peterpanXXX: checks
anetkaapro: bets $3
peterpanXXX: calls $3
*** TURN *** [Ts Jh 2c] [As]
peterpanXXX: checks
anetkaapro: checks
*** RIVER *** [Ts Jh 2c As] [8d]
peterpanXXX: bets $6
anetkaapro: calls $6
*** SHOW DOWN ***
peterpanXXX: shows [2d Th] (two pair, Tens and Deuces)
anetkaapro: mucks hand
peterpanXXX collected $29.50 from pot
*** SUMMARY ***
Total pot $30 | Rake $0.50
Board [Ts Jh 2c As 8d]
Seat 5: peterpanXXX (big blind) showed [2d Th] and won ($29.50) with two pair, Tens and Deuces
Seat 6: anetkaapro (button) (small blind) mucked


PokerStars Hand #152219366156:  Hold'em Limit ($3/$6 USD) - 2016/04/20 23:50:27 ET
Table 'Spica II' 6-max Seat #6 is the button
Seat 5: peterpanXXX ($108.22 in chips)
Seat 6: anetkaapro ($106.98 in chips)
anetkaapro: posts small blind $1
peterpanXXX: posts big blind $3
*** HOLE CARDS ***
anetkaapro: raises $3 to $6
peterpanXXX: raises $3 to $9
anetkaapro: calls $3
*** FLOP *** [5s 4c 7s]
peterpanXXX: bets $3
anetkaapro: calls $3
*** TURN *** [5s 4c 7s] [Jh]
peterpanXXX: bets $6
anetkaapro: raises $6 to $12
peterpanXXX: calls $6
*** RIVER *** [5s 4c 7s Jh] [8s]
peterpanXXX: bets $6
anetkaapro: raises $6 to $12
peterpanXXX: calls $6
*** SHOW DOWN ***
anetkaapro: shows [Jc 6s] (a straight, Four to Eight)
peterpanXXX: shows [Ac 6c] (a straight, Four to Eight)
peterpanXXX collected $35.75 from pot
anetkaapro collected $35.75 from pot
*** SUMMARY ***
Total pot $72 | Rake $0.50
Board [5s 4c 7s Jh 8s]
Seat 5: peterpanXXX (big blind) showed [Ac 6c] and won ($35.75) with a straight, Four to Eight
Seat 6: anetkaapro (button) (small blind) showed [Jc 6s] and won ($35.75) with a straight, Four to Eight


PokerStars Hand #152219386046:  Hold'em Limit ($3/$6 USD) - 2016/04/20 23:51:40 ET
Table 'Spica II' 6-max Seat #5 is the button
Seat 5: peterpanXXX ($131.11 in chips)
Seat 6: anetkaapro ($82.73 in chips)
peterpanXXX: posts small blind $1
anetkaapro: posts big blind $3
*** HOLE CARDS ***
peterpanXXX: raises $3 to $6
anetkaapro: raises $3 to $9
peterpanXXX: calls $3
*** FLOP *** [7d 8s 8h]
anetkaapro: bets $3
peterpanXXX: calls $3
*** TURN *** [7d 8s 8h] [Jd]
anetkaapro: bets $6
peterpanXXX: calls $6
*** RIVER *** [7d 8s 8h Jd] [2s]
anetkaapro: bets $6
peterpanXXX: calls $6
*** SHOW DOWN ***
anetkaapro: shows [9s Ts] (a straight, Seven to Jack)
peterpanXXX: mucks hand
anetkaapro collected $47.50 from pot
*** SUMMARY ***
Total pot $48 | Rake $0.50
Board [7d 8s 8h Jd 2s]
Seat 5: peterpanXXX (button) (small blind) mucked
Seat 6: anetkaapro (big blind) showed [9s Ts] and won ($47.50) with a straight, Seven to Jack


PokerStars Hand #152219382974:  Hold'em Limit ($3/$6 USD) - 2016/04/20 23:51:28 ET
Table 'Spica II' 6-max Seat #6 is the button
Seat 5: peterpanXXX ($122.47 in chips)
Seat 6: anetkaapro ($91.73 in chips)
anetkaapro: posts small blind $1
peterpanXXX: posts big blind $3
*** HOLE CARDS ***
anetkaapro: raises $3 to $6
peterpanXXX: raises $3 to $9
anetkaapro: calls $3
*** FLOP *** [Ks 5c Jh]
peterpanXXX: bets $3
anetkaapro: folds
Uncalled bet ($3) returned to peterpanXXX
peterpanXXX collected $17.64 from pot
peterpanXXX: doesn't show hand
*** SUMMARY ***
Total pot $18 | Rake $0.36
Board [Ks 5c Jh]
Seat 5: peterpanXXX (big blind) collected ($17.64)
Seat 6: anetkaapro (button) (small blind) folded on the Flop


PokerStars Hand #152219374492:  Hold'em Limit ($3/$6 USD) - 2016/04/20 23:50:57 ET
Table 'Spica II' 6-max Seat #5 is the button
Seat 5: peterpanXXX ($107.97 in chips)
Seat 6: anetkaapro ($106.73 in chips)
peterpanXXX: posts small blind $1
anetkaapro: posts big blind $3
*** HOLE CARDS ***
peterpanXXX: raises $3 to $6
anetkaapro: calls $3
*** FLOP *** [Kd Jh 8h]
anetkaapro: checks
peterpanXXX: bets $3
anetkaapro: raises $3 to $6
peterpanXXX: raises $3 to $9
anetkaapro: calls $3
*** TURN *** [Kd Jh 8h] [Qs]
anetkaapro: checks
peterpanXXX: bets $6
anetkaapro: folds
Uncalled bet ($6) returned to peterpanXXX
peterpanXXX collected $29.50 from pot
peterpanXXX: doesn't show hand
*** SUMMARY ***
Total pot $30 | Rake $0.50
Board [Kd Jh 8h Qs]
Seat 5: peterpanXXX (button) (small blind) collected ($29.50)
Seat 6: anetkaapro (big blind) folded on the Turn


PokerStars Hand #152219394520:  Hold'em Limit ($3/$6 USD) - 2016/04/20 23:52:10 ET
Table 'Spica II' 6-max Seat #5 is the button
Seat 5: peterpanXXX ($112.87 in chips)
Seat 6: anetkaapro ($100.23 in chips)
peterpanXXX: posts small blind $1
anetkaapro: posts big blind $3
*** HOLE CARDS ***
peterpanXXX: folds
Uncalled bet ($2) returned to anetkaapro
anetkaapro collected $2 from pot
anetkaapro: doesn't show hand
*** SUMMARY ***
Total pot $2 | Rake $0
Seat 5: peterpanXXX (button) (small blind) folded before Flop
Seat 6: anetkaapro (big blind) collected ($2)


PokerStars Hand #152219390820:  Hold'em Limit ($3/$6 USD) - 2016/04/20 23:51:57 ET
Table 'Spica II' 6-max Seat #6 is the button
Seat 5: peterpanXXX ($107.11 in chips)
Seat 6: anetkaapro ($106.23 in chips)
anetkaapro: posts small blind $1
peterpanXXX: posts big blind $3
*** HOLE CARDS ***
anetkaapro: raises $3 to $6
peterpanXXX: calls $3
*** FLOP *** [Ac 5d 4d]
peterpanXXX: bets $3
anetkaapro: folds
Uncalled bet ($3) returned to peterpanXXX
peterpanXXX collected $11.76 from pot
peterpanXXX: doesn't show hand
*** SUMMARY ***
Total pot $12 | Rake $0.24
Board [Ac 5d 4d]
Seat 5: peterpanXXX (big blind) collected ($11.76)
Seat 6: anetkaapro (button) (small blind) folded on the Flop


PokerStars Hand #152219395892:  Hold'em Limit ($3/$6 USD) - 2016/04/20 23:52:15 ET
Table 'Spica II' 6-max Seat #6 is the button
Seat 5: peterpanXXX ($111.87 in chips)
Seat 6: anetkaapro ($101.23 in chips)
anetkaapro: posts small blind $1
peterpanXXX: posts big blind $3
*** HOLE CARDS ***
anetkaapro: raises $3 to $6
peterpanXXX: raises $3 to $9
anetkaapro: calls $3
*** FLOP *** [7c Ah 7d]
peterpanXXX: bets $3
anetkaapro: calls $3
*** TURN *** [7c Ah 7d] [6c]
peterpanXXX: checks
anetkaapro: bets $6
peterpanXXX: raises $6 to $12
anetkaapro: calls $6
*** RIVER *** [7c Ah 7d 6c] [Ac]
peterpanXXX: bets $6
anetkaapro: raises $6 to $12
peterpanXXX: raises $6 to $18
anetkaapro: raises $6 to $24
Betting is capped
peterpanXXX: calls $6
*** SHOW DOWN ***
anetkaapro: shows [As 5s] (a full house, Aces full of Sevens)
peterpanXXX: shows [Ad 9h] (a full house, Aces full of Sevens)
peterpanXXX collected $47.75 from pot
anetkaapro collected $47.75 from pot
*** SUMMARY ***
Total pot $96 | Rake $0.50
Board [7c Ah 7d 6c Ac]
Seat 5: peterpanXXX (big blind) showed [Ad 9h] and won ($47.75) with a full house, Aces full of Sevens
Seat 6: anetkaapro (button) (small blind) showed [As 5s] and won ($47.75) with a full house, Aces full of Sevens


PokerStars Hand #152219407161:  Hold'em Limit ($3/$6 USD) - 2016/04/20 23:52:57 ET
Table 'Spica II' 6-max Seat #6 is the button
Seat 5: peterpanXXX ($123.14 in chips)
Seat 6: anetkaapro ($88.98 in chips)
anetkaapro: posts small blind $1
peterpanXXX: posts big blind $3
*** HOLE CARDS ***
anetkaapro: folds
Uncalled bet ($2) returned to peterpanXXX
peterpanXXX collected $2 from pot
peterpanXXX: doesn't show hand
*** SUMMARY ***
Total pot $2 | Rake $0
Seat 5: peterpanXXX (big blind) collected ($2)
Seat 6: anetkaapro (button) (small blind) folded before Flop


PokerStars Hand #152219403186:  Hold'em Limit ($3/$6 USD) - 2016/04/20 23:52:42 ET
Table 'Spica II' 6-max Seat #5 is the button
Seat 5: peterpanXXX ($111.62 in chips)
Seat 6: anetkaapro ($100.98 in chips)
peterpanXXX: posts small blind $1
anetkaapro: posts big blind $3
*** HOLE CARDS ***
peterpanXXX: raises $3 to $6
anetkaapro: calls $3
*** FLOP *** [3s Qc 9d]
anetkaapro: checks
peterpanXXX: checks
*** TURN *** [3s Qc 9d] [Kc]
anetkaapro: bets $6
peterpanXXX: raises $6 to $12
anetkaapro: folds
Uncalled bet ($6) returned to peterpanXXX
peterpanXXX collected $23.52 from pot
peterpanXXX: doesn't show hand
*** SUMMARY ***
Total pot $24 | Rake $0.48
Board [3s Qc 9d Kc]
Seat 5: peterpanXXX (button) (small blind) collected ($23.52)
Seat 6: anetkaapro (big blind) folded on the Turn


PokerStars Hand #152219408339:  Hold'em Limit ($3/$6 USD) - 2016/04/20 23:53:02 ET
Table 'Spica II' 6-max Seat #5 is the button
Seat 5: peterpanXXX ($124.14 in chips)
Seat 6: anetkaapro ($87.98 in chips)
peterpanXXX: posts small blind $1
anetkaapro: posts big blind $3
*** HOLE CARDS ***
peterpanXXX: folds
Uncalled bet ($2) returned to anetkaapro
anetkaapro collected $2 from pot
anetkaapro: doesn't show hand
*** SUMMARY ***
Total pot $2 | Rake $0
Seat 5: peterpanXXX (button) (small blind) folded before Flop
Seat 6: anetkaapro (big blind) collected ($2)


PokerStars Hand #152219423185:  Hold'em Limit ($3/$6 USD) - 2016/04/20 23:53:56 ET
Table 'Spica II' 6-max Seat #5 is the button
Seat 5: peterpanXXX ($127.65 in chips)
Seat 6: anetkaapro ($83.73 in chips)
peterpanXXX: posts small blind $1
anetkaapro: posts big blind $3
*** HOLE CARDS ***
peterpanXXX: raises $3 to $6
anetkaapro: folds
Uncalled bet ($3) returned to peterpanXXX
peterpanXXX collected $6 from pot
peterpanXXX: doesn't show hand
*** SUMMARY ***
Total pot $6 | Rake $0
Seat 5: peterpanXXX (button) (small blind) collected ($6)
Seat 6: anetkaapro (big blind) folded before Flop


PokerStars Hand #152219420045:  Hold'em Limit ($3/$6 USD) - 2016/04/20 23:53:45 ET
Table 'Spica II' 6-max Seat #6 is the button
Seat 5: peterpanXXX ($121.89 in chips)
Seat 6: anetkaapro ($89.73 in chips)
anetkaapro: posts small blind $1
peterpanXXX: posts big blind $3
*** HOLE CARDS ***
anetkaapro: raises $3 to $6
peterpanXXX: calls $3
*** FLOP *** [Ad Kh 2h]
peterpanXXX: bets $3
anetkaapro: folds
Uncalled bet ($3) returned to peterpanXXX
peterpanXXX collected $11.76 from pot
peterpanXXX: doesn't show hand
*** SUMMARY ***
Total pot $12 | Rake $0.24
Board [Ad Kh 2h]
Seat 5: peterpanXXX (big blind) collected ($11.76)
Seat 6: anetkaapro (button) (small blind) folded on the Flop


PokerStars Hand #152219424971:  Hold'em Limit ($3/$6 USD) - 2016/04/20 23:54:03 ET
Table 'Spica II' 6-max Seat #6 is the button
Seat 5: peterpanXXX ($130.65 in chips)
Seat 6: anetkaapro ($80.73 in chips)
anetkaapro: posts small blind $1
peterpanXXX: posts big blind $3
*** HOLE CARDS ***
anetkaapro: raises $3 to $6
peterpanXXX: raises $3 to $9
anetkaapro: calls $3
*** FLOP *** [3d 7h Ad]
peterpanXXX: bets $3
anetkaapro: folds
Uncalled bet ($3) returned to peterpanXXX
peterpanXXX collected $17.64 from pot
peterpanXXX: doesn't show hand
*** SUMMARY ***
Total pot $18 | Rake $0.36
Board [3d 7h Ad]
Seat 5: peterpanXXX (big blind) collected ($17.64)
Seat 6: anetkaapro (button) (small blind) folded on the Flop


PokerStars Hand #152219418778:  Hold'em Limit ($3/$6 USD) - 2016/04/20 23:53:40 ET
Table 'Spica II' 6-max Seat #5 is the button
Seat 5: peterpanXXX ($122.89 in chips)
Seat 6: anetkaapro ($88.73 in chips)
peterpanXXX: posts small blind $1
anetkaapro: posts big blind $3
*** HOLE CARDS ***
peterpanXXX: folds
Uncalled bet ($2) returned to anetkaapro
anetkaapro collected $2 from pot
anetkaapro: doesn't show hand
*** SUMMARY ***
Total pot $2 | Rake $0
Seat 5: peterpanXXX (button) (small blind) folded before Flop
Seat 6: anetkaapro (big blind) collected ($2)


PokerStars Hand #152219409584:  Hold'em Limit ($3/$6 USD) - 2016/04/20 23:53:06 ET
Table 'Spica II' 6-max Seat #6 is the button
Seat 5: peterpanXXX ($123.14 in chips)
Seat 6: anetkaapro ($88.98 in chips)
anetkaapro: posts small blind $1
peterpanXXX: posts big blind $3
*** HOLE CARDS ***
anetkaapro: raises $3 to $6
peterpanXXX: calls $3
*** FLOP *** [Qs 5d Th]
peterpanXXX: checks
anetkaapro: bets $3
peterpanXXX: raises $3 to $6
anetkaapro: calls $3
*** TURN *** [Qs 5d Th] [Tc]
peterpanXXX: bets $6
anetkaapro: calls $6
*** RIVER *** [Qs 5d Th Tc] [7s]
peterpanXXX: checks
anetkaapro: bets $6
peterpanXXX: calls $6
*** SHOW DOWN ***
anetkaapro: shows [4s Qc] (two pair, Queens and Tens)
peterpanXXX: shows [7c Qd] (two pair, Queens and Tens)
peterpanXXX collected $23.75 from pot
anetkaapro collected $23.75 from pot
*** SUMMARY ***
Total pot $48 | Rake $0.50
Board [Qs 5d Th Tc 7s]
Seat 5: peterpanXXX (big blind) showed [7c Qd] and won ($23.75) with two pair, Queens and Tens
Seat 6: anetkaapro (button) (small blind) showed [4s Qc] and won ($23.75) with two pair, Queens and Tens


PokerStars Hand #152219439718:  Hold'em Limit ($3/$6 USD) - 2016/04/20 23:54:58 ET
Table 'Spica II' 6-max Seat #5 is the button
Seat 5: peterpanXXX ($139.05 in chips)
Seat 6: anetkaapro ($119.76 in chips)
peterpanXXX: posts small blind $1
anetkaapro: posts big blind $3
*** HOLE CARDS ***
peterpanXXX: raises $3 to $6
anetkaapro: calls $3
*** FLOP *** [Kc Jc 2h]
anetkaapro: checks
peterpanXXX: bets $3
anetkaapro: raises $3 to $6
peterpanXXX: raises $3 to $9
anetkaapro: calls $3
*** TURN *** [Kc Jc 2h] [7s]
anetkaapro: checks
peterpanXXX: checks
*** RIVER *** [Kc Jc 2h 7s] [Td]
anetkaapro: bets $6
peterpanXXX: folds
Uncalled bet ($6) returned to anetkaapro
anetkaapro collected $29.50 from pot
anetkaapro: doesn't show hand
*** SUMMARY ***
Total pot $30 | Rake $0.50
Board [Kc Jc 2h 7s Td]
Seat 5: peterpanXXX (button) (small blind) folded on the River
Seat 6: anetkaapro (big blind) collected ($29.50)


PokerStars Hand #152219433681:  Hold'em Limit ($3/$6 USD) - 2016/04/20 23:54:35 ET
Table 'Spica II' 6-max Seat #6 is the button
Seat 5: peterpanXXX ($145.05 in chips)
Seat 6: anetkaapro ($114 in chips)
anetkaapro: posts small blind $1
peterpanXXX: posts big blind $3
*** HOLE CARDS ***
anetkaapro: raises $3 to $6
peterpanXXX: calls $3
*** FLOP *** [Js Ad 3c]
peterpanXXX: checks
anetkaapro: bets $3
peterpanXXX: folds
Uncalled bet ($3) returned to anetkaapro
anetkaapro collected $11.76 from pot
anetkaapro: doesn't show hand
*** SUMMARY ***
Total pot $12 | Rake $0.24
Board [Js Ad 3c]
Seat 5: peterpanXXX (big blind) folded on the Flop
Seat 6: anetkaapro (button) (small blind) collected ($11.76)


PokerStars Hand #152219429112:  Hold'em Limit ($3/$6 USD) - 2016/04/20 23:54:18 ET
Table 'Spica II' 6-max Seat #5 is the button
Seat 5: peterpanXXX ($139.29 in chips)
Seat 6: anetkaapro ($120 in chips)
peterpanXXX: posts small blind $1
anetkaapro: posts big blind $3
*** HOLE CARDS ***
peterpanXXX: raises $3 to $6
anetkaapro: calls $3
*** FLOP *** [8h 4c 7s]
anetkaapro: checks
peterpanXXX: checks
*** TURN *** [8h 4c 7s] [Qd]
anetkaapro: checks
peterpanXXX: bets $6
anetkaapro: folds
Uncalled bet ($6) returned to peterpanXXX
peterpanXXX collected $11.76 from pot
peterpanXXX: doesn't show hand
*** SUMMARY ***
Total pot $12 | Rake $0.24
Board [8h 4c 7s Qd]
Seat 5: peterpanXXX (button) (small blind) collected ($11.76)
Seat 6: anetkaapro (big blind) folded on the Turn


PokerStars Hand #152219461954:  Hold'em Limit ($3/$6 USD) - 2016/04/20 23:56:09 ET
Table 'Spica II' 6-max Seat #5 is the button
Seat 5: peterpanXXX ($111.81 in chips)
Seat 6: anetkaapro ($145.54 in chips)
peterpanXXX: posts small blind $1
anetkaapro: posts big blind $3
*** HOLE CARDS ***
peterpanXXX: folds
Uncalled bet ($2) returned to anetkaapro
anetkaapro collected $2 from pot
anetkaapro: doesn't show hand
*** SUMMARY ***
Total pot $2 | Rake $0
Seat 5: peterpanXXX (button) (small blind) folded before Flop
Seat 6: anetkaapro (big blind) collected ($2)


PokerStars Hand #152219453970:  Hold'em Limit ($3/$6 USD) - 2016/04/20 23:55:58 ET
Table 'Spica II' 6-max Seat #6 is the button
Seat 5: peterpanXXX ($117.81 in chips)
Seat 6: anetkaapro ($139.78 in chips)
anetkaapro: posts small blind $1
peterpanXXX: posts big blind $3
*** HOLE CARDS ***
anetkaapro: raises $3 to $6
peterpanXXX: calls $3
*** FLOP *** [3c 8d Qs]
peterpanXXX: checks
anetkaapro: bets $3
peterpanXXX: folds
Uncalled bet ($3) returned to anetkaapro
anetkaapro collected $11.76 from pot
anetkaapro: doesn't show hand
*** SUMMARY ***
Total pot $12 | Rake $0.24
Board [3c 8d Qs]
Seat 5: peterpanXXX (big blind) folded on the Flop
Seat 6: anetkaapro (button) (small blind) collected ($11.76)


PokerStars Hand #152219449061:  Hold'em Limit ($3/$6 USD) - 2016/04/20 23:55:37 ET
Table 'Spica II' 6-max Seat #5 is the button
Seat 5: peterpanXXX ($129.81 in chips)
Seat 6: anetkaapro ($128.26 in chips)
peterpanXXX: posts small blind $1
anetkaapro: posts big blind $3
*** HOLE CARDS ***
peterpanXXX: raises $3 to $6
anetkaapro: calls $3
*** FLOP *** [5s 9h Qh]
anetkaapro: checks
peterpanXXX: bets $3
anetkaapro: raises $3 to $6
peterpanXXX: calls $3
*** TURN *** [5s 9h Qh] [2c]
anetkaapro: bets $6
peterpanXXX: folds
Uncalled bet ($6) returned to anetkaapro
anetkaapro collected $23.52 from pot
anetkaapro: doesn't show hand
*** SUMMARY ***
Total pot $24 | Rake $0.48
Board [5s 9h Qh 2c]
Seat 5: peterpanXXX (button) (small blind) folded on the Turn
Seat 6: anetkaapro (big blind) collected ($23.52)


PokerStars Hand #152219444041:  Hold'em Limit ($3/$6 USD) - 2016/04/20 23:55:15 ET
Table 'Spica II' 6-max Seat #6 is the button
Seat 5: peterpanXXX ($124.05 in chips)
Seat 6: anetkaapro ($134.26 in chips)
anetkaapro: posts small blind $1
peterpanXXX: posts big blind $3
*** HOLE CARDS ***
anetkaapro: raises $3 to $6
peterpanXXX: calls $3
*** FLOP *** [3s As Ad]
peterpanXXX: bets $3
anetkaapro: folds
Uncalled bet ($3) returned to peterpanXXX
peterpanXXX collected $11.76 from pot
peterpanXXX: doesn't show hand
*** SUMMARY ***
Total pot $12 | Rake $0.24
Board [3s As Ad]
Seat 5: peterpanXXX (big blind) collected ($11.76)
Seat 6: anetkaapro (button) (small blind) folded on the Flop


PokerStars Hand #152219466717:  Hold'em Limit ($3/$6 USD) - 2016/04/20 23:56:30 ET
Table 'Spica II' 6-max Seat #5 is the button
Seat 5: peterpanXXX ($98.81 in chips)
Seat 6: anetkaapro ($158.06 in chips)
peterpanXXX: posts small blind $1
anetkaapro: posts big blind $3
*** HOLE CARDS ***
peterpanXXX: folds
Uncalled bet ($2) returned to anetkaapro
anetkaapro collected $2 from pot
anetkaapro: doesn't show hand
*** SUMMARY ***
Total pot $2 | Rake $0
Seat 5: peterpanXXX (button) (small blind) folded before Flop
Seat 6: anetkaapro (big blind) collected ($2)


PokerStars Hand #152219462936:  Hold'em Limit ($3/$6 USD) - 2016/04/20 23:56:14 ET
Table 'Spica II' 6-max Seat #6 is the button
Seat 5: peterpanXXX ($110.81 in chips)
Seat 6: anetkaapro ($146.54 in chips)
anetkaapro: posts small blind $1
peterpanXXX: posts big blind $3
*** HOLE CARDS ***
anetkaapro: raises $3 to $6
peterpanXXX: calls $3
*** FLOP *** [5s As Js]
peterpanXXX: checks
anetkaapro: bets $3
peterpanXXX: raises $3 to $6
anetkaapro: calls $3
*** TURN *** [5s As Js] [Jh]
peterpanXXX: checks
anetkaapro: bets $6
peterpanXXX: folds
Uncalled bet ($6) returned to anetkaapro
anetkaapro collected $23.52 from pot
anetkaapro: doesn't show hand
*** SUMMARY ***
Total pot $24 | Rake $0.48
Board [5s As Js Jh]
Seat 5: peterpanXXX (big blind) folded on the Turn
Seat 6: anetkaapro (button) (small blind) collected ($23.52)


PokerStars Hand #152219467798:  Hold'em Limit ($3/$6 USD) - 2016/04/20 23:56:35 ET
Table 'Spica II' 6-max Seat #6 is the button
Seat 5: peterpanXXX ($97.81 in chips)
Seat 6: anetkaapro ($159.06 in chips)
anetkaapro: posts small blind $1
peterpanXXX: posts big blind $3
*** HOLE CARDS ***
anetkaapro: raises $3 to $6
peterpanXXX: calls $3
*** FLOP *** [Qc 9d 6c]
peterpanXXX: checks
anetkaapro: bets $3
peterpanXXX: raises $3 to $6
anetkaapro: calls $3
*** TURN *** [Qc 9d 6c] [Th]
peterpanXXX: bets $6
anetkaapro: calls $6
*** RIVER *** [Qc 9d 6c Th] [3s]
peterpanXXX: bets $6
anetkaapro: calls $6
*** SHOW DOWN ***
peterpanXXX: shows [7d Qs] (a pair of Queens)
anetkaapro: mucks hand
peterpanXXX collected $47.50 from pot
*** SUMMARY ***
Total pot $48 | Rake $0.50
Board [Qc 9d 6c Th 3s]
Seat 5: peterpanXXX (big blind) showed [7d Qs] and won ($47.50) with a pair of Queens
Seat 6: anetkaapro (button) (small blind) mucked


PokerStars Hand #152219482487:  Hold'em Limit ($3/$6 USD) - 2016/04/20 23:57:39 ET
Table 'Spica II' 6-max Seat #5 is the button
Seat 5: peterpanXXX ($102.31 in chips)
Seat 6: anetkaapro ($153.56 in chips)
peterpanXXX: posts small blind $1
anetkaapro: posts big blind $3
*** HOLE CARDS ***
peterpanXXX: raises $3 to $6
anetkaapro: calls $3
*** FLOP *** [2s 8c Js]
anetkaapro: checks
peterpanXXX: bets $3
anetkaapro: calls $3
*** TURN *** [2s 8c Js] [8s]
anetkaapro: checks
peterpanXXX: checks
*** RIVER *** [2s 8c Js 8s] [3d]
anetkaapro: checks
peterpanXXX: bets $6
anetkaapro: calls $6
*** SHOW DOWN ***
peterpanXXX: shows [Tc 3c] (two pair, Eights and Threes)
anetkaapro: mucks hand
peterpanXXX collected $29.50 from pot
*** SUMMARY ***
Total pot $30 | Rake $0.50
Board [2s 8c Js 8s 3d]
Seat 5: peterpanXXX (button) (small blind) showed [Tc 3c] and won ($29.50) with two pair, Eights and Threes
Seat 6: anetkaapro (big blind) mucked


PokerStars Hand #152219479790:  Hold'em Limit ($3/$6 USD) - 2016/04/20 23:57:27 ET
Table 'Spica II' 6-max Seat #5 is the button
Seat 5: peterpanXXX ($102.31 in chips)
Seat 6: anetkaapro ($153.56 in chips)
peterpanXXX: posts small blind $1
anetkaapro: posts big blind $3
*** HOLE CARDS ***
peterpanXXX: folds
Uncalled bet ($2) returned to anetkaapro
anetkaapro collected $2 from pot
anetkaapro: doesn't show hand
*** SUMMARY ***
Total pot $2 | Rake $0
Seat 5: peterpanXXX (button) (small blind) folded before Flop
Seat 6: anetkaapro (big blind) collected ($2)


PokerStars Hand #152219473476:  Hold'em Limit ($3/$6 USD) - 2016/04/20 23:57:00 ET
Table 'Spica II' 6-max Seat #6 is the button
Seat 5: peterpanXXX ($120.31 in chips)
Seat 6: anetkaapro ($136.06 in chips)
anetkaapro: posts small blind $1
peterpanXXX: posts big blind $3
*** HOLE CARDS ***
anetkaapro: raises $3 to $6
peterpanXXX: raises $3 to $9
anetkaapro: calls $3
*** FLOP *** [2s 9h Jc]
peterpanXXX: bets $3
anetkaapro: calls $3
*** TURN *** [2s 9h Jc] [3c]
peterpanXXX: bets $6
anetkaapro: calls $6
*** RIVER *** [2s 9h Jc 3c] [7d]
peterpanXXX: checks
anetkaapro: checks
*** SHOW DOWN ***
peterpanXXX: shows [Kh Th] (high card King)
anetkaapro: shows [5h Ad] (high card Ace)
anetkaapro collected $35.50 from pot
*** SUMMARY ***
Total pot $36 | Rake $0.50
Board [2s 9h Jc 3c 7d]
Seat 5: peterpanXXX (big blind) showed [Kh Th] and lost with high card King
Seat 6: anetkaapro (button) (small blind) showed [5h Ad] and won ($35.50) with high card Ace


PokerStars Hand #152219480891:  Hold'em Limit ($3/$6 USD) - 2016/04/20 23:57:32 ET
Table 'Spica II' 6-max Seat #6 is the button
Seat 5: peterpanXXX ($101.31 in chips)
Seat 6: anetkaapro ($154.56 in chips)
anetkaapro: posts small blind $1
peterpanXXX: posts big blind $3
*** HOLE CARDS ***
anetkaapro: folds
Uncalled bet ($2) returned to peterpanXXX
peterpanXXX collected $2 from pot
peterpanXXX: doesn't show hand
*** SUMMARY ***
Total pot $2 | Rake $0
Seat 5: peterpanXXX (big blind) collected ($2)
Seat 6: anetkaapro (button) (small blind) folded before Flop


PokerStars Hand #152219491038:  Hold'em Limit ($3/$6 USD) - 2016/04/20 23:58:16 ET
Table 'Spica II' 6-max Seat #6 is the button
Seat 5: peterpanXXX ($116.81 in chips)
Seat 6: anetkaapro ($138.56 in chips)
anetkaapro: posts small blind $1
peterpanXXX: posts big blind $3
*** HOLE CARDS ***
anetkaapro: raises $3 to $6
peterpanXXX: calls $3
*** FLOP *** [8s 7d 6s]
peterpanXXX: checks
anetkaapro: bets $3
peterpanXXX: raises $3 to $6
anetkaapro: calls $3
*** TURN *** [8s 7d 6s] [Qc]
peterpanXXX: bets $6
anetkaapro: calls $6
*** RIVER *** [8s 7d 6s Qc] [Tc]
peterpanXXX: bets $6
anetkaapro: raises $6 to $12
peterpanXXX: raises $6 to $18
anetkaapro: calls $6
*** SHOW DOWN ***
peterpanXXX: shows [5c 9s] (a straight, Six to Ten)
anetkaapro: shows [9h 6h] (a straight, Six to Ten)
peterpanXXX collected $35.75 from pot
anetkaapro collected $35.75 from pot
*** SUMMARY ***
Total pot $72 | Rake $0.50
Board [8s 7d 6s Qc Tc]
Seat 5: peterpanXXX (big blind) showed [5c 9s] and won ($35.75) with a straight, Six to Ten
Seat 6: anetkaapro (button) (small blind) showed [9h 6h] and won ($35.75) with a straight, Six to Ten


PokerStars Hand #152219498251:  Hold'em Limit ($3/$6 USD) - 2016/04/20 23:58:47 ET
Table 'Spica II' 6-max Seat #5 is the button
Seat 5: peterpanXXX ($116.56 in chips)
Seat 6: anetkaapro ($138.31 in chips)
peterpanXXX: posts small blind $1
anetkaapro: posts big blind $3
*** HOLE CARDS ***
peterpanXXX: raises $3 to $6
anetkaapro: raises $3 to $9
peterpanXXX: calls $3
*** FLOP *** [Ks Jh 9c]
anetkaapro: bets $3
peterpanXXX: folds
Uncalled bet ($3) returned to anetkaapro
anetkaapro collected $17.64 from pot
anetkaapro: doesn't show hand
*** SUMMARY ***
Total pot $18 | Rake $0.36
Board [Ks Jh 9c]
Seat 5: peterpanXXX (button) (small blind) folded on the Flop
Seat 6: anetkaapro (big blind) collected ($17.64)


PokerStars Hand #152219501370:  Hold'em Limit ($3/$6 USD) - 2016/04/20 23:59:00 ET
Table 'Spica II' 6-max Seat #6 is the button
Seat 5: peterpanXXX ($107.56 in chips)
Seat 6: anetkaapro ($146.95 in chips)
anetkaapro: posts small blind $1
peterpanXXX: posts big blind $3
*** HOLE CARDS ***
anetkaapro: raises $3 to $6
peterpanXXX: raises $3 to $9
anetkaapro: calls $3
*** FLOP *** [Kh Js 8c]
peterpanXXX: bets $3
anetkaapro: calls $3
*** TURN *** [Kh Js 8c] [As]
peterpanXXX: bets $6
anetkaapro: calls $6
*** RIVER *** [Kh Js 8c As] [6h]
peterpanXXX: bets $6
anetkaapro: calls $6
*** SHOW DOWN ***
peterpanXXX: shows [4c 7d] (high card Ace)
anetkaapro: shows [Tc Ks] (a pair of Kings)
anetkaapro collected $47.50 from pot
*** SUMMARY ***
Total pot $48 | Rake $0.50
Board [Kh Js 8c As 6h]
Seat 5: peterpanXXX (big blind) showed [4c 7d] and lost with high card Ace
Seat 6: anetkaapro (button) (small blind) showed [Tc Ks] and won ($47.50) with a pair of Kings


PokerStars Hand #152219512992:  Hold'em Limit ($3/$6 USD) - 2016/04/20 23:59:50 ET
Table 'Spica II' 6-max Seat #6 is the button
Seat 5: peterpanXXX ($65.56 in chips)
Seat 6: anetkaapro ($187.95 in chips)
anetkaapro: posts small blind $1
peterpanXXX: posts big blind $3
*** HOLE CARDS ***
anetkaapro: raises $3 to $6
peterpanXXX: calls $3
*** FLOP *** [Jc Jd 8d]
peterpanXXX: bets $3
anetkaapro: calls $3
*** TURN *** [Jc Jd 8d] [7s]
peterpanXXX: bets $6
anetkaapro: calls $6
*** RIVER *** [Jc Jd 8d 7s] [Qd]
peterpanXXX: bets $6
anetkaapro: folds
Uncalled bet ($6) returned to peterpanXXX
peterpanXXX collected $29.50 from pot
peterpanXXX: doesn't show hand
*** SUMMARY ***
Total pot $30 | Rake $0.50
Board [Jc Jd 8d 7s Qd]
Seat 5: peterpanXXX (big blind) collected ($29.50)
Seat 6: anetkaapro (button) (small blind) folded on the River


PokerStars Hand #152219505861:  Hold'em Limit ($3/$6 USD) - 2016/04/20 23:59:20 ET
Table 'Spica II' 6-max Seat #5 is the button
Seat 5: peterpanXXX ($83.56 in chips)
Seat 6: anetkaapro ($170.45 in chips)
peterpanXXX: posts small blind $1
anetkaapro: posts big blind $3
*** HOLE CARDS ***
peterpanXXX: raises $3 to $6
anetkaapro: raises $3 to $9
peterpanXXX: calls $3
*** FLOP *** [6d 9s 6h]
anetkaapro: bets $3
peterpanXXX: calls $3
*** TURN *** [6d 9s 6h] [6c]
anetkaapro: checks
peterpanXXX: checks
*** RIVER *** [6d 9s 6h 6c] [2d]
anetkaapro: bets $6
peterpanXXX: calls $6
*** SHOW DOWN ***
anetkaapro: shows [Ac Ks] (three of a kind, Sixes)
peterpanXXX: mucks hand
anetkaapro collected $35.50 from pot
*** SUMMARY ***
Total pot $36 | Rake $0.50
Board [6d 9s 6h 6c 2d]
Seat 5: peterpanXXX (button) (small blind) mucked
Seat 6: anetkaapro (big blind) showed [Ac Ks] and won ($35.50) with three of a kind, Sixes


PokerStars Hand #152219525596:  Hold'em Limit ($3/$6 USD) - 2016/04/21 0:00:44 ET
Table 'Spica II' 6-max Seat #5 is the button
Seat 5: peterpanXXX ($85.70 in chips)
Seat 6: anetkaapro ($166.95 in chips)
peterpanXXX: posts small blind $1
anetkaapro: posts big blind $3
*** HOLE CARDS ***
peterpanXXX: raises $3 to $6
anetkaapro: raises $3 to $9
peterpanXXX: calls $3
*** FLOP *** [Ts Qs 3c]
anetkaapro: bets $3
peterpanXXX: folds
Uncalled bet ($3) returned to anetkaapro
anetkaapro collected $17.64 from pot
anetkaapro: doesn't show hand
*** SUMMARY ***
Total pot $18 | Rake $0.36
Board [Ts Qs 3c]
Seat 5: peterpanXXX (button) (small blind) folded on the Flop
Seat 6: anetkaapro (big blind) collected ($17.64)


PokerStars Hand #152219518830:  Hold'em Limit ($3/$6 USD) - 2016/04/21 0:00:15 ET
Table 'Spica II' 6-max Seat #5 is the button
Seat 5: peterpanXXX ($80.06 in chips)
Seat 6: anetkaapro ($172.95 in chips)
peterpanXXX: posts small blind $1
anetkaapro: posts big blind $3
*** HOLE CARDS ***
peterpanXXX: raises $3 to $6
anetkaapro: calls $3
*** FLOP *** [3c 2c 6d]
anetkaapro: checks
peterpanXXX: bets $3
anetkaapro: calls $3
*** TURN *** [3c 2c 6d] [Ts]
anetkaapro: checks
peterpanXXX: bets $6
anetkaapro: folds
Uncalled bet ($6) returned to peterpanXXX
peterpanXXX collected $17.64 from pot
peterpanXXX: doesn't show hand
*** SUMMARY ***
Total pot $18 | Rake $0.36
Board [3c 2c 6d Ts]
Seat 5: peterpanXXX (button) (small blind) collected ($17.64)
Seat 6: anetkaapro (big blind) folded on the Turn


PokerStars Hand #152219544342:  Hold'em Limit ($3/$6 USD) - 2016/04/21 0:01:56 ET
Table 'Spica II' 6-max Seat #5 is the button
Seat 5: peterpanXXX ($105.96 in chips)
Seat 6: anetkaapro ($145.59 in chips)
peterpanXXX: posts small blind $1
anetkaapro: posts big blind $3
*** HOLE CARDS ***
peterpanXXX: raises $3 to $6
anetkaapro: calls $3
*** FLOP *** [3s 8c Ks]
anetkaapro: checks
peterpanXXX: bets $3
anetkaapro: raises $3 to $6
peterpanXXX: calls $3
*** TURN *** [3s 8c Ks] [5h]
anetkaapro: bets $6
peterpanXXX: calls $6
*** RIVER *** [3s 8c Ks 5h] [Jd]
anetkaapro: bets $6
peterpanXXX: calls $6
*** SHOW DOWN ***
anetkaapro: shows [Ts 4c] (high card King)
peterpanXXX: shows [9s 9d] (a pair of Nines)
peterpanXXX collected $47.50 from pot
*** SUMMARY ***
Total pot $48 | Rake $0.50
Board [3s 8c Ks 5h Jd]
Seat 5: peterpanXXX (button) (small blind) showed [9s 9d] and won ($47.50) with a pair of Nines
Seat 6: anetkaapro (big blind) showed [Ts 4c] and lost with high card King


PokerStars Hand #152219530657:  Hold'em Limit ($3/$6 USD) - 2016/04/21 0:01:04 ET
Table 'Spica II' 6-max Seat #5 is the button
Seat 5: peterpanXXX ($73.70 in chips)
Seat 6: anetkaapro ($178.59 in chips)
peterpanXXX: posts small blind $1
anetkaapro: posts big blind $3
*** HOLE CARDS ***
peterpanXXX: raises $3 to $6
anetkaapro: raises $3 to $9
peterpanXXX: raises $3 to $12
Betting is capped
anetkaapro: calls $3
*** FLOP *** [Jc Ad 9h]
anetkaapro: checks
peterpanXXX: bets $3
anetkaapro: calls $3
*** TURN *** [Jc Ad 9h] [4d]
anetkaapro: checks
peterpanXXX: bets $6
anetkaapro: calls $6
*** RIVER *** [Jc Ad 9h 4d] [8s]
anetkaapro: checks
peterpanXXX: bets $6
anetkaapro: calls $6
*** SHOW DOWN ***
peterpanXXX: shows [As Kh] (a pair of Aces)
anetkaapro: mucks hand
peterpanXXX collected $53.50 from pot
*** SUMMARY ***
Total pot $54 | Rake $0.50
Board [Jc Ad 9h 4d 8s]
Seat 5: peterpanXXX (button) (small blind) showed [As Kh] and won ($53.50) with a pair of Aces
Seat 6: anetkaapro (big blind) mucked


PokerStars Hand #152219541214:  Hold'em Limit ($3/$6 USD) - 2016/04/21 0:01:44 ET
Table 'Spica II' 6-max Seat #6 is the button
Seat 5: peterpanXXX ($100.20 in chips)
Seat 6: anetkaapro ($151.59 in chips)
anetkaapro: posts small blind $1
peterpanXXX: posts big blind $3
*** HOLE CARDS ***
anetkaapro: raises $3 to $6
peterpanXXX: calls $3
*** FLOP *** [6c 3c 9c]
peterpanXXX: bets $3
anetkaapro: folds
Uncalled bet ($3) returned to peterpanXXX
peterpanXXX collected $11.76 from pot
peterpanXXX: doesn't show hand
*** SUMMARY ***
Total pot $12 | Rake $0.24
Board [6c 3c 9c]
Seat 5: peterpanXXX (big blind) collected ($11.76)
Seat 6: anetkaapro (button) (small blind) folded on the Flop


PokerStars Hand #152219558345:  Hold'em Limit ($3/$6 USD) - 2016/04/21 0:02:50 ET
Table 'Spica II' 6-max Seat #5 is the button
Seat 5: peterpanXXX ($140.98 in chips)
Seat 6: anetkaapro ($109.59 in chips)
peterpanXXX: posts small blind $1
anetkaapro: posts big blind $3
*** HOLE CARDS ***
peterpanXXX: raises $3 to $6
anetkaapro: raises $3 to $9
peterpanXXX: calls $3
*** FLOP *** [8c Kc Qs]
anetkaapro: bets $3
peterpanXXX: calls $3
*** TURN *** [8c Kc Qs] [Qd]
anetkaapro: bets $6
peterpanXXX: calls $6
*** RIVER *** [8c Kc Qs Qd] [Jd]
anetkaapro: bets $6
peterpanXXX: raises $6 to $12
anetkaapro: calls $6
*** SHOW DOWN ***
peterpanXXX: shows [Td Qc] (three of a kind, Queens)
anetkaapro: shows [Ad Qh] (three of a kind, Queens - Ace kicker)
anetkaapro collected $59.50 from pot
*** SUMMARY ***
Total pot $60 | Rake $0.50
Board [8c Kc Qs Qd Jd]
Seat 5: peterpanXXX (button) (small blind) showed [Td Qc] and lost with three of a kind, Queens
Seat 6: anetkaapro (big blind) showed [Ad Qh] and won ($59.50) with three of a kind, Queens


PokerStars Hand #152219551815:  Hold'em Limit ($3/$6 USD) - 2016/04/21 0:02:25 ET
Table 'Spica II' 6-max Seat #6 is the button
Seat 5: peterpanXXX ($129.46 in chips)
Seat 6: anetkaapro ($121.59 in chips)
anetkaapro: posts small blind $1
peterpanXXX: posts big blind $3
*** HOLE CARDS ***
anetkaapro: raises $3 to $6
peterpanXXX: calls $3
*** FLOP *** [8d 8c 7d]
peterpanXXX: checks
anetkaapro: bets $3
peterpanXXX: raises $3 to $6
anetkaapro: calls $3
*** TURN *** [8d 8c 7d] [2h]
peterpanXXX: bets $6
anetkaapro: folds
Uncalled bet ($6) returned to peterpanXXX
peterpanXXX collected $23.52 from pot
peterpanXXX: doesn't show hand
*** SUMMARY ***
Total pot $24 | Rake $0.48
Board [8d 8c 7d 2h]
Seat 5: peterpanXXX (big blind) collected ($23.52)
Seat 6: anetkaapro (button) (small blind) folded on the Turn


PokerStars Hand #152219562885:  Hold'em Limit ($3/$6 USD) - 2016/04/21 0:03:07 ET
Table 'Spica II' 6-max Seat #6 is the button
Seat 5: peterpanXXX ($110.98 in chips)
Seat 6: anetkaapro ($139.09 in chips)
anetkaapro: posts small blind $1
peterpanXXX: posts big blind $3
*** HOLE CARDS ***
anetkaapro: raises $3 to $6
peterpanXXX: calls $3
*** FLOP *** [Kd Qd Kc]
peterpanXXX: checks
anetkaapro: bets $3
peterpanXXX: raises $3 to $6
anetkaapro: calls $3
*** TURN *** [Kd Qd Kc] [2d]
peterpanXXX: bets $6
anetkaapro: raises $6 to $12
peterpanXXX: folds
Uncalled bet ($6) returned to anetkaapro
anetkaapro collected $35.50 from pot
anetkaapro: doesn't show hand
*** SUMMARY ***
Total pot $36 | Rake $0.50
Board [Kd Qd Kc 2d]
Seat 5: peterpanXXX (big blind) folded on the Turn
Seat 6: anetkaapro (button) (small blind) collected ($35.50)


PokerStars Hand #152219569395:  Hold'em Limit ($3/$6 USD) - 2016/04/21 0:03:32 ET
Table 'Spica II' 6-max Seat #5 is the button
Seat 5: peterpanXXX ($92.98 in chips)
Seat 6: anetkaapro ($156.59 in chips)
peterpanXXX: posts small blind $1
anetkaapro: posts big blind $3
*** HOLE CARDS ***
peterpanXXX: raises $3 to $6
anetkaapro: calls $3
*** FLOP *** [Qc Jd Qh]
anetkaapro: checks
peterpanXXX: bets $3
anetkaapro: raises $3 to $6
peterpanXXX: raises $3 to $9
anetkaapro: folds
Uncalled bet ($3) returned to peterpanXXX
peterpanXXX collected $23.52 from pot
peterpanXXX: doesn't show hand
*** SUMMARY ***
Total pot $24 | Rake $0.48
Board [Qc Jd Qh]
Seat 5: peterpanXXX (button) (small blind) collected ($23.52)
Seat 6: anetkaapro (big blind) folded on the Flop


PokerStars Hand #152219574744:  Hold'em Limit ($3/$6 USD) - 2016/04/21 0:03:51 ET
Table 'Spica II' 6-max Seat #6 is the button
Seat 5: peterpanXXX ($104.50 in chips)
Seat 6: anetkaapro ($144.59 in chips)
anetkaapro: posts small blind $1
peterpanXXX: posts big blind $3
*** HOLE CARDS ***
anetkaapro: raises $3 to $6
peterpanXXX: calls $3
*** FLOP *** [4s 9s 7s]
peterpanXXX: checks
anetkaapro: bets $3
peterpanXXX: calls $3
*** TURN *** [4s 9s 7s] [Jd]
peterpanXXX: checks
anetkaapro: bets $6
peterpanXXX: folds
Uncalled bet ($6) returned to anetkaapro
anetkaapro collected $17.64 from pot
anetkaapro: doesn't show hand
*** SUMMARY ***
Total pot $18 | Rake $0.36
Board [4s 9s 7s Jd]
Seat 5: peterpanXXX (big blind) folded on the Turn
Seat 6: anetkaapro (button) (small blind) collected ($17.64)


PokerStars Hand #152219587709:  Hold'em Limit ($3/$6 USD) - 2016/04/21 0:04:40 ET
Table 'Spica II' 6-max Seat #5 is the button
Seat 5: peterpanXXX ($102.26 in chips)
Seat 6: anetkaapro ($146.23 in chips)
peterpanXXX: posts small blind $1
anetkaapro: posts big blind $3
*** HOLE CARDS ***
peterpanXXX: raises $3 to $6
anetkaapro: raises $3 to $9
peterpanXXX: calls $3
*** FLOP *** [3h 2s 8h]
anetkaapro: bets $3
peterpanXXX: raises $3 to $6
anetkaapro: calls $3
*** TURN *** [3h 2s 8h] [2h]
anetkaapro: checks
peterpanXXX: bets $6
anetkaapro: calls $6
*** RIVER *** [3h 2s 8h 2h] [9d]
anetkaapro: checks
peterpanXXX: bets $6
anetkaapro: folds
Uncalled bet ($6) returned to peterpanXXX
peterpanXXX collected $41.50 from pot
peterpanXXX: doesn't show hand
*** SUMMARY ***
Total pot $42 | Rake $0.50
Board [3h 2s 8h 2h 9d]
Seat 5: peterpanXXX (button) (small blind) collected ($41.50)
Seat 6: anetkaapro (big blind) folded on the River


PokerStars Hand #152219586255:  Hold'em Limit ($3/$6 USD) - 2016/04/21 0:04:34 ET
Table 'Spica II' 6-max Seat #6 is the button
Seat 5: peterpanXXX ($101.26 in chips)
Seat 6: anetkaapro ($147.23 in chips)
anetkaapro: posts small blind $1
peterpanXXX: posts big blind $3
*** HOLE CARDS ***
anetkaapro: folds
Uncalled bet ($2) returned to peterpanXXX
peterpanXXX collected $2 from pot
peterpanXXX: doesn't show hand
*** SUMMARY ***
Total pot $2 | Rake $0
Seat 5: peterpanXXX (big blind) collected ($2)
Seat 6: anetkaapro (button) (small blind) folded before Flop


PokerStars Hand #152219595190:  Hold'em Limit ($3/$6 USD) - 2016/04/21 0:05:08 ET
Table 'Spica II' 6-max Seat #6 is the button
Seat 5: peterpanXXX ($122.76 in chips)
Seat 6: anetkaapro ($125.23 in chips)
anetkaapro: posts small blind $1
peterpanXXX: posts big blind $3
*** HOLE CARDS ***
anetkaapro: raises $3 to $6
peterpanXXX: raises $3 to $9
anetkaapro: calls $3
*** FLOP *** [5d Js 8h]
peterpanXXX: bets $3
anetkaapro: calls $3
*** TURN *** [5d Js 8h] [3d]
peterpanXXX: checks
anetkaapro: bets $6
peterpanXXX: folds
Uncalled bet ($6) returned to anetkaapro
anetkaapro collected $23.52 from pot
anetkaapro: doesn't show hand
*** SUMMARY ***
Total pot $24 | Rake $0.48
Board [5d Js 8h 3d]
Seat 5: peterpanXXX (big blind) folded on the Turn
Seat 6: anetkaapro (button) (small blind) collected ($23.52)


PokerStars Hand #152219606838:  Hold'em Limit ($3/$6 USD) - 2016/04/21 0:05:51 ET
Table 'Spica II' 6-max Seat #5 is the button
Seat 5: peterpanXXX ($110.76 in chips)
Seat 6: anetkaapro ($136.75 in chips)
peterpanXXX: posts small blind $1
anetkaapro: posts big blind $3
*** HOLE CARDS ***
peterpanXXX: raises $3 to $6
anetkaapro: calls $3
*** FLOP *** [4d Th Kh]
anetkaapro: checks
peterpanXXX: bets $3
anetkaapro: raises $3 to $6
peterpanXXX: raises $3 to $9
anetkaapro: raises $3 to $12
Betting is capped
peterpanXXX: calls $3
*** TURN *** [4d Th Kh] [Ts]
anetkaapro: bets $6
peterpanXXX: calls $6
*** RIVER *** [4d Th Kh Ts] [9c]
anetkaapro: bets $6
peterpanXXX: folds
Uncalled bet ($6) returned to anetkaapro
anetkaapro collected $47.50 from pot
anetkaapro: doesn't show hand
*** SUMMARY ***
Total pot $48 | Rake $0.50
Board [4d Th Kh Ts 9c]
Seat 5: peterpanXXX (button) (small blind) folded on the River
Seat 6: anetkaapro (big blind) collected ($47.50)


PokerStars Hand #152219615971:  Hold'em Limit ($3/$6 USD) - 2016/04/21 0:06:26 ET
Table 'Spica II' 6-max Seat #6 is the button
Seat 5: peterpanXXX ($86.76 in chips)
Seat 6: anetkaapro ($160.25 in chips)
anetkaapro: posts small blind $1
peterpanXXX: posts big blind $3
*** HOLE CARDS ***
anetkaapro: raises $3 to $6
peterpanXXX: raises $3 to $9
anetkaapro: calls $3
*** FLOP *** [Ts 3h 4s]
peterpanXXX: bets $3
anetkaapro: calls $3
*** TURN *** [Ts 3h 4s] [Js]
peterpanXXX: checks
anetkaapro: checks
*** RIVER *** [Ts 3h 4s Js] [5h]
peterpanXXX: bets $6
anetkaapro: folds
Uncalled bet ($6) returned to peterpanXXX
peterpanXXX collected $23.52 from pot
peterpanXXX: doesn't show hand
*** SUMMARY ***
Total pot $24 | Rake $0.48
Board [Ts 3h 4s Js 5h]
Seat 5: peterpanXXX (big blind) collected ($23.52)
Seat 6: anetkaapro (button) (small blind) folded on the River


PokerStars Hand #152219638301:  Hold'em Limit ($3/$6 USD) - 2016/04/21 0:07:49 ET
Table 'Spica II' 6-max Seat #6 is the button
Seat 5: peterpanXXX ($89.28 in chips)
Seat 6: anetkaapro ($156.89 in chips)
anetkaapro: posts small blind $1
peterpanXXX: posts big blind $3
*** HOLE CARDS ***
anetkaapro: raises $3 to $6
peterpanXXX: calls $3
*** FLOP *** [Qd 6c 2d]
peterpanXXX: bets $3
anetkaapro: folds
Uncalled bet ($3) returned to peterpanXXX
peterpanXXX collected $11.76 from pot
peterpanXXX: doesn't show hand
*** SUMMARY ***
Total pot $12 | Rake $0.24
Board [Qd 6c 2d]
Seat 5: peterpanXXX (big blind) collected ($11.76)
Seat 6: anetkaapro (button) (small blind) folded on the Flop


PokerStars Hand #152219626439:  Hold'em Limit ($3/$6 USD) - 2016/04/21 0:07:05 ET
Table 'Spica II' 6-max Seat #5 is the button
Seat 5: peterpanXXX ($98.28 in chips)
Seat 6: anetkaapro ($148.25 in chips)
peterpanXXX: posts small blind $1
anetkaapro: posts big blind $3
*** HOLE CARDS ***
peterpanXXX: raises $3 to $6
anetkaapro: raises $3 to $9
peterpanXXX: calls $3
*** FLOP *** [3d 7s Js]
peterpanXXX said, "boring"
anetkaapro: bets $3
peterpanXXX: folds
Uncalled bet ($3) returned to anetkaapro
anetkaapro collected $17.64 from pot
anetkaapro: doesn't show hand
*** SUMMARY ***
Total pot $18 | Rake $0.36
Board [3d 7s Js]
Seat 5: peterpanXXX (button) (small blind) folded on the Flop
Seat 6: anetkaapro (big blind) collected ($17.64)


PokerStars Hand #152219644854:  Hold'em Limit ($3/$6 USD) - 2016/04/21 0:08:14 ET
Table 'Spica II' 6-max Seat #5 is the button
Seat 5: peterpanXXX ($95.04 in chips)
Seat 6: anetkaapro ($150.89 in chips)
peterpanXXX: posts small blind $1
anetkaapro: posts big blind $3
*** HOLE CARDS ***
peterpanXXX: raises $3 to $6
anetkaapro: calls $3
*** FLOP *** [9s 5h 4c]
$polu4atel*$ joins the table at seat #1
anetkaapro: checks
peterpanXXX: bets $3
anetkaapro: calls $3
*** TURN *** [9s 5h 4c] [9h]
anetkaapro: checks
peterpanXXX: checks
*** RIVER *** [9s 5h 4c 9h] [Jc]
anetkaapro said, "I had lags sorry"
anetkaapro: checks
peterpanXXX: bets $6
anetkaapro: folds
Uncalled bet ($6) returned to peterpanXXX
peterpanXXX collected $17.64 from pot
peterpanXXX: doesn't show hand
*** SUMMARY ***
Total pot $18 | Rake $0.36
Board [9s 5h 4c 9h Jc]
Seat 5: peterpanXXX (button) (small blind) collected ($17.64)
Seat 6: anetkaapro (big blind) folded on the River


PokerStars Hand #152219673832:  Hold'em Limit ($3/$6 USD) - 2016/04/21 0:10:01 ET
Table 'Spica II' 6-max Seat #1 is the button
Seat 1: $polu4atel*$ ($174.83 in chips)
Seat 5: peterpanXXX ($95.68 in chips)
$polu4atel*$: posts small blind $1
peterpanXXX: posts big blind $3
*** HOLE CARDS ***
$polu4atel*$: raises $3 to $6
peterpanXXX: folds
Uncalled bet ($3) returned to $polu4atel*$
$polu4atel*$ collected $6 from pot
*** SUMMARY ***
Total pot $6 | Rake $0
Seat 1: $polu4atel*$ (button) (small blind) collected ($6)
Seat 5: peterpanXXX (big blind) folded before Flop


PokerStars Hand #152219670573:  Hold'em Limit ($3/$6 USD) - 2016/04/21 0:09:49 ET
Table 'Spica II' 6-max Seat #5 is the button
Seat 1: $polu4atel*$ ($166.19 in chips)
Seat 5: peterpanXXX ($104.68 in chips)
peterpanXXX: posts small blind $1
anetkaapro: is sitting out
$polu4atel*$: posts big blind $3
*** HOLE CARDS ***
peterpanXXX: raises $3 to $6
$polu4atel*$: calls $3
*** FLOP *** [Qd Qh Jc]
$polu4atel*$: checks
peterpanXXX: bets $3
$polu4atel*$: raises $3 to $6
peterpanXXX: folds
Uncalled bet ($3) returned to $polu4atel*$
$polu4atel*$ collected $17.64 from pot
$polu4atel*$: doesn't show hand
*** SUMMARY ***
Total pot $18 | Rake $0.36
Board [Qd Qh Jc]
Seat 1: $polu4atel*$ (big blind) collected ($17.64)
Seat 5: peterpanXXX (button) (small blind) folded on the Flop


