PokerStars Hand #168931429069:  Hold'em Limit ($3/$6 USD) - 2017/04/12 9:29:35 ET
Table 'Spiridonia' 6-max Seat #6 is the button
Seat 4: Agrotait ($72 in chips)
Seat 6: HAOYUN88888 ($40.25 in chips)
HAOYUN88888: posts small blind $1
Agrotait: posts big blind $3
*** HOLE CARDS ***
HAOYUN88888: folds
Uncalled bet ($2) returned to Agrotait
Agrotait collected $2 from pot
Agrotait: doesn't show hand
*** SUMMARY ***
Total pot $2 | Rake $0
Seat 4: Agrotait (big blind) collected ($2)
Seat 6: HAOYUN88888 (button) (small blind) folded before Flop


PokerStars Hand #168931460727:  Hold'em Limit ($3/$6 USD) - 2017/04/12 9:30:31 ET
Table 'Spiridonia' 6-max Seat #6 is the button
Seat 4: Agrotait ($76 in chips)
Seat 6: HAOYUN88888 ($55.75 in chips)
HAOYUN88888: posts small blind $1
Agrotait: posts big blind $3
*** HOLE CARDS ***
HAOYUN88888: raises $3 to $6
Agrotait: calls $3
*** FLOP *** [4c Ac 9s]
Agrotait: checks
HAOYUN88888: bets $3
Agrotait: folds
Uncalled bet ($3) returned to HAOYUN88888
HAOYUN88888 collected $11.76 from pot
HAOYUN88888: doesn't show hand
*** SUMMARY ***
Total pot $12 | Rake $0.24
Board [4c Ac 9s]
Seat 4: Agrotait (big blind) folded on the Flop
Seat 6: HAOYUN88888 (button) (small blind) collected ($11.76)


PokerStars Hand #168931456359:  Hold'em Limit ($3/$6 USD) - 2017/04/12 9:30:24 ET
Table 'Spiridonia' 6-max Seat #4 is the button
Seat 4: Agrotait ($77 in chips)
Seat 6: HAOYUN88888 ($54.75 in chips)
Agrotait: posts small blind $1
HAOYUN88888: posts big blind $3
*** HOLE CARDS ***
Agrotait: folds
Uncalled bet ($2) returned to HAOYUN88888
HAOYUN88888 collected $2 from pot
HAOYUN88888: doesn't show hand
*** SUMMARY ***
Total pot $2 | Rake $0
Seat 4: Agrotait (button) (small blind) folded before Flop
Seat 6: HAOYUN88888 (big blind) collected ($2)


PokerStars Hand #168931453475:  Hold'em Limit ($3/$6 USD) - 2017/04/12 9:30:19 ET
Table 'Spiridonia' 6-max Seat #6 is the button
Seat 4: Agrotait ($76 in chips)
Seat 6: HAOYUN88888 ($55.75 in chips)
HAOYUN88888: posts small blind $1
Agrotait: posts big blind $3
*** HOLE CARDS ***
HAOYUN88888: folds
Uncalled bet ($2) returned to Agrotait
Agrotait collected $2 from pot
Agrotait: doesn't show hand
*** SUMMARY ***
Total pot $2 | Rake $0
Seat 4: Agrotait (big blind) collected ($2)
Seat 6: HAOYUN88888 (button) (small blind) folded before Flop


PokerStars Hand #168931450164:  Hold'em Limit ($3/$6 USD) - 2017/04/12 9:30:13 ET
Table 'Spiridonia' 6-max Seat #4 is the button
Seat 4: Agrotait ($73 in chips)
Seat 6: HAOYUN88888 ($58.75 in chips)
Agrotait: posts small blind $1
HAOYUN88888: posts big blind $3
*** HOLE CARDS ***
Agrotait: raises $3 to $6
HAOYUN88888: folds
Uncalled bet ($3) returned to Agrotait
Agrotait collected $6 from pot
Agrotait: doesn't show hand
*** SUMMARY ***
Total pot $6 | Rake $0
Seat 4: Agrotait (button) (small blind) collected ($6)
Seat 6: HAOYUN88888 (big blind) folded before Flop


PokerStars Hand #168931447736:  Hold'em Limit ($3/$6 USD) - 2017/04/12 9:30:08 ET
Table 'Spiridonia' 6-max Seat #6 is the button
Seat 4: Agrotait ($72 in chips)
Seat 6: HAOYUN88888 ($59.75 in chips)
HAOYUN88888: posts small blind $1
Agrotait: posts big blind $3
*** HOLE CARDS ***
HAOYUN88888: folds
Uncalled bet ($2) returned to Agrotait
Agrotait collected $2 from pot
Agrotait: doesn't show hand
*** SUMMARY ***
Total pot $2 | Rake $0
Seat 4: Agrotait (big blind) collected ($2)
Seat 6: HAOYUN88888 (button) (small blind) folded before Flop


PokerStars Hand #168931436810:  Hold'em Limit ($3/$6 USD) - 2017/04/12 9:29:49 ET
Table 'Spiridonia' 6-max Seat #4 is the button
Seat 4: Agrotait ($73 in chips)
Seat 6: HAOYUN88888 ($39.25 in chips)
Agrotait: posts small blind $1
HAOYUN88888: posts big blind $3
*** HOLE CARDS ***
Agrotait: raises $3 to $6
HAOYUN88888: calls $3
*** FLOP *** [5d 3s Kc]
HAOYUN88888: checks
Agrotait: bets $3
HAOYUN88888: calls $3
*** TURN *** [5d 3s Kc] [Qc]
HAOYUN88888: checks
Agrotait: bets $6
HAOYUN88888: calls $6
*** RIVER *** [5d 3s Kc Qc] [6d]
HAOYUN88888: checks
Agrotait: bets $6
HAOYUN88888: calls $6
*** SHOW DOWN ***
Agrotait: shows [7c 7d] (a pair of Sevens)
HAOYUN88888: shows [2d Qd] (a pair of Queens)
HAOYUN88888 collected $41.50 from pot
*** SUMMARY ***
Total pot $42 | Rake $0.50
Board [5d 3s Kc Qc 6d]
Seat 4: Agrotait (button) (small blind) showed [7c 7d] and lost with a pair of Sevens
Seat 6: HAOYUN88888 (big blind) showed [2d Qd] and won ($41.50) with a pair of Queens


PokerStars Hand #168931488759:  Hold'em Limit ($3/$6 USD) - 2017/04/12 9:31:21 ET
Table 'Spiridonia' 6-max Seat #4 is the button
Seat 4: Agrotait ($105.02 in chips)
Seat 6: HAOYUN88888 ($25.51 in chips)
Agrotait: posts small blind $1
HAOYUN88888: posts big blind $3
*** HOLE CARDS ***
Agrotait: raises $3 to $6
HAOYUN88888: calls $3
*** FLOP *** [9d Ad 4d]
HAOYUN88888: checks
Agrotait: bets $3
HAOYUN88888: raises $3 to $6
Agrotait: calls $3
*** TURN *** [9d Ad 4d] [Qs]
HAOYUN88888: bets $6
Agrotait: raises $6 to $12
HAOYUN88888: raises $1.51 to $13.51 and is all-in
Agrotait: calls $1.51
*** RIVER *** [9d Ad 4d Qs] [3h]
*** SHOW DOWN ***
HAOYUN88888: shows [8d 3d] (a flush, Ace high)
Agrotait: shows [Qc Jd] (a pair of Queens)
HAOYUN88888 collected $50.52 from pot
*** SUMMARY ***
Total pot $51.02 | Rake $0.50
Board [9d Ad 4d Qs 3h]
Seat 4: Agrotait (button) (small blind) showed [Qc Jd] and lost with a pair of Queens
Seat 6: HAOYUN88888 (big blind) showed [8d 3d] and won ($50.52) with a flush, Ace high


PokerStars Hand #168931478619:  Hold'em Limit ($3/$6 USD) - 2017/04/12 9:31:03 ET
Table 'Spiridonia' 6-max Seat #6 is the button
Seat 4: Agrotait ($81.52 in chips)
Seat 6: HAOYUN88888 ($49.51 in chips)
HAOYUN88888: posts small blind $1
Agrotait: posts big blind $3
*** HOLE CARDS ***
HAOYUN88888: raises $3 to $6
Agrotait: calls $3
*** FLOP *** [5s 3s 3d]
Agrotait: checks
HAOYUN88888: bets $3
Agrotait: raises $3 to $6
HAOYUN88888: calls $3
*** TURN *** [5s 3s 3d] [Jc]
Agrotait: bets $6
HAOYUN88888: calls $6
*** RIVER *** [5s 3s 3d Jc] [Tc]
Agrotait: bets $6
HAOYUN88888: calls $6
*** SHOW DOWN ***
Agrotait: shows [Ah 3c] (three of a kind, Threes)
HAOYUN88888: mucks hand
Agrotait collected $47.50 from pot
*** SUMMARY ***
Total pot $48 | Rake $0.50
Board [5s 3s 3d Jc Tc]
Seat 4: Agrotait (big blind) showed [Ah 3c] and won ($47.50) with three of a kind, Threes
Seat 6: HAOYUN88888 (button) (small blind) mucked


PokerStars Hand #168931466568:  Hold'em Limit ($3/$6 USD) - 2017/04/12 9:30:42 ET
Table 'Spiridonia' 6-max Seat #4 is the button
Seat 4: Agrotait ($70 in chips)
Seat 6: HAOYUN88888 ($61.51 in chips)
Agrotait: posts small blind $1
HAOYUN88888: posts big blind $3
*** HOLE CARDS ***
Agrotait: raises $3 to $6
HAOYUN88888: raises $3 to $9
Agrotait: calls $3
*** FLOP *** [Ac Jc 2s]
HAOYUN88888: bets $3
Agrotait: calls $3
*** TURN *** [Ac Jc 2s] [3c]
HAOYUN88888: checks
Agrotait: checks
*** RIVER *** [Ac Jc 2s 3c] [Qc]
HAOYUN88888: checks
Agrotait: bets $6
HAOYUN88888: folds
Uncalled bet ($6) returned to Agrotait
Agrotait collected $23.52 from pot
Agrotait: doesn't show hand
*** SUMMARY ***
Total pot $24 | Rake $0.48
Board [Ac Jc 2s 3c Qc]
Seat 4: Agrotait (button) (small blind) collected ($23.52)
Seat 6: HAOYUN88888 (big blind) folded on the River


PokerStars Hand #168931500772:  Hold'em Limit ($3/$6 USD) - 2017/04/12 9:31:42 ET
Table 'Spiridonia' 6-max Seat #6 is the button
Seat 4: Agrotait ($79.51 in chips)
Seat 6: HAOYUN88888 ($50.52 in chips)
HAOYUN88888: posts small blind $1
Agrotait: posts big blind $3
*** HOLE CARDS ***
HAOYUN88888: raises $3 to $6
Agrotait: raises $3 to $9
HAOYUN88888: calls $3
*** FLOP *** [4h Qs 7s]
turtlespit joins the table at seat #1
artecris joins the table at seat #3
Agrotait: checks
HAOYUN88888: bets $3
Qvidde joins the table at seat #5
Agrotait: calls $3
*** TURN *** [4h Qs 7s] [5d]
Agrotait: checks
HAOYUN88888: bets $6
Agrotait: calls $6
*** RIVER *** [4h Qs 7s 5d] [Ac]
Agrotait: checks
HAOYUN88888: checks
*** SHOW DOWN ***
Agrotait: shows [5h Kh] (a pair of Fives)
HAOYUN88888: mucks hand
Agrotait collected $35.50 from pot
*** SUMMARY ***
Total pot $36 | Rake $0.50
Board [4h Qs 7s 5d Ac]
Seat 4: Agrotait (big blind) showed [5h Kh] and won ($35.50) with a pair of Fives
Seat 6: HAOYUN88888 (button) (small blind) mucked


PokerStars Hand #168938595355:  Hold'em Limit ($3/$6 USD) - 2017/04/12 12:40:15 ET
Table 'Spiridonia' 6-max Seat #6 is the button
Seat 5: krytalex ($228.15 in chips)
Seat 6: RockKillerTY ($199.30 in chips)
RockKillerTY: posts small blind $1
krytalex: posts big blind $3
*** HOLE CARDS ***
RockKillerTY: raises $3 to $6
nineflower joins the table at seat #1
nineflower leaves the table
krytalex: calls $3
*** FLOP *** [6h 7h Jh]
krytalex: checks
RockKillerTY: bets $3
krytalex: calls $3
*** TURN *** [6h 7h Jh] [Qh]
krytalex: checks
RockKillerTY: checks
*** RIVER *** [6h 7h Jh Qh] [Kc]
krytalex: bets $6
RockKillerTY: folds
Uncalled bet ($6) returned to krytalex
krytalex collected $17.64 from pot
*** SUMMARY ***
Total pot $18 | Rake $0.36
Board [6h 7h Jh Qh Kc]
Seat 5: krytalex (big blind) collected ($17.64)
Seat 6: RockKillerTY (button) (small blind) folded on the River


