PokerStars Hand #151404774231:  Hold'em Limit ($3/$6 USD) - 2016/04/04 1:51:05 ET
Table 'Spiraea' 6-max Seat #3 is the button
Seat 3: mishkamoya ($51.90 in chips)
Seat 4: VolkovDmitri ($120 in chips)
mishkamoya: posts small blind $1
VolkovDmitri: posts big blind $3
*** HOLE CARDS ***
mishkamoya: raises $3 to $6
VolkovDmitri: calls $3
*** FLOP *** [8c 2c 3d]
VolkovDmitri: checks
mishkamoya: checks
*** TURN *** [8c 2c 3d] [6c]
VolkovDmitri: checks
mishkamoya: bets $6
VolkovDmitri: folds
Uncalled bet ($6) returned to mishkamoya
mishkamoya collected $11.76 from pot
mishkamoya: doesn't show hand
mishkamoya leaves the table
*** SUMMARY ***
Total pot $12 | Rake $0.24
Board [8c 2c 3d 6c]
Seat 3: mishkamoya (button) (small blind) collected ($11.76)
Seat 4: VolkovDmitri (big blind) folded on the Turn


PokerStars Hand #151404858847:  Hold'em Limit ($3/$6 USD) - 2016/04/04 1:57:08 ET
Table 'Spiraea' 6-max Seat #4 is the button
Seat 3: mishkamoya ($31.94 in chips)
Seat 4: VolkovDmitri ($124 in chips)
VolkovDmitri: posts small blind $1
mishkamoya: posts big blind $3
*** HOLE CARDS ***
VolkovDmitri: raises $3 to $6
mishkamoya: calls $3
*** FLOP *** [Kd Tc Td]
mishkamoya: checks
VolkovDmitri: bets $3
mishkamoya: folds
Uncalled bet ($3) returned to VolkovDmitri
VolkovDmitri collected $11.76 from pot
VolkovDmitri: doesn't show hand
*** SUMMARY ***
Total pot $12 | Rake $0.24
Board [Kd Tc Td]
Seat 3: mishkamoya (big blind) folded on the Flop
Seat 4: VolkovDmitri (button) (small blind) collected ($11.76)


PokerStars Hand #151404857872:  Hold'em Limit ($3/$6 USD) - 2016/04/04 1:57:03 ET
Table 'Spiraea' 6-max Seat #3 is the button
Seat 3: mishkamoya ($32.94 in chips)
Seat 4: VolkovDmitri ($123 in chips)
mishkamoya: posts small blind $1
VolkovDmitri: posts big blind $3
*** HOLE CARDS ***
mishkamoya: folds
Uncalled bet ($2) returned to VolkovDmitri
VolkovDmitri collected $2 from pot
VolkovDmitri: doesn't show hand
*** SUMMARY ***
Total pot $2 | Rake $0
Seat 3: mishkamoya (button) (small blind) folded before Flop
Seat 4: VolkovDmitri (big blind) collected ($2)


PokerStars Hand #151404855995:  Hold'em Limit ($3/$6 USD) - 2016/04/04 1:56:54 ET
Table 'Spiraea' 6-max Seat #4 is the button
Seat 3: mishkamoya ($35.94 in chips)
Seat 4: VolkovDmitri ($120 in chips)
VolkovDmitri: posts small blind $1
mishkamoya: posts big blind $3
*** HOLE CARDS ***
VolkovDmitri: raises $3 to $6
mishkamoya: folds
Uncalled bet ($3) returned to VolkovDmitri
VolkovDmitri collected $6 from pot
VolkovDmitri: doesn't show hand
*** SUMMARY ***
Total pot $6 | Rake $0
Seat 3: mishkamoya (big blind) folded before Flop
Seat 4: VolkovDmitri (button) (small blind) collected ($6)


PokerStars Hand #151404863905:  Hold'em Limit ($3/$6 USD) - 2016/04/04 1:57:31 ET
Table 'Spiraea' 6-max Seat #3 is the button
Seat 3: mishkamoya ($18.94 in chips)
Seat 4: VolkovDmitri ($136.52 in chips)
mishkamoya: posts small blind $1
VolkovDmitri: posts big blind $3
*** HOLE CARDS ***
mishkamoya: raises $3 to $6
VolkovDmitri: calls $3
*** FLOP *** [9s 4d 6h]
VolkovDmitri: checks
mishkamoya: bets $3
VolkovDmitri: raises $3 to $6
mishkamoya: raises $3 to $9
VolkovDmitri: raises $3 to $12
Betting is capped
mishkamoya: calls $3
*** TURN *** [9s 4d 6h] [2c]
VolkovDmitri: bets $6
mishkamoya: calls $0.94 and is all-in
Uncalled bet ($5.06) returned to VolkovDmitri
*** RIVER *** [9s 4d 6h 2c] [2h]
*** SHOW DOWN ***
VolkovDmitri: shows [9c Qs] (two pair, Nines and Deuces)
mishkamoya: shows [Qc 6c] (two pair, Sixes and Deuces)
VolkovDmitri collected $37.38 from pot
*** SUMMARY ***
Total pot $37.88 | Rake $0.50
Board [9s 4d 6h 2c 2h]
Seat 3: mishkamoya (button) (small blind) showed [Qc 6c] and lost with two pair, Sixes and Deuces
Seat 4: VolkovDmitri (big blind) showed [9c Qs] and won ($37.38) with two pair, Nines and Deuces


PokerStars Hand #151404861826:  Hold'em Limit ($3/$6 USD) - 2016/04/04 1:57:21 ET
Table 'Spiraea' 6-max Seat #4 is the button
Seat 3: mishkamoya ($24.94 in chips)
Seat 4: VolkovDmitri ($130.76 in chips)
VolkovDmitri: posts small blind $1
mishkamoya: posts big blind $3
*** HOLE CARDS ***
VolkovDmitri: raises $3 to $6
mishkamoya: calls $3
*** FLOP *** [Ah Qh 7s]
mishkamoya: checks
VolkovDmitri: bets $3
mishkamoya: folds
Uncalled bet ($3) returned to VolkovDmitri
VolkovDmitri collected $11.76 from pot
VolkovDmitri: doesn't show hand
*** SUMMARY ***
Total pot $12 | Rake $0.24
Board [Ah Qh 7s]
Seat 3: mishkamoya (big blind) folded on the Flop
Seat 4: VolkovDmitri (button) (small blind) collected ($11.76)


PokerStars Hand #151404860727:  Hold'em Limit ($3/$6 USD) - 2016/04/04 1:57:16 ET
Table 'Spiraea' 6-max Seat #3 is the button
Seat 3: mishkamoya ($25.94 in chips)
Seat 4: VolkovDmitri ($129.76 in chips)
mishkamoya: posts small blind $1
VolkovDmitri: posts big blind $3
*** HOLE CARDS ***
mishkamoya: folds
Uncalled bet ($2) returned to VolkovDmitri
VolkovDmitri collected $2 from pot
VolkovDmitri: doesn't show hand
*** SUMMARY ***
Total pot $2 | Rake $0
Seat 3: mishkamoya (button) (small blind) folded before Flop
Seat 4: VolkovDmitri (big blind) collected ($2)


