PokerStars Hand #157258106262:  Hold'em Limit ($3/$6 USD) - 2016/08/14 7:30:11 ET
Table 'Spiraea' 6-max Seat #3 is the button
Seat 3: player-Archi ($84 in chips)
Seat 4: Agrotait ($82.52 in chips)
player-Archi: posts small blind $1
Agrotait: posts big blind $3
*** HOLE CARDS ***
player-Archi: raises $3 to $6
Agrotait: folds
Uncalled bet ($3) returned to player-Archi
player-Archi collected $6 from pot
player-Archi: doesn't show hand
*** SUMMARY ***
Total pot $6 | Rake $0
Seat 3: player-Archi (button) (small blind) collected ($6)
Seat 4: Agrotait (big blind) folded before Flop


PokerStars Hand #157258103588:  Hold'em Limit ($3/$6 USD) - 2016/08/14 7:30:06 ET
Table 'Spiraea' 6-max Seat #4 is the button
Seat 3: player-Archi ($83 in chips)
Seat 4: Agrotait ($83.52 in chips)
Agrotait: posts small blind $1
player-Archi: posts big blind $3
*** HOLE CARDS ***
Agrotait: folds
Uncalled bet ($2) returned to player-Archi
player-Archi collected $2 from pot
player-Archi: doesn't show hand
*** SUMMARY ***
Total pot $2 | Rake $0
Seat 3: player-Archi (big blind) collected ($2)
Seat 4: Agrotait (button) (small blind) folded before Flop


PokerStars Hand #157258095396:  Hold'em Limit ($3/$6 USD) - 2016/08/14 7:29:47 ET
Table 'Spiraea' 6-max Seat #3 is the button
Seat 3: player-Archi ($95 in chips)
Seat 4: Agrotait ($72 in chips)
player-Archi: posts small blind $1
Agrotait: posts big blind $3
*** HOLE CARDS ***
player-Archi: raises $3 to $6
Agrotait: raises $3 to $9
player-Archi: calls $3
*** FLOP *** [2d 4s 9s]
Agrotait: bets $3
player-Archi: calls $3
*** TURN *** [2d 4s 9s] [6c]
Agrotait: bets $6
player-Archi: folds
Uncalled bet ($6) returned to Agrotait
Agrotait collected $23.52 from pot
Agrotait: doesn't show hand
*** SUMMARY ***
Total pot $24 | Rake $0.48
Board [2d 4s 9s 6c]
Seat 3: player-Archi (button) (small blind) folded on the Turn
Seat 4: Agrotait (big blind) collected ($23.52)


PokerStars Hand #157258124467:  Hold'em Limit ($3/$6 USD) - 2016/08/14 7:30:52 ET
Table 'Spiraea' 6-max Seat #3 is the button
Seat 3: player-Archi ($86.76 in chips)
Seat 4: Agrotait ($79.52 in chips)
player-Archi: posts small blind $1
Agrotait: posts big blind $3
*** HOLE CARDS ***
player-Archi: folds
Uncalled bet ($2) returned to Agrotait
Agrotait collected $2 from pot
Agrotait: doesn't show hand
*** SUMMARY ***
Total pot $2 | Rake $0
Seat 3: player-Archi (button) (small blind) folded before Flop
Seat 4: Agrotait (big blind) collected ($2)


PokerStars Hand #157258121920:  Hold'em Limit ($3/$6 USD) - 2016/08/14 7:30:46 ET
Table 'Spiraea' 6-max Seat #4 is the button
Seat 3: player-Archi ($89.76 in chips)
Seat 4: Agrotait ($76.52 in chips)
Agrotait: posts small blind $1
player-Archi: posts big blind $3
*** HOLE CARDS ***
Agrotait: raises $3 to $6
player-Archi: folds
Uncalled bet ($3) returned to Agrotait
Agrotait collected $6 from pot
Agrotait: doesn't show hand
*** SUMMARY ***
Total pot $6 | Rake $0
Seat 3: player-Archi (big blind) folded before Flop
Seat 4: Agrotait (button) (small blind) collected ($6)


PokerStars Hand #157258114626:  Hold'em Limit ($3/$6 USD) - 2016/08/14 7:30:30 ET
Table 'Spiraea' 6-max Seat #3 is the button
Seat 3: player-Archi ($84 in chips)
Seat 4: Agrotait ($82.52 in chips)
player-Archi: posts small blind $1
Agrotait: posts big blind $3
*** HOLE CARDS ***
player-Archi: raises $3 to $6
Agrotait: calls $3
*** FLOP *** [Ac 5d 9d]
Agrotait: checks
player-Archi: bets $3
Agrotait: folds
Uncalled bet ($3) returned to player-Archi
player-Archi collected $11.76 from pot
player-Archi: doesn't show hand
*** SUMMARY ***
Total pot $12 | Rake $0.24
Board [Ac 5d 9d]
Seat 3: player-Archi (button) (small blind) collected ($11.76)
Seat 4: Agrotait (big blind) folded on the Flop


PokerStars Hand #157258111387:  Hold'em Limit ($3/$6 USD) - 2016/08/14 7:30:23 ET
Table 'Spiraea' 6-max Seat #4 is the button
Seat 3: player-Archi ($87 in chips)
Seat 4: Agrotait ($79.52 in chips)
Agrotait: posts small blind $1
player-Archi: posts big blind $3
*** HOLE CARDS ***
Agrotait: raises $3 to $6
player-Archi: folds
Uncalled bet ($3) returned to Agrotait
Agrotait collected $6 from pot
Agrotait: doesn't show hand
*** SUMMARY ***
Total pot $6 | Rake $0
Seat 3: player-Archi (big blind) folded before Flop
Seat 4: Agrotait (button) (small blind) collected ($6)


PokerStars Hand #157258153083:  Hold'em Limit ($3/$6 USD) - 2016/08/14 7:31:56 ET
Table 'Spiraea' 6-max Seat #3 is the button
Seat 3: player-Archi ($58.76 in chips)
Seat 4: Agrotait ($107.02 in chips)
player-Archi: posts small blind $1
Agrotait: posts big blind $3
*** HOLE CARDS ***
player-Archi: raises $3 to $6
Agrotait: calls $3
*** FLOP *** [3d Jd Js]
Agrotait: checks
player-Archi: bets $3
Kikimor1220 joins the table at seat #6
Agrotait: raises $3 to $6
player-Archi: calls $3
*** TURN *** [3d Jd Js] [Td]
Agrotait: bets $6
player-Archi: calls $6
*** RIVER *** [3d Jd Js Td] [4c]
Agrotait: bets $6
player-Archi: calls $6
*** SHOW DOWN ***
Agrotait: shows [5h 3h] (two pair, Jacks and Threes)
player-Archi: shows [8h 8s] (two pair, Jacks and Eights)
player-Archi collected $47.50 from pot
*** SUMMARY ***
Total pot $48 | Rake $0.50
Board [3d Jd Js Td 4c]
Seat 3: player-Archi (button) (small blind) showed [8h 8s] and won ($47.50) with two pair, Jacks and Eights
Seat 4: Agrotait (big blind) showed [5h 3h] and lost with two pair, Jacks and Threes


PokerStars Hand #157258126577:  Hold'em Limit ($3/$6 USD) - 2016/08/14 7:30:57 ET
Table 'Spiraea' 6-max Seat #4 is the button
Seat 3: player-Archi ($85.76 in chips)
Seat 4: Agrotait ($80.52 in chips)
Agrotait: posts small blind $1
player-Archi: posts big blind $3
*** HOLE CARDS ***
Agrotait: raises $3 to $6
player-Archi: raises $3 to $9
Agrotait: calls $3
*** FLOP *** [8d 3h Qc]
player-Archi: bets $3
Wurst2000 joins the table at seat #2
Agrotait: raises $3 to $6
player-Archi: calls $3
*** TURN *** [8d 3h Qc] [Qd]
player-Archi: checks
Agrotait: bets $6
player-Archi: calls $6
*** RIVER *** [8d 3h Qc Qd] [2c]
player-Archi: checks
Agrotait: bets $6
player-Archi: calls $6
*** SHOW DOWN ***
Agrotait: shows [Qs Jh] (three of a kind, Queens)
player-Archi: mucks hand
Agrotait collected $53.50 from pot
*** SUMMARY ***
Total pot $54 | Rake $0.50
Board [8d 3h Qc Qd 2c]
Seat 3: player-Archi (big blind) mucked
Seat 4: Agrotait (button) (small blind) showed [Qs Jh] and won ($53.50) with three of a kind, Queens


PokerStars Hand #157258757963:  Hold'em Limit ($3/$6 USD) - 2016/08/14 7:53:54 ET
Table 'Spiraea' 6-max Seat #2 is the button
Seat 2: Airbag999 ($116.64 in chips)
Seat 6: Kikimor1220 ($52.53 in chips)
Airbag999: posts small blind $1
Mike989898: is sitting out
Kikimor1220: posts big blind $3
*** HOLE CARDS ***
Agrotait leaves the table
Airbag999: raises $3 to $6
Kikimor1220: raises $3 to $9
Mike989898 leaves the table
Airbag999: calls $3
*** FLOP *** [3d Tc Qd]
Kikimor1220: bets $3
Airbag999: calls $3
*** TURN *** [3d Tc Qd] [7c]
Kikimor1220: bets $6
Airbag999: calls $6
*** RIVER *** [3d Tc Qd 7c] [5h]
Kikimor1220: bets $6
Airbag999: calls $6
*** SHOW DOWN ***
Kikimor1220: shows [Ah 7h] (a pair of Sevens)
Airbag999: shows [Th 6c] (a pair of Tens)
Airbag999 collected $47.50 from pot
*** SUMMARY ***
Total pot $48 | Rake $0.50
Board [3d Tc Qd 7c 5h]
Seat 2: Airbag999 (button) (small blind) showed [Th 6c] and won ($47.50) with a pair of Tens
Seat 6: Kikimor1220 (big blind) showed [Ah 7h] and lost with a pair of Sevens


PokerStars Hand #157258769812:  Hold'em Limit ($3/$6 USD) - 2016/08/14 7:54:19 ET
Table 'Spiraea' 6-max Seat #6 is the button
Seat 2: Airbag999 ($140.14 in chips)
Seat 6: Kikimor1220 ($28.53 in chips)
Kikimor1220: posts small blind $1
Airbag999: posts big blind $3
*** HOLE CARDS ***
Kikimor1220: folds
Uncalled bet ($2) returned to Airbag999
Airbag999 collected $2 from pot
Airbag999: doesn't show hand
*** SUMMARY ***
Total pot $2 | Rake $0
Seat 2: Airbag999 (big blind) collected ($2)
Seat 6: Kikimor1220 (button) (small blind) folded before Flop


PokerStars Hand #157258790730:  Hold'em Limit ($3/$6 USD) - 2016/08/14 7:55:03 ET
Table 'Spiraea' 6-max Seat #2 is the button
Seat 2: Airbag999 ($120.14 in chips)
Seat 6: Kikimor1220 ($86.57 in chips)
Airbag999: posts small blind $1
Kikimor1220: posts big blind $3
*** HOLE CARDS ***
Airbag999: folds
Uncalled bet ($2) returned to Kikimor1220
Kikimor1220 collected $2 from pot
Kikimor1220: doesn't show hand
*** SUMMARY ***
Total pot $2 | Rake $0
Seat 2: Airbag999 (button) (small blind) folded before Flop
Seat 6: Kikimor1220 (big blind) collected ($2)


PokerStars Hand #157258777184:  Hold'em Limit ($3/$6 USD) - 2016/08/14 7:54:35 ET
Table 'Spiraea' 6-max Seat #6 is the button
Seat 2: Airbag999 ($144.14 in chips)
Seat 6: Kikimor1220 ($63.07 in chips)
Kikimor1220: posts small blind $1
Airbag999: posts big blind $3
*** HOLE CARDS ***
Kikimor1220: raises $3 to $6
Airbag999: raises $3 to $9
Kikimor1220: calls $3
*** FLOP *** [5s Qc Ac]
Airbag999: bets $3
Kikimor1220: calls $3
*** TURN *** [5s Qc Ac] [Kc]
Airbag999: bets $6
Kikimor1220: raises $6 to $12
Airbag999: calls $6
*** RIVER *** [5s Qc Ac Kc] [3s]
Airbag999: checks
Kikimor1220: bets $6
Airbag999: folds
Uncalled bet ($6) returned to Kikimor1220
Kikimor1220 collected $47.50 from pot
Kikimor1220: doesn't show hand
*** SUMMARY ***
Total pot $48 | Rake $0.50
Board [5s Qc Ac Kc 3s]
Seat 2: Airbag999 (big blind) folded on the River
Seat 6: Kikimor1220 (button) (small blind) collected ($47.50)


PokerStars Hand #157258772372:  Hold'em Limit ($3/$6 USD) - 2016/08/14 7:54:24 ET
Table 'Spiraea' 6-max Seat #2 is the button
Seat 2: Airbag999 ($141.14 in chips)
Seat 6: Kikimor1220 ($66.07 in chips)
Airbag999: posts small blind $1
Kikimor1220: posts big blind $3
*** HOLE CARDS ***
Airbag999: raises $3 to $6
Kikimor1220: folds
Uncalled bet ($3) returned to Airbag999
Airbag999 collected $6 from pot
Airbag999: doesn't show hand
*** SUMMARY ***
Total pot $6 | Rake $0
Seat 2: Airbag999 (button) (small blind) collected ($6)
Seat 6: Kikimor1220 (big blind) folded before Flop


PokerStars Hand #157258808484:  Hold'em Limit ($3/$6 USD) - 2016/08/14 7:55:46 ET
Table 'Spiraea' 6-max Seat #6 is the button
Seat 2: Airbag999 ($109.14 in chips)
Seat 6: Kikimor1220 ($97.21 in chips)
Kikimor1220: posts small blind $1
Airbag999: posts big blind $3
*** HOLE CARDS ***
Kikimor1220: raises $3 to $6
Airbag999: calls $3
*** FLOP *** [Jh Kd 5h]
Airbag999: checks
Kikimor1220: bets $3
Airbag999: folds
Uncalled bet ($3) returned to Kikimor1220
Kikimor1220 collected $11.76 from pot
Kikimor1220: doesn't show hand
*** SUMMARY ***
Total pot $12 | Rake $0.24
Board [Jh Kd 5h]
Seat 2: Airbag999 (big blind) folded on the Flop
Seat 6: Kikimor1220 (button) (small blind) collected ($11.76)


PokerStars Hand #157258805709:  Hold'em Limit ($3/$6 USD) - 2016/08/14 7:55:39 ET
Table 'Spiraea' 6-max Seat #2 is the button
Seat 2: Airbag999 ($110.14 in chips)
Seat 6: Kikimor1220 ($96.21 in chips)
Airbag999: posts small blind $1
Kikimor1220: posts big blind $3
*** HOLE CARDS ***
Airbag999: folds
Uncalled bet ($2) returned to Kikimor1220
Kikimor1220 collected $2 from pot
Kikimor1220: doesn't show hand
*** SUMMARY ***
Total pot $2 | Rake $0
Seat 2: Airbag999 (button) (small blind) folded before Flop
Seat 6: Kikimor1220 (big blind) collected ($2)


PokerStars Hand #157258794895:  Hold'em Limit ($3/$6 USD) - 2016/08/14 7:55:12 ET
Table 'Spiraea' 6-max Seat #6 is the button
Seat 2: Airbag999 ($119.14 in chips)
Seat 6: Kikimor1220 ($87.57 in chips)
Kikimor1220: posts small blind $1
Airbag999: posts big blind $3
*** HOLE CARDS ***
Kikimor1220: raises $3 to $6
Airbag999: calls $3
*** FLOP *** [6d 4d Kd]
Airbag999: checks
Kikimor1220: bets $3
Airbag999: calls $3
*** TURN *** [6d 4d Kd] [3d]
Airbag999: checks
Kikimor1220: checks
*** RIVER *** [6d 4d Kd 3d] [Qh]
Airbag999: checks
Kikimor1220: checks
*** SHOW DOWN ***
Airbag999: shows [4c Jh] (a pair of Fours)
Kikimor1220: shows [Kc 3s] (two pair, Kings and Threes)
Kikimor1220 collected $17.64 from pot
*** SUMMARY ***
Total pot $18 | Rake $0.36
Board [6d 4d Kd 3d Qh]
Seat 2: Airbag999 (big blind) showed [4c Jh] and lost with a pair of Fours
Seat 6: Kikimor1220 (button) (small blind) showed [Kc 3s] and won ($17.64) with two pair, Kings and Threes


PokerStars Hand #157258842375:  Hold'em Limit ($3/$6 USD) - 2016/08/14 7:57:09 ET
Table 'Spiraea' 6-max Seat #2 is the button
Seat 2: Airbag999 ($140.28 in chips)
Seat 6: Kikimor1220 ($90.61 in chips)
Airbag999: posts small blind $1
Kikimor1220: posts big blind $3
*** HOLE CARDS ***
Airbag999: raises $3 to $6
Kikimor1220: folds
Uncalled bet ($3) returned to Airbag999
Airbag999 collected $6 from pot
Airbag999: doesn't show hand
*** SUMMARY ***
Total pot $6 | Rake $0
Seat 2: Airbag999 (button) (small blind) collected ($6)
Seat 6: Kikimor1220 (big blind) folded before Flop


PokerStars Hand #157258837106:  Hold'em Limit ($3/$6 USD) - 2016/08/14 7:56:56 ET
Table 'Spiraea' 6-max Seat #6 is the button
Seat 2: Airbag999 ($131.64 in chips)
Seat 6: Kikimor1220 ($99.61 in chips)
Kikimor1220: posts small blind $1
Airbag999: posts big blind $3
*** HOLE CARDS ***
Kikimor1220: raises $3 to $6
Airbag999: raises $3 to $9
Kikimor1220: calls $3
*** FLOP *** [Qs Js 2h]
Airbag999: bets $3
Kikimor1220: folds
Uncalled bet ($3) returned to Airbag999
Airbag999 collected $17.64 from pot
Airbag999: doesn't show hand
*** SUMMARY ***
Total pot $18 | Rake $0.36
Board [Qs Js 2h]
Seat 2: Airbag999 (big blind) collected ($17.64)
Seat 6: Kikimor1220 (button) (small blind) folded on the Flop


PokerStars Hand #157258833226:  Hold'em Limit ($3/$6 USD) - 2016/08/14 7:56:47 ET
Table 'Spiraea' 6-max Seat #2 is the button
Seat 2: Airbag999 ($128.64 in chips)
Seat 6: Kikimor1220 ($102.61 in chips)
Airbag999: posts small blind $1
Kikimor1220: posts big blind $3
*** HOLE CARDS ***
Airbag999: raises $3 to $6
Kikimor1220: folds
Uncalled bet ($3) returned to Airbag999
Airbag999 collected $6 from pot
Airbag999: doesn't show hand
*** SUMMARY ***
Total pot $6 | Rake $0
Seat 2: Airbag999 (button) (small blind) collected ($6)
Seat 6: Kikimor1220 (big blind) folded before Flop


PokerStars Hand #157258828211:  Hold'em Limit ($3/$6 USD) - 2016/08/14 7:56:34 ET
Table 'Spiraea' 6-max Seat #6 is the button
Seat 2: Airbag999 ($120 in chips)
Seat 6: Kikimor1220 ($111.61 in chips)
Kikimor1220: posts small blind $1
Airbag999: posts big blind $3
*** HOLE CARDS ***
Kikimor1220: raises $3 to $6
Airbag999: raises $3 to $9
Kikimor1220: calls $3
*** FLOP *** [9h 2h 2d]
Airbag999: bets $3
Kikimor1220: folds
Uncalled bet ($3) returned to Airbag999
Airbag999 collected $17.64 from pot
*** SUMMARY ***
Total pot $18 | Rake $0.36
Board [9h 2h 2d]
Seat 2: Airbag999 (big blind) collected ($17.64)
Seat 6: Kikimor1220 (button) (small blind) folded on the Flop


PokerStars Hand #157258814361:  Hold'em Limit ($3/$6 USD) - 2016/08/14 7:56:00 ET
Table 'Spiraea' 6-max Seat #2 is the button
Seat 2: Airbag999 ($103.14 in chips)
Seat 6: Kikimor1220 ($102.97 in chips)
Airbag999: posts small blind $1
Kikimor1220: posts big blind $3
*** HOLE CARDS ***
Airbag999: raises $3 to $6
Kikimor1220: calls $3
*** FLOP *** [Js Jd Kd]
Kikimor1220: checks
Airbag999: bets $3
Kikimor1220: calls $3
*** TURN *** [Js Jd Kd] [7c]
Kikimor1220: checks
Airbag999: checks
*** RIVER *** [Js Jd Kd 7c] [Ks]
Kikimor1220: bets $6
Airbag999: folds
Uncalled bet ($6) returned to Kikimor1220
Kikimor1220 collected $17.64 from pot
Kikimor1220: doesn't show hand
*** SUMMARY ***
Total pot $18 | Rake $0.36
Board [Js Jd Kd 7c Ks]
Seat 2: Airbag999 (button) (small blind) folded on the River
Seat 6: Kikimor1220 (big blind) collected ($17.64)


PokerStars Hand #157258857838:  Hold'em Limit ($3/$6 USD) - 2016/08/14 7:57:47 ET
Table 'Spiraea' 6-max Seat #6 is the button
Seat 2: Airbag999 ($118.28 in chips)
Seat 6: Kikimor1220 ($112.11 in chips)
Kikimor1220: posts small blind $1
Airbag999: posts big blind $3
*** HOLE CARDS ***
Kikimor1220: raises $3 to $6
Airbag999: calls $3
*** FLOP *** [Jh 3h Ad]
Airbag999: checks
Kikimor1220: bets $3
Airbag999: calls $3
*** TURN *** [Jh 3h Ad] [Ac]
Airbag999: checks
Kikimor1220: bets $6
Airbag999: calls $6
*** RIVER *** [Jh 3h Ad Ac] [Ks]
Airbag999: checks
Kikimor1220: checks
*** SHOW DOWN ***
Airbag999: shows [Kd 6c] (two pair, Aces and Kings)
Kikimor1220: mucks hand
Airbag999 collected $29.50 from pot
*** SUMMARY ***
Total pot $30 | Rake $0.50
Board [Jh 3h Ad Ac Ks]
Seat 2: Airbag999 (big blind) showed [Kd 6c] and won ($29.50) with two pair, Aces and Kings
Seat 6: Kikimor1220 (button) (small blind) mucked


PokerStars Hand #157258855641:  Hold'em Limit ($3/$6 USD) - 2016/08/14 7:57:41 ET
Table 'Spiraea' 6-max Seat #2 is the button
Seat 2: Airbag999 ($119.28 in chips)
Seat 6: Kikimor1220 ($111.11 in chips)
Airbag999: posts small blind $1
Kikimor1220: posts big blind $3
*** HOLE CARDS ***
Airbag999: folds
Uncalled bet ($2) returned to Kikimor1220
Kikimor1220 collected $2 from pot
Kikimor1220: doesn't show hand
*** SUMMARY ***
Total pot $2 | Rake $0
Seat 2: Airbag999 (button) (small blind) folded before Flop
Seat 6: Kikimor1220 (big blind) collected ($2)


PokerStars Hand #157258845251:  Hold'em Limit ($3/$6 USD) - 2016/08/14 7:57:16 ET
Table 'Spiraea' 6-max Seat #6 is the button
Seat 2: Airbag999 ($143.28 in chips)
Seat 6: Kikimor1220 ($87.61 in chips)
Kikimor1220: posts small blind $1
Airbag999: posts big blind $3
*** HOLE CARDS ***
Kikimor1220: raises $3 to $6
Airbag999: raises $3 to $9
Kikimor1220: calls $3
*** FLOP *** [Jh 6d Kh]
Airbag999: bets $3
Kikimor1220: calls $3
*** TURN *** [Jh 6d Kh] [4s]
Airbag999: checks
Kikimor1220: bets $6
Airbag999: calls $6
*** RIVER *** [Jh 6d Kh 4s] [9h]
Airbag999: checks
Kikimor1220: bets $6
Airbag999: calls $6
*** SHOW DOWN ***
Kikimor1220: shows [Ts Jd] (a pair of Jacks)
Airbag999: mucks hand
Kikimor1220 collected $47.50 from pot
*** SUMMARY ***
Total pot $48 | Rake $0.50
Board [Jh 6d Kh 4s 9h]
Seat 2: Airbag999 (big blind) mucked
Seat 6: Kikimor1220 (button) (small blind) showed [Ts Jd] and won ($47.50) with a pair of Jacks


PokerStars Hand #157258875829:  Hold'em Limit ($3/$6 USD) - 2016/08/14 7:58:31 ET
Table 'Spiraea' 6-max Seat #6 is the button
Seat 2: Airbag999 ($123.78 in chips)
Seat 6: Kikimor1220 ($105.75 in chips)
Kikimor1220: posts small blind $1
Airbag999: posts big blind $3
*** HOLE CARDS ***
Kikimor1220: raises $3 to $6
Airbag999: calls $3
*** FLOP *** [7c 4s 4h]
Airbag999: checks
Kikimor1220: bets $3
Airbag999: calls $3
*** TURN *** [7c 4s 4h] [Ts]
Airbag999: checks
Kikimor1220: bets $6
Airbag999: calls $6
*** RIVER *** [7c 4s 4h Ts] [3c]
Airbag999: checks
Kikimor1220: bets $6
Airbag999: calls $6
*** SHOW DOWN ***
Kikimor1220: shows [8s 7d] (two pair, Sevens and Fours)
Airbag999: mucks hand
Kikimor1220 collected $41.50 from pot
*** SUMMARY ***
Total pot $42 | Rake $0.50
Board [7c 4s 4h Ts 3c]
Seat 2: Airbag999 (big blind) mucked
Seat 6: Kikimor1220 (button) (small blind) showed [8s 7d] and won ($41.50) with two pair, Sevens and Fours


PokerStars Hand #157258888460:  Hold'em Limit ($3/$6 USD) - 2016/08/14 7:59:02 ET
Table 'Spiraea' 6-max Seat #6 is the button
Seat 2: Airbag999 ($101.78 in chips)
Seat 6: Kikimor1220 ($127.25 in chips)
Kikimor1220: posts small blind $1
Airbag999: posts big blind $3
*** HOLE CARDS ***
Kikimor1220: folds
Uncalled bet ($2) returned to Airbag999
Airbag999 collected $2 from pot
*** SUMMARY ***
Total pot $2 | Rake $0
Seat 2: Airbag999 (big blind) collected ($2)
Seat 6: Kikimor1220 (button) (small blind) folded before Flop


PokerStars Hand #157258886200:  Hold'em Limit ($3/$6 USD) - 2016/08/14 7:58:57 ET
Table 'Spiraea' 6-max Seat #2 is the button
Seat 2: Airbag999 ($102.78 in chips)
Seat 6: Kikimor1220 ($126.25 in chips)
Airbag999: posts small blind $1
Kikimor1220: posts big blind $3
*** HOLE CARDS ***
Airbag999: folds
Uncalled bet ($2) returned to Kikimor1220
Kikimor1220 collected $2 from pot
Kikimor1220: doesn't show hand
*** SUMMARY ***
Total pot $2 | Rake $0
Seat 2: Airbag999 (button) (small blind) folded before Flop
Seat 6: Kikimor1220 (big blind) collected ($2)


PokerStars Hand #157258869533:  Hold'em Limit ($3/$6 USD) - 2016/08/14 7:58:15 ET
Table 'Spiraea' 6-max Seat #2 is the button
Seat 2: Airbag999 ($132.78 in chips)
Seat 6: Kikimor1220 ($97.11 in chips)
Airbag999: posts small blind $1
Kikimor1220: posts big blind $3
*** HOLE CARDS ***
Airbag999: raises $3 to $6
Kikimor1220: raises $3 to $9
Airbag999: calls $3
*** FLOP *** [As 8c 3c]
Kikimor1220: bets $3
Airbag999: folds
Uncalled bet ($3) returned to Kikimor1220
Kikimor1220 collected $17.64 from pot
Kikimor1220: doesn't show hand
*** SUMMARY ***
Total pot $18 | Rake $0.36
Board [As 8c 3c]
Seat 2: Airbag999 (button) (small blind) folded on the Flop
Seat 6: Kikimor1220 (big blind) collected ($17.64)


PokerStars Hand #157258904655:  Hold'em Limit ($3/$6 USD) - 2016/08/14 7:59:41 ET
Table 'Spiraea' 6-max Seat #6 is the button
Seat 2: Airbag999 ($120 in chips)
Seat 6: Kikimor1220 ($152.75 in chips)
Kikimor1220: posts small blind $1
Airbag999: posts big blind $3
*** HOLE CARDS ***
Kikimor1220: folds
Uncalled bet ($2) returned to Airbag999
Airbag999 collected $2 from pot
Airbag999: doesn't show hand
*** SUMMARY ***
Total pot $2 | Rake $0
Seat 2: Airbag999 (big blind) collected ($2)
Seat 6: Kikimor1220 (button) (small blind) folded before Flop


PokerStars Hand #157258890609:  Hold'em Limit ($3/$6 USD) - 2016/08/14 7:59:07 ET
Table 'Spiraea' 6-max Seat #2 is the button
Seat 2: Airbag999 ($102.78 in chips)
Seat 6: Kikimor1220 ($126.25 in chips)
Airbag999: posts small blind $1
Kikimor1220: posts big blind $3
*** HOLE CARDS ***
Airbag999: raises $3 to $6
Kikimor1220: calls $3
*** FLOP *** [5d 7h Kd]
Kikimor1220: checks
Airbag999: bets $3
Kikimor1220: calls $3
*** TURN *** [5d 7h Kd] [8d]
Kikimor1220: checks
Airbag999: bets $6
Kikimor1220: raises $6 to $12
Airbag999: calls $6
*** RIVER *** [5d 7h Kd 8d] [7d]
Kikimor1220: bets $6
Airbag999: calls $6
*** SHOW DOWN ***
Kikimor1220: shows [Qd Ad] (a flush, Ace high)
Airbag999: mucks hand
Kikimor1220 collected $53.50 from pot
*** SUMMARY ***
Total pot $54 | Rake $0.50
Board [5d 7h Kd 8d 7d]
Seat 2: Airbag999 (button) (small blind) mucked
Seat 6: Kikimor1220 (big blind) showed [Qd Ad] and won ($53.50) with a flush, Ace high


PokerStars Hand #157258907052:  Hold'em Limit ($3/$6 USD) - 2016/08/14 7:59:47 ET
Table 'Spiraea' 6-max Seat #2 is the button
Seat 2: Airbag999 ($121 in chips)
Seat 6: Kikimor1220 ($151.75 in chips)
Airbag999: posts small blind $1
Kikimor1220: posts big blind $3
*** HOLE CARDS ***
Airbag999: raises $3 to $6
Kikimor1220: folds
Uncalled bet ($3) returned to Airbag999
Airbag999 collected $6 from pot
Airbag999: doesn't show hand
*** SUMMARY ***
Total pot $6 | Rake $0
Seat 2: Airbag999 (button) (small blind) collected ($6)
Seat 6: Kikimor1220 (big blind) folded before Flop


PokerStars Hand #157258911113:  Hold'em Limit ($3/$6 USD) - 2016/08/14 7:59:57 ET
Table 'Spiraea' 6-max Seat #6 is the button
Seat 2: Airbag999 ($124 in chips)
Seat 6: Kikimor1220 ($148.75 in chips)
Kikimor1220: posts small blind $1
Airbag999: posts big blind $3
*** HOLE CARDS ***
Kikimor1220: folds
Uncalled bet ($2) returned to Airbag999
Airbag999 collected $2 from pot
Airbag999: doesn't show hand
*** SUMMARY ***
Total pot $2 | Rake $0
Seat 2: Airbag999 (big blind) collected ($2)
Seat 6: Kikimor1220 (button) (small blind) folded before Flop


PokerStars Hand #157258925484:  Hold'em Limit ($3/$6 USD) - 2016/08/14 8:00:30 ET
Table 'Spiraea' 6-max Seat #6 is the button
Seat 2: Airbag999 ($139.50 in chips)
Seat 6: Kikimor1220 ($132.75 in chips)
Kikimor1220: posts small blind $1
Airbag999: posts big blind $3
*** HOLE CARDS ***
Kikimor1220: raises $3 to $6
Airbag999: raises $3 to $9
Kikimor1220: raises $3 to $12
Betting is capped
Airbag999: calls $3
*** FLOP *** [9d Jd Ah]
Airbag999: checks
Kikimor1220: bets $3
Airbag999: calls $3
*** TURN *** [9d Jd Ah] [7d]
Airbag999: checks
Kikimor1220: checks
*** RIVER *** [9d Jd Ah 7d] [2h]
Airbag999: bets $6
Kikimor1220: calls $6
*** SHOW DOWN ***
Airbag999: shows [5d Ad] (a flush, Ace high)
Kikimor1220: mucks hand
Airbag999 collected $41.50 from pot
*** SUMMARY ***
Total pot $42 | Rake $0.50
Board [9d Jd Ah 7d 2h]
Seat 2: Airbag999 (big blind) showed [5d Ad] and won ($41.50) with a flush, Ace high
Seat 6: Kikimor1220 (button) (small blind) mucked


PokerStars Hand #157258913273:  Hold'em Limit ($3/$6 USD) - 2016/08/14 8:00:02 ET
Table 'Spiraea' 6-max Seat #2 is the button
Seat 2: Airbag999 ($125 in chips)
Seat 6: Kikimor1220 ($147.75 in chips)
Airbag999: posts small blind $1
Kikimor1220: posts big blind $3
*** HOLE CARDS ***
Airbag999: raises $3 to $6
Kikimor1220: calls $3
*** FLOP *** [5s 6c 2d]
Kikimor1220: checks
Airbag999: bets $3
Kikimor1220: calls $3
*** TURN *** [5s 6c 2d] [7d]
Kikimor1220: checks
Airbag999: checks
*** RIVER *** [5s 6c 2d 7d] [7c]
Kikimor1220: checks
Airbag999: bets $6
Kikimor1220: calls $6
*** SHOW DOWN ***
Airbag999: shows [Js 5h] (two pair, Sevens and Fives)
Kikimor1220: mucks hand
Airbag999 collected $29.50 from pot
*** SUMMARY ***
Total pot $30 | Rake $0.50
Board [5s 6c 2d 7d 7c]
Seat 2: Airbag999 (button) (small blind) showed [Js 5h] and won ($29.50) with two pair, Sevens and Fives
Seat 6: Kikimor1220 (big blind) mucked


