PokerStars Hand #165815403673:  Hold'em Limit ($3/$6 USD) - 2017/02/07 2:02:56 ET
Table 'Spiraea' 6-max Seat #4 is the button
Seat 3: hairy1961 ($49 in chips)
Seat 4: VolkovDmitri ($121 in chips)
VolkovDmitri: posts small blind $1
hairy1961: posts big blind $3
*** HOLE CARDS ***
VolkovDmitri: raises $3 to $6
hairy1961: folds
Uncalled bet ($3) returned to VolkovDmitri
VolkovDmitri collected $6 from pot
VolkovDmitri: doesn't show hand
*** SUMMARY ***
Total pot $6 | Rake $0
Seat 3: hairy1961 (big blind) folded before Flop
Seat 4: VolkovDmitri (button) (small blind) collected ($6)


PokerStars Hand #165815419852:  Hold'em Limit ($3/$6 USD) - 2017/02/07 2:03:51 ET
Table 'Spiraea' 6-max Seat #3 is the button
Seat 3: hairy1961 ($75.26 in chips)
Seat 4: VolkovDmitri ($120 in chips)
hairy1961: posts small blind $1
VolkovDmitri: posts big blind $3
*** HOLE CARDS ***
hairy1961: folds
Uncalled bet ($2) returned to VolkovDmitri
VolkovDmitri collected $2 from pot
VolkovDmitri: doesn't show hand
*** SUMMARY ***
Total pot $2 | Rake $0
Seat 3: hairy1961 (button) (small blind) folded before Flop
Seat 4: VolkovDmitri (big blind) collected ($2)


PokerStars Hand #165815405714:  Hold'em Limit ($3/$6 USD) - 2017/02/07 2:03:03 ET
Table 'Spiraea' 6-max Seat #3 is the button
Seat 3: hairy1961 ($46 in chips)
Seat 4: VolkovDmitri ($124 in chips)
hairy1961: posts small blind $1
VolkovDmitri: posts big blind $3
*** HOLE CARDS ***
hairy1961: raises $3 to $6
VolkovDmitri: calls $3
*** FLOP *** [7h Jd 3s]
VolkovDmitri: checks
hairy1961: bets $3
VolkovDmitri: folds
Uncalled bet ($3) returned to hairy1961
hairy1961 collected $11.76 from pot
*** SUMMARY ***
Total pot $12 | Rake $0.24
Board [7h Jd 3s]
Seat 3: hairy1961 (button) (small blind) collected ($11.76)
Seat 4: VolkovDmitri (big blind) folded on the Flop


PokerStars Hand #165815409544:  Hold'em Limit ($3/$6 USD) - 2017/02/07 2:03:15 ET
Table 'Spiraea' 6-max Seat #4 is the button
Seat 3: hairy1961 ($51.76 in chips)
Seat 4: VolkovDmitri ($120 in chips)
VolkovDmitri: posts small blind $1
hairy1961: posts big blind $3
*** HOLE CARDS ***
VolkovDmitri: raises $3 to $6
hairy1961: calls $3
*** FLOP *** [3s 4d Qc]
hairy1961: checks
VolkovDmitri: bets $3
hairy1961: raises $3 to $6
VolkovDmitri: calls $3
*** TURN *** [3s 4d Qc] [5h]
hairy1961: bets $6
VolkovDmitri: calls $6
*** RIVER *** [3s 4d Qc 5h] [Js]
hairy1961: bets $6
VolkovDmitri: calls $6
*** SHOW DOWN ***
hairy1961: shows [Qh 8d] (a pair of Queens)
VolkovDmitri: mucks hand
hairy1961 collected $47.50 from pot
*** SUMMARY ***
Total pot $48 | Rake $0.50
Board [3s 4d Qc 5h Js]
Seat 3: hairy1961 (big blind) showed [Qh 8d] and won ($47.50) with a pair of Queens
Seat 4: VolkovDmitri (button) (small blind) mucked


PokerStars Hand #165815431871:  Hold'em Limit ($3/$6 USD) - 2017/02/07 2:04:33 ET
Table 'Spiraea' 6-max Seat #3 is the button
Seat 3: hairy1961 ($97.76 in chips)
Seat 4: VolkovDmitri ($120 in chips)
hairy1961: posts small blind $1
VolkovDmitri: posts big blind $3
*** HOLE CARDS ***
hairy1961: folds
Uncalled bet ($2) returned to VolkovDmitri
VolkovDmitri collected $2 from pot
VolkovDmitri: doesn't show hand
*** SUMMARY ***
Total pot $2 | Rake $0
Seat 3: hairy1961 (button) (small blind) folded before Flop
Seat 4: VolkovDmitri (big blind) collected ($2)


PokerStars Hand #165815421794:  Hold'em Limit ($3/$6 USD) - 2017/02/07 2:03:58 ET
Table 'Spiraea' 6-max Seat #4 is the button
Seat 3: hairy1961 ($74.26 in chips)
Seat 4: VolkovDmitri ($121 in chips)
VolkovDmitri: posts small blind $1
hairy1961: posts big blind $3
*** HOLE CARDS ***
VolkovDmitri: raises $3 to $6
hairy1961: calls $3
*** FLOP *** [8c Kh As]
hairy1961: checks
VolkovDmitri: checks
*** TURN *** [8c Kh As] [Ac]
hairy1961: checks
VolkovDmitri: bets $6
hairy1961: raises $6 to $12
VolkovDmitri: calls $6
*** RIVER *** [8c Kh As Ac] [Jc]
hairy1961: bets $6
VolkovDmitri: calls $6
*** SHOW DOWN ***
hairy1961: shows [4c Ah] (three of a kind, Aces)
VolkovDmitri: mucks hand
hairy1961 collected $47.50 from pot
*** SUMMARY ***
Total pot $48 | Rake $0.50
Board [8c Kh As Ac Jc]
Seat 3: hairy1961 (big blind) showed [4c Ah] and won ($47.50) with three of a kind, Aces
Seat 4: VolkovDmitri (button) (small blind) mucked


PokerStars Hand #165815433566:  Hold'em Limit ($3/$6 USD) - 2017/02/07 2:04:39 ET
Table 'Spiraea' 6-max Seat #4 is the button
Seat 3: hairy1961 ($96.76 in chips)
Seat 4: VolkovDmitri ($121 in chips)
VolkovDmitri: posts small blind $1
hairy1961: posts big blind $3
*** HOLE CARDS ***
VolkovDmitri: raises $3 to $6
hairy1961: folds
Uncalled bet ($3) returned to VolkovDmitri
VolkovDmitri collected $6 from pot
VolkovDmitri: doesn't show hand
*** SUMMARY ***
Total pot $6 | Rake $0
Seat 3: hairy1961 (big blind) folded before Flop
Seat 4: VolkovDmitri (button) (small blind) collected ($6)


PokerStars Hand #165815446206:  Hold'em Limit ($3/$6 USD) - 2017/02/07 2:05:22 ET
Table 'Spiraea' 6-max Seat #3 is the button
Seat 3: hairy1961 ($108.26 in chips)
Seat 4: VolkovDmitri ($123 in chips)
hairy1961: posts small blind $1
VolkovDmitri: posts big blind $3
*** HOLE CARDS ***
hairy1961: folds
Uncalled bet ($2) returned to VolkovDmitri
VolkovDmitri collected $2 from pot
VolkovDmitri: doesn't show hand
*** SUMMARY ***
Total pot $2 | Rake $0
Seat 3: hairy1961 (button) (small blind) folded before Flop
Seat 4: VolkovDmitri (big blind) collected ($2)


PokerStars Hand #165815444459:  Hold'em Limit ($3/$6 USD) - 2017/02/07 2:05:16 ET
Table 'Spiraea' 6-max Seat #4 is the button
Seat 3: hairy1961 ($111.26 in chips)
Seat 4: VolkovDmitri ($120 in chips)
VolkovDmitri: posts small blind $1
hairy1961: posts big blind $3
*** HOLE CARDS ***
VolkovDmitri: raises $3 to $6
hairy1961: folds
Uncalled bet ($3) returned to VolkovDmitri
VolkovDmitri collected $6 from pot
VolkovDmitri: doesn't show hand
*** SUMMARY ***
Total pot $6 | Rake $0
Seat 3: hairy1961 (big blind) folded before Flop
Seat 4: VolkovDmitri (button) (small blind) collected ($6)


PokerStars Hand #165815435438:  Hold'em Limit ($3/$6 USD) - 2017/02/07 2:04:45 ET
Table 'Spiraea' 6-max Seat #3 is the button
Seat 3: hairy1961 ($93.76 in chips)
Seat 4: VolkovDmitri ($124 in chips)
hairy1961: posts small blind $1
VolkovDmitri: posts big blind $3
*** HOLE CARDS ***
hairy1961: raises $3 to $6
VolkovDmitri: raises $3 to $9
hairy1961: calls $3
*** FLOP *** [9s 3h Ad]
VolkovDmitri: bets $3
hairy1961: calls $3
*** TURN *** [9s 3h Ad] [6c]
VolkovDmitri: checks
hairy1961: checks
*** RIVER *** [9s 3h Ad 6c] [2h]
VolkovDmitri: checks
hairy1961: bets $6
VolkovDmitri: calls $6
*** SHOW DOWN ***
hairy1961: shows [Td 6h] (a pair of Sixes)
VolkovDmitri: mucks hand
hairy1961 collected $35.50 from pot
*** SUMMARY ***
Total pot $36 | Rake $0.50
Board [9s 3h Ad 6c 2h]
Seat 3: hairy1961 (button) (small blind) showed [Td 6h] and won ($35.50) with a pair of Sixes
Seat 4: VolkovDmitri (big blind) mucked


PokerStars Hand #165815448074:  Hold'em Limit ($3/$6 USD) - 2017/02/07 2:05:29 ET
Table 'Spiraea' 6-max Seat #4 is the button
Seat 3: hairy1961 ($107.26 in chips)
Seat 4: VolkovDmitri ($124 in chips)
VolkovDmitri: posts small blind $1
hairy1961: posts big blind $3
*** HOLE CARDS ***
VolkovDmitri: raises $3 to $6
hairy1961: calls $3
*** FLOP *** [2d Jd Ad]
hairy1961: checks
VolkovDmitri: bets $3
hairy1961: calls $3
*** TURN *** [2d Jd Ad] [Kc]
hairy1961: checks
VolkovDmitri: bets $6
hairy1961: calls $6
*** RIVER *** [2d Jd Ad Kc] [9c]
canoestar26 joins the table at seat #5
hairy1961: checks
VolkovDmitri: bets $6
hairy1961: calls $6
*** SHOW DOWN ***
VolkovDmitri: shows [As Ks] (two pair, Aces and Kings)
hairy1961: mucks hand
VolkovDmitri collected $41.50 from pot
*** SUMMARY ***
Total pot $42 | Rake $0.50
Board [2d Jd Ad Kc 9c]
Seat 3: hairy1961 (big blind) mucked
Seat 4: VolkovDmitri (button) (small blind) showed [As Ks] and won ($41.50) with two pair, Aces and Kings


PokerStars Hand #165815459139:  Hold'em Limit ($3/$6 USD) - 2017/02/07 2:06:07 ET
Table 'Spiraea' 6-max Seat #3 is the button
Seat 3: hairy1961 ($86.26 in chips)
Seat 4: VolkovDmitri ($144.50 in chips)
hairy1961: posts small blind $1
VolkovDmitri: posts big blind $3
*** HOLE CARDS ***
hairy1961: raises $3 to $6
VolkovDmitri: raises $3 to $9
hairy1961: calls $3
*** FLOP *** [4c Qd Js]
VolkovDmitri: bets $3
hairy1961: calls $3
*** TURN *** [4c Qd Js] [7s]
VolkovDmitri: checks
hairy1961: bets $6
VolkovDmitri: folds
Uncalled bet ($6) returned to hairy1961
hairy1961 collected $23.52 from pot
*** SUMMARY ***
Total pot $24 | Rake $0.48
Board [4c Qd Js 7s]
Seat 3: hairy1961 (button) (small blind) collected ($23.52)
Seat 4: VolkovDmitri (big blind) folded on the Turn


PokerStars Hand #165815522643:  Hold'em Limit ($3/$6 USD) - 2017/02/07 2:09:45 ET
Table 'Spiraea' 6-max Seat #5 is the button
Seat 3: hairy1961 ($96.42 in chips)
Seat 5: canoestar26 ($70 in chips)
canoestar26: posts small blind $1
hairy1961: posts big blind $3
*** HOLE CARDS ***
canoestar26: raises $3 to $6
hairy1961: calls $3
*** FLOP *** [6s Ac 7h]
hairy1961: bets $3
canoestar26: folds
Uncalled bet ($3) returned to hairy1961
hairy1961 collected $11.76 from pot
*** SUMMARY ***
Total pot $12 | Rake $0.24
Board [6s Ac 7h]
Seat 3: hairy1961 (big blind) collected ($11.76)
Seat 5: canoestar26 (button) (small blind) folded on the Flop


