PokerStars Hand #174420332672:  Hold'em Limit ($3/$6 USD) - 2017/08/16 16:59:38 ET
Table 'Spiraea' 10-max Seat #7 is the button
Seat 1: Rmk1500 ($12.26 in chips)
Seat 7: EMALAYS ($179.69 in chips)
EMALAYS: posts small blind $1
Rmk1500: posts big blind $3
*** HOLE CARDS ***
EMALAYS: folds
Uncalled bet ($2) returned to Rmk1500
Rmk1500 collected $2 from pot
*** SUMMARY ***
Total pot $2 | Rake $0
Seat 1: Rmk1500 (big blind) collected ($2)
Seat 7: EMALAYS (button) (small blind) folded before Flop


PokerStars Hand #174420328534:  Hold'em Limit ($3/$6 USD) - 2017/08/16 16:59:30 ET
Table 'Spiraea' 10-max Seat #1 is the button
Seat 1: Rmk1500 ($9.26 in chips)
Seat 7: EMALAYS ($182.69 in chips)
Rmk1500: posts small blind $1
yamaxerm: is sitting out
Zazi: is sitting out
EMALAYS: posts big blind $3
*** HOLE CARDS ***
Rmk1500: raises $3 to $6
Zazi leaves the table
yamaxerm leaves the table
EMALAYS: folds
Uncalled bet ($3) returned to Rmk1500
Rmk1500 collected $6 from pot
*** SUMMARY ***
Total pot $6 | Rake $0
Seat 1: Rmk1500 (button) (small blind) collected ($6)
Seat 7: EMALAYS (big blind) folded before Flop


