PokerStars Hand #146839172783:  Hold'em Limit ($3/$6 USD) - 2016/01/10 23:31:46 ET
Table 'Spitzer II' 2-max Seat #1 is the button
Seat 1: jl45259071 ($146.14 in chips)
Seat 2: krytalex ($93 in chips)
jl45259071: posts small blind $1
krytalex: posts big blind $3
*** HOLE CARDS ***
jl45259071: raises $3 to $6
krytalex: calls $3
*** FLOP *** [5c 6d 5h]
krytalex: checks
jl45259071: bets $3
krytalex: folds
Uncalled bet ($3) returned to jl45259071
jl45259071 collected $11.76 from pot
jl45259071: doesn't show hand
*** SUMMARY ***
Total pot $12 | Rake $0.24
Board [5c 6d 5h]
Seat 1: jl45259071 (button) (small blind) collected ($11.76)
Seat 2: krytalex (big blind) folded on the Flop


PokerStars Hand #146839165052:  Hold'em Limit ($3/$6 USD) - 2016/01/10 23:31:21 ET
Table 'Spitzer II' 2-max Seat #2 is the button
Seat 1: jl45259071 ($131.64 in chips)
Seat 2: krytalex ($108 in chips)
krytalex: posts small blind $1
jl45259071: posts big blind $3
*** HOLE CARDS ***
krytalex: raises $3 to $6
jl45259071: calls $3
*** FLOP *** [Th Qd 2c]
jl45259071: checks
krytalex: bets $3
jl45259071: calls $3
*** TURN *** [Th Qd 2c] [3c]
jl45259071: checks
krytalex: bets $6
jl45259071: raises $6 to $12
krytalex: folds
Uncalled bet ($6) returned to jl45259071
jl45259071 collected $29.50 from pot
jl45259071: doesn't show hand
*** SUMMARY ***
Total pot $30 | Rake $0.50
Board [Th Qd 2c 3c]
Seat 1: jl45259071 (big blind) collected ($29.50)
Seat 2: krytalex (button) (small blind) folded on the Turn


PokerStars Hand #146839177145:  Hold'em Limit ($3/$6 USD) - 2016/01/10 23:32:00 ET
Table 'Spitzer II' 2-max Seat #2 is the button
Seat 1: jl45259071 ($151.90 in chips)
Seat 2: krytalex ($87 in chips)
krytalex: posts small blind $1
jl45259071: posts big blind $3
*** HOLE CARDS ***
krytalex: raises $3 to $6
jl45259071: calls $3
*** FLOP *** [5c 6h 4s]
jl45259071: checks
krytalex: bets $3
jl45259071: raises $3 to $6
krytalex: calls $3
*** TURN *** [5c 6h 4s] [3s]
jl45259071: bets $6
krytalex: calls $6
*** RIVER *** [5c 6h 4s 3s] [6s]
jl45259071: bets $6
krytalex: folds
Uncalled bet ($6) returned to jl45259071
jl45259071 collected $35.50 from pot
jl45259071: doesn't show hand
*** SUMMARY ***
Total pot $36 | Rake $0.50
Board [5c 6h 4s 3s 6s]
Seat 1: jl45259071 (big blind) collected ($35.50)
Seat 2: krytalex (button) (small blind) folded on the River


PokerStars Hand #146839192403:  Hold'em Limit ($3/$6 USD) - 2016/01/10 23:32:49 ET
Table 'Spitzer II' 2-max Seat #2 is the button
Seat 1: jl45259071 ($178.04 in chips)
Seat 2: krytalex ($72 in chips)
krytalex: posts small blind $1
jl45259071: posts big blind $3
*** HOLE CARDS ***
krytalex: raises $3 to $6
jl45259071: raises $3 to $9
krytalex: calls $3
*** FLOP *** [3d Qs Ad]
jl45259071: bets $3
krytalex: folds
Uncalled bet ($3) returned to jl45259071
jl45259071 collected $17.64 from pot
jl45259071: doesn't show hand
*** SUMMARY ***
Total pot $18 | Rake $0.36
Board [3d Qs Ad]
Seat 1: jl45259071 (big blind) collected ($17.64)
Seat 2: krytalex (button) (small blind) folded on the Flop


PokerStars Hand #146839187178:  Hold'em Limit ($3/$6 USD) - 2016/01/10 23:32:32 ET
Table 'Spitzer II' 2-max Seat #1 is the button
Seat 1: jl45259071 ($169.40 in chips)
Seat 2: krytalex ($72 in chips)
jl45259071: posts small blind $1
krytalex: posts big blind $3
*** HOLE CARDS ***
jl45259071: raises $3 to $6
krytalex: calls $3
*** FLOP *** [5s 5c Jc]
krytalex: checks
jl45259071: bets $3
krytalex: calls $3
*** TURN *** [5s 5c Jc] [7d]
krytalex: checks
jl45259071: bets $6
krytalex: folds
Uncalled bet ($6) returned to jl45259071
jl45259071 collected $17.64 from pot
jl45259071: doesn't show hand
*** SUMMARY ***
Total pot $18 | Rake $0.36
Board [5s 5c Jc 7d]
Seat 1: jl45259071 (button) (small blind) collected ($17.64)
Seat 2: krytalex (big blind) folded on the Turn


PokerStars Hand #146839199708:  Hold'em Limit ($3/$6 USD) - 2016/01/10 23:33:13 ET
Table 'Spitzer II' 2-max Seat #1 is the button
Seat 1: jl45259071 ($186.68 in chips)
Seat 2: krytalex ($72 in chips)
jl45259071: posts small blind $1
krytalex: posts big blind $3
*** HOLE CARDS ***
jl45259071: calls $2
krytalex: raises $3 to $6
jl45259071: raises $3 to $9
krytalex: calls $3
*** FLOP *** [7d Ah 5h]
krytalex: checks
jl45259071: checks
*** TURN *** [7d Ah 5h] [9d]
krytalex: checks
jl45259071: bets $6
krytalex: calls $6
*** RIVER *** [7d Ah 5h 9d] [Tc]
krytalex: checks
jl45259071: bets $6
krytalex: calls $6
*** SHOW DOWN ***
jl45259071: shows [Jc Jh] (a pair of Jacks)
krytalex: shows [Qs Qh] (a pair of Queens)
krytalex collected $41.50 from pot
*** SUMMARY ***
Total pot $42 | Rake $0.50
Board [7d Ah 5h 9d Tc]
Seat 1: jl45259071 (button) (small blind) showed [Jc Jh] and lost with a pair of Jacks
Seat 2: krytalex (big blind) showed [Qs Qh] and won ($41.50) with a pair of Queens


PokerStars Hand #146839225637:  Hold'em Limit ($3/$6 USD) - 2016/01/10 23:34:39 ET
Table 'Spitzer II' 2-max Seat #1 is the button
Seat 1: jl45259071 ($174.32 in chips)
Seat 2: krytalex ($83.50 in chips)
jl45259071: posts small blind $1
krytalex: posts big blind $3
*** HOLE CARDS ***
jl45259071: raises $3 to $6
krytalex: raises $3 to $9
jl45259071: calls $3
*** FLOP *** [9h 3d 7c]
krytalex: checks
jl45259071: checks
*** TURN *** [9h 3d 7c] [Qh]
krytalex: checks
jl45259071: checks
*** RIVER *** [9h 3d 7c Qh] [Jh]
krytalex: bets $6
jl45259071: folds
Uncalled bet ($6) returned to krytalex
krytalex collected $17.64 from pot
*** SUMMARY ***
Total pot $18 | Rake $0.36
Board [9h 3d 7c Qh Jh]
Seat 1: jl45259071 (button) (small blind) folded on the River
Seat 2: krytalex (big blind) collected ($17.64)


PokerStars Hand #146839213886:  Hold'em Limit ($3/$6 USD) - 2016/01/10 23:34:00 ET
Table 'Spitzer II' 2-max Seat #2 is the button
Seat 1: jl45259071 ($165.68 in chips)
Seat 2: krytalex ($92.50 in chips)
krytalex: posts small blind $1
jl45259071: posts big blind $3
*** HOLE CARDS ***
krytalex: raises $3 to $6
jl45259071: calls $3
*** FLOP *** [Ah 4d Qs]
jl45259071: checks
krytalex: bets $3
jl45259071: raises $3 to $6
krytalex: folds
Uncalled bet ($3) returned to jl45259071
jl45259071 collected $17.64 from pot
jl45259071: doesn't show hand
*** SUMMARY ***
Total pot $18 | Rake $0.36
Board [Ah 4d Qs]
Seat 1: jl45259071 (big blind) collected ($17.64)
Seat 2: krytalex (button) (small blind) folded on the Flop


PokerStars Hand #146839247382:  Hold'em Limit ($3/$6 USD) - 2016/01/10 23:35:51 ET
Table 'Spitzer II' 2-max Seat #2 is the button
Seat 1: jl45259071 ($149.32 in chips)
Seat 2: krytalex ($107.64 in chips)
krytalex: posts small blind $1
jl45259071: posts big blind $3
*** HOLE CARDS ***
krytalex: raises $3 to $6
jl45259071: calls $3
*** FLOP *** [8s Qs 8c]
jl45259071: checks
krytalex: bets $3
jl45259071: calls $3
*** TURN *** [8s Qs 8c] [As]
jl45259071: checks
krytalex: checks
*** RIVER *** [8s Qs 8c As] [7s]
jl45259071: bets $6
krytalex: calls $6
*** SHOW DOWN ***
jl45259071: shows [3d Ac] (two pair, Aces and Eights)
krytalex: mucks hand
jl45259071 collected $29.50 from pot
*** SUMMARY ***
Total pot $30 | Rake $0.50
Board [8s Qs 8c As 7s]
Seat 1: jl45259071 (big blind) showed [3d Ac] and won ($29.50) with two pair, Aces and Eights
Seat 2: krytalex (button) (small blind) mucked


PokerStars Hand #146839245789:  Hold'em Limit ($3/$6 USD) - 2016/01/10 23:35:46 ET
Table 'Spitzer II' 2-max Seat #1 is the button
Seat 1: jl45259071 ($150.32 in chips)
Seat 2: krytalex ($106.64 in chips)
jl45259071: posts small blind $1
krytalex: posts big blind $3
*** HOLE CARDS ***
jl45259071: folds
Uncalled bet ($2) returned to krytalex
krytalex collected $2 from pot
*** SUMMARY ***
Total pot $2 | Rake $0
Seat 1: jl45259071 (button) (small blind) folded before Flop
Seat 2: krytalex (big blind) collected ($2)


PokerStars Hand #146839234544:  Hold'em Limit ($3/$6 USD) - 2016/01/10 23:35:08 ET
Table 'Spitzer II' 2-max Seat #2 is the button
Seat 1: jl45259071 ($165.32 in chips)
Seat 2: krytalex ($92.14 in chips)
krytalex: posts small blind $1
jl45259071: posts big blind $3
*** HOLE CARDS ***
krytalex: raises $3 to $6
jl45259071: calls $3
*** FLOP *** [3h 5h Ks]
jl45259071: checks
krytalex: bets $3
jl45259071: calls $3
*** TURN *** [3h 5h Ks] [8c]
jl45259071: checks
krytalex: checks
*** RIVER *** [3h 5h Ks 8c] [8s]
jl45259071: bets $6
krytalex: calls $6
*** SHOW DOWN ***
jl45259071: shows [9c 4d] (a pair of Eights)
krytalex: shows [2d Ac] (a pair of Eights - Ace kicker)
krytalex collected $29.50 from pot
*** SUMMARY ***
Total pot $30 | Rake $0.50
Board [3h 5h Ks 8c 8s]
Seat 1: jl45259071 (big blind) showed [9c 4d] and lost with a pair of Eights
Seat 2: krytalex (button) (small blind) showed [2d Ac] and won ($29.50) with a pair of Eights


PokerStars Hand #146839259318:  Hold'em Limit ($3/$6 USD) - 2016/01/10 23:36:30 ET
Table 'Spitzer II' 2-max Seat #2 is the button
Seat 1: jl45259071 ($151.82 in chips)
Seat 2: krytalex ($104.16 in chips)
krytalex: posts small blind $1
jl45259071: posts big blind $3
*** HOLE CARDS ***
krytalex: raises $3 to $6
jl45259071: calls $3
*** FLOP *** [6c Kd Qc]
jl45259071: checks
krytalex: bets $3
jl45259071: calls $3
*** TURN *** [6c Kd Qc] [5h]
jl45259071: checks
krytalex: bets $6
jl45259071: calls $6
*** RIVER *** [6c Kd Qc 5h] [Td]
jl45259071: checks
krytalex: bets $6
jl45259071: calls $6
*** SHOW DOWN ***
krytalex: shows [Jh Jd] (a pair of Jacks)
jl45259071: shows [2c Qs] (a pair of Queens)
jl45259071 collected $41.50 from pot
*** SUMMARY ***
Total pot $42 | Rake $0.50
Board [6c Kd Qc 5h Td]
Seat 1: jl45259071 (big blind) showed [2c Qs] and won ($41.50) with a pair of Queens
Seat 2: krytalex (button) (small blind) showed [Jh Jd] and lost with a pair of Jacks


PokerStars Hand #146839274415:  Hold'em Limit ($3/$6 USD) - 2016/01/10 23:37:21 ET
Table 'Spitzer II' 2-max Seat #2 is the button
Seat 1: jl45259071 ($175.20 in chips)
Seat 2: krytalex ($80.16 in chips)
krytalex: posts small blind $1
jl45259071: posts big blind $3
*** HOLE CARDS ***
krytalex: raises $3 to $6
jl45259071: calls $3
*** FLOP *** [2c 2d 8s]
jl45259071: checks
krytalex: bets $3
jl45259071: calls $3
*** TURN *** [2c 2d 8s] [4c]
jl45259071: checks
krytalex: bets $6
jl45259071: folds
Uncalled bet ($6) returned to krytalex
krytalex collected $17.64 from pot
*** SUMMARY ***
Total pot $18 | Rake $0.36
Board [2c 2d 8s 4c]
Seat 1: jl45259071 (big blind) folded on the Turn
Seat 2: krytalex (button) (small blind) collected ($17.64)


PokerStars Hand #146839284666:  Hold'em Limit ($3/$6 USD) - 2016/01/10 23:37:56 ET
Table 'Spitzer II' 2-max Seat #2 is the button
Seat 1: jl45259071 ($169.08 in chips)
Seat 2: krytalex ($85.80 in chips)
krytalex: posts small blind $1
jl45259071: posts big blind $3
*** HOLE CARDS ***
krytalex: folds
Uncalled bet ($2) returned to jl45259071
jl45259071 collected $2 from pot
jl45259071: doesn't show hand
*** SUMMARY ***
Total pot $2 | Rake $0
Seat 1: jl45259071 (big blind) collected ($2)
Seat 2: krytalex (button) (small blind) folded before Flop


PokerStars Hand #146839279517:  Hold'em Limit ($3/$6 USD) - 2016/01/10 23:37:39 ET
Table 'Spitzer II' 2-max Seat #1 is the button
Seat 1: jl45259071 ($166.20 in chips)
Seat 2: krytalex ($88.80 in chips)
jl45259071: posts small blind $1
krytalex: posts big blind $3
*** HOLE CARDS ***
jl45259071: calls $2
krytalex: checks
*** FLOP *** [As 5h 3c]
krytalex: checks
jl45259071: bets $3
krytalex: folds
Uncalled bet ($3) returned to jl45259071
jl45259071 collected $5.88 from pot
jl45259071: doesn't show hand
*** SUMMARY ***
Total pot $6 | Rake $0.12
Board [As 5h 3c]
Seat 1: jl45259071 (button) (small blind) collected ($5.88)
Seat 2: krytalex (big blind) folded on the Flop


PokerStars Hand #146839302633:  Hold'em Limit ($3/$6 USD) - 2016/01/10 23:38:56 ET
Table 'Spitzer II' 2-max Seat #2 is the button
Seat 1: jl45259071 ($167.08 in chips)
Seat 2: krytalex ($87.68 in chips)
krytalex: posts small blind $1
jl45259071: posts big blind $3
*** HOLE CARDS ***
krytalex: raises $3 to $6
jl45259071: calls $3
*** FLOP *** [Td 8c 8d]
jl45259071: checks
krytalex: bets $3
jl45259071: folds
Uncalled bet ($3) returned to krytalex
krytalex collected $11.76 from pot
*** SUMMARY ***
Total pot $12 | Rake $0.24
Board [Td 8c 8d]
Seat 1: jl45259071 (big blind) folded on the Flop
Seat 2: krytalex (button) (small blind) collected ($11.76)


PokerStars Hand #146839287509:  Hold'em Limit ($3/$6 USD) - 2016/01/10 23:38:05 ET
Table 'Spitzer II' 2-max Seat #1 is the button
Seat 1: jl45259071 ($170.08 in chips)
Seat 2: krytalex ($84.80 in chips)
jl45259071: posts small blind $1
krytalex: posts big blind $3
*** HOLE CARDS ***
jl45259071: calls $2
krytalex: checks
*** FLOP *** [7s Ad 9c]
krytalex: checks
jl45259071: checks
*** TURN *** [7s Ad 9c] [Ah]
krytalex: checks
jl45259071: checks
*** RIVER *** [7s Ad 9c Ah] [Ts]
krytalex: checks
jl45259071: checks
*** SHOW DOWN ***
krytalex: shows [7c 2s] (two pair, Aces and Sevens)
jl45259071: mucks hand
krytalex collected $5.88 from pot
*** SUMMARY ***
Total pot $6 | Rake $0.12
Board [7s Ad 9c Ah Ts]
Seat 1: jl45259071 (button) (small blind) mucked
Seat 2: krytalex (big blind) showed [7c 2s] and won ($5.88) with two pair, Aces and Sevens


PokerStars Hand #146839328913:  Hold'em Limit ($3/$6 USD) - 2016/01/10 23:40:25 ET
Table 'Spitzer II' 2-max Seat #1 is the button
Seat 1: jl45259071 ($184.12 in chips)
Seat 2: krytalex ($72 in chips)
jl45259071: posts small blind $1
krytalex: posts big blind $3
*** HOLE CARDS ***
jl45259071: folds
Uncalled bet ($2) returned to krytalex
krytalex collected $2 from pot
*** SUMMARY ***
Total pot $2 | Rake $0
Seat 1: jl45259071 (button) (small blind) folded before Flop
Seat 2: krytalex (big blind) collected ($2)


PokerStars Hand #146839317158:  Hold'em Limit ($3/$6 USD) - 2016/01/10 23:39:46 ET
Table 'Spitzer II' 2-max Seat #2 is the button
Seat 1: jl45259071 ($172.60 in chips)
Seat 2: krytalex ($81.44 in chips)
krytalex: posts small blind $1
jl45259071: posts big blind $3
*** HOLE CARDS ***
krytalex: raises $3 to $6
jl45259071: calls $3
*** FLOP *** [2c 3h 4d]
jl45259071: checks
krytalex: bets $3
jl45259071: raises $3 to $6
krytalex: calls $3
*** TURN *** [2c 3h 4d] [8s]
jl45259071: bets $6
krytalex: folds
Uncalled bet ($6) returned to jl45259071
jl45259071 collected $23.52 from pot
jl45259071: doesn't show hand
*** SUMMARY ***
Total pot $24 | Rake $0.48
Board [2c 3h 4d 8s]
Seat 1: jl45259071 (big blind) collected ($23.52)
Seat 2: krytalex (button) (small blind) folded on the Turn


PokerStars Hand #146839309376:  Hold'em Limit ($3/$6 USD) - 2016/01/10 23:39:19 ET
Table 'Spitzer II' 2-max Seat #1 is the button
Seat 1: jl45259071 ($161.08 in chips)
Seat 2: krytalex ($93.44 in chips)
jl45259071: posts small blind $1
krytalex: posts big blind $3
*** HOLE CARDS ***
jl45259071: calls $2
krytalex: checks
*** FLOP *** [3s 5s Kh]
krytalex: bets $3
jl45259071: calls $3
*** TURN *** [3s 5s Kh] [9s]
krytalex: bets $6
jl45259071: raises $6 to $12
krytalex: folds
Uncalled bet ($6) returned to jl45259071
jl45259071 collected $23.52 from pot
jl45259071: doesn't show hand
*** SUMMARY ***
Total pot $24 | Rake $0.48
Board [3s 5s Kh 9s]
Seat 1: jl45259071 (button) (small blind) collected ($23.52)
Seat 2: krytalex (big blind) folded on the Turn


PokerStars Hand #146839333649:  Hold'em Limit ($3/$6 USD) - 2016/01/10 23:40:41 ET
Table 'Spitzer II' 2-max Seat #1 is the button
Seat 1: jl45259071 ($184.12 in chips)
Seat 2: krytalex ($72 in chips)
jl45259071: posts small blind $1
krytalex: posts big blind $3
*** HOLE CARDS ***
jl45259071: calls $2
krytalex: checks
*** FLOP *** [3s Qd 8h]
krytalex: checks
jl45259071: bets $3
krytalex: folds
Uncalled bet ($3) returned to jl45259071
jl45259071 collected $5.88 from pot
jl45259071: doesn't show hand
*** SUMMARY ***
Total pot $6 | Rake $0.12
Board [3s Qd 8h]
Seat 1: jl45259071 (button) (small blind) collected ($5.88)
Seat 2: krytalex (big blind) folded on the Flop


PokerStars Hand #146839330553:  Hold'em Limit ($3/$6 USD) - 2016/01/10 23:40:31 ET
Table 'Spitzer II' 2-max Seat #2 is the button
Seat 1: jl45259071 ($183.12 in chips)
Seat 2: krytalex ($73 in chips)
krytalex: posts small blind $1
jl45259071: posts big blind $3
*** HOLE CARDS ***
krytalex: folds
Uncalled bet ($2) returned to jl45259071
jl45259071 collected $2 from pot
jl45259071: doesn't show hand
*** SUMMARY ***
Total pot $2 | Rake $0
Seat 1: jl45259071 (big blind) collected ($2)
Seat 2: krytalex (button) (small blind) folded before Flop


PokerStars Hand #146839357759:  Hold'em Limit ($3/$6 USD) - 2016/01/10 23:42:05 ET
Table 'Spitzer II' 2-max Seat #2 is the button
Seat 1: jl45259071 ($207.50 in chips)
Seat 2: krytalex ($74.88 in chips)
krytalex: posts small blind $1
jl45259071: posts big blind $3
*** HOLE CARDS ***
krytalex: folds
Uncalled bet ($2) returned to jl45259071
jl45259071 collected $2 from pot
jl45259071: doesn't show hand
*** SUMMARY ***
Total pot $2 | Rake $0
Seat 1: jl45259071 (big blind) collected ($2)
Seat 2: krytalex (button) (small blind) folded before Flop


PokerStars Hand #146839352031:  Hold'em Limit ($3/$6 USD) - 2016/01/10 23:41:45 ET
Table 'Spitzer II' 2-max Seat #1 is the button
Seat 1: jl45259071 ($210.50 in chips)
Seat 2: krytalex ($72 in chips)
jl45259071: posts small blind $1
krytalex: posts big blind $3
*** HOLE CARDS ***
jl45259071: calls $2
krytalex: checks
*** FLOP *** [2c 4h 8s]
krytalex: checks
jl45259071: checks
*** TURN *** [2c 4h 8s] [3d]
krytalex: checks
jl45259071: checks
*** RIVER *** [2c 4h 8s 3d] [4d]
krytalex: checks
jl45259071: checks
*** SHOW DOWN ***
krytalex: shows [5c Td] (a pair of Fours)
jl45259071: mucks hand
krytalex collected $5.88 from pot
*** SUMMARY ***
Total pot $6 | Rake $0.12
Board [2c 4h 8s 3d 4d]
Seat 1: jl45259071 (button) (small blind) mucked
Seat 2: krytalex (big blind) showed [5c Td] and won ($5.88) with a pair of Fours


PokerStars Hand #146839338197:  Hold'em Limit ($3/$6 USD) - 2016/01/10 23:40:57 ET
Table 'Spitzer II' 2-max Seat #2 is the button
Seat 1: jl45259071 ($187 in chips)
Seat 2: krytalex ($72 in chips)
krytalex: posts small blind $1
jl45259071: posts big blind $3
*** HOLE CARDS ***
krytalex: raises $3 to $6
jl45259071: raises $3 to $9
krytalex: calls $3
*** FLOP *** [4c Qd 4h]
jl45259071: bets $3
krytalex: calls $3
*** TURN *** [4c Qd 4h] [Qh]
jl45259071: bets $6
krytalex: calls $6
*** RIVER *** [4c Qd 4h Qh] [2h]
jl45259071: bets $6
krytalex: calls $6
*** SHOW DOWN ***
jl45259071: shows [Th Td] (two pair, Queens and Tens)
krytalex: mucks hand
jl45259071 collected $47.50 from pot
*** SUMMARY ***
Total pot $48 | Rake $0.50
Board [4c Qd 4h Qh 2h]
Seat 1: jl45259071 (big blind) showed [Th Td] and won ($47.50) with two pair, Queens and Tens
Seat 2: krytalex (button) (small blind) mucked


PokerStars Hand #146839361219:  Hold'em Limit ($3/$6 USD) - 2016/01/10 23:42:16 ET
Table 'Spitzer II' 2-max Seat #1 is the button
Seat 1: jl45259071 ($208.50 in chips)
Seat 2: krytalex ($73.88 in chips)
jl45259071: posts small blind $1
krytalex: posts big blind $3
*** HOLE CARDS ***
jl45259071: calls $2
krytalex: checks
*** FLOP *** [Kh Kd 8h]
krytalex: bets $3
jl45259071: raises $3 to $6
krytalex: calls $3
*** TURN *** [Kh Kd 8h] [Jd]
krytalex: checks
jl45259071: bets $6
krytalex: calls $6
*** RIVER *** [Kh Kd 8h Jd] [Jh]
krytalex: checks
jl45259071: bets $6
krytalex: folds
Uncalled bet ($6) returned to jl45259071
jl45259071 collected $29.50 from pot
jl45259071: doesn't show hand
*** SUMMARY ***
Total pot $30 | Rake $0.50
Board [Kh Kd 8h Jd Jh]
Seat 1: jl45259071 (button) (small blind) collected ($29.50)
Seat 2: krytalex (big blind) folded on the River


PokerStars Hand #146839381335:  Hold'em Limit ($3/$6 USD) - 2016/01/10 23:43:26 ET
Table 'Spitzer II' 2-max Seat #2 is the button
Seat 1: jl45259071 ($223 in chips)
Seat 2: krytalex ($72 in chips)
krytalex: posts small blind $1
jl45259071: posts big blind $3
*** HOLE CARDS ***
krytalex: raises $3 to $6
jl45259071: calls $3
*** FLOP *** [4s Qs Ks]
jl45259071: checks
krytalex: bets $3
jl45259071: calls $3
*** TURN *** [4s Qs Ks] [3s]
jl45259071: checks
krytalex: bets $6
jl45259071: folds
Uncalled bet ($6) returned to krytalex
krytalex collected $17.64 from pot
jl45259071 leaves the table
*** SUMMARY ***
Total pot $18 | Rake $0.36
Board [4s Qs Ks 3s]
Seat 1: jl45259071 (big blind) folded on the Turn
Seat 2: krytalex (button) (small blind) collected ($17.64)


PokerStars Hand #146840903749:  Hold'em Limit ($3/$6 USD) - 2016/01/11 1:16:18 ET
Table 'Spitzer II' 2-max Seat #1 is the button
Seat 1: papusha81 ($81.92 in chips)
Seat 2: krytalex ($80.64 in chips)
papusha81: posts small blind $1
krytalex: posts big blind $3
*** HOLE CARDS ***
papusha81: raises $3 to $6
krytalex: calls $3
*** FLOP *** [4h 7d 6c]
krytalex: checks
papusha81: bets $3
krytalex: calls $3
*** TURN *** [4h 7d 6c] [5c]
krytalex: checks
papusha81: checks
*** RIVER *** [4h 7d 6c 5c] [2s]
krytalex: checks
papusha81: bets $6
krytalex: folds
Uncalled bet ($6) returned to papusha81
papusha81 collected $17.64 from pot
*** SUMMARY ***
Total pot $18 | Rake $0.36
Board [4h 7d 6c 5c 2s]
Seat 1: papusha81 (button) (small blind) collected ($17.64)
Seat 2: krytalex (big blind) folded on the River


PokerStars Hand #146840938318:  Hold'em Limit ($3/$6 USD) - 2016/01/11 1:18:27 ET
Table 'Spitzer II' 2-max Seat #1 is the button
Seat 1: papusha81 ($117.06 in chips)
Seat 2: krytalex ($72 in chips)
papusha81: posts small blind $1
krytalex: posts big blind $3
*** HOLE CARDS ***
papusha81: folds
Uncalled bet ($2) returned to krytalex
krytalex collected $2 from pot
*** SUMMARY ***
Total pot $2 | Rake $0
Seat 1: papusha81 (button) (small blind) folded before Flop
Seat 2: krytalex (big blind) collected ($2)


PokerStars Hand #146840925651:  Hold'em Limit ($3/$6 USD) - 2016/01/11 1:17:40 ET
Table 'Spitzer II' 2-max Seat #2 is the button
Seat 1: papusha81 ($90.56 in chips)
Seat 2: krytalex ($72 in chips)
krytalex: posts small blind $1
papusha81: posts big blind $3
*** HOLE CARDS ***
krytalex: raises $3 to $6
papusha81: calls $3
*** FLOP *** [7d 7s 9c]
papusha81: checks
krytalex: bets $3
papusha81: calls $3
*** TURN *** [7d 7s 9c] [8s]
papusha81: checks
krytalex: bets $6
papusha81: raises $6 to $12
krytalex: calls $6
*** RIVER *** [7d 7s 9c 8s] [Kc]
papusha81: bets $6
krytalex: calls $6
*** SHOW DOWN ***
papusha81: shows [Js 7c] (three of a kind, Sevens)
krytalex: mucks hand
papusha81 collected $53.50 from pot
*** SUMMARY ***
Total pot $54 | Rake $0.50
Board [7d 7s 9c 8s Kc]
Seat 1: papusha81 (big blind) showed [Js 7c] and won ($53.50) with three of a kind, Sevens
Seat 2: krytalex (button) (small blind) mucked


PokerStars Hand #146840939658:  Hold'em Limit ($3/$6 USD) - 2016/01/11 1:18:32 ET
Table 'Spitzer II' 2-max Seat #2 is the button
Seat 1: papusha81 ($116.06 in chips)
Seat 2: krytalex ($73 in chips)
krytalex: posts small blind $1
papusha81: posts big blind $3
*** HOLE CARDS ***
krytalex: folds
Uncalled bet ($2) returned to papusha81
papusha81 collected $2 from pot
*** SUMMARY ***
Total pot $2 | Rake $0
Seat 1: papusha81 (big blind) collected ($2)
Seat 2: krytalex (button) (small blind) folded before Flop


PokerStars Hand #146840940951:  Hold'em Limit ($3/$6 USD) - 2016/01/11 1:18:37 ET
Table 'Spitzer II' 2-max Seat #1 is the button
Seat 1: papusha81 ($117.06 in chips)
Seat 2: krytalex ($72 in chips)
papusha81: posts small blind $1
krytalex: posts big blind $3
*** HOLE CARDS ***
papusha81: raises $3 to $6
krytalex: raises $3 to $9
papusha81: calls $3
*** FLOP *** [7s Jc 3d]
krytalex: bets $3
papusha81: calls $3
*** TURN *** [7s Jc 3d] [9h]
krytalex: checks
papusha81: bets $6
krytalex: calls $6
*** RIVER *** [7s Jc 3d 9h] [Tc]
krytalex: checks
papusha81: checks
*** SHOW DOWN ***
krytalex: shows [5h 5s] (a pair of Fives)
papusha81: mucks hand
krytalex collected $35.50 from pot
*** SUMMARY ***
Total pot $36 | Rake $0.50
Board [7s Jc 3d 9h Tc]
Seat 1: papusha81 (button) (small blind) mucked
Seat 2: krytalex (big blind) showed [5h 5s] and won ($35.50) with a pair of Fives


PokerStars Hand #146840956409:  Hold'em Limit ($3/$6 USD) - 2016/01/11 1:19:34 ET
Table 'Spitzer II' 2-max Seat #1 is the button
Seat 1: papusha81 ($113.56 in chips)
Seat 2: krytalex ($74.50 in chips)
papusha81: posts small blind $1
krytalex: posts big blind $3
*** HOLE CARDS ***
papusha81: folds
Uncalled bet ($2) returned to krytalex
krytalex collected $2 from pot
*** SUMMARY ***
Total pot $2 | Rake $0
Seat 1: papusha81 (button) (small blind) folded before Flop
Seat 2: krytalex (big blind) collected ($2)


PokerStars Hand #146840946725:  Hold'em Limit ($3/$6 USD) - 2016/01/11 1:18:58 ET
Table 'Spitzer II' 2-max Seat #2 is the button
Seat 1: papusha81 ($99.06 in chips)
Seat 2: krytalex ($89.50 in chips)
krytalex: posts small blind $1
papusha81: posts big blind $3
*** HOLE CARDS ***
krytalex: raises $3 to $6
papusha81: calls $3
*** FLOP *** [Tc 5s Jh]
papusha81: checks
krytalex: bets $3
papusha81: calls $3
*** TURN *** [Tc 5s Jh] [Th]
papusha81: checks
krytalex: bets $6
papusha81: calls $6
*** RIVER *** [Tc 5s Jh Th] [5h]
papusha81: checks
krytalex: checks
*** SHOW DOWN ***
papusha81: shows [5c Ac] (a full house, Fives full of Tens)
krytalex: mucks hand
papusha81 collected $29.50 from pot
*** SUMMARY ***
Total pot $30 | Rake $0.50
Board [Tc 5s Jh Th 5h]
Seat 1: papusha81 (big blind) showed [5c Ac] and won ($29.50) with a full house, Fives full of Tens
Seat 2: krytalex (button) (small blind) mucked


PokerStars Hand #146840957782:  Hold'em Limit ($3/$6 USD) - 2016/01/11 1:19:39 ET
Table 'Spitzer II' 2-max Seat #2 is the button
Seat 1: papusha81 ($112.56 in chips)
Seat 2: krytalex ($75.50 in chips)
krytalex: posts small blind $1
papusha81: posts big blind $3
*** HOLE CARDS ***
krytalex: raises $3 to $6
papusha81: calls $3
*** FLOP *** [3d Kh Ac]
papusha81: checks
krytalex: bets $3
papusha81: folds
Uncalled bet ($3) returned to krytalex
krytalex collected $11.76 from pot
*** SUMMARY ***
Total pot $12 | Rake $0.24
Board [3d Kh Ac]
Seat 1: papusha81 (big blind) folded on the Flop
Seat 2: krytalex (button) (small blind) collected ($11.76)


PokerStars Hand #146840963303:  Hold'em Limit ($3/$6 USD) - 2016/01/11 1:19:59 ET
Table 'Spitzer II' 2-max Seat #1 is the button
Seat 1: papusha81 ($106.56 in chips)
Seat 2: krytalex ($81.26 in chips)
papusha81: posts small blind $1
krytalex: posts big blind $3
*** HOLE CARDS ***
papusha81: folds
Uncalled bet ($2) returned to krytalex
krytalex collected $2 from pot
*** SUMMARY ***
Total pot $2 | Rake $0
Seat 1: papusha81 (button) (small blind) folded before Flop
Seat 2: krytalex (big blind) collected ($2)


PokerStars Hand #146840965291:  Hold'em Limit ($3/$6 USD) - 2016/01/11 1:20:06 ET
Table 'Spitzer II' 2-max Seat #2 is the button
Seat 1: papusha81 ($105.56 in chips)
Seat 2: krytalex ($82.26 in chips)
krytalex: posts small blind $1
papusha81: posts big blind $3
*** HOLE CARDS ***
krytalex: raises $3 to $6
papusha81: calls $3
*** FLOP *** [Kh 8d 9c]
papusha81: checks
krytalex: bets $3
papusha81: calls $3
*** TURN *** [Kh 8d 9c] [9d]
papusha81: checks
krytalex: bets $6
papusha81: calls $6
*** RIVER *** [Kh 8d 9c 9d] [4d]
papusha81: checks
krytalex: bets $6
papusha81: calls $6
*** SHOW DOWN ***
krytalex: shows [Qd Qh] (two pair, Queens and Nines)
papusha81: mucks hand
krytalex collected $41.50 from pot
*** SUMMARY ***
Total pot $42 | Rake $0.50
Board [Kh 8d 9c 9d 4d]
Seat 1: papusha81 (big blind) mucked
Seat 2: krytalex (button) (small blind) showed [Qd Qh] and won ($41.50) with two pair, Queens and Nines


PokerStars Hand #146840971553:  Hold'em Limit ($3/$6 USD) - 2016/01/11 1:20:30 ET
Table 'Spitzer II' 2-max Seat #1 is the button
Seat 1: papusha81 ($84.56 in chips)
Seat 2: krytalex ($102.76 in chips)
papusha81: posts small blind $1
krytalex: posts big blind $3
*** HOLE CARDS ***
papusha81: raises $3 to $6
krytalex: calls $3
*** FLOP *** [8s 7h 3c]
krytalex: checks
papusha81: bets $3
krytalex: calls $3
*** TURN *** [8s 7h 3c] [Ad]
krytalex: checks
papusha81: bets $6
krytalex: raises $6 to $12
papusha81: calls $6
*** RIVER *** [8s 7h 3c Ad] [Tc]
krytalex: bets $6
papusha81: raises $6 to $12
krytalex: folds
Uncalled bet ($6) returned to papusha81
papusha81 collected $53.50 from pot
*** SUMMARY ***
Total pot $54 | Rake $0.50
Board [8s 7h 3c Ad Tc]
Seat 1: papusha81 (button) (small blind) collected ($53.50)
Seat 2: krytalex (big blind) folded on the River


PokerStars Hand #146841003020:  Hold'em Limit ($3/$6 USD) - 2016/01/11 1:22:25 ET
Table 'Spitzer II' 2-max Seat #1 is the button
Seat 1: papusha81 ($119.70 in chips)
Seat 2: krytalex ($72 in chips)
papusha81: posts small blind $1
krytalex: posts big blind $3
*** HOLE CARDS ***
papusha81: folds
Uncalled bet ($2) returned to krytalex
krytalex collected $2 from pot
*** SUMMARY ***
Total pot $2 | Rake $0
Seat 1: papusha81 (button) (small blind) folded before Flop
Seat 2: krytalex (big blind) collected ($2)


PokerStars Hand #146840986595:  Hold'em Limit ($3/$6 USD) - 2016/01/11 1:21:25 ET
Table 'Spitzer II' 2-max Seat #2 is the button
Seat 1: papusha81 ($111.06 in chips)
Seat 2: krytalex ($75.76 in chips)
krytalex: posts small blind $1
papusha81: posts big blind $3
*** HOLE CARDS ***
krytalex: raises $3 to $6
papusha81: calls $3
*** FLOP *** [5s 2h 9h]
papusha81: checks
krytalex: bets $3
papusha81: calls $3
*** TURN *** [5s 2h 9h] [Qd]
papusha81: checks
krytalex: checks
*** RIVER *** [5s 2h 9h Qd] [Th]
papusha81: bets $6
krytalex: folds
Uncalled bet ($6) returned to papusha81
papusha81 collected $17.64 from pot
*** SUMMARY ***
Total pot $18 | Rake $0.36
Board [5s 2h 9h Qd Th]
Seat 1: papusha81 (big blind) collected ($17.64)
Seat 2: krytalex (button) (small blind) folded on the River


PokerStars Hand #146841010288:  Hold'em Limit ($3/$6 USD) - 2016/01/11 1:22:52 ET
Table 'Spitzer II' 2-max Seat #1 is the button
Seat 1: papusha81 ($109.70 in chips)
Seat 2: krytalex ($81.64 in chips)
papusha81: posts small blind $1
krytalex: posts big blind $3
*** HOLE CARDS ***
papusha81: raises $3 to $6
krytalex: calls $3
*** FLOP *** [8c 8h 5c]
krytalex: checks
papusha81: bets $3
krytalex: folds
Uncalled bet ($3) returned to papusha81
papusha81 collected $11.76 from pot
*** SUMMARY ***
Total pot $12 | Rake $0.24
Board [8c 8h 5c]
Seat 1: papusha81 (button) (small blind) collected ($11.76)
Seat 2: krytalex (big blind) folded on the Flop


PokerStars Hand #146841004332:  Hold'em Limit ($3/$6 USD) - 2016/01/11 1:22:30 ET
Table 'Spitzer II' 2-max Seat #2 is the button
Seat 1: papusha81 ($118.70 in chips)
Seat 2: krytalex ($73 in chips)
krytalex: posts small blind $1
papusha81: posts big blind $3
*** HOLE CARDS ***
krytalex: raises $3 to $6
papusha81: calls $3
*** FLOP *** [2d 5d 4h]
papusha81: checks
krytalex: bets $3
papusha81: calls $3
*** TURN *** [2d 5d 4h] [4d]
papusha81: checks
krytalex: bets $6
papusha81: folds
Uncalled bet ($6) returned to krytalex
krytalex collected $17.64 from pot
*** SUMMARY ***
Total pot $18 | Rake $0.36
Board [2d 5d 4h 4d]
Seat 1: papusha81 (big blind) folded on the Turn
Seat 2: krytalex (button) (small blind) collected ($17.64)


PokerStars Hand #146841022306:  Hold'em Limit ($3/$6 USD) - 2016/01/11 1:23:36 ET
Table 'Spitzer II' 2-max Seat #1 is the button
Seat 1: papusha81 ($94.46 in chips)
Seat 2: krytalex ($96.14 in chips)
papusha81: posts small blind $1
krytalex: posts big blind $3
*** HOLE CARDS ***
papusha81: raises $3 to $6
krytalex: calls $3
*** FLOP *** [Jc Ad Ks]
krytalex: checks
papusha81: bets $3
krytalex: folds
Uncalled bet ($3) returned to papusha81
papusha81 collected $11.76 from pot
*** SUMMARY ***
Total pot $12 | Rake $0.24
Board [Jc Ad Ks]
Seat 1: papusha81 (button) (small blind) collected ($11.76)
Seat 2: krytalex (big blind) folded on the Flop


PokerStars Hand #146841032628:  Hold'em Limit ($3/$6 USD) - 2016/01/11 1:24:13 ET
Table 'Spitzer II' 2-max Seat #2 is the button
Seat 1: papusha81 ($100.22 in chips)
Seat 2: krytalex ($90.14 in chips)
krytalex: posts small blind $1
papusha81: posts big blind $3
*** HOLE CARDS ***
krytalex: folds
Uncalled bet ($2) returned to papusha81
papusha81 collected $2 from pot
*** SUMMARY ***
Total pot $2 | Rake $0
Seat 1: papusha81 (big blind) collected ($2)
Seat 2: krytalex (button) (small blind) folded before Flop


PokerStars Hand #146841034370:  Hold'em Limit ($3/$6 USD) - 2016/01/11 1:24:20 ET
Table 'Spitzer II' 2-max Seat #1 is the button
Seat 1: papusha81 ($101.22 in chips)
Seat 2: krytalex ($89.14 in chips)
papusha81: posts small blind $1
krytalex: posts big blind $3
*** HOLE CARDS ***
papusha81: raises $3 to $6
krytalex: folds
Uncalled bet ($3) returned to papusha81
papusha81 collected $6 from pot
*** SUMMARY ***
Total pot $6 | Rake $0
Seat 1: papusha81 (button) (small blind) collected ($6)
Seat 2: krytalex (big blind) folded before Flop


PokerStars Hand #146841037114:  Hold'em Limit ($3/$6 USD) - 2016/01/11 1:24:29 ET
Table 'Spitzer II' 2-max Seat #2 is the button
Seat 1: papusha81 ($104.22 in chips)
Seat 2: krytalex ($86.14 in chips)
krytalex: posts small blind $1
papusha81: posts big blind $3
*** HOLE CARDS ***
krytalex: raises $3 to $6
papusha81: raises $3 to $9
krytalex: calls $3
*** FLOP *** [6d Kd 7h]
papusha81: bets $3
krytalex: calls $3
*** TURN *** [6d Kd 7h] [2s]
papusha81: bets $6
krytalex: folds
Uncalled bet ($6) returned to papusha81
papusha81 collected $23.52 from pot
*** SUMMARY ***
Total pot $24 | Rake $0.48
Board [6d Kd 7h 2s]
Seat 1: papusha81 (big blind) collected ($23.52)
Seat 2: krytalex (button) (small blind) folded on the Turn


PokerStars Hand #146841049836:  Hold'em Limit ($3/$6 USD) - 2016/01/11 1:25:15 ET
Table 'Spitzer II' 2-max Seat #2 is the button
Seat 1: papusha81 ($114.74 in chips)
Seat 2: krytalex ($75.14 in chips)
krytalex: posts small blind $1
papusha81: posts big blind $3
*** HOLE CARDS ***
krytalex: folds
Uncalled bet ($2) returned to papusha81
papusha81 collected $2 from pot
*** SUMMARY ***
Total pot $2 | Rake $0
Seat 1: papusha81 (big blind) collected ($2)
Seat 2: krytalex (button) (small blind) folded before Flop


PokerStars Hand #146841048450:  Hold'em Limit ($3/$6 USD) - 2016/01/11 1:25:10 ET
Table 'Spitzer II' 2-max Seat #1 is the button
Seat 1: papusha81 ($115.74 in chips)
Seat 2: krytalex ($74.14 in chips)
papusha81: posts small blind $1
krytalex: posts big blind $3
*** HOLE CARDS ***
papusha81: folds
Uncalled bet ($2) returned to krytalex
krytalex collected $2 from pot
*** SUMMARY ***
Total pot $2 | Rake $0
Seat 1: papusha81 (button) (small blind) folded before Flop
Seat 2: krytalex (big blind) collected ($2)


PokerStars Hand #146841052051:  Hold'em Limit ($3/$6 USD) - 2016/01/11 1:25:23 ET
Table 'Spitzer II' 2-max Seat #1 is the button
Seat 1: papusha81 ($115.74 in chips)
Seat 2: krytalex ($74.14 in chips)
papusha81: posts small blind $1
krytalex: posts big blind $3
*** HOLE CARDS ***
papusha81: raises $3 to $6
krytalex: calls $3
*** FLOP *** [4c 3d Js]
krytalex: checks
papusha81: bets $3
krytalex: calls $3
*** TURN *** [4c 3d Js] [Kh]
krytalex: checks
papusha81: checks
*** RIVER *** [4c 3d Js Kh] [8d]
krytalex: checks
papusha81: checks
*** SHOW DOWN ***
krytalex: shows [Qd 4h] (a pair of Fours)
papusha81: mucks hand
krytalex collected $17.64 from pot
*** SUMMARY ***
Total pot $18 | Rake $0.36
Board [4c 3d Js Kh 8d]
Seat 1: papusha81 (button) (small blind) mucked
Seat 2: krytalex (big blind) showed [Qd 4h] and won ($17.64) with a pair of Fours


PokerStars Hand #146841072527:  Hold'em Limit ($3/$6 USD) - 2016/01/11 1:26:37 ET
Table 'Spitzer II' 2-max Seat #1 is the button
Seat 1: papusha81 ($97.74 in chips)
Seat 2: krytalex ($91.42 in chips)
papusha81: posts small blind $1
krytalex: posts big blind $3
*** HOLE CARDS ***
papusha81: folds
Uncalled bet ($2) returned to krytalex
krytalex collected $2 from pot
*** SUMMARY ***
Total pot $2 | Rake $0
Seat 1: papusha81 (button) (small blind) folded before Flop
Seat 2: krytalex (big blind) collected ($2)


PokerStars Hand #146841065425:  Hold'em Limit ($3/$6 USD) - 2016/01/11 1:26:11 ET
Table 'Spitzer II' 2-max Seat #2 is the button
Seat 1: papusha81 ($106.74 in chips)
Seat 2: krytalex ($82.78 in chips)
krytalex: posts small blind $1
papusha81: posts big blind $3
*** HOLE CARDS ***
krytalex: raises $3 to $6
papusha81: calls $3
*** FLOP *** [8c 5d 3d]
papusha81: checks
krytalex: bets $3
papusha81: calls $3
*** TURN *** [8c 5d 3d] [Jh]
papusha81: checks
krytalex: bets $6
papusha81: folds
Uncalled bet ($6) returned to krytalex
krytalex collected $17.64 from pot
*** SUMMARY ***
Total pot $18 | Rake $0.36
Board [8c 5d 3d Jh]
Seat 1: papusha81 (big blind) folded on the Turn
Seat 2: krytalex (button) (small blind) collected ($17.64)


PokerStars Hand #146841077362:  Hold'em Limit ($3/$6 USD) - 2016/01/11 1:26:55 ET
Table 'Spitzer II' 2-max Seat #1 is the button
Seat 1: papusha81 ($90.74 in chips)
Seat 2: krytalex ($98.18 in chips)
papusha81: posts small blind $1
krytalex: posts big blind $3
*** HOLE CARDS ***
papusha81: raises $3 to $6
krytalex: calls $3
*** FLOP *** [8d Ac Jd]
krytalex: checks
papusha81: bets $3
krytalex: folds
Uncalled bet ($3) returned to papusha81
papusha81 collected $11.76 from pot
*** SUMMARY ***
Total pot $12 | Rake $0.24
Board [8d Ac Jd]
Seat 1: papusha81 (button) (small blind) collected ($11.76)
Seat 2: krytalex (big blind) folded on the Flop


PokerStars Hand #146841083217:  Hold'em Limit ($3/$6 USD) - 2016/01/11 1:27:16 ET
Table 'Spitzer II' 2-max Seat #2 is the button
Seat 1: papusha81 ($96.50 in chips)
Seat 2: krytalex ($92.18 in chips)
krytalex: posts small blind $1
papusha81: posts big blind $3
*** HOLE CARDS ***
krytalex: folds
Uncalled bet ($2) returned to papusha81
papusha81 collected $2 from pot
*** SUMMARY ***
Total pot $2 | Rake $0
Seat 1: papusha81 (big blind) collected ($2)
Seat 2: krytalex (button) (small blind) folded before Flop


PokerStars Hand #146841073853:  Hold'em Limit ($3/$6 USD) - 2016/01/11 1:26:42 ET
Table 'Spitzer II' 2-max Seat #2 is the button
Seat 1: papusha81 ($96.74 in chips)
Seat 2: krytalex ($92.42 in chips)
krytalex: posts small blind $1
papusha81: posts big blind $3
*** HOLE CARDS ***
krytalex: raises $3 to $6
papusha81: calls $3
*** FLOP *** [6h 9s Jd]
papusha81: checks
krytalex: bets $3
papusha81: folds
Uncalled bet ($3) returned to krytalex
krytalex collected $11.76 from pot
*** SUMMARY ***
Total pot $12 | Rake $0.24
Board [6h 9s Jd]
Seat 1: papusha81 (big blind) folded on the Flop
Seat 2: krytalex (button) (small blind) collected ($11.76)


PokerStars Hand #146841087856:  Hold'em Limit ($3/$6 USD) - 2016/01/11 1:27:33 ET
Table 'Spitzer II' 2-max Seat #1 is the button
Seat 1: papusha81 ($97.50 in chips)
Seat 2: krytalex ($91.18 in chips)
papusha81: posts small blind $1
krytalex: posts big blind $3
*** HOLE CARDS ***
papusha81: raises $3 to $6
krytalex: calls $3
*** FLOP *** [Kd 5s Kh]
krytalex: checks
papusha81: bets $3
krytalex: calls $3
*** TURN *** [Kd 5s Kh] [4s]
krytalex: checks
papusha81: checks
*** RIVER *** [Kd 5s Kh 4s] [5h]
krytalex: checks
papusha81: checks
*** SHOW DOWN ***
krytalex: shows [Td 8h] (two pair, Kings and Fives)
papusha81: mucks hand
krytalex collected $17.64 from pot
*** SUMMARY ***
Total pot $18 | Rake $0.36
Board [Kd 5s Kh 4s 5h]
Seat 1: papusha81 (button) (small blind) mucked
Seat 2: krytalex (big blind) showed [Td 8h] and won ($17.64) with two pair, Kings and Fives


PokerStars Hand #146841096309:  Hold'em Limit ($3/$6 USD) - 2016/01/11 1:28:04 ET
Table 'Spitzer II' 2-max Seat #2 is the button
Seat 1: papusha81 ($88.50 in chips)
Seat 2: krytalex ($99.82 in chips)
krytalex: posts small blind $1
papusha81: posts big blind $3
*** HOLE CARDS ***
krytalex: folds
Uncalled bet ($2) returned to papusha81
papusha81 collected $2 from pot
*** SUMMARY ***
Total pot $2 | Rake $0
Seat 1: papusha81 (big blind) collected ($2)
Seat 2: krytalex (button) (small blind) folded before Flop


PokerStars Hand #146841098642:  Hold'em Limit ($3/$6 USD) - 2016/01/11 1:28:12 ET
Table 'Spitzer II' 2-max Seat #1 is the button
Seat 1: papusha81 ($89.50 in chips)
Seat 2: krytalex ($98.82 in chips)
papusha81: posts small blind $1
krytalex: posts big blind $3
*** HOLE CARDS ***
papusha81: raises $3 to $6
krytalex: calls $3
*** FLOP *** [7c Qs 8s]
krytalex: checks
papusha81: bets $3
krytalex: calls $3
*** TURN *** [7c Qs 8s] [2d]
krytalex: checks
papusha81: bets $6
krytalex: calls $6
*** RIVER *** [7c Qs 8s 2d] [5h]
krytalex: checks
papusha81: bets $6
krytalex: calls $6
*** SHOW DOWN ***
papusha81: shows [Qh 6c] (a pair of Queens)
krytalex: mucks hand
papusha81 collected $41.50 from pot
*** SUMMARY ***
Total pot $42 | Rake $0.50
Board [7c Qs 8s 2d 5h]
Seat 1: papusha81 (button) (small blind) showed [Qh 6c] and won ($41.50) with a pair of Queens
Seat 2: krytalex (big blind) mucked


PokerStars Hand #146841129913:  Hold'em Limit ($3/$6 USD) - 2016/01/11 1:30:08 ET
Table 'Spitzer II' 2-max Seat #2 is the button
Seat 1: papusha81 ($86 in chips)
Seat 2: krytalex ($100.96 in chips)
krytalex: posts small blind $1
papusha81: posts big blind $3
*** HOLE CARDS ***
krytalex: folds
Uncalled bet ($2) returned to papusha81
papusha81 collected $2 from pot
*** SUMMARY ***
Total pot $2 | Rake $0
Seat 1: papusha81 (big blind) collected ($2)
Seat 2: krytalex (button) (small blind) folded before Flop


PokerStars Hand #146841120904:  Hold'em Limit ($3/$6 USD) - 2016/01/11 1:29:35 ET
Table 'Spitzer II' 2-max Seat #1 is the button
Seat 1: papusha81 ($95 in chips)
Seat 2: krytalex ($92.32 in chips)
papusha81: posts small blind $1
krytalex: posts big blind $3
*** HOLE CARDS ***
papusha81: raises $3 to $6
krytalex: calls $3
*** FLOP *** [6d 4d 5h]
krytalex: checks
papusha81: bets $3
krytalex: calls $3
*** TURN *** [6d 4d 5h] [5d]
krytalex: checks
papusha81: checks
*** RIVER *** [6d 4d 5h 5d] [9h]
krytalex: bets $6
papusha81: folds
Uncalled bet ($6) returned to krytalex
krytalex collected $17.64 from pot
*** SUMMARY ***
Total pot $18 | Rake $0.36
Board [6d 4d 5h 5d 9h]
Seat 1: papusha81 (button) (small blind) folded on the River
Seat 2: krytalex (big blind) collected ($17.64)


PokerStars Hand #146841131562:  Hold'em Limit ($3/$6 USD) - 2016/01/11 1:30:14 ET
Table 'Spitzer II' 2-max Seat #1 is the button
Seat 1: papusha81 ($87 in chips)
Seat 2: krytalex ($99.96 in chips)
papusha81: posts small blind $1
krytalex: posts big blind $3
*** HOLE CARDS ***
papusha81: raises $3 to $6
krytalex: folds
Uncalled bet ($3) returned to papusha81
papusha81 collected $6 from pot
*** SUMMARY ***
Total pot $6 | Rake $0
Seat 1: papusha81 (button) (small blind) collected ($6)
Seat 2: krytalex (big blind) folded before Flop


PokerStars Hand #146841137757:  Hold'em Limit ($3/$6 USD) - 2016/01/11 1:30:37 ET
Table 'Spitzer II' 2-max Seat #2 is the button
Seat 1: papusha81 ($90 in chips)
Seat 2: krytalex ($96.96 in chips)
krytalex: posts small blind $1
papusha81: posts big blind $3
*** HOLE CARDS ***
krytalex: raises $3 to $6
papusha81: calls $3
*** FLOP *** [3c Ts Qh]
papusha81: checks
krytalex: bets $3
papusha81: calls $3
*** TURN *** [3c Ts Qh] [6h]
papusha81: checks
krytalex: checks
*** RIVER *** [3c Ts Qh 6h] [As]
papusha81: bets $6
krytalex: calls $6
*** SHOW DOWN ***
papusha81: shows [Ks 6s] (a pair of Sixes)
krytalex: shows [Ad 5h] (a pair of Aces)
krytalex collected $29.50 from pot
*** SUMMARY ***
Total pot $30 | Rake $0.50
Board [3c Ts Qh 6h As]
Seat 1: papusha81 (big blind) showed [Ks 6s] and lost with a pair of Sixes
Seat 2: krytalex (button) (small blind) showed [Ad 5h] and won ($29.50) with a pair of Aces


PokerStars Hand #146841151248:  Hold'em Limit ($3/$6 USD) - 2016/01/11 1:31:27 ET
Table 'Spitzer II' 2-max Seat #1 is the button
Seat 1: papusha81 ($75 in chips)
Seat 2: krytalex ($111.46 in chips)
papusha81: posts small blind $1
krytalex: posts big blind $3
*** HOLE CARDS ***
papusha81: raises $3 to $6
krytalex: folds
Uncalled bet ($3) returned to papusha81
papusha81 collected $6 from pot
*** SUMMARY ***
Total pot $6 | Rake $0
Seat 1: papusha81 (button) (small blind) collected ($6)
Seat 2: krytalex (big blind) folded before Flop


PokerStars Hand #146841155131:  Hold'em Limit ($3/$6 USD) - 2016/01/11 1:31:41 ET
Table 'Spitzer II' 2-max Seat #2 is the button
Seat 1: papusha81 ($78 in chips)
Seat 2: krytalex ($108.46 in chips)
krytalex: posts small blind $1
papusha81: posts big blind $3
*** HOLE CARDS ***
krytalex: raises $3 to $6
papusha81: calls $3
*** FLOP *** [5h Qs 6c]
papusha81: checks
krytalex: bets $3
papusha81: calls $3
*** TURN *** [5h Qs 6c] [8h]
papusha81: checks
krytalex: checks
*** RIVER *** [5h Qs 6c 8h] [Ts]
papusha81: checks
krytalex: checks
*** SHOW DOWN ***
papusha81: shows [3h 6h] (a pair of Sixes)
krytalex: mucks hand
papusha81 collected $17.64 from pot
*** SUMMARY ***
Total pot $18 | Rake $0.36
Board [5h Qs 6c 8h Ts]
Seat 1: papusha81 (big blind) showed [3h 6h] and won ($17.64) with a pair of Sixes
Seat 2: krytalex (button) (small blind) mucked


PokerStars Hand #146841168218:  Hold'em Limit ($3/$6 USD) - 2016/01/11 1:32:29 ET
Table 'Spitzer II' 2-max Seat #1 is the button
Seat 1: papusha81 ($86.64 in chips)
Seat 2: krytalex ($99.46 in chips)
papusha81: posts small blind $1
krytalex: posts big blind $3
*** HOLE CARDS ***
papusha81: raises $3 to $6
krytalex: calls $3
*** FLOP *** [6c Ad Jd]
krytalex: checks
papusha81: bets $3
krytalex: calls $3
*** TURN *** [6c Ad Jd] [3h]
krytalex: checks
papusha81: checks
*** RIVER *** [6c Ad Jd 3h] [Qd]
krytalex: checks
papusha81: bets $6
krytalex: calls $6
*** SHOW DOWN ***
papusha81: shows [2s 4s] (high card Ace)
krytalex: shows [Js 7h] (a pair of Jacks)
krytalex collected $29.50 from pot
*** SUMMARY ***
Total pot $30 | Rake $0.50
Board [6c Ad Jd 3h Qd]
Seat 1: papusha81 (button) (small blind) showed [2s 4s] and lost with high card Ace
Seat 2: krytalex (big blind) showed [Js 7h] and won ($29.50) with a pair of Jacks


PokerStars Hand #146841195561:  Hold'em Limit ($3/$6 USD) - 2016/01/11 1:34:11 ET
Table 'Spitzer II' 2-max Seat #2 is the button
Seat 1: papusha81 ($85.14 in chips)
Seat 2: krytalex ($99.96 in chips)
krytalex: posts small blind $1
papusha81: posts big blind $3
*** HOLE CARDS ***
krytalex: raises $3 to $6
papusha81: calls $3
*** FLOP *** [8h 6c 5h]
papusha81: checks
krytalex: bets $3
papusha81: calls $3
*** TURN *** [8h 6c 5h] [3c]
papusha81: checks
krytalex: bets $6
papusha81: calls $6
*** RIVER *** [8h 6c 5h 3c] [8c]
papusha81: checks
krytalex: bets $6
papusha81: folds
Uncalled bet ($6) returned to krytalex
krytalex collected $29.50 from pot
*** SUMMARY ***
Total pot $30 | Rake $0.50
Board [8h 6c 5h 3c 8c]
Seat 1: papusha81 (big blind) folded on the River
Seat 2: krytalex (button) (small blind) collected ($29.50)


PokerStars Hand #146841194070:  Hold'em Limit ($3/$6 USD) - 2016/01/11 1:34:05 ET
Table 'Spitzer II' 2-max Seat #1 is the button
Seat 1: papusha81 ($86.14 in chips)
Seat 2: krytalex ($98.96 in chips)
papusha81: posts small blind $1
krytalex: posts big blind $3
*** HOLE CARDS ***
papusha81: folds
Uncalled bet ($2) returned to krytalex
krytalex collected $2 from pot
*** SUMMARY ***
Total pot $2 | Rake $0
Seat 1: papusha81 (button) (small blind) folded before Flop
Seat 2: krytalex (big blind) collected ($2)


PokerStars Hand #146841182941:  Hold'em Limit ($3/$6 USD) - 2016/01/11 1:33:24 ET
Table 'Spitzer II' 2-max Seat #2 is the button
Seat 1: papusha81 ($71.64 in chips)
Seat 2: krytalex ($113.96 in chips)
krytalex: posts small blind $1
papusha81: posts big blind $3
*** HOLE CARDS ***
krytalex: raises $3 to $6
papusha81: calls $3
*** FLOP *** [Td 3d Qc]
papusha81: checks
krytalex: bets $3
papusha81: calls $3
*** TURN *** [Td 3d Qc] [3h]
papusha81: checks
krytalex: checks
*** RIVER *** [Td 3d Qc 3h] [7h]
papusha81: checks
krytalex: bets $6
papusha81: calls $6
*** SHOW DOWN ***
krytalex: shows [9c 5c] (a pair of Threes)
papusha81: shows [Jh Kd] (a pair of Threes - King kicker)
papusha81 collected $29.50 from pot
*** SUMMARY ***
Total pot $30 | Rake $0.50
Board [Td 3d Qc 3h 7h]
Seat 1: papusha81 (big blind) showed [Jh Kd] and won ($29.50) with a pair of Threes
Seat 2: krytalex (button) (small blind) showed [9c 5c] and lost with a pair of Threes


PokerStars Hand #146841209863:  Hold'em Limit ($3/$6 USD) - 2016/01/11 1:35:04 ET
Table 'Spitzer II' 2-max Seat #1 is the button
Seat 1: papusha81 ($76.90 in chips)
Seat 2: krytalex ($107.46 in chips)
papusha81: posts small blind $1
krytalex: posts big blind $3
*** HOLE CARDS ***
papusha81: raises $3 to $6
krytalex: raises $3 to $9
papusha81: calls $3
*** FLOP *** [7c 5h 3h]
krytalex: bets $3
papusha81: calls $3
*** TURN *** [7c 5h 3h] [Kh]
krytalex: bets $6
papusha81: calls $6
*** RIVER *** [7c 5h 3h Kh] [Ac]
krytalex: bets $6
papusha81: calls $6
*** SHOW DOWN ***
krytalex: shows [Ad Jc] (a pair of Aces)
papusha81: mucks hand
krytalex collected $47.50 from pot
*** SUMMARY ***
Total pot $48 | Rake $0.50
Board [7c 5h 3h Kh Ac]
Seat 1: papusha81 (button) (small blind) mucked
Seat 2: krytalex (big blind) showed [Ad Jc] and won ($47.50) with a pair of Aces


PokerStars Hand #146841200919:  Hold'em Limit ($3/$6 USD) - 2016/01/11 1:34:31 ET
Table 'Spitzer II' 2-max Seat #1 is the button
Seat 1: papusha81 ($70.14 in chips)
Seat 2: krytalex ($114.46 in chips)
papusha81: posts small blind $1
krytalex: posts big blind $3
*** HOLE CARDS ***
papusha81: raises $3 to $6
krytalex: calls $3
*** FLOP *** [7s Ac Qh]
krytalex: checks
papusha81: bets $3
krytalex: folds
Uncalled bet ($3) returned to papusha81
papusha81 collected $11.76 from pot
*** SUMMARY ***
Total pot $12 | Rake $0.24
Board [7s Ac Qh]
Seat 1: papusha81 (button) (small blind) collected ($11.76)
Seat 2: krytalex (big blind) folded on the Flop


PokerStars Hand #146841229501:  Hold'em Limit ($3/$6 USD) - 2016/01/11 1:36:17 ET
Table 'Spitzer II' 2-max Seat #2 is the button
Seat 1: papusha81 ($46.90 in chips)
Seat 2: krytalex ($136.60 in chips)
krytalex: posts small blind $1
papusha81: posts big blind $3
*** HOLE CARDS ***
krytalex: raises $3 to $6
papusha81: calls $3
*** FLOP *** [Jh 8h 5d]
papusha81: checks
krytalex: bets $3
papusha81: calls $3
*** TURN *** [Jh 8h 5d] [Qh]
papusha81: checks
krytalex: bets $6
papusha81: folds
Uncalled bet ($6) returned to krytalex
krytalex collected $17.64 from pot
*** SUMMARY ***
Total pot $18 | Rake $0.36
Board [Jh 8h 5d Qh]
Seat 1: papusha81 (big blind) folded on the Turn
Seat 2: krytalex (button) (small blind) collected ($17.64)


PokerStars Hand #146841227019:  Hold'em Limit ($3/$6 USD) - 2016/01/11 1:36:08 ET
Table 'Spitzer II' 2-max Seat #1 is the button
Seat 1: papusha81 ($43.90 in chips)
Seat 2: krytalex ($139.60 in chips)
papusha81: posts small blind $1
krytalex: posts big blind $3
*** HOLE CARDS ***
papusha81: raises $3 to $6
krytalex: folds
Uncalled bet ($3) returned to papusha81
papusha81 collected $6 from pot
*** SUMMARY ***
Total pot $6 | Rake $0
Seat 1: papusha81 (button) (small blind) collected ($6)
Seat 2: krytalex (big blind) folded before Flop


PokerStars Hand #146841234986:  Hold'em Limit ($3/$6 USD) - 2016/01/11 1:36:37 ET
Table 'Spitzer II' 2-max Seat #1 is the button
Seat 1: papusha81 ($37.90 in chips)
Seat 2: krytalex ($145.24 in chips)
papusha81: posts small blind $1
krytalex: posts big blind $3
*** HOLE CARDS ***
papusha81: folds
Uncalled bet ($2) returned to krytalex
krytalex collected $2 from pot
*** SUMMARY ***
Total pot $2 | Rake $0
Seat 1: papusha81 (button) (small blind) folded before Flop
Seat 2: krytalex (big blind) collected ($2)


PokerStars Hand #146841214941:  Hold'em Limit ($3/$6 USD) - 2016/01/11 1:35:23 ET
Table 'Spitzer II' 2-max Seat #2 is the button
Seat 1: papusha81 ($52.90 in chips)
Seat 2: krytalex ($130.96 in chips)
krytalex: posts small blind $1
papusha81: posts big blind $3
*** HOLE CARDS ***
krytalex: raises $3 to $6
papusha81: calls $3
*** FLOP *** [7d Tc 4d]
papusha81: checks
krytalex: bets $3
papusha81: calls $3
*** TURN *** [7d Tc 4d] [Qh]
papusha81: checks
krytalex: bets $6
papusha81: folds
Uncalled bet ($6) returned to krytalex
krytalex collected $17.64 from pot
*** SUMMARY ***
Total pot $18 | Rake $0.36
Board [7d Tc 4d Qh]
Seat 1: papusha81 (big blind) folded on the Turn
Seat 2: krytalex (button) (small blind) collected ($17.64)


PokerStars Hand #146841245591:  Hold'em Limit ($3/$6 USD) - 2016/01/11 1:37:17 ET
Table 'Spitzer II' 2-max Seat #2 is the button
Seat 1: papusha81 ($47.42 in chips)
Seat 2: krytalex ($135.24 in chips)
krytalex: posts small blind $1
papusha81: posts big blind $3
*** HOLE CARDS ***
krytalex: raises $3 to $6
papusha81: calls $3
*** FLOP *** [Js Kh Tc]
papusha81: checks
krytalex: bets $3
papusha81: calls $3
*** TURN *** [Js Kh Tc] [8h]
papusha81: checks
krytalex: checks
*** RIVER *** [Js Kh Tc 8h] [Kd]
papusha81: bets $6
krytalex: calls $6
*** SHOW DOWN ***
papusha81: shows [7d Ah] (a pair of Kings)
krytalex: shows [Td As] (two pair, Kings and Tens)
krytalex collected $29.50 from pot
*** SUMMARY ***
Total pot $30 | Rake $0.50
Board [Js Kh Tc 8h Kd]
Seat 1: papusha81 (big blind) showed [7d Ah] and lost with a pair of Kings
Seat 2: krytalex (button) (small blind) showed [Td As] and won ($29.50) with two pair, Kings and Tens


PokerStars Hand #146841236198:  Hold'em Limit ($3/$6 USD) - 2016/01/11 1:36:42 ET
Table 'Spitzer II' 2-max Seat #2 is the button
Seat 1: papusha81 ($36.90 in chips)
Seat 2: krytalex ($146.24 in chips)
krytalex: posts small blind $1
papusha81: posts big blind $3
*** HOLE CARDS ***
krytalex: raises $3 to $6
papusha81: calls $3
*** FLOP *** [6c 4d 8s]
papusha81: checks
krytalex: bets $3
papusha81: raises $3 to $6
krytalex: calls $3
*** TURN *** [6c 4d 8s] [6h]
papusha81: bets $6
krytalex: folds
Uncalled bet ($6) returned to papusha81
papusha81 collected $23.52 from pot
*** SUMMARY ***
Total pot $24 | Rake $0.48
Board [6c 4d 8s 6h]
Seat 1: papusha81 (big blind) collected ($23.52)
Seat 2: krytalex (button) (small blind) folded on the Turn


PokerStars Hand #146841262924:  Hold'em Limit ($3/$6 USD) - 2016/01/11 1:38:21 ET
Table 'Spitzer II' 2-max Seat #2 is the button
Seat 1: papusha81 ($38.18 in chips)
Seat 2: krytalex ($143.74 in chips)
krytalex: posts small blind $1
papusha81: posts big blind $3
*** HOLE CARDS ***
krytalex: folds
Uncalled bet ($2) returned to papusha81
papusha81 collected $2 from pot
*** SUMMARY ***
Total pot $2 | Rake $0
Seat 1: papusha81 (big blind) collected ($2)
Seat 2: krytalex (button) (small blind) folded before Flop


PokerStars Hand #146841251802:  Hold'em Limit ($3/$6 USD) - 2016/01/11 1:37:40 ET
Table 'Spitzer II' 2-max Seat #1 is the button
Seat 1: papusha81 ($32.42 in chips)
Seat 2: krytalex ($149.74 in chips)
papusha81: posts small blind $1
krytalex: posts big blind $3
*** HOLE CARDS ***
papusha81: raises $3 to $6
krytalex: calls $3
*** FLOP *** [7h Td 4s]
krytalex: checks
papusha81: checks
*** TURN *** [7h Td 4s] [Tc]
krytalex: checks
papusha81: bets $6
krytalex: folds
Uncalled bet ($6) returned to papusha81
papusha81 collected $11.76 from pot
*** SUMMARY ***
Total pot $12 | Rake $0.24
Board [7h Td 4s Tc]
Seat 1: papusha81 (button) (small blind) collected ($11.76)
Seat 2: krytalex (big blind) folded on the Turn


PokerStars Hand #146841267552:  Hold'em Limit ($3/$6 USD) - 2016/01/11 1:38:38 ET
Table 'Spitzer II' 2-max Seat #1 is the button
Seat 1: papusha81 ($39.18 in chips)
Seat 2: krytalex ($142.74 in chips)
papusha81: posts small blind $1
krytalex: posts big blind $3
*** HOLE CARDS ***
papusha81: raises $3 to $6
krytalex: calls $3
*** FLOP *** [4c 2d 7d]
krytalex: checks
papusha81: bets $3
krytalex: calls $3
*** TURN *** [4c 2d 7d] [6c]
krytalex: checks
papusha81: bets $6
krytalex: folds
Uncalled bet ($6) returned to papusha81
papusha81 collected $17.64 from pot
*** SUMMARY ***
Total pot $18 | Rake $0.36
Board [4c 2d 7d 6c]
Seat 1: papusha81 (button) (small blind) collected ($17.64)
Seat 2: krytalex (big blind) folded on the Turn


PokerStars Hand #146841297294:  Hold'em Limit ($3/$6 USD) - 2016/01/11 1:40:28 ET
Table 'Spitzer II' 2-max Seat #2 is the button
Seat 1: papusha81 ($51.82 in chips)
Seat 2: krytalex ($129.74 in chips)
krytalex: posts small blind $1
papusha81: posts big blind $3
*** HOLE CARDS ***
krytalex: folds
Uncalled bet ($2) returned to papusha81
papusha81 collected $2 from pot
*** SUMMARY ***
Total pot $2 | Rake $0
Seat 1: papusha81 (big blind) collected ($2)
Seat 2: krytalex (button) (small blind) folded before Flop


PokerStars Hand #146841292660:  Hold'em Limit ($3/$6 USD) - 2016/01/11 1:40:11 ET
Table 'Spitzer II' 2-max Seat #1 is the button
Seat 1: papusha81 ($48.82 in chips)
Seat 2: krytalex ($132.74 in chips)
papusha81: posts small blind $1
krytalex: posts big blind $3
*** HOLE CARDS ***
papusha81: raises $3 to $6
krytalex: folds
Uncalled bet ($3) returned to papusha81
papusha81 collected $6 from pot
*** SUMMARY ***
Total pot $6 | Rake $0
Seat 1: papusha81 (button) (small blind) collected ($6)
Seat 2: krytalex (big blind) folded before Flop


PokerStars Hand #146841289857:  Hold'em Limit ($3/$6 USD) - 2016/01/11 1:40:01 ET
Table 'Spitzer II' 2-max Seat #2 is the button
Seat 1: papusha81 ($47.82 in chips)
Seat 2: krytalex ($133.74 in chips)
krytalex: posts small blind $1
papusha81: posts big blind $3
*** HOLE CARDS ***
krytalex: folds
Uncalled bet ($2) returned to papusha81
papusha81 collected $2 from pot
*** SUMMARY ***
Total pot $2 | Rake $0
Seat 1: papusha81 (big blind) collected ($2)
Seat 2: krytalex (button) (small blind) folded before Flop


PokerStars Hand #146841288475:  Hold'em Limit ($3/$6 USD) - 2016/01/11 1:39:56 ET
Table 'Spitzer II' 2-max Seat #1 is the button
Seat 1: papusha81 ($48.82 in chips)
Seat 2: krytalex ($132.74 in chips)
papusha81: posts small blind $1
krytalex: posts big blind $3
*** HOLE CARDS ***
papusha81: folds
Uncalled bet ($2) returned to krytalex
krytalex collected $2 from pot
*** SUMMARY ***
Total pot $2 | Rake $0
Seat 1: papusha81 (button) (small blind) folded before Flop
Seat 2: krytalex (big blind) collected ($2)


PokerStars Hand #146841285361:  Hold'em Limit ($3/$6 USD) - 2016/01/11 1:39:44 ET
Table 'Spitzer II' 2-max Seat #2 is the button
Seat 1: papusha81 ($47.82 in chips)
Seat 2: krytalex ($133.74 in chips)
krytalex: posts small blind $1
papusha81: posts big blind $3
*** HOLE CARDS ***
krytalex: folds
Uncalled bet ($2) returned to papusha81
papusha81 collected $2 from pot
*** SUMMARY ***
Total pot $2 | Rake $0
Seat 1: papusha81 (big blind) collected ($2)
Seat 2: krytalex (button) (small blind) folded before Flop


PokerStars Hand #146841323700:  Hold'em Limit ($3/$6 USD) - 2016/01/11 1:42:06 ET
Table 'Spitzer II' 2-max Seat #2 is the button
Seat 1: papusha81 ($48.58 in chips)
Seat 2: krytalex ($132.38 in chips)
krytalex: posts small blind $1
papusha81: posts big blind $3
*** HOLE CARDS ***
krytalex: raises $3 to $6
papusha81: calls $3
*** FLOP *** [6s Qs 3h]
papusha81: checks
krytalex: bets $3
papusha81: calls $3
*** TURN *** [6s Qs 3h] [As]
papusha81: checks
krytalex: bets $6
papusha81: calls $6
*** RIVER *** [6s Qs 3h As] [2h]
papusha81: checks
krytalex: bets $6
papusha81: folds
Uncalled bet ($6) returned to krytalex
krytalex collected $29.50 from pot
*** SUMMARY ***
Total pot $30 | Rake $0.50
Board [6s Qs 3h As 2h]
Seat 1: papusha81 (big blind) folded on the River
Seat 2: krytalex (button) (small blind) collected ($29.50)


PokerStars Hand #146841322428:  Hold'em Limit ($3/$6 USD) - 2016/01/11 1:42:01 ET
Table 'Spitzer II' 2-max Seat #1 is the button
Seat 1: papusha81 ($49.58 in chips)
Seat 2: krytalex ($131.38 in chips)
papusha81: posts small blind $1
krytalex: posts big blind $3
*** HOLE CARDS ***
papusha81: folds
Uncalled bet ($2) returned to krytalex
krytalex collected $2 from pot
*** SUMMARY ***
Total pot $2 | Rake $0
Seat 1: papusha81 (button) (small blind) folded before Flop
Seat 2: krytalex (big blind) collected ($2)


PokerStars Hand #146841338454:  Hold'em Limit ($3/$6 USD) - 2016/01/11 1:43:00 ET
Table 'Spitzer II' 2-max Seat #2 is the button
Seat 1: papusha81 ($39.34 in chips)
Seat 2: krytalex ($140.88 in chips)
krytalex: posts small blind $1
papusha81: posts big blind $3
*** HOLE CARDS ***
krytalex: raises $3 to $6
papusha81: calls $3
*** FLOP *** [Ad Kc 5s]
papusha81: checks
krytalex: bets $3
papusha81: folds
Uncalled bet ($3) returned to krytalex
krytalex collected $11.76 from pot
*** SUMMARY ***
Total pot $12 | Rake $0.24
Board [Ad Kc 5s]
Seat 1: papusha81 (big blind) folded on the Flop
Seat 2: krytalex (button) (small blind) collected ($11.76)


PokerStars Hand #146841330037:  Hold'em Limit ($3/$6 USD) - 2016/01/11 1:42:29 ET
Table 'Spitzer II' 2-max Seat #1 is the button
Seat 1: papusha81 ($33.58 in chips)
Seat 2: krytalex ($146.88 in chips)
papusha81: posts small blind $1
krytalex: posts big blind $3
*** HOLE CARDS ***
papusha81: raises $3 to $6
krytalex: calls $3
*** FLOP *** [8c Jc 7d]
krytalex: checks
papusha81: bets $3
krytalex: folds
Uncalled bet ($3) returned to papusha81
papusha81 collected $11.76 from pot
*** SUMMARY ***
Total pot $12 | Rake $0.24
Board [8c Jc 7d]
Seat 1: papusha81 (button) (small blind) collected ($11.76)
Seat 2: krytalex (big blind) folded on the Flop


PokerStars Hand #146841357434:  Hold'em Limit ($3/$6 USD) - 2016/01/11 1:44:10 ET
Table 'Spitzer II' 2-max Seat #1 is the button
Seat 1: papusha81 ($57.84 in chips)
Seat 2: krytalex ($121.64 in chips)
papusha81: posts small blind $1
krytalex: posts big blind $3
*** HOLE CARDS ***
papusha81: folds
Uncalled bet ($2) returned to krytalex
krytalex collected $2 from pot
*** SUMMARY ***
Total pot $2 | Rake $0
Seat 1: papusha81 (button) (small blind) folded before Flop
Seat 2: krytalex (big blind) collected ($2)


PokerStars Hand #146841353894:  Hold'em Limit ($3/$6 USD) - 2016/01/11 1:43:57 ET
Table 'Spitzer II' 2-max Seat #2 is the button
Seat 1: papusha81 ($56.84 in chips)
Seat 2: krytalex ($122.64 in chips)
krytalex: posts small blind $1
papusha81: posts big blind $3
*** HOLE CARDS ***
krytalex: folds
Uncalled bet ($2) returned to papusha81
papusha81 collected $2 from pot
*** SUMMARY ***
Total pot $2 | Rake $0
Seat 1: papusha81 (big blind) collected ($2)
Seat 2: krytalex (button) (small blind) folded before Flop


PokerStars Hand #146841342343:  Hold'em Limit ($3/$6 USD) - 2016/01/11 1:43:15 ET
Table 'Spitzer II' 2-max Seat #1 is the button
Seat 1: papusha81 ($33.34 in chips)
Seat 2: krytalex ($146.64 in chips)
papusha81: posts small blind $1
krytalex: posts big blind $3
*** HOLE CARDS ***
papusha81: raises $3 to $6
krytalex: raises $3 to $9
papusha81: calls $3
*** FLOP *** [3c 9h 4c]
krytalex: bets $3
papusha81: calls $3
*** TURN *** [3c 9h 4c] [8d]
krytalex: bets $6
papusha81: calls $6
*** RIVER *** [3c 9h 4c 8d] [Ah]
krytalex: checks
papusha81: bets $6
krytalex: calls $6
*** SHOW DOWN ***
papusha81: shows [9c As] (two pair, Aces and Nines)
krytalex: mucks hand
papusha81 collected $47.50 from pot
*** SUMMARY ***
Total pot $48 | Rake $0.50
Board [3c 9h 4c 8d Ah]
Seat 1: papusha81 (button) (small blind) showed [9c As] and won ($47.50) with two pair, Aces and Nines
Seat 2: krytalex (big blind) mucked


PokerStars Hand #146841358705:  Hold'em Limit ($3/$6 USD) - 2016/01/11 1:44:15 ET
Table 'Spitzer II' 2-max Seat #2 is the button
Seat 1: papusha81 ($56.84 in chips)
Seat 2: krytalex ($122.64 in chips)
krytalex: posts small blind $1
papusha81: posts big blind $3
*** HOLE CARDS ***
krytalex: raises $3 to $6
papusha81: calls $3
*** FLOP *** [7h 8c 2h]
papusha81: checks
krytalex: bets $3
papusha81: calls $3
*** TURN *** [7h 8c 2h] [3s]
papusha81: checks
krytalex: bets $6
papusha81: calls $6
*** RIVER *** [7h 8c 2h 3s] [4c]
papusha81: checks
krytalex: checks
*** SHOW DOWN ***
papusha81: shows [6c 7s] (a pair of Sevens)
krytalex: mucks hand
papusha81 collected $29.50 from pot
*** SUMMARY ***
Total pot $30 | Rake $0.50
Board [7h 8c 2h 3s 4c]
Seat 1: papusha81 (big blind) showed [6c 7s] and won ($29.50) with a pair of Sevens
Seat 2: krytalex (button) (small blind) mucked


PokerStars Hand #146841364804:  Hold'em Limit ($3/$6 USD) - 2016/01/11 1:44:38 ET
Table 'Spitzer II' 2-max Seat #1 is the button
Seat 1: papusha81 ($71.34 in chips)
Seat 2: krytalex ($107.64 in chips)
papusha81: posts small blind $1
krytalex: posts big blind $3
*** HOLE CARDS ***
papusha81: raises $3 to $6
krytalex: calls $3
*** FLOP *** [6h 4d 2h]
krytalex: checks
papusha81: bets $3
krytalex: calls $3
*** TURN *** [6h 4d 2h] [Qc]
krytalex: checks
papusha81: checks
*** RIVER *** [6h 4d 2h Qc] [7h]
krytalex: bets $6
papusha81: calls $6
*** SHOW DOWN ***
krytalex: shows [Qs 9d] (a pair of Queens)
papusha81: mucks hand
krytalex collected $29.50 from pot
*** SUMMARY ***
Total pot $30 | Rake $0.50
Board [6h 4d 2h Qc 7h]
Seat 1: papusha81 (button) (small blind) mucked
Seat 2: krytalex (big blind) showed [Qs 9d] and won ($29.50) with a pair of Queens


PokerStars Hand #146841374620:  Hold'em Limit ($3/$6 USD) - 2016/01/11 1:45:14 ET
Table 'Spitzer II' 2-max Seat #2 is the button
Seat 1: papusha81 ($56.34 in chips)
Seat 2: krytalex ($122.14 in chips)
krytalex: posts small blind $1
papusha81: posts big blind $3
*** HOLE CARDS ***
krytalex: raises $3 to $6
papusha81: calls $3
*** FLOP *** [Td 8s 5d]
papusha81: checks
krytalex: checks
*** TURN *** [Td 8s 5d] [9c]
papusha81: checks
krytalex: checks
*** RIVER *** [Td 8s 5d 9c] [2s]
papusha81: checks
krytalex: checks
*** SHOW DOWN ***
papusha81: shows [2h Jd] (a pair of Deuces)
krytalex: mucks hand
papusha81 collected $11.76 from pot
*** SUMMARY ***
Total pot $12 | Rake $0.24
Board [Td 8s 5d 9c 2s]
Seat 1: papusha81 (big blind) showed [2h Jd] and won ($11.76) with a pair of Deuces
Seat 2: krytalex (button) (small blind) mucked


PokerStars Hand #146841392616:  Hold'em Limit ($3/$6 USD) - 2016/01/11 1:46:21 ET
Table 'Spitzer II' 2-max Seat #2 is the button
Seat 1: papusha81 ($67.86 in chips)
Seat 2: krytalex ($110.14 in chips)
krytalex: posts small blind $1
papusha81: posts big blind $3
*** HOLE CARDS ***
krytalex: raises $3 to $6
papusha81: raises $3 to $9
krytalex: calls $3
*** FLOP *** [Jc Ad Td]
papusha81: bets $3
krytalex: folds
Uncalled bet ($3) returned to papusha81
papusha81 collected $17.64 from pot
*** SUMMARY ***
Total pot $18 | Rake $0.36
Board [Jc Ad Td]
Seat 1: papusha81 (big blind) collected ($17.64)
Seat 2: krytalex (button) (small blind) folded on the Flop


PokerStars Hand #146841410273:  Hold'em Limit ($3/$6 USD) - 2016/01/11 1:47:12 ET
Table 'Spitzer II' 2-max Seat #2 is the button
Seat 1: papusha81 ($79.50 in chips)
Seat 2: krytalex ($98.14 in chips)
krytalex: posts small blind $1
papusha81: posts big blind $3
*** HOLE CARDS ***
krytalex: raises $3 to $6
papusha81: calls $3
*** FLOP *** [8d 4s 9h]
papusha81: checks
krytalex: bets $3
papusha81: calls $3
*** TURN *** [8d 4s 9h] [6h]
papusha81: checks
krytalex: bets $6
papusha81: calls $6
*** RIVER *** [8d 4s 9h 6h] [Ts]
papusha81: checks
krytalex: checks
*** SHOW DOWN ***
papusha81: shows [Kd Jd] (high card King)
krytalex: shows [8c Kc] (a pair of Eights)
krytalex collected $29.50 from pot
*** SUMMARY ***
Total pot $30 | Rake $0.50
Board [8d 4s 9h 6h Ts]
Seat 1: papusha81 (big blind) showed [Kd Jd] and lost with high card King
Seat 2: krytalex (button) (small blind) showed [8c Kc] and won ($29.50) with a pair of Eights


PokerStars Hand #146841396857:  Hold'em Limit ($3/$6 USD) - 2016/01/11 1:46:37 ET
Table 'Spitzer II' 2-max Seat #1 is the button
Seat 1: papusha81 ($76.50 in chips)
Seat 2: krytalex ($101.14 in chips)
papusha81: posts small blind $1
krytalex: posts big blind $3
*** HOLE CARDS ***
papusha81: raises $3 to $6
krytalex: folds
Uncalled bet ($3) returned to papusha81
papusha81 collected $6 from pot
*** SUMMARY ***
Total pot $6 | Rake $0
Seat 1: papusha81 (button) (small blind) collected ($6)
Seat 2: krytalex (big blind) folded before Flop


PokerStars Hand #146841421488:  Hold'em Limit ($3/$6 USD) - 2016/01/11 1:47:41 ET
Table 'Spitzer II' 2-max Seat #1 is the button
Seat 1: papusha81 ($64.50 in chips)
Seat 2: krytalex ($112.64 in chips)
papusha81: posts small blind $1
krytalex: posts big blind $3
*** HOLE CARDS ***
papusha81: raises $3 to $6
krytalex: raises $3 to $9
papusha81: calls $3
*** FLOP *** [Th 5s 5c]
krytalex: bets $3
papusha81: calls $3
*** TURN *** [Th 5s 5c] [Kc]
krytalex: bets $6
papusha81: folds
Uncalled bet ($6) returned to krytalex
krytalex collected $23.52 from pot
*** SUMMARY ***
Total pot $24 | Rake $0.48
Board [Th 5s 5c Kc]
Seat 1: papusha81 (button) (small blind) folded on the Turn
Seat 2: krytalex (big blind) collected ($23.52)


PokerStars Hand #146841442973:  Hold'em Limit ($3/$6 USD) - 2016/01/11 1:48:59 ET
Table 'Spitzer II' 2-max Seat #1 is the button
Seat 1: papusha81 ($46.50 in chips)
Seat 2: krytalex ($129.92 in chips)
papusha81: posts small blind $1
krytalex: posts big blind $3
*** HOLE CARDS ***
papusha81: folds
Uncalled bet ($2) returned to krytalex
krytalex collected $2 from pot
*** SUMMARY ***
Total pot $2 | Rake $0
Seat 1: papusha81 (button) (small blind) folded before Flop
Seat 2: krytalex (big blind) collected ($2)


PokerStars Hand #146841434687:  Hold'em Limit ($3/$6 USD) - 2016/01/11 1:48:28 ET
Table 'Spitzer II' 2-max Seat #2 is the button
Seat 1: papusha81 ($52.50 in chips)
Seat 2: krytalex ($124.16 in chips)
krytalex: posts small blind $1
papusha81: posts big blind $3
*** HOLE CARDS ***
krytalex: raises $3 to $6
papusha81: calls $3
*** FLOP *** [7s 7h Ah]
papusha81: checks
krytalex: bets $3
papusha81: folds
Uncalled bet ($3) returned to krytalex
krytalex collected $11.76 from pot
*** SUMMARY ***
Total pot $12 | Rake $0.24
Board [7s 7h Ah]
Seat 1: papusha81 (big blind) folded on the Flop
Seat 2: krytalex (button) (small blind) collected ($11.76)


PokerStars Hand #146841444251:  Hold'em Limit ($3/$6 USD) - 2016/01/11 1:49:03 ET
Table 'Spitzer II' 2-max Seat #2 is the button
Seat 1: papusha81 ($45.50 in chips)
Seat 2: krytalex ($130.92 in chips)
krytalex: posts small blind $1
papusha81: posts big blind $3
*** HOLE CARDS ***
krytalex: folds
Uncalled bet ($2) returned to papusha81
papusha81 collected $2 from pot
*** SUMMARY ***
Total pot $2 | Rake $0
Seat 1: papusha81 (big blind) collected ($2)
Seat 2: krytalex (button) (small blind) folded before Flop


PokerStars Hand #146841447211:  Hold'em Limit ($3/$6 USD) - 2016/01/11 1:49:14 ET
Table 'Spitzer II' 2-max Seat #2 is the button
Seat 1: papusha81 ($45.50 in chips)
Seat 2: krytalex ($130.92 in chips)
krytalex: posts small blind $1
papusha81: posts big blind $3
*** HOLE CARDS ***
krytalex: raises $3 to $6
papusha81: calls $3
*** FLOP *** [6d 4c 8c]
papusha81: checks
krytalex: bets $3
papusha81: calls $3
*** TURN *** [6d 4c 8c] [Ts]
papusha81: checks
krytalex: bets $6
papusha81: calls $6
*** RIVER *** [6d 4c 8c Ts] [Jd]
papusha81: checks
krytalex: bets $6
papusha81: calls $6
*** SHOW DOWN ***
krytalex: shows [Qs Js] (a pair of Jacks)
papusha81: mucks hand
krytalex collected $41.50 from pot
*** SUMMARY ***
Total pot $42 | Rake $0.50
Board [6d 4c 8c Ts Jd]
Seat 1: papusha81 (big blind) mucked
Seat 2: krytalex (button) (small blind) showed [Qs Js] and won ($41.50) with a pair of Jacks


PokerStars Hand #146841456721:  Hold'em Limit ($3/$6 USD) - 2016/01/11 1:49:49 ET
Table 'Spitzer II' 2-max Seat #2 is the button
Seat 1: papusha81 ($23.50 in chips)
Seat 2: krytalex ($152.42 in chips)
krytalex: posts small blind $1
papusha81: posts big blind $3
*** HOLE CARDS ***
krytalex: folds
Uncalled bet ($2) returned to papusha81
papusha81 collected $2 from pot
*** SUMMARY ***
Total pot $2 | Rake $0
Seat 1: papusha81 (big blind) collected ($2)
Seat 2: krytalex (button) (small blind) folded before Flop


PokerStars Hand #146841455160:  Hold'em Limit ($3/$6 USD) - 2016/01/11 1:49:43 ET
Table 'Spitzer II' 2-max Seat #1 is the button
Seat 1: papusha81 ($24.50 in chips)
Seat 2: krytalex ($151.42 in chips)
papusha81: posts small blind $1
krytalex: posts big blind $3
*** HOLE CARDS ***
papusha81: folds
Uncalled bet ($2) returned to krytalex
krytalex collected $2 from pot
*** SUMMARY ***
Total pot $2 | Rake $0
Seat 1: papusha81 (button) (small blind) folded before Flop
Seat 2: krytalex (big blind) collected ($2)


PokerStars Hand #146841460027:  Hold'em Limit ($3/$6 USD) - 2016/01/11 1:50:01 ET
Table 'Spitzer II' 2-max Seat #2 is the button
Seat 1: papusha81 ($27.50 in chips)
Seat 2: krytalex ($148.42 in chips)
krytalex: posts small blind $1
papusha81: posts big blind $3
*** HOLE CARDS ***
krytalex: folds
Uncalled bet ($2) returned to papusha81
papusha81 collected $2 from pot
*** SUMMARY ***
Total pot $2 | Rake $0
Seat 1: papusha81 (big blind) collected ($2)
Seat 2: krytalex (button) (small blind) folded before Flop


PokerStars Hand #146841458024:  Hold'em Limit ($3/$6 USD) - 2016/01/11 1:49:54 ET
Table 'Spitzer II' 2-max Seat #1 is the button
Seat 1: papusha81 ($24.50 in chips)
Seat 2: krytalex ($151.42 in chips)
papusha81: posts small blind $1
krytalex: posts big blind $3
*** HOLE CARDS ***
papusha81: raises $3 to $6
krytalex: folds
Uncalled bet ($3) returned to papusha81
papusha81 collected $6 from pot
*** SUMMARY ***
Total pot $6 | Rake $0
Seat 1: papusha81 (button) (small blind) collected ($6)
Seat 2: krytalex (big blind) folded before Flop


PokerStars Hand #146841476292:  Hold'em Limit ($3/$6 USD) - 2016/01/11 1:51:01 ET
Table 'Spitzer II' 2-max Seat #1 is the button
Seat 1: papusha81 ($28.26 in chips)
Seat 2: krytalex ($147.18 in chips)
papusha81: posts small blind $1
krytalex: posts big blind $3
*** HOLE CARDS ***
papusha81: folds
Uncalled bet ($2) returned to krytalex
krytalex collected $2 from pot
*** SUMMARY ***
Total pot $2 | Rake $0
Seat 1: papusha81 (button) (small blind) folded before Flop
Seat 2: krytalex (big blind) collected ($2)


PokerStars Hand #146841468406:  Hold'em Limit ($3/$6 USD) - 2016/01/11 1:50:32 ET
Table 'Spitzer II' 2-max Seat #2 is the button
Seat 1: papusha81 ($34.26 in chips)
Seat 2: krytalex ($141.42 in chips)
krytalex: posts small blind $1
papusha81: posts big blind $3
*** HOLE CARDS ***
krytalex: raises $3 to $6
papusha81: calls $3
*** FLOP *** [Jc Kd Td]
papusha81: checks
krytalex: bets $3
papusha81: folds
Uncalled bet ($3) returned to krytalex
krytalex collected $11.76 from pot
*** SUMMARY ***
Total pot $12 | Rake $0.24
Board [Jc Kd Td]
Seat 1: papusha81 (big blind) folded on the Flop
Seat 2: krytalex (button) (small blind) collected ($11.76)


PokerStars Hand #146841492204:  Hold'em Limit ($3/$6 USD) - 2016/01/11 1:52:00 ET
Table 'Spitzer II' 2-max Seat #2 is the button
Seat 1: papusha81 ($3.01 in chips)
Seat 2: krytalex ($171.43 in chips)
krytalex: posts small blind $1
papusha81: posts big blind $3
*** HOLE CARDS ***
krytalex: raises $3 to $6
papusha81: calls $0.01 and is all-in
Uncalled bet ($2.99) returned to krytalex
*** FLOP *** [Kc Th 7h]
*** TURN *** [Kc Th 7h] [8h]
*** RIVER *** [Kc Th 7h 8h] [Jd]
*** SHOW DOWN ***
papusha81: shows [Jc 5c] (a pair of Jacks)
krytalex: shows [Ks 2d] (a pair of Kings)
krytalex collected $5.90 from pot
*** SUMMARY ***
Total pot $6.02 | Rake $0.12
Board [Kc Th 7h 8h Jd]
Seat 1: papusha81 (big blind) showed [Jc 5c] and lost with a pair of Jacks
Seat 2: krytalex (button) (small blind) showed [Ks 2d] and won ($5.90) with a pair of Kings


