PokerStars Hand #162757800727:  Hold'em Limit ($3/$6 USD) - 2016/12/11 4:36:58 ET
Table 'Spitzer' 6-max Seat #5 is the button
Seat 3: FaStBluff ($157.14 in chips)
Seat 5: ToDaFelt ($82 in chips)
ToDaFelt: posts small blind $1
FaStBluff: posts big blind $3
*** HOLE CARDS ***
ToDaFelt: raises $3 to $6
FaStBluff: calls $3
*** FLOP *** [Qd 6h 4d]
FaStBluff: checks
ToDaFelt: bets $3
FaStBluff: calls $3
*** TURN *** [Qd 6h 4d] [3c]
FaStBluff: checks
ToDaFelt: bets $6
FaStBluff: calls $6
*** RIVER *** [Qd 6h 4d 3c] [2d]
FaStBluff: checks
ToDaFelt: bets $6
FaStBluff: calls $6
*** SHOW DOWN ***
ToDaFelt: shows [As Qs] (a pair of Queens)
FaStBluff: mucks hand
ToDaFelt collected $41.50 from pot
*** SUMMARY ***
Total pot $42 | Rake $0.50
Board [Qd 6h 4d 3c 2d]
Seat 3: FaStBluff (big blind) mucked
Seat 5: ToDaFelt (button) (small blind) showed [As Qs] and won ($41.50) with a pair of Queens


PokerStars Hand #162757798328:  Hold'em Limit ($3/$6 USD) - 2016/12/11 4:36:52 ET
Table 'Spitzer' 6-max Seat #3 is the button
Seat 3: FaStBluff ($158.14 in chips)
Seat 5: ToDaFelt ($81 in chips)
FaStBluff: posts small blind $1
ToDaFelt: posts big blind $3
*** HOLE CARDS ***
FaStBluff: folds
Uncalled bet ($2) returned to ToDaFelt
ToDaFelt collected $2 from pot
ToDaFelt: doesn't show hand
*** SUMMARY ***
Total pot $2 | Rake $0
Seat 3: FaStBluff (button) (small blind) folded before Flop
Seat 5: ToDaFelt (big blind) collected ($2)


PokerStars Hand #162757775111:  Hold'em Limit ($3/$6 USD) - 2016/12/11 4:35:55 ET
Table 'Spitzer' 6-max Seat #3 is the button
Seat 3: FaStBluff ($120 in chips)
Seat 5: ToDaFelt ($120 in chips)
FaStBluff: posts small blind $1
ToDaFelt: posts big blind $3
*** HOLE CARDS ***
FaStBluff: raises $3 to $6
ToDaFelt: calls $3
*** FLOP *** [2d Qh 3d]
ToDaFelt: checks
FaStBluff: bets $3
ToDaFelt: raises $3 to $6
FaStBluff: calls $3
*** TURN *** [2d Qh 3d] [7h]
ToDaFelt: bets $6
FaStBluff: raises $6 to $12
ToDaFelt: calls $6
*** RIVER *** [2d Qh 3d 7h] [As]
ToDaFelt: checks
FaStBluff: bets $6
ToDaFelt: calls $6
*** SHOW DOWN ***
FaStBluff: shows [Ah Qd] (two pair, Aces and Queens)
ToDaFelt: mucks hand
TbIP-TbIP 88 leaves the table
FaStBluff collected $59.50 from pot
*** SUMMARY ***
Total pot $60 | Rake $0.50
Board [2d Qh 3d 7h As]
Seat 3: FaStBluff (button) (small blind) showed [Ah Qd] and won ($59.50) with two pair, Aces and Queens
Seat 5: ToDaFelt (big blind) mucked


PokerStars Hand #162757787971:  Hold'em Limit ($3/$6 USD) - 2016/12/11 4:36:27 ET
Table 'Spitzer' 6-max Seat #5 is the button
Seat 3: FaStBluff ($149.50 in chips)
Seat 5: ToDaFelt ($90 in chips)
ToDaFelt: posts small blind $1
FaStBluff: posts big blind $3
*** HOLE CARDS ***
ToDaFelt: raises $3 to $6
FaStBluff: calls $3
*** FLOP *** [Ks Kd Th]
FaStBluff: checks
ToDaFelt: bets $3
FaStBluff: calls $3
*** TURN *** [Ks Kd Th] [4d]
FaStBluff: checks
ToDaFelt: checks
*** RIVER *** [Ks Kd Th 4d] [Ts]
FaStBluff: bets $6
ToDaFelt: folds
Uncalled bet ($6) returned to FaStBluff
FaStBluff collected $17.64 from pot
FaStBluff: doesn't show hand
*** SUMMARY ***
Total pot $18 | Rake $0.36
Board [Ks Kd Th 4d Ts]
Seat 3: FaStBluff (big blind) collected ($17.64)
Seat 5: ToDaFelt (button) (small blind) folded on the River


PokerStars Hand #162757819881:  Hold'em Limit ($3/$6 USD) - 2016/12/11 4:37:44 ET
Table 'Spitzer' 6-max Seat #5 is the button
Seat 3: FaStBluff ($141.90 in chips)
Seat 5: ToDaFelt ($96.50 in chips)
ToDaFelt: posts small blind $1
FaStBluff: posts big blind $3
*** HOLE CARDS ***
ToDaFelt: raises $3 to $6
FaStBluff: folds
Uncalled bet ($3) returned to ToDaFelt
ToDaFelt collected $6 from pot
ToDaFelt: doesn't show hand
*** SUMMARY ***
Total pot $6 | Rake $0
Seat 3: FaStBluff (big blind) folded before Flop
Seat 5: ToDaFelt (button) (small blind) collected ($6)


PokerStars Hand #162757824268:  Hold'em Limit ($3/$6 USD) - 2016/12/11 4:37:55 ET
Table 'Spitzer' 6-max Seat #3 is the button
Seat 3: FaStBluff ($138.90 in chips)
Seat 5: ToDaFelt ($99.50 in chips)
FaStBluff: posts small blind $1
ToDaFelt: posts big blind $3
*** HOLE CARDS ***
FaStBluff: raises $3 to $6
ToDaFelt: calls $3
*** FLOP *** [Tc Jc Qc]
ToDaFelt: checks
FaStBluff: bets $3
ToDaFelt: raises $3 to $6
FaStBluff: calls $3
*** TURN *** [Tc Jc Qc] [7c]
ToDaFelt: checks
FaStBluff: checks
*** RIVER *** [Tc Jc Qc 7c] [9h]
ToDaFelt: bets $6
FaStBluff: calls $6
*** SHOW DOWN ***
ToDaFelt: shows [9s 8h] (a straight, Eight to Queen)
FaStBluff: shows [Kh As] (a straight, Ten to Ace)
FaStBluff collected $35.50 from pot
*** SUMMARY ***
Total pot $36 | Rake $0.50
Board [Tc Jc Qc 7c 9h]
Seat 3: FaStBluff (button) (small blind) showed [Kh As] and won ($35.50) with a straight, Ten to Ace
Seat 5: ToDaFelt (big blind) showed [9s 8h] and lost with a straight, Eight to Queen


PokerStars Hand #162757847132:  Hold'em Limit ($3/$6 USD) - 2016/12/11 4:38:50 ET
Table 'Spitzer' 6-max Seat #3 is the button
Seat 3: FaStBluff ($150.40 in chips)
Seat 5: ToDaFelt ($87.26 in chips)
FaStBluff: posts small blind $1
ToDaFelt: posts big blind $3
*** HOLE CARDS ***
FaStBluff: raises $3 to $6
ToDaFelt: calls $3
*** FLOP *** [9h 4h Jh]
ToDaFelt: checks
FaStBluff: bets $3
ToDaFelt: raises $3 to $6
FaStBluff: calls $3
*** TURN *** [9h 4h Jh] [8d]
ToDaFelt: bets $6
FaStBluff: calls $6
*** RIVER *** [9h 4h Jh 8d] [3d]
ToDaFelt: bets $6
FaStBluff: calls $6
*** SHOW DOWN ***
ToDaFelt: shows [Kh 3h] (a flush, King high)
FaStBluff: mucks hand
ToDaFelt collected $47.50 from pot
*** SUMMARY ***
Total pot $48 | Rake $0.50
Board [9h 4h Jh 8d 3d]
Seat 3: FaStBluff (button) (small blind) mucked
Seat 5: ToDaFelt (big blind) showed [Kh 3h] and won ($47.50) with a flush, King high


PokerStars Hand #162757836753:  Hold'em Limit ($3/$6 USD) - 2016/12/11 4:38:25 ET
Table 'Spitzer' 6-max Seat #5 is the button
Seat 3: FaStBluff ($156.40 in chips)
Seat 5: ToDaFelt ($81.50 in chips)
ToDaFelt: posts small blind $1
FaStBluff: posts big blind $3
*** HOLE CARDS ***
ToDaFelt: raises $3 to $6
FaStBluff: calls $3
*** FLOP *** [Td 7s Ts]
FaStBluff: checks
ToDaFelt: checks
*** TURN *** [Td 7s Ts] [As]
FaStBluff: checks
ToDaFelt: bets $6
FaStBluff: folds
Uncalled bet ($6) returned to ToDaFelt
ToDaFelt collected $11.76 from pot
ToDaFelt: doesn't show hand
*** SUMMARY ***
Total pot $12 | Rake $0.24
Board [Td 7s Ts As]
Seat 3: FaStBluff (big blind) folded on the Turn
Seat 5: ToDaFelt (button) (small blind) collected ($11.76)


PokerStars Hand #162757871886:  Hold'em Limit ($3/$6 USD) - 2016/12/11 4:39:50 ET
Table 'Spitzer' 6-max Seat #5 is the button
Seat 3: FaStBluff ($138.04 in chips)
Seat 5: ToDaFelt ($98.76 in chips)
ToDaFelt: posts small blind $1
FaStBluff: posts big blind $3
*** HOLE CARDS ***
ToDaFelt: raises $3 to $6
FaStBluff: folds
Uncalled bet ($3) returned to ToDaFelt
ToDaFelt collected $6 from pot
ToDaFelt: doesn't show hand
*** SUMMARY ***
Total pot $6 | Rake $0
Seat 3: FaStBluff (big blind) folded before Flop
Seat 5: ToDaFelt (button) (small blind) collected ($6)


PokerStars Hand #162757868953:  Hold'em Limit ($3/$6 USD) - 2016/12/11 4:39:42 ET
Table 'Spitzer' 6-max Seat #3 is the button
Seat 3: FaStBluff ($135.04 in chips)
Seat 5: ToDaFelt ($101.76 in chips)
FaStBluff: posts small blind $1
ToDaFelt: posts big blind $3
*** HOLE CARDS ***
FaStBluff: raises $3 to $6
ToDaFelt: folds
Uncalled bet ($3) returned to FaStBluff
FaStBluff collected $6 from pot
FaStBluff: doesn't show hand
*** SUMMARY ***
Total pot $6 | Rake $0
Seat 3: FaStBluff (button) (small blind) collected ($6)
Seat 5: ToDaFelt (big blind) folded before Flop


PokerStars Hand #162757857929:  Hold'em Limit ($3/$6 USD) - 2016/12/11 4:39:16 ET
Table 'Spitzer' 6-max Seat #5 is the button
Seat 3: FaStBluff ($126.40 in chips)
Seat 5: ToDaFelt ($110.76 in chips)
ToDaFelt: posts small blind $1
FaStBluff: posts big blind $3
*** HOLE CARDS ***
ToDaFelt: raises $3 to $6
FaStBluff: raises $3 to $9
ToDaFelt: calls $3
*** FLOP *** [Ah Ad 3c]
FaStBluff: checks
ToDaFelt: checks
*** TURN *** [Ah Ad 3c] [4s]
FaStBluff: checks
ToDaFelt: checks
*** RIVER *** [Ah Ad 3c 4s] [Jc]
FaStBluff: checks
ToDaFelt: checks
*** SHOW DOWN ***
FaStBluff: shows [Kh Qs] (a pair of Aces)
ToDaFelt: mucks hand
FaStBluff collected $17.64 from pot
*** SUMMARY ***
Total pot $18 | Rake $0.36
Board [Ah Ad 3c 4s Jc]
Seat 3: FaStBluff (big blind) showed [Kh Qs] and won ($17.64) with a pair of Aces
Seat 5: ToDaFelt (button) (small blind) mucked


PokerStars Hand #162757876544:  Hold'em Limit ($3/$6 USD) - 2016/12/11 4:40:01 ET
Table 'Spitzer' 6-max Seat #3 is the button
Seat 3: FaStBluff ($135.04 in chips)
Seat 5: ToDaFelt ($101.76 in chips)
FaStBluff: posts small blind $1
ToDaFelt: posts big blind $3
*** HOLE CARDS ***
FaStBluff: raises $3 to $6
ToDaFelt: calls $3
*** FLOP *** [4s Jc Th]
ToDaFelt: checks
FaStBluff: bets $3
ToDaFelt: raises $3 to $6
FaStBluff: calls $3
*** TURN *** [4s Jc Th] [9h]
ToDaFelt: bets $6
FaStBluff: calls $6
*** RIVER *** [4s Jc Th 9h] [5c]
ToDaFelt: bets $6
FaStBluff: calls $6
*** SHOW DOWN ***
ToDaFelt: shows [Qs 6c] (high card Queen)
FaStBluff: shows [Ac Kc] (high card Ace)
FaStBluff collected $47.50 from pot
*** SUMMARY ***
Total pot $48 | Rake $0.50
Board [4s Jc Th 9h 5c]
Seat 3: FaStBluff (button) (small blind) showed [Ac Kc] and won ($47.50) with high card Ace
Seat 5: ToDaFelt (big blind) showed [Qs 6c] and lost with high card Queen


PokerStars Hand #162757888935:  Hold'em Limit ($3/$6 USD) - 2016/12/11 4:40:31 ET
Table 'Spitzer' 6-max Seat #5 is the button
Seat 3: FaStBluff ($158.54 in chips)
Seat 5: ToDaFelt ($77.76 in chips)
ToDaFelt: posts small blind $1
FaStBluff: posts big blind $3
*** HOLE CARDS ***
ToDaFelt: raises $3 to $6
FaStBluff: calls $3
*** FLOP *** [Jh Qc 4h]
FaStBluff: checks
ToDaFelt: bets $3
FaStBluff: folds
Uncalled bet ($3) returned to ToDaFelt
ToDaFelt collected $11.76 from pot
ToDaFelt: doesn't show hand
*** SUMMARY ***
Total pot $12 | Rake $0.24
Board [Jh Qc 4h]
Seat 3: FaStBluff (big blind) folded on the Flop
Seat 5: ToDaFelt (button) (small blind) collected ($11.76)


PokerStars Hand #162757893526:  Hold'em Limit ($3/$6 USD) - 2016/12/11 4:40:42 ET
Table 'Spitzer' 6-max Seat #3 is the button
Seat 3: FaStBluff ($152.54 in chips)
Seat 5: ToDaFelt ($83.52 in chips)
FaStBluff: posts small blind $1
ToDaFelt: posts big blind $3
*** HOLE CARDS ***
FaStBluff: folds
Uncalled bet ($2) returned to ToDaFelt
ToDaFelt collected $2 from pot
ToDaFelt: doesn't show hand
*** SUMMARY ***
Total pot $2 | Rake $0
Seat 3: FaStBluff (button) (small blind) folded before Flop
Seat 5: ToDaFelt (big blind) collected ($2)


PokerStars Hand #162757896107:  Hold'em Limit ($3/$6 USD) - 2016/12/11 4:40:48 ET
Table 'Spitzer' 6-max Seat #5 is the button
Seat 3: FaStBluff ($151.54 in chips)
Seat 5: ToDaFelt ($84.52 in chips)
ToDaFelt: posts small blind $1
FaStBluff: posts big blind $3
*** HOLE CARDS ***
ToDaFelt: raises $3 to $6
FaStBluff: folds
Uncalled bet ($3) returned to ToDaFelt
ToDaFelt collected $6 from pot
ToDaFelt: doesn't show hand
*** SUMMARY ***
Total pot $6 | Rake $0
Seat 3: FaStBluff (big blind) folded before Flop
Seat 5: ToDaFelt (button) (small blind) collected ($6)


PokerStars Hand #162757915922:  Hold'em Limit ($3/$6 USD) - 2016/12/11 4:41:36 ET
Table 'Spitzer' 6-max Seat #5 is the button
Seat 3: FaStBluff ($178.04 in chips)
Seat 5: ToDaFelt ($120 in chips)
ToDaFelt: posts small blind $1
FaStBluff: posts big blind $3
*** HOLE CARDS ***
ToDaFelt: raises $3 to $6
FaStBluff: calls $3
*** FLOP *** [5d 6h Qh]
FaStBluff: checks
ToDaFelt: bets $3
FaStBluff: calls $3
*** TURN *** [5d 6h Qh] [Qd]
FaStBluff: checks
ToDaFelt: checks
*** RIVER *** [5d 6h Qh Qd] [Qs]
FaStBluff: bets $6
ToDaFelt: calls $6
*** SHOW DOWN ***
FaStBluff: shows [5h Ks] (a full house, Queens full of Fives)
ToDaFelt: mucks hand
FaStBluff collected $29.50 from pot
*** SUMMARY ***
Total pot $30 | Rake $0.50
Board [5d 6h Qh Qd Qs]
Seat 3: FaStBluff (big blind) showed [5h Ks] and won ($29.50) with a full house, Queens full of Fives
Seat 5: ToDaFelt (button) (small blind) mucked


PokerStars Hand #162757900278:  Hold'em Limit ($3/$6 USD) - 2016/12/11 4:40:58 ET
Table 'Spitzer' 6-max Seat #3 is the button
Seat 3: FaStBluff ($148.54 in chips)
Seat 5: ToDaFelt ($87.52 in chips)
FaStBluff: posts small blind $1
ToDaFelt: posts big blind $3
*** HOLE CARDS ***
FaStBluff: raises $3 to $6
ToDaFelt: raises $3 to $9
FaStBluff: calls $3
*** FLOP *** [Jd 2d 5s]
ToDaFelt: bets $3
FaStBluff: calls $3
*** TURN *** [Jd 2d 5s] [Kh]
ToDaFelt: bets $6
FaStBluff: raises $6 to $12
ToDaFelt: calls $6
*** RIVER *** [Jd 2d 5s Kh] [4s]
ToDaFelt: checks
FaStBluff: bets $6
ToDaFelt: calls $6
*** SHOW DOWN ***
FaStBluff: shows [Ks 9d] (a pair of Kings)
ToDaFelt: mucks hand
FaStBluff collected $59.50 from pot
*** SUMMARY ***
Total pot $60 | Rake $0.50
Board [Jd 2d 5s Kh 4s]
Seat 3: FaStBluff (button) (small blind) showed [Ks 9d] and won ($59.50) with a pair of Kings
Seat 5: ToDaFelt (big blind) mucked


PokerStars Hand #162757927983:  Hold'em Limit ($3/$6 USD) - 2016/12/11 4:42:05 ET
Table 'Spitzer' 6-max Seat #3 is the button
Seat 3: FaStBluff ($192.54 in chips)
Seat 5: ToDaFelt ($105 in chips)
FaStBluff: posts small blind $1
ToDaFelt: posts big blind $3
*** HOLE CARDS ***
FaStBluff: raises $3 to $6
ToDaFelt: calls $3
*** FLOP *** [Kh 6s 3h]
ToDaFelt: checks
FaStBluff: checks
*** TURN *** [Kh 6s 3h] [2c]
ToDaFelt: bets $6
FaStBluff: calls $6
*** RIVER *** [Kh 6s 3h 2c] [Ac]
ToDaFelt: bets $6
FaStBluff: calls $6
*** SHOW DOWN ***
ToDaFelt: shows [8h 9h] (high card Ace)
FaStBluff: shows [Jh 6d] (a pair of Sixes)
FaStBluff collected $35.50 from pot
*** SUMMARY ***
Total pot $36 | Rake $0.50
Board [Kh 6s 3h 2c Ac]
Seat 3: FaStBluff (button) (small blind) showed [Jh 6d] and won ($35.50) with a pair of Sixes
Seat 5: ToDaFelt (big blind) showed [8h 9h] and lost with high card Ace


PokerStars Hand #162757958237:  Hold'em Limit ($3/$6 USD) - 2016/12/11 4:43:19 ET
Table 'Spitzer' 6-max Seat #3 is the button
Seat 3: FaStBluff ($221.56 in chips)
Seat 5: ToDaFelt ($75 in chips)
FaStBluff: posts small blind $1
ToDaFelt: posts big blind $3
*** HOLE CARDS ***
FaStBluff: folds
Uncalled bet ($2) returned to ToDaFelt
ToDaFelt collected $2 from pot
ToDaFelt: doesn't show hand
*** SUMMARY ***
Total pot $2 | Rake $0
Seat 3: FaStBluff (button) (small blind) folded before Flop
Seat 5: ToDaFelt (big blind) collected ($2)


PokerStars Hand #162757940085:  Hold'em Limit ($3/$6 USD) - 2016/12/11 4:42:34 ET
Table 'Spitzer' 6-max Seat #5 is the button
Seat 3: FaStBluff ($210.04 in chips)
Seat 5: ToDaFelt ($87 in chips)
ToDaFelt: posts small blind $1
FaStBluff: posts big blind $3
*** HOLE CARDS ***
ToDaFelt: raises $3 to $6
FaStBluff: calls $3
*** FLOP *** [Jd 9d Tc]
FaStBluff: checks
ToDaFelt: bets $3
FaStBluff: raises $3 to $6
ToDaFelt: calls $3
*** TURN *** [Jd 9d Tc] [8d]
FaStBluff: checks
ToDaFelt: checks
*** RIVER *** [Jd 9d Tc 8d] [2h]
FaStBluff: checks
ToDaFelt: checks
*** SHOW DOWN ***
FaStBluff: shows [5h Jh] (a pair of Jacks)
ToDaFelt: mucks hand
FaStBluff collected $23.52 from pot
*** SUMMARY ***
Total pot $24 | Rake $0.48
Board [Jd 9d Tc 8d 2h]
Seat 3: FaStBluff (big blind) showed [5h Jh] and won ($23.52) with a pair of Jacks
Seat 5: ToDaFelt (button) (small blind) mucked


PokerStars Hand #162757960596:  Hold'em Limit ($3/$6 USD) - 2016/12/11 4:43:25 ET
Table 'Spitzer' 6-max Seat #5 is the button
Seat 3: FaStBluff ($220.56 in chips)
Seat 5: ToDaFelt ($76 in chips)
ToDaFelt: posts small blind $1
FaStBluff: posts big blind $3
*** HOLE CARDS ***
ToDaFelt: raises $3 to $6
FaStBluff: calls $3
*** FLOP *** [Js 6h 6d]
FaStBluff: checks
ToDaFelt: bets $3
FaStBluff: calls $3
*** TURN *** [Js 6h 6d] [7c]
FaStBluff: checks
ToDaFelt: checks
*** RIVER *** [Js 6h 6d 7c] [Kh]
FaStBluff: checks
ToDaFelt: bets $6
FaStBluff: folds
Uncalled bet ($6) returned to ToDaFelt
SilaSoNi joins the table at seat #2
ToDaFelt collected $17.64 from pot
ToDaFelt: doesn't show hand
*** SUMMARY ***
Total pot $18 | Rake $0.36
Board [Js 6h 6d 7c Kh]
Seat 3: FaStBluff (big blind) folded on the River
Seat 5: ToDaFelt (button) (small blind) collected ($17.64)


PokerStars Hand #162757976728:  Hold'em Limit ($3/$6 USD) - 2016/12/11 4:44:04 ET
Table 'Spitzer' 6-max Seat #3 is the button
Seat 3: FaStBluff ($211.56 in chips)
Seat 5: ToDaFelt ($84.64 in chips)
FaStBluff: posts small blind $1
ToDaFelt: posts big blind $3
*** HOLE CARDS ***
FaStBluff: raises $3 to $6
ToDaFelt: raises $3 to $9
FaStBluff: calls $3
*** FLOP *** [6h Ah 5c]
ToDaFelt: bets $3
FaStBluff: calls $3
*** TURN *** [6h Ah 5c] [6d]
TbIP-TbIP 88 joins the table at seat #4
ToDaFelt: bets $6
FaStBluff: raises $6 to $12
ToDaFelt: calls $6
*** RIVER *** [6h Ah 5c 6d] [2h]
ToDaFelt: checks
FaStBluff: bets $6
ToDaFelt: calls $6
*** SHOW DOWN ***
FaStBluff: shows [6c Ad] (a full house, Sixes full of Aces)
ToDaFelt: mucks hand
FaStBluff collected $59.50 from pot
*** SUMMARY ***
Total pot $60 | Rake $0.50
Board [6h Ah 5c 6d 2h]
Seat 3: FaStBluff (button) (small blind) showed [6c Ad] and won ($59.50) with a full house, Sixes full of Aces
Seat 5: ToDaFelt (big blind) mucked


PokerStars Hand #162760065033:  Hold'em Limit ($3/$6 USD) - 2016/12/11 5:59:01 ET
Table 'Spitzer' 6-max Seat #2 is the button
Seat 2: LolDnkaments ($81.46 in chips)
Seat 4: komornik ($252.27 in chips)
LolDnkaments: posts small blind $1
ravnen666: is sitting out
komornik: posts big blind $3
*** HOLE CARDS ***
LolDnkaments: raises $3 to $6
ravnen666 leaves the table
komornik: calls $3
*** FLOP *** [7s 4h 9d]
belik555 joins the table at seat #3
komornik: checks
belik555 leaves the table
LolDnkaments: bets $3
komornik: calls $3
*** TURN *** [7s 4h 9d] [5h]
komornik: bets $6
LolDnkaments: calls $6
*** RIVER *** [7s 4h 9d 5h] [Kh]
komornik: bets $6
LolDnkaments: raises $6 to $12
komornik: folds
Uncalled bet ($6) returned to LolDnkaments
LolDnkaments collected $41.50 from pot
LolDnkaments: doesn't show hand
*** SUMMARY ***
Total pot $42 | Rake $0.50
Board [7s 4h 9d 5h Kh]
Seat 2: LolDnkaments (button) (small blind) collected ($41.50)
Seat 4: komornik (big blind) folded on the River


