PokerStars Hand #150331420977:  Hold'em Limit ($3/$6 USD) - 2016/03/14 6:55:21 ET
Table 'Sponde' 6-max Seat #3 is the button
Seat 3: stressed31 ($203.64 in chips)
Seat 6: ng777 ($74 in chips)
stressed31: posts small blind $1
ng777: posts big blind $3
*** HOLE CARDS ***
stressed31: folds
Uncalled bet ($2) returned to ng777
ng777 collected $2 from pot
ng777: doesn't show hand
*** SUMMARY ***
Total pot $2 | Rake $0
Seat 3: stressed31 (button) (small blind) folded before Flop
Seat 6: ng777 (big blind) collected ($2)


PokerStars Hand #150331417748:  Hold'em Limit ($3/$6 USD) - 2016/03/14 6:55:13 ET
Table 'Sponde' 6-max Seat #6 is the button
Seat 3: stressed31 ($202.64 in chips)
Seat 6: ng777 ($75 in chips)
ng777: posts small blind $1
stressed31: posts big blind $3
*** HOLE CARDS ***
ng777: folds
Uncalled bet ($2) returned to stressed31
stressed31 collected $2 from pot
stressed31: doesn't show hand
*** SUMMARY ***
Total pot $2 | Rake $0
Seat 3: stressed31 (big blind) collected ($2)
Seat 6: ng777 (button) (small blind) folded before Flop


PokerStars Hand #150331650442:  Hold'em Limit ($3/$6 USD) - 2016/03/14 7:04:19 ET
Table 'Sponde' 6-max Seat #4 is the button
Seat 4: wiezel0172 ($321.69 in chips)
Seat 6: ng777 ($68.75 in chips)
wiezel0172: posts small blind $1
ng777: posts big blind $3
*** HOLE CARDS ***
plummgg leaves the table
wiezel0172: raises $3 to $6
ng777: calls $3
*** FLOP *** [Qh 4d 2c]
ng777: checks
wiezel0172: bets $3
ng777: raises $3 to $6
wiezel0172: calls $3
*** TURN *** [Qh 4d 2c] [Js]
ng777: bets $6
wiezel0172: folds
Uncalled bet ($6) returned to ng777
ng777 collected $23.52 from pot
ng777: doesn't show hand
*** SUMMARY ***
Total pot $24 | Rake $0.48
Board [Qh 4d 2c Js]
Seat 4: wiezel0172 (button) (small blind) folded on the Turn
Seat 6: ng777 (big blind) collected ($23.52)


PokerStars Hand #150331673185:  Hold'em Limit ($3/$6 USD) - 2016/03/14 7:05:08 ET
Table 'Sponde' 6-max Seat #4 is the button
Seat 4: wiezel0172 ($294.69 in chips)
Seat 6: ng777 ($94.77 in chips)
wiezel0172: posts small blind $1
ng777: posts big blind $3
*** HOLE CARDS ***
wiezel0172: raises $3 to $6
ng777: raises $3 to $9
wiezel0172: calls $3
*** FLOP *** [2c 5h Tc]
ng777: bets $3
wiezel0172: raises $3 to $6
ng777: raises $3 to $9
wiezel0172: calls $3
*** TURN *** [2c 5h Tc] [3c]
ng777: checks
wiezel0172: bets $6
ng777: raises $6 to $12
wiezel0172: folds
Uncalled bet ($6) returned to ng777
ng777 collected $47.50 from pot
ng777: doesn't show hand
*** SUMMARY ***
Total pot $48 | Rake $0.50
Board [2c 5h Tc 3c]
Seat 4: wiezel0172 (button) (small blind) folded on the Turn
Seat 6: ng777 (big blind) collected ($47.50)


PokerStars Hand #150331660388:  Hold'em Limit ($3/$6 USD) - 2016/03/14 7:04:41 ET
Table 'Sponde' 6-max Seat #6 is the button
Seat 4: wiezel0172 ($309.69 in chips)
Seat 6: ng777 ($80.27 in chips)
ng777: posts small blind $1
wiezel0172: posts big blind $3
*** HOLE CARDS ***
ng777: raises $3 to $6
wiezel0172: raises $3 to $9
ng777: raises $3 to $12
Betting is capped
wiezel0172: calls $3
*** FLOP *** [6h 7c 7h]
plummgg joins the table at seat #3
wiezel0172: checks
ng777: bets $3
wiezel0172: calls $3
*** TURN *** [6h 7c 7h] [2h]
wiezel0172: checks
ng777: bets $6
wiezel0172: folds
Uncalled bet ($6) returned to ng777
ng777 collected $29.50 from pot
ng777: doesn't show hand
*** SUMMARY ***
Total pot $30 | Rake $0.50
Board [6h 7c 7h 2h]
Seat 4: wiezel0172 (big blind) folded on the Turn
Seat 6: ng777 (button) (small blind) collected ($29.50)


PokerStars Hand #150332201020:  Hold'em Limit ($3/$6 USD) - 2016/03/14 7:23:47 ET
Table 'Sponde' 6-max Seat #4 is the button
Seat 4: wiezel0172 ($802.64 in chips)
Seat 5: Psynto ($87.86 in chips)
wiezel0172: posts small blind $1
Psynto: posts big blind $3
*** HOLE CARDS ***
wiezel0172: folds
Uncalled bet ($2) returned to Psynto
wiezel0172 leaves the table
Psynto collected $2 from pot
Psynto: doesn't show hand
*** SUMMARY ***
Total pot $2 | Rake $0
Seat 4: wiezel0172 (button) (small blind) folded before Flop
Seat 5: Psynto (big blind) collected ($2)


