PokerStars Hand #155140365058:  Hold'em Limit ($3/$6 USD) - 2016/06/24 11:20:13 ET
Table 'Sponde' 10-max Seat #10 is the button
Seat 3: TinaTurner72 ($120 in chips)
Seat 10: 993t ($90 in chips)
993t: posts small blind $1
TinaTurner72: posts big blind $3
*** HOLE CARDS ***
993t: calls $2
TinaTurner72: raises $3 to $6
993t: calls $3
*** FLOP *** [4c Ks Qd]
TinaTurner72: checks
993t: checks
*** TURN *** [4c Ks Qd] [3s]
TinaTurner72: checks
993t: checks
*** RIVER *** [4c Ks Qd 3s] [9h]
B_loJkl joins the table at seat #1
TinaTurner72: checks
993t: checks
*** SHOW DOWN ***
TinaTurner72: shows [7c 2c] (high card King)
993t: shows [Td 8h] (high card King - Queen+Ten kicker)
993t collected $11.76 from pot
*** SUMMARY ***
Total pot $12 | Rake $0.24
Board [4c Ks Qd 3s 9h]
Seat 3: TinaTurner72 (big blind) showed [7c 2c] and lost with high card King
Seat 10: 993t (button) (small blind) showed [Td 8h] and won ($11.76) with high card King


PokerStars Hand #155140432565:  Hold'em Limit ($3/$6 USD) - 2016/06/24 11:22:12 ET
Table 'Sponde' 10-max Seat #1 is the button
Seat 1: B_loJkl ($167.89 in chips)
Seat 10: 993t ($103.40 in chips)
B_loJkl: posts small blind $1
TinaTurner72: is sitting out
993t: posts big blind $3
*** HOLE CARDS ***
TinaTurner72 leaves the table
B_loJkl: folds
Uncalled bet ($2) returned to 993t
993t collected $2 from pot
*** SUMMARY ***
Total pot $2 | Rake $0
Seat 1: B_loJkl (button) (small blind) folded before Flop
Seat 10: 993t (big blind) collected ($2)


PokerStars Hand #155140384237:  Hold'em Limit ($3/$6 USD) - 2016/06/24 11:20:47 ET
Table 'Sponde' 10-max Seat #3 is the button
Seat 3: TinaTurner72 ($114 in chips)
Seat 10: 993t ($95.76 in chips)
TinaTurner72: posts small blind $1
993t: posts big blind $3
*** HOLE CARDS ***
TinaTurner72: raises $3 to $6
993t: calls $3
*** FLOP *** [7c 3s 7s]
993t: checks
TinaTurner72: bets $3
993t: calls $3
*** TURN *** [7c 3s 7s] [Ah]
993t: checks
TinaTurner72: checks
*** RIVER *** [7c 3s 7s Ah] [9h]
993t: checks
TinaTurner72: checks
*** SHOW DOWN ***
993t: shows [8s Kc] (a pair of Sevens)
TinaTurner72: mucks hand
993t collected $17.64 from pot
*** SUMMARY ***
Total pot $18 | Rake $0.36
Board [7c 3s 7s Ah 9h]
Seat 3: TinaTurner72 (button) (small blind) mucked
Seat 10: 993t (big blind) showed [8s Kc] and won ($17.64) with a pair of Sevens


PokerStars Hand #155140463088:  Hold'em Limit ($3/$6 USD) - 2016/06/24 11:23:07 ET
Table 'Sponde' 10-max Seat #10 is the button
Seat 1: B_loJkl ($196.15 in chips)
Seat 10: 993t ($74.40 in chips)
993t: posts small blind $1
B_loJkl: posts big blind $3
*** HOLE CARDS ***
993t: raises $3 to $6
B_loJkl: folds
Uncalled bet ($3) returned to 993t
993t collected $6 from pot
*** SUMMARY ***
Total pot $6 | Rake $0
Seat 1: B_loJkl (big blind) folded before Flop
Seat 10: 993t (button) (small blind) collected ($6)


PokerStars Hand #155140443261:  Hold'em Limit ($3/$6 USD) - 2016/06/24 11:22:32 ET
Table 'Sponde' 10-max Seat #1 is the button
Seat 1: B_loJkl ($172.65 in chips)
Seat 10: 993t ($98.40 in chips)
B_loJkl: posts small blind $1
993t: posts big blind $3
*** HOLE CARDS ***
B_loJkl: raises $3 to $6
993t: raises $3 to $9
B_loJkl: calls $3
*** FLOP *** [6d 3h Ac]
993t: bets $3
B_loJkl: calls $3
*** TURN *** [6d 3h Ac] [7h]
993t: checks
B_loJkl: bets $6
993t: calls $6
*** RIVER *** [6d 3h Ac 7h] [Ah]
993t: checks
B_loJkl: bets $6
993t: calls $6
*** SHOW DOWN ***
B_loJkl: shows [Jh Ad] (three of a kind, Aces)
993t: mucks hand
B_loJkl collected $47.50 from pot
*** SUMMARY ***
Total pot $48 | Rake $0.50
Board [6d 3h Ac 7h Ah]
Seat 1: B_loJkl (button) (small blind) showed [Jh Ad] and won ($47.50) with three of a kind, Aces
Seat 10: 993t (big blind) mucked


PokerStars Hand #155140437615:  Hold'em Limit ($3/$6 USD) - 2016/06/24 11:22:21 ET
Table 'Sponde' 10-max Seat #10 is the button
Seat 1: B_loJkl ($166.89 in chips)
Seat 10: 993t ($104.40 in chips)
993t: posts small blind $1
B_loJkl: posts big blind $3
*** HOLE CARDS ***
993t: calls $2
B_loJkl: raises $3 to $6
993t: calls $3
*** FLOP *** [Ks 2d 3c]
B_loJkl: bets $3
993t: folds
Uncalled bet ($3) returned to B_loJkl
B_loJkl collected $11.76 from pot
B_loJkl: doesn't show hand
*** SUMMARY ***
Total pot $12 | Rake $0.24
Board [Ks 2d 3c]
Seat 1: B_loJkl (big blind) collected ($11.76)
Seat 10: 993t (button) (small blind) folded on the Flop


PokerStars Hand #155140502128:  Hold'em Limit ($3/$6 USD) - 2016/06/24 11:24:18 ET
Table 'Sponde' 10-max Seat #1 is the button
Seat 1: B_loJkl ($229.15 in chips)
Seat 10: 993t ($40.40 in chips)
B_loJkl: posts small blind $1
993t: posts big blind $3
*** HOLE CARDS ***
B_loJkl: raises $3 to $6
993t: folds
Uncalled bet ($3) returned to B_loJkl
B_loJkl collected $6 from pot
B_loJkl: doesn't show hand
*** SUMMARY ***
Total pot $6 | Rake $0
Seat 1: B_loJkl (button) (small blind) collected ($6)
Seat 10: 993t (big blind) folded before Flop


PokerStars Hand #155140499642:  Hold'em Limit ($3/$6 USD) - 2016/06/24 11:24:14 ET
Table 'Sponde' 10-max Seat #10 is the button
Seat 1: B_loJkl ($228.15 in chips)
Seat 10: 993t ($41.40 in chips)
993t: posts small blind $1
B_loJkl: posts big blind $3
*** HOLE CARDS ***
993t: folds
Uncalled bet ($2) returned to B_loJkl
B_loJkl collected $2 from pot
B_loJkl: doesn't show hand
*** SUMMARY ***
Total pot $2 | Rake $0
Seat 1: B_loJkl (big blind) collected ($2)
Seat 10: 993t (button) (small blind) folded before Flop


PokerStars Hand #155140488013:  Hold'em Limit ($3/$6 USD) - 2016/06/24 11:23:53 ET
Table 'Sponde' 10-max Seat #1 is the button
Seat 1: B_loJkl ($213.65 in chips)
Seat 10: 993t ($56.40 in chips)
B_loJkl: posts small blind $1
993t: posts big blind $3
*** HOLE CARDS ***
B_loJkl: raises $3 to $6
993t: calls $3
*** FLOP *** [5h Js 2h]
993t: checks
B_loJkl: bets $3
993t: calls $3
*** TURN *** [5h Js 2h] [Ts]
993t: checks
B_loJkl: checks
*** RIVER *** [5h Js 2h Ts] [5c]
993t: bets $6
B_loJkl: calls $6
*** SHOW DOWN ***
993t: shows [9s 4s] (a pair of Fives)
B_loJkl: shows [8s Ah] (a pair of Fives - Ace kicker)
B_loJkl collected $29.50 from pot
*** SUMMARY ***
Total pot $30 | Rake $0.50
Board [5h Js 2h Ts 5c]
Seat 1: B_loJkl (button) (small blind) showed [8s Ah] and won ($29.50) with a pair of Fives
Seat 10: 993t (big blind) showed [9s 4s] and lost with a pair of Fives


PokerStars Hand #155140475208:  Hold'em Limit ($3/$6 USD) - 2016/06/24 11:23:29 ET
Table 'Sponde' 10-max Seat #10 is the button
Seat 1: B_loJkl ($196.15 in chips)
Seat 10: 993t ($74.40 in chips)
993t: posts small blind $1
B_loJkl: posts big blind $3
*** HOLE CARDS ***
993t: raises $3 to $6
B_loJkl: calls $3
*** FLOP *** [3h 9h 2c]
B_loJkl: checks
993t: bets $3
B_loJkl: raises $3 to $6
993t: calls $3
*** TURN *** [3h 9h 2c] [6s]
B_loJkl: bets $6
993t: calls $6
*** RIVER *** [3h 9h 2c 6s] [Ac]
B_loJkl: checks
993t: checks
*** SHOW DOWN ***
B_loJkl: shows [6h 4h] (a pair of Sixes)
993t: mucks hand
B_loJkl collected $35.50 from pot
*** SUMMARY ***
Total pot $36 | Rake $0.50
Board [3h 9h 2c 6s Ac]
Seat 1: B_loJkl (big blind) showed [6h 4h] and won ($35.50) with a pair of Sixes
Seat 10: 993t (button) (small blind) mucked


PokerStars Hand #155140469907:  Hold'em Limit ($3/$6 USD) - 2016/06/24 11:23:20 ET
Table 'Sponde' 10-max Seat #1 is the button
Seat 1: B_loJkl ($193.15 in chips)
Seat 10: 993t ($77.40 in chips)
B_loJkl: posts small blind $1
993t: posts big blind $3
*** HOLE CARDS ***
B_loJkl: raises $3 to $6
993t: folds
Uncalled bet ($3) returned to B_loJkl
B_loJkl collected $6 from pot
B_loJkl: doesn't show hand
*** SUMMARY ***
Total pot $6 | Rake $0
Seat 1: B_loJkl (button) (small blind) collected ($6)
Seat 10: 993t (big blind) folded before Flop


PokerStars Hand #155140527253:  Hold'em Limit ($3/$6 USD) - 2016/06/24 11:25:04 ET
Table 'Sponde' 10-max Seat #10 is the button
Seat 1: B_loJkl ($240.91 in chips)
Seat 10: 993t ($28.40 in chips)
993t: posts small blind $1
B_loJkl: posts big blind $3
*** HOLE CARDS ***
993t: raises $3 to $6
simper11 joins the table at seat #5
B_loJkl: calls $3
*** FLOP *** [Ac Kc 4c]
B_loJkl: bets $3
993t: folds
Uncalled bet ($3) returned to B_loJkl
B_loJkl collected $11.76 from pot
B_loJkl: doesn't show hand
*** SUMMARY ***
Total pot $12 | Rake $0.24
Board [Ac Kc 4c]
Seat 1: B_loJkl (big blind) collected ($11.76)
Seat 10: 993t (button) (small blind) folded on the Flop


PokerStars Hand #155140524595:  Hold'em Limit ($3/$6 USD) - 2016/06/24 11:24:59 ET
Table 'Sponde' 10-max Seat #1 is the button
Seat 1: B_loJkl ($237.91 in chips)
Seat 10: 993t ($31.40 in chips)
B_loJkl: posts small blind $1
993t: posts big blind $3
*** HOLE CARDS ***
B_loJkl: raises $3 to $6
993t: folds
Uncalled bet ($3) returned to B_loJkl
B_loJkl collected $6 from pot
B_loJkl: doesn't show hand
*** SUMMARY ***
Total pot $6 | Rake $0
Seat 1: B_loJkl (button) (small blind) collected ($6)
Seat 10: 993t (big blind) folded before Flop


PokerStars Hand #155140505077:  Hold'em Limit ($3/$6 USD) - 2016/06/24 11:24:24 ET
Table 'Sponde' 10-max Seat #10 is the button
Seat 1: B_loJkl ($232.15 in chips)
Seat 10: 993t ($37.40 in chips)
993t: posts small blind $1
B_loJkl: posts big blind $3
*** HOLE CARDS ***
993t: calls $2
B_loJkl: checks
*** FLOP *** [8h 4c Kd]
B_loJkl: checks
993t: bets $3
B_loJkl: calls $3
*** TURN *** [8h 4c Kd] [Qs]
B_loJkl: checks
993t: checks
*** RIVER *** [8h 4c Kd Qs] [9h]
B_loJkl: checks
993t: checks
*** SHOW DOWN ***
B_loJkl: shows [8c 6d] (a pair of Eights)
993t: mucks hand
B_loJkl collected $11.76 from pot
*** SUMMARY ***
Total pot $12 | Rake $0.24
Board [8h 4c Kd Qs 9h]
Seat 1: B_loJkl (big blind) showed [8c 6d] and won ($11.76) with a pair of Eights
Seat 10: 993t (button) (small blind) mucked


PokerStars Hand #155140598242:  Hold'em Limit ($3/$6 USD) - 2016/06/24 11:27:13 ET
Table 'Sponde' 10-max Seat #1 is the button
Seat 1: B_loJkl ($264.17 in chips)
Seat 5: simper11 ($121.66 in chips)
B_loJkl: posts small blind $1
simper11: posts big blind $3
*** HOLE CARDS ***
B_loJkl: raises $3 to $6
simper11: calls $3
*** FLOP *** [5d Ah 5s]
simper11: checks
B_loJkl: bets $3
simper11: folds
Uncalled bet ($3) returned to B_loJkl
B_loJkl collected $11.76 from pot
B_loJkl: doesn't show hand
*** SUMMARY ***
Total pot $12 | Rake $0.24
Board [5d Ah 5s]
Seat 1: B_loJkl (button) (small blind) collected ($11.76)
Seat 5: simper11 (big blind) folded on the Flop


PokerStars Hand #155140582256:  Hold'em Limit ($3/$6 USD) - 2016/06/24 11:26:43 ET
Table 'Sponde' 10-max Seat #5 is the button
Seat 1: B_loJkl ($240.67 in chips)
Seat 5: simper11 ($145.66 in chips)
simper11: posts small blind $1
B_loJkl: posts big blind $3
*** HOLE CARDS ***
simper11: raises $3 to $6
B_loJkl: calls $3
*** FLOP *** [Ks Kc Ts]
B_loJkl: checks
simper11: bets $3
B_loJkl: raises $3 to $6
simper11: calls $3
*** TURN *** [Ks Kc Ts] [5c]
B_loJkl: bets $6
simper11: raises $6 to $12
B_loJkl: calls $6
*** RIVER *** [Ks Kc Ts 5c] [7d]
B_loJkl: checks
simper11: checks
*** SHOW DOWN ***
B_loJkl: shows [7s Td] (two pair, Kings and Tens)
simper11: mucks hand
B_loJkl collected $47.50 from pot
*** SUMMARY ***
Total pot $48 | Rake $0.50
Board [Ks Kc Ts 5c 7d]
Seat 1: B_loJkl (big blind) showed [7s Td] and won ($47.50) with two pair, Kings and Tens
Seat 5: simper11 (button) (small blind) mucked


PokerStars Hand #155140575346:  Hold'em Limit ($3/$6 USD) - 2016/06/24 11:26:31 ET
Table 'Sponde' 10-max Seat #1 is the button
Seat 1: B_loJkl ($234.91 in chips)
Seat 5: simper11 ($151.66 in chips)
B_loJkl: posts small blind $1
simper11: posts big blind $3
*** HOLE CARDS ***
B_loJkl: raises $3 to $6
simper11: calls $3
*** FLOP *** [Tc 5d Jc]
simper11: checks
B_loJkl: bets $3
simper11: folds
Uncalled bet ($3) returned to B_loJkl
B_loJkl collected $11.76 from pot
B_loJkl: doesn't show hand
*** SUMMARY ***
Total pot $12 | Rake $0.24
Board [Tc 5d Jc]
Seat 1: B_loJkl (button) (small blind) collected ($11.76)
Seat 5: simper11 (big blind) folded on the Flop


PokerStars Hand #155140569543:  Hold'em Limit ($3/$6 USD) - 2016/06/24 11:26:21 ET
Table 'Sponde' 10-max Seat #5 is the button
Seat 1: B_loJkl ($226.27 in chips)
Seat 5: simper11 ($160.66 in chips)
simper11: posts small blind $1
B_loJkl: posts big blind $3
*** HOLE CARDS ***
simper11: raises $3 to $6
B_loJkl: raises $3 to $9
993t leaves the table
simper11: calls $3
*** FLOP *** [5c Kd 3c]
B_loJkl: bets $3
simper11: folds
Uncalled bet ($3) returned to B_loJkl
B_loJkl collected $17.64 from pot
B_loJkl: doesn't show hand
*** SUMMARY ***
Total pot $18 | Rake $0.36
Board [5c Kd 3c]
Seat 1: B_loJkl (big blind) collected ($17.64)
Seat 5: simper11 (button) (small blind) folded on the Flop


PokerStars Hand #155140639221:  Hold'em Limit ($3/$6 USD) - 2016/06/24 11:28:16 ET
Table 'Sponde' 10-max Seat #1 is the button
Seat 1: B_loJkl ($230.93 in chips)
Seat 5: simper11 ($157.90 in chips)
B_loJkl: posts small blind $1
simper11: posts big blind $3
*** HOLE CARDS ***
B_loJkl: raises $3 to $6
simper11: calls $3
*** FLOP *** [5d Kd Qs]
simper11: checks
B_loJkl: bets $3
simper11: raises $3 to $6
B_loJkl: folds
Uncalled bet ($3) returned to simper11
simper11 collected $17.64 from pot
simper11: doesn't show hand
*** SUMMARY ***
Total pot $18 | Rake $0.36
Board [5d Kd Qs]
Seat 1: B_loJkl (button) (small blind) folded on the Flop
Seat 5: simper11 (big blind) collected ($17.64)


PokerStars Hand #155140632480:  Hold'em Limit ($3/$6 USD) - 2016/06/24 11:28:04 ET
Table 'Sponde' 10-max Seat #5 is the button
Seat 1: B_loJkl ($236.93 in chips)
Seat 5: simper11 ($152.14 in chips)
simper11: posts small blind $1
B_loJkl: posts big blind $3
*** HOLE CARDS ***
simper11: raises $3 to $6
B_loJkl: calls $3
*** FLOP *** [Qh As 9c]
B_loJkl: checks
simper11: bets $3
B_loJkl: folds
Uncalled bet ($3) returned to simper11
simper11 collected $11.76 from pot
simper11: doesn't show hand
*** SUMMARY ***
Total pot $12 | Rake $0.24
Board [Qh As 9c]
Seat 1: B_loJkl (big blind) folded on the Flop
Seat 5: simper11 (button) (small blind) collected ($11.76)


PokerStars Hand #155140622879:  Hold'em Limit ($3/$6 USD) - 2016/06/24 11:27:46 ET
Table 'Sponde' 10-max Seat #1 is the button
Seat 1: B_loJkl ($260.93 in chips)
Seat 5: simper11 ($128.64 in chips)
B_loJkl: posts small blind $1
simper11: posts big blind $3
*** HOLE CARDS ***
B_loJkl: raises $3 to $6
simper11: raises $3 to $9
B_loJkl: calls $3
*** FLOP *** [As 5h 4c]
simper11: bets $3
B_loJkl: calls $3
*** TURN *** [As 5h 4c] [7h]
simper11: bets $6
B_loJkl: calls $6
*** RIVER *** [As 5h 4c 7h] [Kc]
simper11: bets $6
B_loJkl: calls $6
*** SHOW DOWN ***
simper11: shows [9c Ah] (a pair of Aces)
B_loJkl: mucks hand
simper11 collected $47.50 from pot
*** SUMMARY ***
Total pot $48 | Rake $0.50
Board [As 5h 4c 7h Kc]
Seat 1: B_loJkl (button) (small blind) mucked
Seat 5: simper11 (big blind) showed [9c Ah] and won ($47.50) with a pair of Aces


PokerStars Hand #155140603873:  Hold'em Limit ($3/$6 USD) - 2016/06/24 11:27:23 ET
Table 'Sponde' 10-max Seat #5 is the button
Seat 1: B_loJkl ($269.93 in chips)
Seat 5: simper11 ($120 in chips)
simper11: posts small blind $1
B_loJkl: posts big blind $3
*** HOLE CARDS ***
simper11: raises $3 to $6
B_loJkl: calls $3
*** FLOP *** [Js 7d 2d]
B_loJkl: checks
simper11: bets $3
B_loJkl: calls $3
*** TURN *** [Js 7d 2d] [6h]
B_loJkl: checks
simper11: bets $6
B_loJkl: folds
Uncalled bet ($6) returned to simper11
simper11 collected $17.64 from pot
simper11: doesn't show hand
*** SUMMARY ***
Total pot $18 | Rake $0.36
Board [Js 7d 2d 6h]
Seat 1: B_loJkl (big blind) folded on the Turn
Seat 5: simper11 (button) (small blind) collected ($17.64)


PokerStars Hand #155140664974:  Hold'em Limit ($3/$6 USD) - 2016/06/24 11:29:03 ET
Table 'Sponde' 10-max Seat #5 is the button
Seat 1: B_loJkl ($219.69 in chips)
Seat 5: simper11 ($168.06 in chips)
simper11: posts small blind $1
B_loJkl: posts big blind $3
*** HOLE CARDS ***
simper11: folds
Uncalled bet ($2) returned to B_loJkl
B_loJkl collected $2 from pot
B_loJkl: doesn't show hand
*** SUMMARY ***
Total pot $2 | Rake $0
Seat 1: B_loJkl (big blind) collected ($2)
Seat 5: simper11 (button) (small blind) folded before Flop


PokerStars Hand #155140660639:  Hold'em Limit ($3/$6 USD) - 2016/06/24 11:28:55 ET
Table 'Sponde' 10-max Seat #1 is the button
Seat 1: B_loJkl ($213.93 in chips)
Seat 5: simper11 ($174.06 in chips)
B_loJkl: posts small blind $1
simper11: posts big blind $3
*** HOLE CARDS ***
B_loJkl: raises $3 to $6
simper11: calls $3
*** FLOP *** [8d Ac Jd]
simper11: checks
B_loJkl: bets $3
simper11: folds
Uncalled bet ($3) returned to B_loJkl
B_loJkl collected $11.76 from pot
B_loJkl: doesn't show hand
*** SUMMARY ***
Total pot $12 | Rake $0.24
Board [8d Ac Jd]
Seat 1: B_loJkl (button) (small blind) collected ($11.76)
Seat 5: simper11 (big blind) folded on the Flop


PokerStars Hand #155140658103:  Hold'em Limit ($3/$6 USD) - 2016/06/24 11:28:51 ET
Table 'Sponde' 10-max Seat #5 is the button
Seat 1: B_loJkl ($212.93 in chips)
Seat 5: simper11 ($175.06 in chips)
simper11: posts small blind $1
B_loJkl: posts big blind $3
*** HOLE CARDS ***
simper11: folds
Uncalled bet ($2) returned to B_loJkl
B_loJkl collected $2 from pot
B_loJkl: doesn't show hand
*** SUMMARY ***
Total pot $2 | Rake $0
Seat 1: B_loJkl (big blind) collected ($2)
Seat 5: simper11 (button) (small blind) folded before Flop


PokerStars Hand #155140654205:  Hold'em Limit ($3/$6 USD) - 2016/06/24 11:28:44 ET
Table 'Sponde' 10-max Seat #1 is the button
Seat 1: B_loJkl ($209.93 in chips)
Seat 5: simper11 ($178.06 in chips)
B_loJkl: posts small blind $1
simper11: posts big blind $3
*** HOLE CARDS ***
B_loJkl: raises $3 to $6
simper11: folds
Uncalled bet ($3) returned to B_loJkl
B_loJkl collected $6 from pot
B_loJkl: doesn't show hand
*** SUMMARY ***
Total pot $6 | Rake $0
Seat 1: B_loJkl (button) (small blind) collected ($6)
Seat 5: simper11 (big blind) folded before Flop


PokerStars Hand #155140644511:  Hold'em Limit ($3/$6 USD) - 2016/06/24 11:28:26 ET
Table 'Sponde' 10-max Seat #5 is the button
Seat 1: B_loJkl ($221.93 in chips)
Seat 5: simper11 ($166.54 in chips)
simper11: posts small blind $1
B_loJkl: posts big blind $3
*** HOLE CARDS ***
simper11: raises $3 to $6
B_loJkl: raises $3 to $9
simper11: calls $3
*** FLOP *** [3c 5c 9c]
B_loJkl: bets $3
simper11: calls $3
*** TURN *** [3c 5c 9c] [9d]
B_loJkl: checks
simper11: bets $6
B_loJkl: folds
Uncalled bet ($6) returned to simper11
simper11 collected $23.52 from pot
simper11: doesn't show hand
*** SUMMARY ***
Total pot $24 | Rake $0.48
Board [3c 5c 9c 9d]
Seat 1: B_loJkl (big blind) folded on the Turn
Seat 5: simper11 (button) (small blind) collected ($23.52)


PokerStars Hand #155140708419:  Hold'em Limit ($3/$6 USD) - 2016/06/24 11:30:20 ET
Table 'Sponde' 10-max Seat #1 is the button
Seat 1: B_loJkl ($189.21 in chips)
Seat 5: simper11 ($197.06 in chips)
B_loJkl: posts small blind $1
simper11: posts big blind $3
*** HOLE CARDS ***
B_loJkl: raises $3 to $6
simper11: calls $3
*** FLOP *** [5s 8s Jd]
simper11: checks
B_loJkl: bets $3
simper11: calls $3
*** TURN *** [5s 8s Jd] [Kc]
simper11: checks
B_loJkl: bets $6
simper11: raises $6 to $12
B_loJkl: folds
Uncalled bet ($6) returned to simper11
simper11 collected $29.50 from pot
simper11: doesn't show hand
*** SUMMARY ***
Total pot $30 | Rake $0.50
Board [5s 8s Jd Kc]
Seat 1: B_loJkl (button) (small blind) folded on the Turn
Seat 5: simper11 (big blind) collected ($29.50)


PokerStars Hand #155140725940:  Hold'em Limit ($3/$6 USD) - 2016/06/24 11:30:51 ET
Table 'Sponde' 10-max Seat #5 is the button
Seat 1: B_loJkl ($174.21 in chips)
Seat 5: simper11 ($211.56 in chips)
simper11: posts small blind $1
B_loJkl: posts big blind $3
*** HOLE CARDS ***
simper11: raises $3 to $6
B_loJkl: calls $3
*** FLOP *** [Th 7s 8d]
B_loJkl: checks
simper11: bets $3
B_loJkl: calls $3
*** TURN *** [Th 7s 8d] [4c]
B_loJkl: checks
simper11: checks
*** RIVER *** [Th 7s 8d 4c] [7c]
B_loJkl: bets $6
simper11: calls $6
*** SHOW DOWN ***
B_loJkl: shows [Ac 4h] (two pair, Sevens and Fours)
simper11: mucks hand
B_loJkl collected $29.50 from pot
*** SUMMARY ***
Total pot $30 | Rake $0.50
Board [Th 7s 8d 4c 7c]
Seat 1: B_loJkl (big blind) showed [Ac 4h] and won ($29.50) with two pair, Sevens and Fours
Seat 5: simper11 (button) (small blind) mucked


PokerStars Hand #155140738017:  Hold'em Limit ($3/$6 USD) - 2016/06/24 11:31:11 ET
Table 'Sponde' 10-max Seat #1 is the button
Seat 1: B_loJkl ($188.71 in chips)
Seat 5: simper11 ($196.56 in chips)
B_loJkl: posts small blind $1
simper11: posts big blind $3
*** HOLE CARDS ***
B_loJkl: raises $3 to $6
simper11: calls $3
*** FLOP *** [5c Kd Jh]
simper11: checks
B_loJkl: bets $3
simper11: raises $3 to $6
B_loJkl: calls $3
*** TURN *** [5c Kd Jh] [5d]
simper11: bets $6
B_loJkl: raises $6 to $12
simper11: calls $6
*** RIVER *** [5c Kd Jh 5d] [9c]
simper11: checks
B_loJkl: bets $6
simper11: calls $6
*** SHOW DOWN ***
B_loJkl: shows [Ad Ks] (two pair, Kings and Fives)
simper11: shows [Kh 9h] (two pair, Kings and Nines)
simper11 collected $59.50 from pot
*** SUMMARY ***
Total pot $60 | Rake $0.50
Board [5c Kd Jh 5d 9c]
Seat 1: B_loJkl (button) (small blind) showed [Ad Ks] and lost with two pair, Kings and Fives
Seat 5: simper11 (big blind) showed [Kh 9h] and won ($59.50) with two pair, Kings and Nines


PokerStars Hand #155140719850:  Hold'em Limit ($3/$6 USD) - 2016/06/24 11:30:40 ET
Table 'Sponde' 10-max Seat #5 is the button
Seat 1: B_loJkl ($174.21 in chips)
Seat 5: simper11 ($211.56 in chips)
simper11: posts small blind $1
B_loJkl: posts big blind $3
*** HOLE CARDS ***
simper11: folds
Uncalled bet ($2) returned to B_loJkl
B_loJkl collected $2 from pot
B_loJkl: doesn't show hand
*** SUMMARY ***
Total pot $2 | Rake $0
Seat 1: B_loJkl (big blind) collected ($2)
Seat 5: simper11 (button) (small blind) folded before Flop


PokerStars Hand #155140775464:  Hold'em Limit ($3/$6 USD) - 2016/06/24 11:32:17 ET
Table 'Sponde' 10-max Seat #1 is the button
Seat 1: B_loJkl ($137.71 in chips)
Seat 5: simper11 ($246.32 in chips)
B_loJkl: posts small blind $1
simper11: posts big blind $3
*** HOLE CARDS ***
B_loJkl: raises $3 to $6
simper11: calls $3
*** FLOP *** [5d 7d Ah]
simper11: checks
B_loJkl: bets $3
simper11: calls $3
*** TURN *** [5d 7d Ah] [9s]
simper11: checks
B_loJkl: bets $6
simper11: raises $6 to $12
B_loJkl: calls $6
*** RIVER *** [5d 7d Ah 9s] [8h]
simper11: bets $6
B_loJkl: folds
Uncalled bet ($6) returned to simper11
simper11 collected $41.50 from pot
simper11: doesn't show hand
*** SUMMARY ***
Total pot $42 | Rake $0.50
Board [5d 7d Ah 9s 8h]
Seat 1: B_loJkl (button) (small blind) folded on the River
Seat 5: simper11 (big blind) collected ($41.50)


PokerStars Hand #155140757518:  Hold'em Limit ($3/$6 USD) - 2016/06/24 11:31:46 ET
Table 'Sponde' 10-max Seat #1 is the button
Seat 1: B_loJkl ($152.71 in chips)
Seat 5: simper11 ($231.82 in chips)
B_loJkl: posts small blind $1
simper11: posts big blind $3
*** HOLE CARDS ***
B_loJkl: raises $3 to $6
simper11: folds
Uncalled bet ($3) returned to B_loJkl
B_loJkl collected $6 from pot
B_loJkl: doesn't show hand
*** SUMMARY ***
Total pot $6 | Rake $0
Seat 1: B_loJkl (button) (small blind) collected ($6)
Seat 5: simper11 (big blind) folded before Flop


PokerStars Hand #155140763325:  Hold'em Limit ($3/$6 USD) - 2016/06/24 11:31:56 ET
Table 'Sponde' 10-max Seat #5 is the button
Seat 1: B_loJkl ($155.71 in chips)
Seat 5: simper11 ($228.82 in chips)
simper11: posts small blind $1
B_loJkl: posts big blind $3
*** HOLE CARDS ***
simper11: raises $3 to $6
B_loJkl: calls $3
*** FLOP *** [3d Th Kd]
B_loJkl: checks
simper11: bets $3
B_loJkl: raises $3 to $6
simper11: calls $3
*** TURN *** [3d Th Kd] [5h]
B_loJkl: bets $6
simper11: calls $6
*** RIVER *** [3d Th Kd 5h] [3h]
B_loJkl: checks
simper11: checks
*** SHOW DOWN ***
B_loJkl: shows [Ad 7s] (a pair of Threes)
simper11: shows [Td 9c] (two pair, Tens and Threes)
simper11 collected $35.50 from pot
*** SUMMARY ***
Total pot $36 | Rake $0.50
Board [3d Th Kd 5h 3h]
Seat 1: B_loJkl (big blind) showed [Ad 7s] and lost with a pair of Threes
Seat 5: simper11 (button) (small blind) showed [Td 9c] and won ($35.50) with two pair, Tens and Threes


PokerStars Hand #155140667493:  Hold'em Limit ($3/$6 USD) - 2016/06/24 11:29:08 ET
Table 'Sponde' 10-max Seat #1 is the button
Seat 1: B_loJkl ($220.69 in chips)
Seat 5: simper11 ($167.06 in chips)
B_loJkl: posts small blind $1
simper11: posts big blind $3
*** HOLE CARDS ***
B_loJkl: raises $3 to $6
simper11: calls $3
*** FLOP *** [Jc 9h Th]
simper11: checks
B_loJkl: bets $3
simper11: raises $3 to $6
B_loJkl: raises $3 to $9
simper11: raises $3 to $12
Betting is capped
B_loJkl: calls $3
*** TURN *** [Jc 9h Th] [4d]
simper11: bets $6
B_loJkl: calls $6
*** RIVER *** [Jc 9h Th 4d] [Tc]
simper11: bets $6
B_loJkl: calls $6
*** SHOW DOWN ***
simper11: shows [Qd 8c] (a straight, Eight to Queen)
B_loJkl: mucks hand
simper11 collected $59.50 from pot
*** SUMMARY ***
Total pot $60 | Rake $0.50
Board [Jc 9h Th 4d Tc]
Seat 1: B_loJkl (button) (small blind) mucked
Seat 5: simper11 (big blind) showed [Qd 8c] and won ($59.50) with a straight, Eight to Queen


PokerStars Hand #155140679373:  Hold'em Limit ($3/$6 USD) - 2016/06/24 11:29:29 ET
Table 'Sponde' 10-max Seat #5 is the button
Seat 1: B_loJkl ($190.69 in chips)
Seat 5: simper11 ($196.56 in chips)
simper11: posts small blind $1
B_loJkl: posts big blind $3
*** HOLE CARDS ***
simper11: raises $3 to $6
B_loJkl: calls $3
*** FLOP *** [9c 2s 4h]
B_loJkl: checks
simper11: bets $3
B_loJkl: raises $3 to $6
simper11: calls $3
*** TURN *** [9c 2s 4h] [Td]
B_loJkl: bets $6
simper11: folds
Uncalled bet ($6) returned to B_loJkl
B_loJkl collected $23.52 from pot
B_loJkl: doesn't show hand
*** SUMMARY ***
Total pot $24 | Rake $0.48
Board [9c 2s 4h Td]
Seat 1: B_loJkl (big blind) collected ($23.52)
Seat 5: simper11 (button) (small blind) folded on the Turn


PokerStars Hand #155140690800:  Hold'em Limit ($3/$6 USD) - 2016/06/24 11:29:50 ET
Table 'Sponde' 10-max Seat #1 is the button
Seat 1: B_loJkl ($202.21 in chips)
Seat 5: simper11 ($184.56 in chips)
B_loJkl: posts small blind $1
simper11: posts big blind $3
*** HOLE CARDS ***
B_loJkl: raises $3 to $6
simper11: raises $3 to $9
B_loJkl: calls $3
*** FLOP *** [Qs 7h Jd]
simper11: bets $3
B_loJkl: calls $3
*** TURN *** [Qs 7h Jd] [Qh]
simper11: bets $6
B_loJkl: calls $6
*** RIVER *** [Qs 7h Jd Qh] [Th]
simper11: bets $6
B_loJkl: folds
Uncalled bet ($6) returned to simper11
simper11 collected $35.50 from pot
simper11: doesn't show hand
*** SUMMARY ***
Total pot $36 | Rake $0.50
Board [Qs 7h Jd Qh Th]
Seat 1: B_loJkl (button) (small blind) folded on the River
Seat 5: simper11 (big blind) collected ($35.50)


PokerStars Hand #155140800210:  Hold'em Limit ($3/$6 USD) - 2016/06/24 11:33:00 ET
Table 'Sponde' 10-max Seat #5 is the button
Seat 1: B_loJkl ($133.99 in chips)
Seat 5: simper11 ($248.82 in chips)
simper11: posts small blind $1
B_loJkl: posts big blind $3
*** HOLE CARDS ***
simper11: raises $3 to $6
B_loJkl: calls $3
*** FLOP *** [3c Ts 7c]
B_loJkl: checks
simper11: bets $3
B_loJkl: raises $3 to $6
simper11: folds
Uncalled bet ($3) returned to B_loJkl
B_loJkl collected $17.64 from pot
B_loJkl: doesn't show hand
*** SUMMARY ***
Total pot $18 | Rake $0.36
Board [3c Ts 7c]
Seat 1: B_loJkl (big blind) collected ($17.64)
Seat 5: simper11 (button) (small blind) folded on the Flop


PokerStars Hand #155140795425:  Hold'em Limit ($3/$6 USD) - 2016/06/24 11:32:52 ET
Table 'Sponde' 10-max Seat #1 is the button
Seat 1: B_loJkl ($128.23 in chips)
Seat 5: simper11 ($254.82 in chips)
B_loJkl: posts small blind $1
simper11: posts big blind $3
*** HOLE CARDS ***
B_loJkl: raises $3 to $6
simper11: calls $3
*** FLOP *** [4d 3s Js]
simper11: checks
B_loJkl: bets $3
simper11: folds
Uncalled bet ($3) returned to B_loJkl
B_loJkl collected $11.76 from pot
B_loJkl: doesn't show hand
*** SUMMARY ***
Total pot $12 | Rake $0.24
Board [4d 3s Js]
Seat 1: B_loJkl (button) (small blind) collected ($11.76)
Seat 5: simper11 (big blind) folded on the Flop


PokerStars Hand #155140785635:  Hold'em Limit ($3/$6 USD) - 2016/06/24 11:32:35 ET
Table 'Sponde' 10-max Seat #5 is the button
Seat 1: B_loJkl ($116.71 in chips)
Seat 5: simper11 ($266.82 in chips)
simper11: posts small blind $1
B_loJkl: posts big blind $3
*** HOLE CARDS ***
simper11: raises $3 to $6
B_loJkl: raises $3 to $9
simper11: calls $3
*** FLOP *** [7d 5h Ts]
B_loJkl: bets $3
simper11: calls $3
*** TURN *** [7d 5h Ts] [Kd]
B_loJkl: checks
simper11: checks
*** RIVER *** [7d 5h Ts Kd] [Qd]
B_loJkl: bets $6
simper11: folds
Uncalled bet ($6) returned to B_loJkl
B_loJkl collected $23.52 from pot
B_loJkl: doesn't show hand
*** SUMMARY ***
Total pot $24 | Rake $0.48
Board [7d 5h Ts Kd Qd]
Seat 1: B_loJkl (big blind) collected ($23.52)
Seat 5: simper11 (button) (small blind) folded on the River


PokerStars Hand #155146923446:  Hold'em Limit ($3/$6 USD) - 2016/06/24 14:22:25 ET
Table 'Sponde' 10-max Seat #4 is the button
Seat 4: ZinZar ($72 in chips)
Seat 5: mack n tire ($120 in chips)
ZinZar: posts small blind $1
mack n tire: posts big blind $3
*** HOLE CARDS ***
ZinZar: folds
Uncalled bet ($2) returned to mack n tire
mack n tire collected $2 from pot
mack n tire: doesn't show hand
*** SUMMARY ***
Total pot $2 | Rake $0
Seat 4: ZinZar (button) (small blind) folded before Flop
Seat 5: mack n tire (big blind) collected ($2)


PokerStars Hand #155146946004:  Hold'em Limit ($3/$6 USD) - 2016/06/24 14:22:59 ET
Table 'Sponde' 10-max Seat #4 is the button
Seat 4: ZinZar ($86.50 in chips)
Seat 5: mack n tire ($106 in chips)
ZinZar: posts small blind $1
mack n tire: posts big blind $3
*** HOLE CARDS ***
ZinZar: raises $3 to $6
mack n tire: folds
Uncalled bet ($3) returned to ZinZar
ZinZar collected $6 from pot
ZinZar: doesn't show hand
*** SUMMARY ***
Total pot $6 | Rake $0
Seat 4: ZinZar (button) (small blind) collected ($6)
Seat 5: mack n tire (big blind) folded before Flop


PokerStars Hand #155146929167:  Hold'em Limit ($3/$6 USD) - 2016/06/24 14:22:33 ET
Table 'Sponde' 10-max Seat #5 is the button
Seat 4: ZinZar ($72 in chips)
Seat 5: mack n tire ($121 in chips)
mack n tire: posts small blind $1
ZinZar: posts big blind $3
*** HOLE CARDS ***
mack n tire: calls $2
ZinZar: raises $3 to $6
mack n tire: calls $3
*** FLOP *** [4h Jd 4c]
ZinZar: bets $3
mack n tire: calls $3
*** TURN *** [4h Jd 4c] [Kc]
ZinZar: checks
mack n tire: bets $6
ZinZar: calls $6
*** RIVER *** [4h Jd 4c Kc] [Ad]
ZinZar: bets $6
mack n tire: folds
Uncalled bet ($6) returned to ZinZar
ZinZar collected $29.50 from pot
ZinZar: doesn't show hand
*** SUMMARY ***
Total pot $30 | Rake $0.50
Board [4h Jd 4c Kc Ad]
Seat 4: ZinZar (big blind) collected ($29.50)
Seat 5: mack n tire (button) (small blind) folded on the River


PokerStars Hand #155146954078:  Hold'em Limit ($3/$6 USD) - 2016/06/24 14:23:12 ET
Table 'Sponde' 10-max Seat #4 is the button
Seat 4: ZinZar ($90.50 in chips)
Seat 5: mack n tire ($102 in chips)
ZinZar: posts small blind $1
mack n tire: posts big blind $3
*** HOLE CARDS ***
ZinZar: raises $3 to $6
mack n tire: calls $3
*** FLOP *** [8h Th Jc]
mack n tire: bets $3
ZinZar: calls $3
*** TURN *** [8h Th Jc] [9h]
mack n tire: bets $6
ZinZar: calls $6
*** RIVER *** [8h Th Jc 9h] [3s]
mack n tire: bets $6
ZinZar: calls $6
*** SHOW DOWN ***
mack n tire: shows [Ts 9c] (two pair, Tens and Nines)
ZinZar: shows [7s 7d] (a straight, Seven to Jack)
ZinZar collected $41.50 from pot
*** SUMMARY ***
Total pot $42 | Rake $0.50
Board [8h Th Jc 9h 3s]
Seat 4: ZinZar (button) (small blind) showed [7s 7d] and won ($41.50) with a straight, Seven to Jack
Seat 5: mack n tire (big blind) showed [Ts 9c] and lost with two pair, Tens and Nines


PokerStars Hand #155146968913:  Hold'em Limit ($3/$6 USD) - 2016/06/24 14:23:34 ET
Table 'Sponde' 10-max Seat #5 is the button
Seat 4: ZinZar ($111 in chips)
Seat 5: mack n tire ($81 in chips)
mack n tire: posts small blind $1
ZinZar: posts big blind $3
*** HOLE CARDS ***
mack n tire: folds
Uncalled bet ($2) returned to ZinZar
ZinZar collected $2 from pot
ZinZar: doesn't show hand
*** SUMMARY ***
Total pot $2 | Rake $0
Seat 4: ZinZar (big blind) collected ($2)
Seat 5: mack n tire (button) (small blind) folded before Flop


PokerStars Hand #155146950774:  Hold'em Limit ($3/$6 USD) - 2016/06/24 14:23:07 ET
Table 'Sponde' 10-max Seat #5 is the button
Seat 4: ZinZar ($89.50 in chips)
Seat 5: mack n tire ($103 in chips)
mack n tire: posts small blind $1
ZinZar: posts big blind $3
*** HOLE CARDS ***
mack n tire: folds
Uncalled bet ($2) returned to ZinZar
ZinZar collected $2 from pot
ZinZar: doesn't show hand
*** SUMMARY ***
Total pot $2 | Rake $0
Seat 4: ZinZar (big blind) collected ($2)
Seat 5: mack n tire (button) (small blind) folded before Flop


PokerStars Hand #155146992068:  Hold'em Limit ($3/$6 USD) - 2016/06/24 14:24:10 ET
Table 'Sponde' 10-max Seat #5 is the button
Seat 4: ZinZar ($120.64 in chips)
Seat 5: mack n tire ($71 in chips)
mack n tire: posts small blind $1
ZinZar: posts big blind $3
*** HOLE CARDS ***
mack n tire: folds
Uncalled bet ($2) returned to ZinZar
ZinZar collected $2 from pot
ZinZar: doesn't show hand
*** SUMMARY ***
Total pot $2 | Rake $0
Seat 4: ZinZar (big blind) collected ($2)
Seat 5: mack n tire (button) (small blind) folded before Flop


PokerStars Hand #155146974153:  Hold'em Limit ($3/$6 USD) - 2016/06/24 14:23:42 ET
Table 'Sponde' 10-max Seat #4 is the button
Seat 4: ZinZar ($112 in chips)
Seat 5: mack n tire ($80 in chips)
ZinZar: posts small blind $1
mack n tire: posts big blind $3
*** HOLE CARDS ***
ZinZar: raises $3 to $6
mack n tire: calls $3
*** FLOP *** [9s As Ks]
mack n tire: checks
ZinZar: bets $3
mack n tire: calls $3
*** TURN *** [9s As Ks] [9d]
mack n tire: folds
ZinZar collected $17.64 from pot
ZinZar: doesn't show hand
*** SUMMARY ***
Total pot $18 | Rake $0.36
Board [9s As Ks 9d]
Seat 4: ZinZar (button) (small blind) collected ($17.64)
Seat 5: mack n tire (big blind) folded on the Turn


PokerStars Hand #155146996705:  Hold'em Limit ($3/$6 USD) - 2016/06/24 14:24:17 ET
Table 'Sponde' 10-max Seat #4 is the button
Seat 4: ZinZar ($121.64 in chips)
Seat 5: mack n tire ($70 in chips)
ZinZar: posts small blind $1
mack n tire: posts big blind $3
*** HOLE CARDS ***
ZinZar: raises $3 to $6
mack n tire: calls $3
*** FLOP *** [4c Tc 6d]
mack n tire: checks
ZinZar: bets $3
mack n tire: calls $3
*** TURN *** [4c Tc 6d] [8h]
mack n tire: checks
ZinZar: checks
*** RIVER *** [4c Tc 6d 8h] [Js]
mack n tire: bets $6
ZinZar: calls $6
*** SHOW DOWN ***
mack n tire: shows [Jd 6c] (two pair, Jacks and Sixes)
ZinZar: mucks hand
mack n tire collected $29.50 from pot
*** SUMMARY ***
Total pot $30 | Rake $0.50
Board [4c Tc 6d 8h Js]
Seat 4: ZinZar (button) (small blind) mucked
Seat 5: mack n tire (big blind) showed [Jd 6c] and won ($29.50) with two pair, Jacks and Sixes


PokerStars Hand #155147040899:  Hold'em Limit ($3/$6 USD) - 2016/06/24 14:25:13 ET
Table 'Sponde' 10-max Seat #4 is the button
Seat 4: ZinZar ($110.40 in chips)
Seat 5: mack n tire ($80.38 in chips)
ZinZar: posts small blind $1
mack n tire: posts big blind $3
*** HOLE CARDS ***
ZinZar: raises $3 to $6
mack n tire: folds
Uncalled bet ($3) returned to ZinZar
ZinZar collected $6 from pot
ZinZar: doesn't show hand
*** SUMMARY ***
Total pot $6 | Rake $0
Seat 4: ZinZar (button) (small blind) collected ($6)
Seat 5: mack n tire (big blind) folded before Flop


PokerStars Hand #155147030012:  Hold'em Limit ($3/$6 USD) - 2016/06/24 14:25:08 ET
Table 'Sponde' 10-max Seat #5 is the button
Seat 4: ZinZar ($109.40 in chips)
Seat 5: mack n tire ($81.38 in chips)
mack n tire: posts small blind $1
ZinZar: posts big blind $3
*** HOLE CARDS ***
mack n tire: folds
Uncalled bet ($2) returned to ZinZar
ZinZar collected $2 from pot
ZinZar: doesn't show hand
*** SUMMARY ***
Total pot $2 | Rake $0
Seat 4: ZinZar (big blind) collected ($2)
Seat 5: mack n tire (button) (small blind) folded before Flop


PokerStars Hand #155147009863:  Hold'em Limit ($3/$6 USD) - 2016/06/24 14:24:37 ET
Table 'Sponde' 10-max Seat #5 is the button
Seat 4: ZinZar ($106.64 in chips)
Seat 5: mack n tire ($84.50 in chips)
mack n tire: posts small blind $1
ZinZar: posts big blind $3
*** HOLE CARDS ***
mack n tire: calls $2
ZinZar: checks
*** FLOP *** [7s Kc 5s]
ZinZar: checks
mack n tire: checks
*** TURN *** [7s Kc 5s] [5d]
ZinZar: checks
mack n tire: bets $6
ZinZar: folds
Uncalled bet ($6) returned to mack n tire
mack n tire collected $5.88 from pot
mack n tire: doesn't show hand
*** SUMMARY ***
Total pot $6 | Rake $0.12
Board [7s Kc 5s 5d]
Seat 4: ZinZar (big blind) folded on the Turn
Seat 5: mack n tire (button) (small blind) collected ($5.88)


PokerStars Hand #155147020699:  Hold'em Limit ($3/$6 USD) - 2016/06/24 14:24:54 ET
Table 'Sponde' 10-max Seat #4 is the button
Seat 4: ZinZar ($103.64 in chips)
Seat 5: mack n tire ($87.38 in chips)
ZinZar: posts small blind $1
mack n tire: posts big blind $3
*** HOLE CARDS ***
ZinZar: raises $3 to $6
mack n tire: calls $3
*** FLOP *** [7c 2d Kd]
BagweII joins the table at seat #6
mack n tire: checks
ZinZar: bets $3
mack n tire: folds
Uncalled bet ($3) returned to ZinZar
ZinZar collected $11.76 from pot
ZinZar: doesn't show hand
*** SUMMARY ***
Total pot $12 | Rake $0.24
Board [7c 2d Kd]
Seat 4: ZinZar (button) (small blind) collected ($11.76)
Seat 5: mack n tire (big blind) folded on the Flop


PokerStars Hand #155147044675:  Hold'em Limit ($3/$6 USD) - 2016/06/24 14:25:18 ET
Table 'Sponde' 10-max Seat #5 is the button
Seat 4: ZinZar ($113.40 in chips)
Seat 5: mack n tire ($77.38 in chips)
mack n tire: posts small blind $1
ZinZar: posts big blind $3
*** HOLE CARDS ***
mack n tire: calls $2
ZinZar: checks
*** FLOP *** [4h 6h Kc]
ZinZar: checks
mack n tire: bets $3
ZinZar: folds
Uncalled bet ($3) returned to mack n tire
mack n tire collected $5.88 from pot
mack n tire: doesn't show hand
*** SUMMARY ***
Total pot $6 | Rake $0.12
Board [4h 6h Kc]
Seat 4: ZinZar (big blind) folded on the Flop
Seat 5: mack n tire (button) (small blind) collected ($5.88)


PokerStars Hand #155147085776:  Hold'em Limit ($3/$6 USD) - 2016/06/24 14:26:21 ET
Table 'Sponde' 10-max Seat #4 is the button
Seat 4: ZinZar ($154.40 in chips)
Seat 5: mack n tire ($35.26 in chips)
ZinZar: posts small blind $1
mack n tire: posts big blind $3
*** HOLE CARDS ***
ZinZar: folds
Uncalled bet ($2) returned to mack n tire
mack n tire collected $2 from pot
mack n tire: doesn't show hand
*** SUMMARY ***
Total pot $2 | Rake $0
Seat 4: ZinZar (button) (small blind) folded before Flop
Seat 5: mack n tire (big blind) collected ($2)


PokerStars Hand #155147072598:  Hold'em Limit ($3/$6 USD) - 2016/06/24 14:26:01 ET
Table 'Sponde' 10-max Seat #5 is the button
Seat 4: ZinZar ($136.90 in chips)
Seat 5: mack n tire ($53.26 in chips)
mack n tire: posts small blind $1
ZinZar: posts big blind $3
*** HOLE CARDS ***
mack n tire: calls $2
ZinZar: checks
*** FLOP *** [3d 6s 2c]
ZinZar: bets $3
mack n tire: calls $3
*** TURN *** [3d 6s 2c] [Kc]
ZinZar: bets $6
mack n tire: calls $6
*** RIVER *** [3d 6s 2c Kc] [2d]
ZinZar: bets $6
mack n tire: calls $6
*** SHOW DOWN ***
ZinZar: shows [3c 2s] (a full house, Deuces full of Threes)
mack n tire: mucks hand
ZinZar collected $35.50 from pot
*** SUMMARY ***
Total pot $36 | Rake $0.50
Board [3d 6s 2c Kc 2d]
Seat 4: ZinZar (big blind) showed [3c 2s] and won ($35.50) with a full house, Deuces full of Threes
Seat 5: mack n tire (button) (small blind) mucked


PokerStars Hand #155147057156:  Hold'em Limit ($3/$6 USD) - 2016/06/24 14:25:38 ET
Table 'Sponde' 10-max Seat #4 is the button
Seat 4: ZinZar ($110.40 in chips)
Seat 5: mack n tire ($80.26 in chips)
ZinZar: posts small blind $1
mack n tire: posts big blind $3
*** HOLE CARDS ***
ZinZar: raises $3 to $6
mack n tire: calls $3
*** FLOP *** [Js 7c 4d]
mack n tire: bets $3
ZinZar: calls $3
*** TURN *** [Js 7c 4d] [2d]
mack n tire: bets $6
ZinZar: calls $6
*** RIVER *** [Js 7c 4d 2d] [6h]
mack n tire: bets $6
ZinZar: raises $6 to $12
mack n tire: calls $6
*** SHOW DOWN ***
ZinZar: shows [7d 6d] (two pair, Sevens and Sixes)
mack n tire: mucks hand
ZinZar collected $53.50 from pot
*** SUMMARY ***
Total pot $54 | Rake $0.50
Board [Js 7c 4d 2d 6h]
Seat 4: ZinZar (button) (small blind) showed [7d 6d] and won ($53.50) with two pair, Sevens and Sixes
Seat 5: mack n tire (big blind) mucked


PokerStars Hand #155147349534:  Hold'em Limit ($3/$6 USD) - 2016/06/24 14:33:06 ET
Table 'Sponde' 10-max Seat #6 is the button
Seat 4: ZinZar ($175 in chips)
Seat 6: BagweII ($140.84 in chips)
BagweII: posts small blind $1
ZinZar: posts big blind $3
*** HOLE CARDS ***
BagweII: raises $3 to $6
ZinZar: calls $3
*** FLOP *** [Td 4c 2c]
ZinZar: checks
BagweII: bets $3
ZinZar: calls $3
*** TURN *** [Td 4c 2c] [8c]
ZinZar: checks
BagweII: bets $6
ZinZar: calls $6
*** RIVER *** [Td 4c 2c 8c] [4d]
ZinZar: checks
BagweII: bets $6
ZinZar: calls $6
*** SHOW DOWN ***
BagweII: shows [4h As] (three of a kind, Fours)
ZinZar: mucks hand
BagweII collected $41.50 from pot
*** SUMMARY ***
Total pot $42 | Rake $0.50
Board [Td 4c 2c 8c 4d]
Seat 4: ZinZar (big blind) mucked
Seat 6: BagweII (button) (small blind) showed [4h As] and won ($41.50) with three of a kind, Fours


PokerStars Hand #155147376296:  Hold'em Limit ($3/$6 USD) - 2016/06/24 14:33:46 ET
Table 'Sponde' 10-max Seat #4 is the button
Seat 4: ZinZar ($154 in chips)
Seat 6: BagweII ($161.34 in chips)
ZinZar: posts small blind $1
BagweII: posts big blind $3
*** HOLE CARDS ***
ZinZar: raises $3 to $6
BagweII: calls $3
*** FLOP *** [Kd Ts 4h]
BagweII: checks
ZinZar: bets $3
BagweII: raises $3 to $6
ZinZar: folds
Uncalled bet ($3) returned to BagweII
BagweII collected $17.64 from pot
BagweII: doesn't show hand
*** SUMMARY ***
Total pot $18 | Rake $0.36
Board [Kd Ts 4h]
Seat 4: ZinZar (button) (small blind) folded on the Flop
Seat 6: BagweII (big blind) collected ($17.64)


