PokerStars Hand #160230595454:  Hold'em Limit ($3/$6 USD) - 2016/10/21 8:50:08 ET
Table 'Sponde' 6-max Seat #4 is the button
Seat 3: cashmuzi ($62.72 in chips)
Seat 4: Actionni13 ($151 in chips)
Actionni13: posts small blind $1
cashmuzi: posts big blind $3
*** HOLE CARDS ***
Actionni13: raises $3 to $6
cashmuzi: calls $3
*** FLOP *** [Kh 9c 8d]
cashmuzi: checks
Actionni13: bets $3
cashmuzi: calls $3
*** TURN *** [Kh 9c 8d] [Ks]
cashmuzi: checks
Actionni13: checks
*** RIVER *** [Kh 9c 8d Ks] [6h]
cashmuzi: checks
Actionni13: checks
*** SHOW DOWN ***
cashmuzi: shows [Jh Qc] (a pair of Kings)
Actionni13: shows [Ad 5s] (a pair of Kings - Ace kicker)
Actionni13 collected $17.64 from pot
*** SUMMARY ***
Total pot $18 | Rake $0.36
Board [Kh 9c 8d Ks 6h]
Seat 3: cashmuzi (big blind) showed [Jh Qc] and lost with a pair of Kings
Seat 4: Actionni13 (button) (small blind) showed [Ad 5s] and won ($17.64) with a pair of Kings


PokerStars Hand #160230610247:  Hold'em Limit ($3/$6 USD) - 2016/10/21 8:50:37 ET
Table 'Sponde' 6-max Seat #3 is the button
Seat 3: cashmuzi ($53.72 in chips)
Seat 4: Actionni13 ($159.64 in chips)
cashmuzi: posts small blind $1
Actionni13: posts big blind $3
*** HOLE CARDS ***
cashmuzi: calls $2
Actionni13: raises $3 to $6
cashmuzi: calls $3
*** FLOP *** [4s 6h 4h]
Actionni13: bets $3
cashmuzi: calls $3
*** TURN *** [4s 6h 4h] [6s]
Actionni13: bets $6
cashmuzi: calls $6
*** RIVER *** [4s 6h 4h 6s] [Kc]
Actionni13: bets $6
cashmuzi: folds
Uncalled bet ($6) returned to Actionni13
Actionni13 collected $29.50 from pot
Actionni13: doesn't show hand
*** SUMMARY ***
Total pot $30 | Rake $0.50
Board [4s 6h 4h 6s Kc]
Seat 3: cashmuzi (button) (small blind) folded on the River
Seat 4: Actionni13 (big blind) collected ($29.50)


PokerStars Hand #160230626884:  Hold'em Limit ($3/$6 USD) - 2016/10/21 8:51:09 ET
Table 'Sponde' 6-max Seat #4 is the button
Seat 3: cashmuzi ($33.72 in chips)
Seat 4: Actionni13 ($178.90 in chips)
Actionni13: posts small blind $1
cashmuzi: posts big blind $3
*** HOLE CARDS ***
Actionni13: raises $3 to $6
cashmuzi: calls $3
*** FLOP *** [As 4s 2s]
cashmuzi: checks
Actionni13: bets $3
cashmuzi: calls $3
*** TURN *** [As 4s 2s] [8h]
cashmuzi: checks
Actionni13: checks
*** RIVER *** [As 4s 2s 8h] [2c]
cashmuzi: checks
Actionni13: checks
*** SHOW DOWN ***
cashmuzi: shows [Ac 3d] (two pair, Aces and Deuces)
Actionni13: mucks hand
cashmuzi collected $17.64 from pot
*** SUMMARY ***
Total pot $18 | Rake $0.36
Board [As 4s 2s 8h 2c]
Seat 3: cashmuzi (big blind) showed [Ac 3d] and won ($17.64) with two pair, Aces and Deuces
Seat 4: Actionni13 (button) (small blind) mucked


PokerStars Hand #160230621519:  Hold'em Limit ($3/$6 USD) - 2016/10/21 8:50:58 ET
Table 'Sponde' 6-max Seat #3 is the button
Seat 3: cashmuzi ($39.72 in chips)
Seat 4: Actionni13 ($173.14 in chips)
cashmuzi: posts small blind $1
Actionni13: posts big blind $3
*** HOLE CARDS ***
cashmuzi: calls $2
Actionni13: raises $3 to $6
cashmuzi: calls $3
*** FLOP *** [Js 3c 5c]
Actionni13: bets $3
cashmuzi: folds
Uncalled bet ($3) returned to Actionni13
Actionni13 collected $11.76 from pot
Actionni13: doesn't show hand
*** SUMMARY ***
Total pot $12 | Rake $0.24
Board [Js 3c 5c]
Seat 3: cashmuzi (button) (small blind) folded on the Flop
Seat 4: Actionni13 (big blind) collected ($11.76)


PokerStars Hand #160230674475:  Hold'em Limit ($3/$6 USD) - 2016/10/21 8:52:40 ET
Table 'Sponde' 6-max Seat #3 is the button
Seat 3: cashmuzi ($55.74 in chips)
Seat 4: Actionni13 ($155.90 in chips)
cashmuzi: posts small blind $1
Actionni13: posts big blind $3
*** HOLE CARDS ***
cashmuzi: folds
Uncalled bet ($2) returned to Actionni13
Actionni13 collected $2 from pot
Actionni13: doesn't show hand
*** SUMMARY ***
Total pot $2 | Rake $0
Seat 3: cashmuzi (button) (small blind) folded before Flop
Seat 4: Actionni13 (big blind) collected ($2)


PokerStars Hand #160230665800:  Hold'em Limit ($3/$6 USD) - 2016/10/21 8:52:24 ET
Table 'Sponde' 6-max Seat #4 is the button
Seat 3: cashmuzi ($41.24 in chips)
Seat 4: Actionni13 ($170.90 in chips)
Actionni13: posts small blind $1
cashmuzi: posts big blind $3
*** HOLE CARDS ***
Actionni13: raises $3 to $6
cashmuzi: calls $3
*** FLOP *** [4d 7c 3c]
cashmuzi: checks
Actionni13: bets $3
cashmuzi: calls $3
*** TURN *** [4d 7c 3c] [Jc]
cashmuzi: checks
Actionni13: bets $6
cashmuzi: raises $6 to $12
Actionni13: folds
Uncalled bet ($6) returned to cashmuzi
cashmuzi collected $29.50 from pot
cashmuzi: doesn't show hand
*** SUMMARY ***
Total pot $30 | Rake $0.50
Board [4d 7c 3c Jc]
Seat 3: cashmuzi (big blind) collected ($29.50)
Seat 4: Actionni13 (button) (small blind) folded on the Turn


PokerStars Hand #160230648757:  Hold'em Limit ($3/$6 USD) - 2016/10/21 8:51:51 ET
Table 'Sponde' 6-max Seat #4 is the button
Seat 3: cashmuzi ($45.24 in chips)
Seat 4: Actionni13 ($166.90 in chips)
Actionni13: posts small blind $1
cashmuzi: posts big blind $3
*** HOLE CARDS ***
Actionni13: raises $3 to $6
cashmuzi: folds
Uncalled bet ($3) returned to Actionni13
Actionni13 collected $6 from pot
Actionni13: doesn't show hand
*** SUMMARY ***
Total pot $6 | Rake $0
Seat 3: cashmuzi (big blind) folded before Flop
Seat 4: Actionni13 (button) (small blind) collected ($6)


PokerStars Hand #160230634943:  Hold'em Limit ($3/$6 USD) - 2016/10/21 8:51:24 ET
Table 'Sponde' 6-max Seat #3 is the button
Seat 3: cashmuzi ($42.36 in chips)
Seat 4: Actionni13 ($169.90 in chips)
cashmuzi: posts small blind $1
Actionni13: posts big blind $3
*** HOLE CARDS ***
cashmuzi: calls $2
Actionni13: checks
*** FLOP *** [6s 7h Qd]
Actionni13: checks
cashmuzi: checks
*** TURN *** [6s 7h Qd] [Qh]
Actionni13: checks
cashmuzi: checks
*** RIVER *** [6s 7h Qd Qh] [Jh]
Actionni13: checks
cashmuzi: bets $6
Actionni13: folds
Uncalled bet ($6) returned to cashmuzi
cashmuzi collected $5.88 from pot
cashmuzi: doesn't show hand
*** SUMMARY ***
Total pot $6 | Rake $0.12
Board [6s 7h Qd Qh Jh]
Seat 3: cashmuzi (button) (small blind) collected ($5.88)
Seat 4: Actionni13 (big blind) folded on the River


PokerStars Hand #160230652405:  Hold'em Limit ($3/$6 USD) - 2016/10/21 8:51:58 ET
Table 'Sponde' 6-max Seat #3 is the button
Seat 3: cashmuzi ($42.24 in chips)
Seat 4: Actionni13 ($169.90 in chips)
cashmuzi: posts small blind $1
Actionni13: posts big blind $3
*** HOLE CARDS ***
cashmuzi: folds
Uncalled bet ($2) returned to Actionni13
Actionni13 collected $2 from pot
Actionni13: doesn't show hand
*** SUMMARY ***
Total pot $2 | Rake $0
Seat 3: cashmuzi (button) (small blind) folded before Flop
Seat 4: Actionni13 (big blind) collected ($2)


PokerStars Hand #160230654904:  Hold'em Limit ($3/$6 USD) - 2016/10/21 8:52:03 ET
Table 'Sponde' 6-max Seat #4 is the button
Seat 3: cashmuzi ($41.24 in chips)
Seat 4: Actionni13 ($170.90 in chips)
Actionni13: posts small blind $1
cashmuzi: posts big blind $3
*** HOLE CARDS ***
Actionni13: folds
Uncalled bet ($2) returned to cashmuzi
cashmuzi collected $2 from pot
cashmuzi: doesn't show hand
*** SUMMARY ***
Total pot $2 | Rake $0
Seat 3: cashmuzi (big blind) collected ($2)
Seat 4: Actionni13 (button) (small blind) folded before Flop


PokerStars Hand #160230659364:  Hold'em Limit ($3/$6 USD) - 2016/10/21 8:52:12 ET
Table 'Sponde' 6-max Seat #3 is the button
Seat 3: cashmuzi ($42.24 in chips)
Seat 4: Actionni13 ($169.90 in chips)
cashmuzi: posts small blind $1
Actionni13: posts big blind $3
*** HOLE CARDS ***
cashmuzi: folds
Uncalled bet ($2) returned to Actionni13
Actionni13 collected $2 from pot
Actionni13: doesn't show hand
*** SUMMARY ***
Total pot $2 | Rake $0
Seat 3: cashmuzi (button) (small blind) folded before Flop
Seat 4: Actionni13 (big blind) collected ($2)


PokerStars Hand #160230689865:  Hold'em Limit ($3/$6 USD) - 2016/10/21 8:53:10 ET
Table 'Sponde' 6-max Seat #4 is the button
Seat 3: cashmuzi ($42.74 in chips)
Seat 4: Actionni13 ($168.40 in chips)
Actionni13: posts small blind $1
cashmuzi: posts big blind $3
*** HOLE CARDS ***
Actionni13: raises $3 to $6
cashmuzi: calls $3
*** FLOP *** [Qd 9d 8d]
cashmuzi: checks
Actionni13: bets $3
cashmuzi: calls $3
*** TURN *** [Qd 9d 8d] [7h]
cashmuzi: checks
Actionni13: checks
*** RIVER *** [Qd 9d 8d 7h] [9s]
cashmuzi: bets $6
Actionni13: folds
Uncalled bet ($6) returned to cashmuzi
cashmuzi collected $17.64 from pot
cashmuzi: doesn't show hand
*** SUMMARY ***
Total pot $18 | Rake $0.36
Board [Qd 9d 8d 7h 9s]
Seat 3: cashmuzi (big blind) collected ($17.64)
Seat 4: Actionni13 (button) (small blind) folded on the River


PokerStars Hand #160230698339:  Hold'em Limit ($3/$6 USD) - 2016/10/21 8:53:26 ET
Table 'Sponde' 6-max Seat #3 is the button
Seat 3: cashmuzi ($51.38 in chips)
Seat 4: Actionni13 ($159.40 in chips)
cashmuzi: posts small blind $1
Actionni13: posts big blind $3
*** HOLE CARDS ***
cashmuzi: calls $2
Actionni13: raises $3 to $6
cashmuzi: calls $3
*** FLOP *** [2h Th 5h]
Actionni13: bets $3
cashmuzi: calls $3
*** TURN *** [2h Th 5h] [9d]
Actionni13: checks
cashmuzi: bets $6
Actionni13: folds
Uncalled bet ($6) returned to cashmuzi
cashmuzi collected $17.64 from pot
cashmuzi: doesn't show hand
*** SUMMARY ***
Total pot $18 | Rake $0.36
Board [2h Th 5h 9d]
Seat 3: cashmuzi (button) (small blind) collected ($17.64)
Seat 4: Actionni13 (big blind) folded on the Turn


PokerStars Hand #160230676929:  Hold'em Limit ($3/$6 USD) - 2016/10/21 8:52:45 ET
Table 'Sponde' 6-max Seat #4 is the button
Seat 3: cashmuzi ($54.74 in chips)
Seat 4: Actionni13 ($156.90 in chips)
Actionni13: posts small blind $1
cashmuzi: posts big blind $3
*** HOLE CARDS ***
Actionni13: raises $3 to $6
cashmuzi: calls $3
*** FLOP *** [Jd 2d 3c]
cashmuzi: checks
Actionni13: bets $3
cashmuzi: calls $3
*** TURN *** [Jd 2d 3c] [8d]
cashmuzi: checks
Actionni13: bets $6
cashmuzi: calls $6
*** RIVER *** [Jd 2d 3c 8d] [Tc]
cashmuzi: checks
Actionni13: checks
*** SHOW DOWN ***
cashmuzi: shows [Qs 8h] (a pair of Eights)
Actionni13: shows [Kc 8s] (a pair of Eights - King kicker)
Actionni13 collected $29.50 from pot
*** SUMMARY ***
Total pot $30 | Rake $0.50
Board [Jd 2d 3c 8d Tc]
Seat 3: cashmuzi (big blind) showed [Qs 8h] and lost with a pair of Eights
Seat 4: Actionni13 (button) (small blind) showed [Kc 8s] and won ($29.50) with a pair of Eights


PokerStars Hand #160230687016:  Hold'em Limit ($3/$6 USD) - 2016/10/21 8:53:04 ET
Table 'Sponde' 6-max Seat #3 is the button
Seat 3: cashmuzi ($39.74 in chips)
Seat 4: Actionni13 ($171.40 in chips)
cashmuzi: posts small blind $1
Actionni13: posts big blind $3
*** HOLE CARDS ***
cashmuzi: raises $3 to $6
Actionni13: folds
Uncalled bet ($3) returned to cashmuzi
cashmuzi collected $6 from pot
cashmuzi: doesn't show hand
*** SUMMARY ***
Total pot $6 | Rake $0
Seat 3: cashmuzi (button) (small blind) collected ($6)
Seat 4: Actionni13 (big blind) folded before Flop


PokerStars Hand #160230734103:  Hold'em Limit ($3/$6 USD) - 2016/10/21 8:54:34 ET
Table 'Sponde' 6-max Seat #3 is the button
Seat 3: cashmuzi ($85.52 in chips)
Seat 4: Actionni13 ($154 in chips)
cashmuzi: posts small blind $1
Actionni13: posts big blind $3
*** HOLE CARDS ***
cashmuzi: raises $3 to $6
Actionni13: folds
Uncalled bet ($3) returned to cashmuzi
cashmuzi collected $6 from pot
cashmuzi: doesn't show hand
*** SUMMARY ***
Total pot $6 | Rake $0
Seat 3: cashmuzi (button) (small blind) collected ($6)
Seat 4: Actionni13 (big blind) folded before Flop


PokerStars Hand #160230707290:  Hold'em Limit ($3/$6 USD) - 2016/10/21 8:53:43 ET
Table 'Sponde' 6-max Seat #4 is the button
Seat 3: cashmuzi ($60.02 in chips)
Seat 4: Actionni13 ($150.40 in chips)
Actionni13: posts small blind $1
cashmuzi: posts big blind $3
*** HOLE CARDS ***
Actionni13: raises $3 to $6
cashmuzi: raises $3 to $9
Actionni13: calls $3
*** FLOP *** [7d Qc Ts]
cashmuzi: checks
Actionni13: bets $3
cashmuzi: calls $3
*** TURN *** [7d Qc Ts] [5s]
cashmuzi: checks
Actionni13: bets $6
cashmuzi: raises $6 to $12
Actionni13: calls $6
*** RIVER *** [7d Qc Ts 5s] [3c]
cashmuzi: bets $6
Actionni13: calls $6
*** SHOW DOWN ***
cashmuzi: shows [As Ac] (a pair of Aces)
Actionni13: mucks hand
cashmuzi collected $59.50 from pot
*** SUMMARY ***
Total pot $60 | Rake $0.50
Board [7d Qc Ts 5s 3c]
Seat 3: cashmuzi (big blind) showed [As Ac] and won ($59.50) with a pair of Aces
Seat 4: Actionni13 (button) (small blind) mucked


PokerStars Hand #160230723680:  Hold'em Limit ($3/$6 USD) - 2016/10/21 8:54:14 ET
Table 'Sponde' 6-max Seat #3 is the button
Seat 3: cashmuzi ($89.52 in chips)
Seat 4: Actionni13 ($150 in chips)
cashmuzi: posts small blind $1
Actionni13: posts big blind $3
*** HOLE CARDS ***
cashmuzi: folds
Uncalled bet ($2) returned to Actionni13
Actionni13 collected $2 from pot
Actionni13: doesn't show hand
*** SUMMARY ***
Total pot $2 | Rake $0
Seat 3: cashmuzi (button) (small blind) folded before Flop
Seat 4: Actionni13 (big blind) collected ($2)


PokerStars Hand #160230729902:  Hold'em Limit ($3/$6 USD) - 2016/10/21 8:54:26 ET
Table 'Sponde' 6-max Seat #4 is the button
Seat 3: cashmuzi ($88.52 in chips)
Seat 4: Actionni13 ($151 in chips)
Actionni13: posts small blind $1
cashmuzi: posts big blind $3
*** HOLE CARDS ***
Actionni13: raises $3 to $6
cashmuzi: folds
Uncalled bet ($3) returned to Actionni13
Actionni13 collected $6 from pot
Actionni13: doesn't show hand
*** SUMMARY ***
Total pot $6 | Rake $0
Seat 3: cashmuzi (big blind) folded before Flop
Seat 4: Actionni13 (button) (small blind) collected ($6)


PokerStars Hand #160230748124:  Hold'em Limit ($3/$6 USD) - 2016/10/21 8:55:01 ET
Table 'Sponde' 6-max Seat #4 is the button
Seat 3: cashmuzi ($81.52 in chips)
Seat 4: Actionni13 ($157.76 in chips)
Actionni13: posts small blind $1
cashmuzi: posts big blind $3
*** HOLE CARDS ***
Actionni13: raises $3 to $6
cashmuzi: folds
Uncalled bet ($3) returned to Actionni13
Actionni13 collected $6 from pot
Actionni13: doesn't show hand
*** SUMMARY ***
Total pot $6 | Rake $0
Seat 3: cashmuzi (big blind) folded before Flop
Seat 4: Actionni13 (button) (small blind) collected ($6)


PokerStars Hand #160230745645:  Hold'em Limit ($3/$6 USD) - 2016/10/21 8:54:57 ET
Table 'Sponde' 6-max Seat #3 is the button
Seat 3: cashmuzi ($82.52 in chips)
Seat 4: Actionni13 ($156.76 in chips)
cashmuzi: posts small blind $1
Actionni13: posts big blind $3
*** HOLE CARDS ***
cashmuzi: folds
Uncalled bet ($2) returned to Actionni13
Actionni13 collected $2 from pot
Actionni13: doesn't show hand
*** SUMMARY ***
Total pot $2 | Rake $0
Seat 3: cashmuzi (button) (small blind) folded before Flop
Seat 4: Actionni13 (big blind) collected ($2)


PokerStars Hand #160230754316:  Hold'em Limit ($3/$6 USD) - 2016/10/21 8:55:13 ET
Table 'Sponde' 6-max Seat #4 is the button
Seat 3: cashmuzi ($77.52 in chips)
Seat 4: Actionni13 ($161.76 in chips)
Actionni13: posts small blind $1
cashmuzi: posts big blind $3
*** HOLE CARDS ***
Actionni13: raises $3 to $6
cashmuzi: folds
Uncalled bet ($3) returned to Actionni13
Actionni13 collected $6 from pot
Actionni13: doesn't show hand
*** SUMMARY ***
Total pot $6 | Rake $0
Seat 3: cashmuzi (big blind) folded before Flop
Seat 4: Actionni13 (button) (small blind) collected ($6)


PokerStars Hand #160230751993:  Hold'em Limit ($3/$6 USD) - 2016/10/21 8:55:09 ET
Table 'Sponde' 6-max Seat #3 is the button
Seat 3: cashmuzi ($78.52 in chips)
Seat 4: Actionni13 ($160.76 in chips)
cashmuzi: posts small blind $1
Actionni13: posts big blind $3
*** HOLE CARDS ***
cashmuzi: folds
Uncalled bet ($2) returned to Actionni13
Actionni13 collected $2 from pot
Actionni13: doesn't show hand
*** SUMMARY ***
Total pot $2 | Rake $0
Seat 3: cashmuzi (button) (small blind) folded before Flop
Seat 4: Actionni13 (big blind) collected ($2)


PokerStars Hand #160230759010:  Hold'em Limit ($3/$6 USD) - 2016/10/21 8:55:23 ET
Table 'Sponde' 6-max Seat #4 is the button
Seat 3: cashmuzi ($73.52 in chips)
Seat 4: Actionni13 ($165.76 in chips)
Actionni13: posts small blind $1
cashmuzi: posts big blind $3
*** HOLE CARDS ***
Actionni13: raises $3 to $6
cashmuzi: calls $3
*** FLOP *** [Ks 3h 6d]
cashmuzi: checks
Actionni13: bets $3
cashmuzi: calls $3
*** TURN *** [Ks 3h 6d] [Kc]
cashmuzi: checks
Actionni13: checks
*** RIVER *** [Ks 3h 6d Kc] [7d]
cashmuzi: checks
Actionni13: checks
*** SHOW DOWN ***
cashmuzi: shows [Ac 9h] (a pair of Kings)
Actionni13: shows [3c Tc] (two pair, Kings and Threes)
Actionni13 collected $17.64 from pot
*** SUMMARY ***
Total pot $18 | Rake $0.36
Board [Ks 3h 6d Kc 7d]
Seat 3: cashmuzi (big blind) showed [Ac 9h] and lost with a pair of Kings
Seat 4: Actionni13 (button) (small blind) showed [3c Tc] and won ($17.64) with two pair, Kings and Threes


PokerStars Hand #160230757122:  Hold'em Limit ($3/$6 USD) - 2016/10/21 8:55:19 ET
Table 'Sponde' 6-max Seat #3 is the button
Seat 3: cashmuzi ($74.52 in chips)
Seat 4: Actionni13 ($164.76 in chips)
cashmuzi: posts small blind $1
Actionni13: posts big blind $3
*** HOLE CARDS ***
cashmuzi: folds
Uncalled bet ($2) returned to Actionni13
Actionni13 collected $2 from pot
Actionni13: doesn't show hand
*** SUMMARY ***
Total pot $2 | Rake $0
Seat 3: cashmuzi (button) (small blind) folded before Flop
Seat 4: Actionni13 (big blind) collected ($2)


PokerStars Hand #160230767724:  Hold'em Limit ($3/$6 USD) - 2016/10/21 8:55:43 ET
Table 'Sponde' 6-max Seat #4 is the button
Seat 3: cashmuzi ($63.52 in chips)
Seat 4: Actionni13 ($175.40 in chips)
Actionni13: posts small blind $1
cashmuzi: posts big blind $3
*** HOLE CARDS ***
Actionni13: raises $3 to $6
cashmuzi: folds
Uncalled bet ($3) returned to Actionni13
Actionni13 collected $6 from pot
Actionni13: doesn't show hand
*** SUMMARY ***
Total pot $6 | Rake $0
Seat 3: cashmuzi (big blind) folded before Flop
Seat 4: Actionni13 (button) (small blind) collected ($6)


PokerStars Hand #160230765786:  Hold'em Limit ($3/$6 USD) - 2016/10/21 8:55:38 ET
Table 'Sponde' 6-max Seat #3 is the button
Seat 3: cashmuzi ($64.52 in chips)
Seat 4: Actionni13 ($174.40 in chips)
cashmuzi: posts small blind $1
Actionni13: posts big blind $3
*** HOLE CARDS ***
cashmuzi: folds
Uncalled bet ($2) returned to Actionni13
Actionni13 collected $2 from pot
Actionni13: doesn't show hand
*** SUMMARY ***
Total pot $2 | Rake $0
Seat 3: cashmuzi (button) (small blind) folded before Flop
Seat 4: Actionni13 (big blind) collected ($2)


PokerStars Hand #160230737456:  Hold'em Limit ($3/$6 USD) - 2016/10/21 8:54:41 ET
Table 'Sponde' 6-max Seat #4 is the button
Seat 3: cashmuzi ($88.52 in chips)
Seat 4: Actionni13 ($151 in chips)
Actionni13: posts small blind $1
cashmuzi: posts big blind $3
*** HOLE CARDS ***
Actionni13: raises $3 to $6
cashmuzi: calls $3
*** FLOP *** [3s Kh 5d]
cashmuzi: checks
Actionni13: bets $3
cashmuzi: folds
Uncalled bet ($3) returned to Actionni13
Actionni13 collected $11.76 from pot
Actionni13: doesn't show hand
*** SUMMARY ***
Total pot $12 | Rake $0.24
Board [3s Kh 5d]
Seat 3: cashmuzi (big blind) folded on the Flop
Seat 4: Actionni13 (button) (small blind) collected ($11.76)


PokerStars Hand #160230774662:  Hold'em Limit ($3/$6 USD) - 2016/10/21 8:55:58 ET
Table 'Sponde' 6-max Seat #3 is the button
Seat 3: cashmuzi ($56.52 in chips)
Seat 4: Actionni13 ($182.40 in chips)
cashmuzi: posts small blind $1
Actionni13: posts big blind $3
*** HOLE CARDS ***
cashmuzi: calls $2
Actionni13: checks
*** FLOP *** [Ah 8c 3h]
Actionni13: bets $3
cashmuzi: calls $3
*** TURN *** [Ah 8c 3h] [5s]
Actionni13: bets $6
cashmuzi: raises $6 to $12
Actionni13: raises $6 to $18
cashmuzi: calls $6
*** RIVER *** [Ah 8c 3h 5s] [2d]
Actionni13: bets $6
cashmuzi: calls $6
*** SHOW DOWN ***
Actionni13: shows [4s 2h] (a straight, Ace to Five)
cashmuzi: mucks hand
Actionni13 collected $59.50 from pot
*** SUMMARY ***
Total pot $60 | Rake $0.50
Board [Ah 8c 3h 5s 2d]
Seat 3: cashmuzi (button) (small blind) mucked
Seat 4: Actionni13 (big blind) showed [4s 2h] and won ($59.50) with a straight, Ace to Five


PokerStars Hand #160230772158:  Hold'em Limit ($3/$6 USD) - 2016/10/21 8:55:52 ET
Table 'Sponde' 6-max Seat #4 is the button
Seat 3: cashmuzi ($59.52 in chips)
Seat 4: Actionni13 ($179.40 in chips)
Actionni13: posts small blind $1
cashmuzi: posts big blind $3
*** HOLE CARDS ***
Actionni13: raises $3 to $6
cashmuzi: folds
Uncalled bet ($3) returned to Actionni13
Actionni13 collected $6 from pot
Actionni13: doesn't show hand
*** SUMMARY ***
Total pot $6 | Rake $0
Seat 3: cashmuzi (big blind) folded before Flop
Seat 4: Actionni13 (button) (small blind) collected ($6)


PokerStars Hand #160230770146:  Hold'em Limit ($3/$6 USD) - 2016/10/21 8:55:48 ET
Table 'Sponde' 6-max Seat #3 is the button
Seat 3: cashmuzi ($60.52 in chips)
Seat 4: Actionni13 ($178.40 in chips)
cashmuzi: posts small blind $1
Actionni13: posts big blind $3
*** HOLE CARDS ***
cashmuzi: folds
Uncalled bet ($2) returned to Actionni13
Actionni13 collected $2 from pot
Actionni13: doesn't show hand
*** SUMMARY ***
Total pot $2 | Rake $0
Seat 3: cashmuzi (button) (small blind) folded before Flop
Seat 4: Actionni13 (big blind) collected ($2)


PokerStars Hand #160230812707:  Hold'em Limit ($3/$6 USD) - 2016/10/21 8:57:21 ET
Table 'Sponde' 6-max Seat #3 is the button
Seat 3: cashmuzi ($42.80 in chips)
Seat 4: Actionni13 ($194.90 in chips)
cashmuzi: posts small blind $1
Actionni13: posts big blind $3
*** HOLE CARDS ***
cashmuzi: folds
Uncalled bet ($2) returned to Actionni13
Actionni13 collected $2 from pot
Actionni13: doesn't show hand
*** SUMMARY ***
Total pot $2 | Rake $0
Seat 3: cashmuzi (button) (small blind) folded before Flop
Seat 4: Actionni13 (big blind) collected ($2)


PokerStars Hand #160230801240:  Hold'em Limit ($3/$6 USD) - 2016/10/21 8:56:56 ET
Table 'Sponde' 6-max Seat #4 is the button
Seat 3: cashmuzi ($34.16 in chips)
Seat 4: Actionni13 ($203.90 in chips)
Actionni13: posts small blind $1
cashmuzi: posts big blind $3
*** HOLE CARDS ***
Actionni13: raises $3 to $6
cashmuzi: raises $3 to $9
Actionni13: calls $3
*** FLOP *** [4c 6s 6c]
cashmuzi: checks
Actionni13: checks
*** TURN *** [4c 6s 6c] [Js]
cashmuzi: checks
Actionni13: checks
*** RIVER *** [4c 6s 6c Js] [Jd]
cashmuzi: bets $6
Actionni13: folds
Uncalled bet ($6) returned to cashmuzi
cashmuzi collected $17.64 from pot
cashmuzi: doesn't show hand
*** SUMMARY ***
Total pot $18 | Rake $0.36
Board [4c 6s 6c Js Jd]
Seat 3: cashmuzi (big blind) collected ($17.64)
Seat 4: Actionni13 (button) (small blind) folded on the River


PokerStars Hand #160230814724:  Hold'em Limit ($3/$6 USD) - 2016/10/21 8:57:25 ET
Table 'Sponde' 6-max Seat #4 is the button
Seat 3: cashmuzi ($41.80 in chips)
Seat 4: Actionni13 ($195.90 in chips)
Actionni13: posts small blind $1
cashmuzi: posts big blind $3
*** HOLE CARDS ***
Actionni13: raises $3 to $6
cashmuzi: calls $3
*** FLOP *** [5s Jc Kc]
cashmuzi: checks
WillemDuit joins the table at seat #1
Actionni13: bets $3
cashmuzi: calls $3
*** TURN *** [5s Jc Kc] [Ah]
cashmuzi: checks
Actionni13: checks
*** RIVER *** [5s Jc Kc Ah] [Qd]
Agrotait joins the table at seat #2
cashmuzi: bets $6
Actionni13: folds
Uncalled bet ($6) returned to cashmuzi
cashmuzi collected $17.64 from pot
cashmuzi: doesn't show hand
*** SUMMARY ***
Total pot $18 | Rake $0.36
Board [5s Jc Kc Ah Qd]
Seat 3: cashmuzi (big blind) collected ($17.64)
Seat 4: Actionni13 (button) (small blind) folded on the River


PokerStars Hand #160230799176:  Hold'em Limit ($3/$6 USD) - 2016/10/21 8:56:52 ET
Table 'Sponde' 6-max Seat #3 is the button
Seat 3: cashmuzi ($35.16 in chips)
Seat 4: Actionni13 ($202.90 in chips)
cashmuzi: posts small blind $1
Actionni13: posts big blind $3
*** HOLE CARDS ***
cashmuzi: folds
Uncalled bet ($2) returned to Actionni13
Actionni13 collected $2 from pot
Actionni13: doesn't show hand
*** SUMMARY ***
Total pot $2 | Rake $0
Seat 3: cashmuzi (button) (small blind) folded before Flop
Seat 4: Actionni13 (big blind) collected ($2)


PokerStars Hand #160230782957:  Hold'em Limit ($3/$6 USD) - 2016/10/21 8:56:16 ET
Table 'Sponde' 6-max Seat #4 is the button
Seat 3: cashmuzi ($26.52 in chips)
Seat 4: Actionni13 ($211.90 in chips)
Actionni13: posts small blind $1
cashmuzi: posts big blind $3
*** HOLE CARDS ***
Actionni13: raises $3 to $6
cashmuzi: raises $3 to $9
Actionni13: calls $3
*** FLOP *** [7h 9c 9d]
cashmuzi: checks
Actionni13: checks
*** TURN *** [7h 9c 9d] [9h]
cashmuzi: checks
Actionni13: checks
*** RIVER *** [7h 9c 9d 9h] [6c]
cashmuzi: checks
Actionni13: checks
*** SHOW DOWN ***
cashmuzi: shows [Ts Kh] (three of a kind, Nines)
Actionni13: mucks hand
cashmuzi collected $17.64 from pot
*** SUMMARY ***
Total pot $18 | Rake $0.36
Board [7h 9c 9d 9h 6c]
Seat 3: cashmuzi (big blind) showed [Ts Kh] and won ($17.64) with three of a kind, Nines
Seat 4: Actionni13 (button) (small blind) mucked


PokerStars Hand #160230821144:  Hold'em Limit ($3/$6 USD) - 2016/10/21 8:57:39 ET
Table 'Sponde' 6-max Seat #3 is the button
Seat 3: cashmuzi ($50.44 in chips)
Seat 4: Actionni13 ($186.90 in chips)
cashmuzi: posts small blind $1
Actionni13: posts big blind $3
*** HOLE CARDS ***
cashmuzi: raises $3 to $6
Actionni13: raises $3 to $9
cashmuzi: calls $3
*** FLOP *** [4s 4d Tc]
Actionni13: bets $3
cashmuzi: calls $3
*** TURN *** [4s 4d Tc] [5c]
Actionni13: bets $6
cashmuzi: folds
Uncalled bet ($6) returned to Actionni13
Actionni13 collected $23.52 from pot
Actionni13: doesn't show hand
*** SUMMARY ***
Total pot $24 | Rake $0.48
Board [4s 4d Tc 5c]
Seat 3: cashmuzi (button) (small blind) folded on the Turn
Seat 4: Actionni13 (big blind) collected ($23.52)


PokerStars Hand #160231047662:  Hold'em Limit ($3/$6 USD) - 2016/10/21 9:05:12 ET
Table 'Sponde' 6-max Seat #1 is the button
Seat 1: WillemDuit ($64.67 in chips)
Seat 4: Koraseg ($106.65 in chips)
WillemDuit: posts small blind $1
Koraseg: posts big blind $3
*** HOLE CARDS ***
WillemDuit: raises $3 to $6
Koraseg: calls $3
*** FLOP *** [5h 6d Ts]
Koraseg: checks
WillemDuit: checks
*** TURN *** [5h 6d Ts] [3s]
Koraseg: bets $6
WillemDuit: folds
Uncalled bet ($6) returned to Koraseg
Koraseg collected $11.76 from pot
Koraseg: doesn't show hand
*** SUMMARY ***
Total pot $12 | Rake $0.24
Board [5h 6d Ts 3s]
Seat 1: WillemDuit (button) (small blind) folded on the Turn
Seat 4: Koraseg (big blind) collected ($11.76)


PokerStars Hand #160231044099:  Hold'em Limit ($3/$6 USD) - 2016/10/21 9:05:05 ET
Table 'Sponde' 6-max Seat #4 is the button
Seat 1: WillemDuit ($67.67 in chips)
Seat 4: Koraseg ($103.65 in chips)
Koraseg: posts small blind $1
WillemDuit: posts big blind $3
*** HOLE CARDS ***
Koraseg: raises $3 to $6
WillemDuit: folds
Uncalled bet ($3) returned to Koraseg
Koraseg collected $6 from pot
Koraseg: doesn't show hand
*** SUMMARY ***
Total pot $6 | Rake $0
Seat 1: WillemDuit (big blind) folded before Flop
Seat 4: Koraseg (button) (small blind) collected ($6)


PokerStars Hand #160231040349:  Hold'em Limit ($3/$6 USD) - 2016/10/21 9:05:00 ET
Table 'Sponde' 6-max Seat #1 is the button
Seat 1: WillemDuit ($68.67 in chips)
Seat 4: Koraseg ($102.65 in chips)
WillemDuit: posts small blind $1
Agrotait: is sitting out
Koraseg: posts big blind $3
*** HOLE CARDS ***
Agrotait leaves the table
WillemDuit: folds
Uncalled bet ($2) returned to Koraseg
Koraseg collected $2 from pot
Koraseg: doesn't show hand
*** SUMMARY ***
Total pot $2 | Rake $0
Seat 1: WillemDuit (button) (small blind) folded before Flop
Seat 4: Koraseg (big blind) collected ($2)


PokerStars Hand #160231059650:  Hold'em Limit ($3/$6 USD) - 2016/10/21 9:05:34 ET
Table 'Sponde' 6-max Seat #4 is the button
Seat 1: WillemDuit ($58.67 in chips)
Seat 4: Koraseg ($112.41 in chips)
Koraseg: posts small blind $1
WillemDuit: posts big blind $3
*** HOLE CARDS ***
Koraseg: raises $3 to $6
WillemDuit: raises $3 to $9
Koraseg: calls $3
*** FLOP *** [Qh 8c Qs]
WillemDuit: bets $3
Koraseg: calls $3
*** TURN *** [Qh 8c Qs] [5d]
WillemDuit: bets $6
Koraseg: calls $6
*** RIVER *** [Qh 8c Qs 5d] [5c]
WillemDuit: bets $6
Koraseg: folds
Uncalled bet ($6) returned to WillemDuit
WillemDuit collected $35.50 from pot
WillemDuit: doesn't show hand
*** SUMMARY ***
Total pot $36 | Rake $0.50
Board [Qh 8c Qs 5d 5c]
Seat 1: WillemDuit (big blind) collected ($35.50)
Seat 4: Koraseg (button) (small blind) folded on the River


PokerStars Hand #160231074207:  Hold'em Limit ($3/$6 USD) - 2016/10/21 9:06:01 ET
Table 'Sponde' 6-max Seat #1 is the button
Seat 1: WillemDuit ($76.17 in chips)
Seat 4: Koraseg ($94.41 in chips)
WillemDuit: posts small blind $1
Koraseg: posts big blind $3
*** HOLE CARDS ***
WillemDuit: raises $3 to $6
Koraseg: folds
Uncalled bet ($3) returned to WillemDuit
WillemDuit collected $6 from pot
WillemDuit: doesn't show hand
*** SUMMARY ***
Total pot $6 | Rake $0
Seat 1: WillemDuit (button) (small blind) collected ($6)
Seat 4: Koraseg (big blind) folded before Flop


PokerStars Hand #160231082775:  Hold'em Limit ($3/$6 USD) - 2016/10/21 9:06:17 ET
Table 'Sponde' 6-max Seat #4 is the button
Seat 1: WillemDuit ($79.17 in chips)
Seat 4: Koraseg ($91.41 in chips)
Koraseg: posts small blind $1
WillemDuit: posts big blind $3
*** HOLE CARDS ***
Koraseg: folds
Uncalled bet ($2) returned to WillemDuit
WillemDuit collected $2 from pot
WillemDuit: doesn't show hand
*** SUMMARY ***
Total pot $2 | Rake $0
Seat 1: WillemDuit (big blind) collected ($2)
Seat 4: Koraseg (button) (small blind) folded before Flop


PokerStars Hand #160231092921:  Hold'em Limit ($3/$6 USD) - 2016/10/21 9:06:36 ET
Table 'Sponde' 6-max Seat #4 is the button
Seat 1: WillemDuit ($79.17 in chips)
Seat 4: Koraseg ($91.41 in chips)
Koraseg: posts small blind $1
WillemDuit: posts big blind $3
*** HOLE CARDS ***
Koraseg: raises $3 to $6
WillemDuit: folds
Uncalled bet ($3) returned to Koraseg
Koraseg collected $6 from pot
Koraseg: doesn't show hand
*** SUMMARY ***
Total pot $6 | Rake $0
Seat 1: WillemDuit (big blind) folded before Flop
Seat 4: Koraseg (button) (small blind) collected ($6)


PokerStars Hand #160231090240:  Hold'em Limit ($3/$6 USD) - 2016/10/21 9:06:31 ET
Table 'Sponde' 6-max Seat #1 is the button
Seat 1: WillemDuit ($80.17 in chips)
Seat 4: Koraseg ($90.41 in chips)
WillemDuit: posts small blind $1
Koraseg: posts big blind $3
*** HOLE CARDS ***
WillemDuit: folds
Uncalled bet ($2) returned to Koraseg
Koraseg collected $2 from pot
Koraseg: doesn't show hand
*** SUMMARY ***
Total pot $2 | Rake $0
Seat 1: WillemDuit (button) (small blind) folded before Flop
Seat 4: Koraseg (big blind) collected ($2)


PokerStars Hand #160231109389:  Hold'em Limit ($3/$6 USD) - 2016/10/21 9:07:05 ET
Table 'Sponde' 6-max Seat #4 is the button
Seat 1: WillemDuit ($67.17 in chips)
Seat 4: Koraseg ($103.05 in chips)
Koraseg: posts small blind $1
WillemDuit: posts big blind $3
*** HOLE CARDS ***
Koraseg: folds
Uncalled bet ($2) returned to WillemDuit
WillemDuit collected $2 from pot
WillemDuit: doesn't show hand
*** SUMMARY ***
Total pot $2 | Rake $0
Seat 1: WillemDuit (big blind) collected ($2)
Seat 4: Koraseg (button) (small blind) folded before Flop


PokerStars Hand #160231097296:  Hold'em Limit ($3/$6 USD) - 2016/10/21 9:06:44 ET
Table 'Sponde' 6-max Seat #1 is the button
Seat 1: WillemDuit ($76.17 in chips)
Seat 4: Koraseg ($94.41 in chips)
WillemDuit: posts small blind $1
Koraseg: posts big blind $3
*** HOLE CARDS ***
WillemDuit: raises $3 to $6
Koraseg: calls $3
*** FLOP *** [Qc 6d 4c]
Koraseg: checks
WillemDuit: bets $3
Koraseg: calls $3
*** TURN *** [Qc 6d 4c] [2h]
Koraseg: checks
WillemDuit: checks
*** RIVER *** [Qc 6d 4c 2h] [3d]
Koraseg: bets $6
WillemDuit: folds
Uncalled bet ($6) returned to Koraseg
Koraseg collected $17.64 from pot
Koraseg: doesn't show hand
*** SUMMARY ***
Total pot $18 | Rake $0.36
Board [Qc 6d 4c 2h 3d]
Seat 1: WillemDuit (button) (small blind) folded on the River
Seat 4: Koraseg (big blind) collected ($17.64)


PokerStars Hand #160231125639:  Hold'em Limit ($3/$6 USD) - 2016/10/21 9:07:35 ET
Table 'Sponde' 6-max Seat #1 is the button
Seat 1: WillemDuit ($97.67 in chips)
Seat 4: Koraseg ($72.05 in chips)
WillemDuit: posts small blind $1
Koraseg: posts big blind $3
*** HOLE CARDS ***
WillemDuit: folds
Uncalled bet ($2) returned to Koraseg
Koraseg collected $2 from pot
Koraseg: doesn't show hand
*** SUMMARY ***
Total pot $2 | Rake $0
Seat 1: WillemDuit (button) (small blind) folded before Flop
Seat 4: Koraseg (big blind) collected ($2)


PokerStars Hand #160231115687:  Hold'em Limit ($3/$6 USD) - 2016/10/21 9:07:17 ET
Table 'Sponde' 6-max Seat #4 is the button
Seat 1: WillemDuit ($71.17 in chips)
Seat 4: Koraseg ($99.05 in chips)
Koraseg: posts small blind $1
WillemDuit: posts big blind $3
*** HOLE CARDS ***
Koraseg: raises $3 to $6
WillemDuit: raises $3 to $9
Koraseg: calls $3
*** FLOP *** [9d 8c 4h]
WillemDuit: bets $3
Koraseg: raises $3 to $6
WillemDuit: calls $3
*** TURN *** [9d 8c 4h] [Qc]
WillemDuit: checks
Koraseg: bets $6
WillemDuit: calls $6
*** RIVER *** [9d 8c 4h Qc] [3s]
WillemDuit: checks
Koraseg: bets $6
WillemDuit: calls $6
*** SHOW DOWN ***
Koraseg: shows [2c Tc] (high card Queen)
WillemDuit: shows [Jd Ah] (high card Ace)
WillemDuit collected $53.50 from pot
*** SUMMARY ***
Total pot $54 | Rake $0.50
Board [9d 8c 4h Qc 3s]
Seat 1: WillemDuit (big blind) showed [Jd Ah] and won ($53.50) with high card Ace
Seat 4: Koraseg (button) (small blind) showed [2c Tc] and lost with high card Queen


PokerStars Hand #160231112403:  Hold'em Limit ($3/$6 USD) - 2016/10/21 9:07:11 ET
Table 'Sponde' 6-max Seat #1 is the button
Seat 1: WillemDuit ($68.17 in chips)
Seat 4: Koraseg ($102.05 in chips)
WillemDuit: posts small blind $1
Koraseg: posts big blind $3
*** HOLE CARDS ***
WillemDuit: raises $3 to $6
Koraseg: folds
Uncalled bet ($3) returned to WillemDuit
WillemDuit collected $6 from pot
WillemDuit: doesn't show hand
*** SUMMARY ***
Total pot $6 | Rake $0
Seat 1: WillemDuit (button) (small blind) collected ($6)
Seat 4: Koraseg (big blind) folded before Flop


PokerStars Hand #160231128304:  Hold'em Limit ($3/$6 USD) - 2016/10/21 9:07:40 ET
Table 'Sponde' 6-max Seat #4 is the button
Seat 1: WillemDuit ($96.67 in chips)
Seat 4: Koraseg ($73.05 in chips)
Koraseg: posts small blind $1
WillemDuit: posts big blind $3
*** HOLE CARDS ***
Koraseg: raises $3 to $6
WillemDuit: calls $3
*** FLOP *** [7c 2c Qh]
WillemDuit: checks
Koraseg: bets $3
WillemDuit: calls $3
*** TURN *** [7c 2c Qh] [5h]
WillemDuit: checks
Koraseg: bets $6
WillemDuit: calls $6
*** RIVER *** [7c 2c Qh 5h] [Ks]
WillemDuit: bets $6
Koraseg: folds
Uncalled bet ($6) returned to WillemDuit
WillemDuit collected $29.50 from pot
WillemDuit: doesn't show hand
*** SUMMARY ***
Total pot $30 | Rake $0.50
Board [7c 2c Qh 5h Ks]
Seat 1: WillemDuit (big blind) collected ($29.50)
Seat 4: Koraseg (button) (small blind) folded on the River


PokerStars Hand #160231148023:  Hold'em Limit ($3/$6 USD) - 2016/10/21 9:08:15 ET
Table 'Sponde' 6-max Seat #1 is the button
Seat 1: WillemDuit ($104.17 in chips)
Seat 4: Koraseg ($64.81 in chips)
WillemDuit: posts small blind $1
Koraseg: posts big blind $3
*** HOLE CARDS ***
WillemDuit: folds
Uncalled bet ($2) returned to Koraseg
Koraseg collected $2 from pot
Koraseg: doesn't show hand
*** SUMMARY ***
Total pot $2 | Rake $0
Seat 1: WillemDuit (button) (small blind) folded before Flop
Seat 4: Koraseg (big blind) collected ($2)


PokerStars Hand #160231142588:  Hold'em Limit ($3/$6 USD) - 2016/10/21 9:08:05 ET
Table 'Sponde' 6-max Seat #4 is the button
Seat 1: WillemDuit ($110.17 in chips)
Seat 4: Koraseg ($59.05 in chips)
Koraseg: posts small blind $1
WillemDuit: posts big blind $3
*** HOLE CARDS ***
Koraseg: raises $3 to $6
WillemDuit: calls $3
*** FLOP *** [Js Qc 2d]
WillemDuit: checks
Koraseg: bets $3
WillemDuit: folds
Uncalled bet ($3) returned to Koraseg
Koraseg collected $11.76 from pot
Koraseg: doesn't show hand
*** SUMMARY ***
Total pot $12 | Rake $0.24
Board [Js Qc 2d]
Seat 1: WillemDuit (big blind) folded on the Flop
Seat 4: Koraseg (button) (small blind) collected ($11.76)


PokerStars Hand #160231150376:  Hold'em Limit ($3/$6 USD) - 2016/10/21 9:08:20 ET
Table 'Sponde' 6-max Seat #4 is the button
Seat 1: WillemDuit ($103.17 in chips)
Seat 4: Koraseg ($65.81 in chips)
Koraseg: posts small blind $1
WillemDuit: posts big blind $3
*** HOLE CARDS ***
Koraseg: raises $3 to $6
WillemDuit: folds
Uncalled bet ($3) returned to Koraseg
Koraseg collected $6 from pot
Koraseg: doesn't show hand
*** SUMMARY ***
Total pot $6 | Rake $0
Seat 1: WillemDuit (big blind) folded before Flop
Seat 4: Koraseg (button) (small blind) collected ($6)


PokerStars Hand #160231139826:  Hold'em Limit ($3/$6 USD) - 2016/10/21 9:08:00 ET
Table 'Sponde' 6-max Seat #1 is the button
Seat 1: WillemDuit ($111.17 in chips)
Seat 4: Koraseg ($58.05 in chips)
WillemDuit: posts small blind $1
Koraseg: posts big blind $3
*** HOLE CARDS ***
WillemDuit: folds
Uncalled bet ($2) returned to Koraseg
Koraseg collected $2 from pot
Koraseg: doesn't show hand
*** SUMMARY ***
Total pot $2 | Rake $0
Seat 1: WillemDuit (button) (small blind) folded before Flop
Seat 4: Koraseg (big blind) collected ($2)


PokerStars Hand #160231153557:  Hold'em Limit ($3/$6 USD) - 2016/10/21 9:08:25 ET
Table 'Sponde' 6-max Seat #1 is the button
Seat 1: WillemDuit ($100.17 in chips)
Seat 4: Koraseg ($68.81 in chips)
WillemDuit: posts small blind $1
Koraseg: posts big blind $3
*** HOLE CARDS ***
WillemDuit: raises $3 to $6
Koraseg: calls $3
*** FLOP *** [2h As 5d]
Koraseg: checks
WillemDuit: bets $3
Koraseg: raises $3 to $6
WillemDuit: calls $3
*** TURN *** [2h As 5d] [Td]
Koraseg: bets $6
WillemDuit: calls $6
*** RIVER *** [2h As 5d Td] [7h]
Koraseg: bets $6
WillemDuit: calls $6
*** SHOW DOWN ***
Koraseg: shows [7c Ad] (two pair, Aces and Sevens)
WillemDuit: mucks hand
Koraseg collected $47.50 from pot
*** SUMMARY ***
Total pot $48 | Rake $0.50
Board [2h As 5d Td 7h]
Seat 1: WillemDuit (button) (small blind) mucked
Seat 4: Koraseg (big blind) showed [7c Ad] and won ($47.50) with two pair, Aces and Sevens


PokerStars Hand #160231173454:  Hold'em Limit ($3/$6 USD) - 2016/10/21 9:09:02 ET
Table 'Sponde' 6-max Seat #4 is the button
Seat 1: WillemDuit ($76.17 in chips)
Seat 4: Koraseg ($92.31 in chips)
Koraseg: posts small blind $1
WillemDuit: posts big blind $3
*** HOLE CARDS ***
Koraseg: folds
Uncalled bet ($2) returned to WillemDuit
WillemDuit collected $2 from pot
WillemDuit: doesn't show hand
*** SUMMARY ***
Total pot $2 | Rake $0
Seat 1: WillemDuit (big blind) collected ($2)
Seat 4: Koraseg (button) (small blind) folded before Flop


PokerStars Hand #160231169477:  Hold'em Limit ($3/$6 USD) - 2016/10/21 9:08:54 ET
Table 'Sponde' 6-max Seat #1 is the button
Seat 1: WillemDuit ($73.17 in chips)
Seat 4: Koraseg ($95.31 in chips)
WillemDuit: posts small blind $1
Koraseg: posts big blind $3
*** HOLE CARDS ***
WillemDuit: raises $3 to $6
Koraseg: folds
Uncalled bet ($3) returned to WillemDuit
WillemDuit collected $6 from pot
WillemDuit: doesn't show hand
*** SUMMARY ***
Total pot $6 | Rake $0
Seat 1: WillemDuit (button) (small blind) collected ($6)
Seat 4: Koraseg (big blind) folded before Flop


PokerStars Hand #160231176339:  Hold'em Limit ($3/$6 USD) - 2016/10/21 9:09:07 ET
Table 'Sponde' 6-max Seat #1 is the button
Seat 1: WillemDuit ($77.17 in chips)
Seat 4: Koraseg ($91.31 in chips)
WillemDuit: posts small blind $1
Koraseg: posts big blind $3
*** HOLE CARDS ***
WillemDuit: raises $3 to $6
Koraseg: calls $3
*** FLOP *** [7c Ks 2d]
Koraseg: checks
WillemDuit: bets $3
Koraseg: calls $3
*** TURN *** [7c Ks 2d] [8c]
Koraseg: checks
WillemDuit: checks
*** RIVER *** [7c Ks 2d 8c] [9d]
Koraseg: checks
WillemDuit: bets $6
Koraseg: folds
Uncalled bet ($6) returned to WillemDuit
WillemDuit collected $17.64 from pot
WillemDuit: doesn't show hand
*** SUMMARY ***
Total pot $18 | Rake $0.36
Board [7c Ks 2d 8c 9d]
Seat 1: WillemDuit (button) (small blind) collected ($17.64)
Seat 4: Koraseg (big blind) folded on the River


PokerStars Hand #160231165744:  Hold'em Limit ($3/$6 USD) - 2016/10/21 9:08:48 ET
Table 'Sponde' 6-max Seat #4 is the button
Seat 1: WillemDuit ($76.17 in chips)
Seat 4: Koraseg ($92.31 in chips)
Koraseg: posts small blind $1
WillemDuit: posts big blind $3
*** HOLE CARDS ***
Koraseg: raises $3 to $6
WillemDuit: folds
Uncalled bet ($3) returned to Koraseg
Koraseg collected $6 from pot
Koraseg: doesn't show hand
*** SUMMARY ***
Total pot $6 | Rake $0
Seat 1: WillemDuit (big blind) folded before Flop
Seat 4: Koraseg (button) (small blind) collected ($6)


PokerStars Hand #160231229451:  Hold'em Limit ($3/$6 USD) - 2016/10/21 9:10:44 ET
Table 'Sponde' 6-max Seat #1 is the button
Seat 1: WillemDuit ($65.45 in chips)
Seat 4: Koraseg ($101.57 in chips)
WillemDuit: posts small blind $1
Koraseg: posts big blind $3
*** HOLE CARDS ***
WillemDuit: folds
Uncalled bet ($2) returned to Koraseg
Koraseg collected $2 from pot
Koraseg: doesn't show hand
*** SUMMARY ***
Total pot $2 | Rake $0
Seat 1: WillemDuit (button) (small blind) folded before Flop
Seat 4: Koraseg (big blind) collected ($2)


PokerStars Hand #160231219985:  Hold'em Limit ($3/$6 USD) - 2016/10/21 9:10:26 ET
Table 'Sponde' 6-max Seat #4 is the button
Seat 1: WillemDuit ($56.81 in chips)
Seat 4: Koraseg ($110.57 in chips)
Koraseg: posts small blind $1
WillemDuit: posts big blind $3
*** HOLE CARDS ***
Koraseg: raises $3 to $6
WillemDuit: raises $3 to $9
Koraseg: calls $3
*** FLOP *** [3c Ad 5s]
WillemDuit: bets $3
Koraseg: folds
Uncalled bet ($3) returned to WillemDuit
WillemDuit collected $17.64 from pot
WillemDuit: doesn't show hand
*** SUMMARY ***
Total pot $18 | Rake $0.36
Board [3c Ad 5s]
Seat 1: WillemDuit (big blind) collected ($17.64)
Seat 4: Koraseg (button) (small blind) folded on the Flop


PokerStars Hand #160231210831:  Hold'em Limit ($3/$6 USD) - 2016/10/21 9:10:10 ET
Table 'Sponde' 6-max Seat #4 is the button
Seat 1: WillemDuit ($63.81 in chips)
Seat 4: Koraseg ($103.81 in chips)
Koraseg: posts small blind $1
WillemDuit: posts big blind $3
*** HOLE CARDS ***
Koraseg: raises $3 to $6
WillemDuit: calls $3
*** FLOP *** [5h Ah 3s]
WillemDuit: checks
Koraseg: bets $3
WillemDuit: folds
Uncalled bet ($3) returned to Koraseg
Koraseg collected $11.76 from pot
Koraseg: doesn't show hand
*** SUMMARY ***
Total pot $12 | Rake $0.24
Board [5h Ah 3s]
Seat 1: WillemDuit (big blind) folded on the Flop
Seat 4: Koraseg (button) (small blind) collected ($11.76)


PokerStars Hand #160231216820:  Hold'em Limit ($3/$6 USD) - 2016/10/21 9:10:21 ET
Table 'Sponde' 6-max Seat #1 is the button
Seat 1: WillemDuit ($57.81 in chips)
Seat 4: Koraseg ($109.57 in chips)
WillemDuit: posts small blind $1
Koraseg: posts big blind $3
*** HOLE CARDS ***
WillemDuit: folds
Uncalled bet ($2) returned to Koraseg
Koraseg collected $2 from pot
Koraseg: doesn't show hand
*** SUMMARY ***
Total pot $2 | Rake $0
Seat 1: WillemDuit (button) (small blind) folded before Flop
Seat 4: Koraseg (big blind) collected ($2)


PokerStars Hand #160231207470:  Hold'em Limit ($3/$6 USD) - 2016/10/21 9:10:04 ET
Table 'Sponde' 6-max Seat #1 is the button
Seat 1: WillemDuit ($64.81 in chips)
Seat 4: Koraseg ($102.81 in chips)
WillemDuit: posts small blind $1
Koraseg: posts big blind $3
*** HOLE CARDS ***
WillemDuit: folds
Uncalled bet ($2) returned to Koraseg
Koraseg collected $2 from pot
Koraseg: doesn't show hand
*** SUMMARY ***
Total pot $2 | Rake $0
Seat 1: WillemDuit (button) (small blind) folded before Flop
Seat 4: Koraseg (big blind) collected ($2)


PokerStars Hand #160231189566:  Hold'em Limit ($3/$6 USD) - 2016/10/21 9:09:31 ET
Table 'Sponde' 6-max Seat #4 is the button
Seat 1: WillemDuit ($85.81 in chips)
Seat 4: Koraseg ($82.31 in chips)
Koraseg: posts small blind $1
WillemDuit: posts big blind $3
*** HOLE CARDS ***
Koraseg: raises $3 to $6
WillemDuit: calls $3
*** FLOP *** [As 2c 7c]
WillemDuit: checks
Koraseg: bets $3
WillemDuit: calls $3
*** TURN *** [As 2c 7c] [3c]
WillemDuit: bets $6
Koraseg: calls $6
*** RIVER *** [As 2c 7c 3c] [9h]
WillemDuit: bets $6
Koraseg: calls $6
*** SHOW DOWN ***
WillemDuit: shows [8c Kh] (high card Ace)
Koraseg: shows [4s 7s] (a pair of Sevens)
Koraseg collected $41.50 from pot
*** SUMMARY ***
Total pot $42 | Rake $0.50
Board [As 2c 7c 3c 9h]
Seat 1: WillemDuit (big blind) showed [8c Kh] and lost with high card Ace
Seat 4: Koraseg (button) (small blind) showed [4s 7s] and won ($41.50) with a pair of Sevens


PokerStars Hand #160231232360:  Hold'em Limit ($3/$6 USD) - 2016/10/21 9:10:49 ET
Table 'Sponde' 6-max Seat #4 is the button
Seat 1: WillemDuit ($64.45 in chips)
Seat 4: Koraseg ($102.57 in chips)
Koraseg: posts small blind $1
WillemDuit: posts big blind $3
*** HOLE CARDS ***
Koraseg: raises $3 to $6
WillemDuit: calls $3
*** FLOP *** [2h 7h Js]
WillemDuit: bets $3
Psynto joins the table at seat #2
Koraseg: calls $3
*** TURN *** [2h 7h Js] [Qc]
WillemDuit: checks
Koraseg: bets $6
WillemDuit: calls $6
*** RIVER *** [2h 7h Js Qc] [Jc]
WillemDuit: bets $6
Koraseg: calls $6
*** SHOW DOWN ***
WillemDuit: shows [Jh 8s] (three of a kind, Jacks)
Koraseg: mucks hand
WillemDuit collected $41.50 from pot
*** SUMMARY ***
Total pot $42 | Rake $0.50
Board [2h 7h Js Qc Jc]
Seat 1: WillemDuit (big blind) showed [Jh 8s] and won ($41.50) with three of a kind, Jacks
Seat 4: Koraseg (button) (small blind) mucked


