PokerStars Hand #155229242074:  Hold'em Limit ($3/$6 USD) - 2016/06/26 14:12:17 ET
Table 'Sponde' 6-max Seat #3 is the button
Seat 3: missjuud ($120 in chips)
Seat 4: VolkovDmitri ($120 in chips)
missjuud: posts small blind $1
VolkovDmitri: posts big blind $3
*** HOLE CARDS ***
missjuud: calls $2
VolkovDmitri: raises $3 to $6
missjuud: calls $3
*** FLOP *** [7s 3h 8s]
TheU10 joins the table at seat #5
VolkovDmitri: bets $3
missjuud: calls $3
*** TURN *** [7s 3h 8s] [Ks]
VolkovDmitri: bets $6
missjuud: calls $6
*** RIVER *** [7s 3h 8s Ks] [7c]
VolkovDmitri: bets $6
missjuud: folds
Uncalled bet ($6) returned to VolkovDmitri
VolkovDmitri collected $29.50 from pot
VolkovDmitri: doesn't show hand
*** SUMMARY ***
Total pot $30 | Rake $0.50
Board [7s 3h 8s Ks 7c]
Seat 3: missjuud (button) (small blind) folded on the River
Seat 4: VolkovDmitri (big blind) collected ($29.50)


PokerStars Hand #155236340934:  Hold'em Limit ($3/$6 USD) - 2016/06/26 16:36:27 ET
Table 'Sponde' 6-max Seat #4 is the button
Seat 2: Pelurile ($88.50 in chips)
Seat 4: Vovchik202 ($129.62 in chips)
Vovchik202: posts small blind $1
TheU10 was removed from the table for failing to post
Pelurile: posts big blind $3
*** HOLE CARDS ***
Vovchik202: raises $3 to $6
Pelurile: calls $3
*** FLOP *** [7s 7d 9c]
Pelurile: checks
Vovchik202: bets $3
Pelurile: folds
Uncalled bet ($3) returned to Vovchik202
Vovchik202 collected $11.76 from pot
Vovchik202: doesn't show hand
*** SUMMARY ***
Total pot $12 | Rake $0.24
Board [7s 7d 9c]
Seat 2: Pelurile (big blind) folded on the Flop
Seat 4: Vovchik202 (button) (small blind) collected ($11.76)


PokerStars Hand #155236295421:  Hold'em Limit ($3/$6 USD) - 2016/06/26 16:35:28 ET
Table 'Sponde' 6-max Seat #4 is the button
Seat 2: Pelurile ($72 in chips)
Seat 4: Vovchik202 ($146.62 in chips)
Vovchik202: posts small blind $1
krytalex: is sitting out
Pelurile: posts big blind $3
*** HOLE CARDS ***
Vovchik202: calls $2
Pelurile: checks
*** FLOP *** [9c 2c 4h]
Pelurile: bets $3
Vovchik202: calls $3
*** TURN *** [9c 2c 4h] [8d]
Pelurile: bets $6
Vovchik202: calls $6
*** RIVER *** [9c 2c 4h 8d] [2h]
Pelurile: checks
Vovchik202: bets $6
Pelurile: calls $6
*** SHOW DOWN ***
Vovchik202: shows [Qd Kh] (a pair of Deuces)
Pelurile: shows [Qc 4d] (two pair, Fours and Deuces)
Pelurile collected $35.50 from pot
*** SUMMARY ***
Total pot $36 | Rake $0.50
Board [9c 2c 4h 8d 2h]
Seat 2: Pelurile (big blind) showed [Qc 4d] and won ($35.50) with two pair, Fours and Deuces
Seat 4: Vovchik202 (button) (small blind) showed [Qd Kh] and lost with a pair of Deuces


PokerStars Hand #155236335699:  Hold'em Limit ($3/$6 USD) - 2016/06/26 16:36:21 ET
Table 'Sponde' 6-max Seat #2 is the button
Seat 2: Pelurile ($89.50 in chips)
Seat 4: Vovchik202 ($128.62 in chips)
Pelurile: posts small blind $1
Vovchik202: posts big blind $3
*** HOLE CARDS ***
Pelurile: folds
Uncalled bet ($2) returned to Vovchik202
Vovchik202 collected $2 from pot
Vovchik202: doesn't show hand
*** SUMMARY ***
Total pot $2 | Rake $0
Seat 2: Pelurile (button) (small blind) folded before Flop
Seat 4: Vovchik202 (big blind) collected ($2)


PokerStars Hand #155236370107:  Hold'em Limit ($3/$6 USD) - 2016/06/26 16:37:04 ET
Table 'Sponde' 6-max Seat #2 is the button
Seat 2: Pelurile ($82.50 in chips)
Seat 4: Vovchik202 ($135.38 in chips)
Pelurile: posts small blind $1
Vovchik202: posts big blind $3
*** HOLE CARDS ***
Pelurile: folds
Uncalled bet ($2) returned to Vovchik202
Vovchik202 collected $2 from pot
Vovchik202: doesn't show hand
*** SUMMARY ***
Total pot $2 | Rake $0
Seat 2: Pelurile (button) (small blind) folded before Flop
Seat 4: Vovchik202 (big blind) collected ($2)


PokerStars Hand #155236374222:  Hold'em Limit ($3/$6 USD) - 2016/06/26 16:37:10 ET
Table 'Sponde' 6-max Seat #4 is the button
Seat 2: Pelurile ($81.50 in chips)
Seat 4: Vovchik202 ($136.38 in chips)
Vovchik202: posts small blind $1
Pelurile: posts big blind $3
*** HOLE CARDS ***
Vovchik202: calls $2
Pelurile: checks
*** FLOP *** [8s 9h 9c]
Pelurile: bets $3
Vovchik202: calls $3
*** TURN *** [8s 9h 9c] [7s]
Pelurile: checks
Vovchik202: bets $6
Pelurile: folds
Uncalled bet ($6) returned to Vovchik202
Vovchik202 collected $11.76 from pot
Vovchik202: doesn't show hand
*** SUMMARY ***
Total pot $12 | Rake $0.24
Board [8s 9h 9c 7s]
Seat 2: Pelurile (big blind) folded on the Turn
Seat 4: Vovchik202 (button) (small blind) collected ($11.76)


PokerStars Hand #155236435352:  Hold'em Limit ($3/$6 USD) - 2016/06/26 16:38:28 ET
Table 'Sponde' 6-max Seat #2 is the button
Seat 2: Pelurile ($87 in chips)
Seat 4: Vovchik202 ($130.14 in chips)
Pelurile: posts small blind $1
Vovchik202: posts big blind $3
*** HOLE CARDS ***
Pelurile: raises $3 to $6
Vovchik202: calls $3
*** FLOP *** [3s 8d 8h]
Vovchik202: checks
Pelurile: bets $3
Vovchik202: calls $3
*** TURN *** [3s 8d 8h] [Qc]
Vovchik202: checks
Pelurile: bets $6
Vovchik202: calls $6
*** RIVER *** [3s 8d 8h Qc] [9c]
Vovchik202: checks
Pelurile: checks
*** SHOW DOWN ***
Vovchik202: shows [3h Jh] (two pair, Eights and Threes)
Pelurile: mucks hand
Vovchik202 collected $29.50 from pot
*** SUMMARY ***
Total pot $30 | Rake $0.50
Board [3s 8d 8h Qc 9c]
Seat 2: Pelurile (button) (small blind) mucked
Seat 4: Vovchik202 (big blind) showed [3h Jh] and won ($29.50) with two pair, Eights and Threes


PokerStars Hand #155236394861:  Hold'em Limit ($3/$6 USD) - 2016/06/26 16:37:36 ET
Table 'Sponde' 6-max Seat #2 is the button
Seat 2: Pelurile ($75.50 in chips)
Seat 4: Vovchik202 ($142.14 in chips)
Pelurile: posts small blind $1
Vovchik202: posts big blind $3
*** HOLE CARDS ***
Pelurile: raises $3 to $6
Vovchik202: calls $3
*** FLOP *** [2s 9s Qd]
Vovchik202: checks
Pelurile: bets $3
Vovchik202: calls $3
*** TURN *** [2s 9s Qd] [Ts]
Vovchik202: checks
Pelurile: bets $6
Vovchik202: calls $6
*** RIVER *** [2s 9s Qd Ts] [5h]
Vovchik202: checks
Pelurile: bets $6
Vovchik202: folds
Uncalled bet ($6) returned to Pelurile
Pelurile collected $29.50 from pot
Pelurile: doesn't show hand
*** SUMMARY ***
Total pot $30 | Rake $0.50
Board [2s 9s Qd Ts 5h]
Seat 2: Pelurile (button) (small blind) collected ($29.50)
Seat 4: Vovchik202 (big blind) folded on the River


PokerStars Hand #155236428011:  Hold'em Limit ($3/$6 USD) - 2016/06/26 16:38:18 ET
Table 'Sponde' 6-max Seat #4 is the button
Seat 2: Pelurile ($90 in chips)
Seat 4: Vovchik202 ($127.14 in chips)
Vovchik202: posts small blind $1
Pelurile: posts big blind $3
*** HOLE CARDS ***
Vovchik202: raises $3 to $6
Pelurile: folds
Uncalled bet ($3) returned to Vovchik202
Vovchik202 collected $6 from pot
Vovchik202: doesn't show hand
*** SUMMARY ***
Total pot $6 | Rake $0
Seat 2: Pelurile (big blind) folded before Flop
Seat 4: Vovchik202 (button) (small blind) collected ($6)


PokerStars Hand #155236495285:  Hold'em Limit ($3/$6 USD) - 2016/06/26 16:39:44 ET
Table 'Sponde' 6-max Seat #4 is the button
Seat 2: Pelurile ($82.52 in chips)
Seat 4: Vovchik202 ($133.64 in chips)
Vovchik202: posts small blind $1
Pelurile: posts big blind $3
*** HOLE CARDS ***
Vovchik202: raises $3 to $6
Pelurile: calls $3
*** FLOP *** [6d 3h Qc]
Pelurile: checks
Vovchik202: bets $3
Pelurile: folds
Uncalled bet ($3) returned to Vovchik202
Vovchik202 collected $11.76 from pot
Vovchik202: doesn't show hand
*** SUMMARY ***
Total pot $12 | Rake $0.24
Board [6d 3h Qc]
Seat 2: Pelurile (big blind) folded on the Flop
Seat 4: Vovchik202 (button) (small blind) collected ($11.76)


PokerStars Hand #155236490935:  Hold'em Limit ($3/$6 USD) - 2016/06/26 16:39:39 ET
Table 'Sponde' 6-max Seat #2 is the button
Seat 2: Pelurile ($83.52 in chips)
Seat 4: Vovchik202 ($132.64 in chips)
Pelurile: posts small blind $1
Vovchik202: posts big blind $3
*** HOLE CARDS ***
Pelurile: folds
Uncalled bet ($2) returned to Vovchik202
Vovchik202 collected $2 from pot
Vovchik202: doesn't show hand
*** SUMMARY ***
Total pot $2 | Rake $0
Seat 2: Pelurile (button) (small blind) folded before Flop
Seat 4: Vovchik202 (big blind) collected ($2)


PokerStars Hand #155236465060:  Hold'em Limit ($3/$6 USD) - 2016/06/26 16:39:06 ET
Table 'Sponde' 6-max Seat #4 is the button
Seat 2: Pelurile ($72 in chips)
Seat 4: Vovchik202 ($144.64 in chips)
Vovchik202: posts small blind $1
Pelurile: posts big blind $3
*** HOLE CARDS ***
Vovchik202: calls $2
Pelurile: checks
*** FLOP *** [6s 5d 3s]
Pelurile: bets $3
Vovchik202: calls $3
*** TURN *** [6s 5d 3s] [Jh]
Pelurile: bets $6
Vovchik202: calls $6
*** RIVER *** [6s 5d 3s Jh] [Ks]
Pelurile: bets $6
Vovchik202: folds
Uncalled bet ($6) returned to Pelurile
Pelurile collected $23.52 from pot
Pelurile: doesn't show hand
*** SUMMARY ***
Total pot $24 | Rake $0.48
Board [6s 5d 3s Jh Ks]
Seat 2: Pelurile (big blind) collected ($23.52)
Seat 4: Vovchik202 (button) (small blind) folded on the River


PokerStars Hand #155236528944:  Hold'em Limit ($3/$6 USD) - 2016/06/26 16:40:27 ET
Table 'Sponde' 6-max Seat #4 is the button
Seat 2: Pelurile ($82.28 in chips)
Seat 4: Vovchik202 ($133.40 in chips)
Vovchik202: posts small blind $1
Pelurile: posts big blind $3
*** HOLE CARDS ***
Vovchik202: calls $2
LolDnkaments joins the table at seat #5
Pelurile: checks
*** FLOP *** [2s 8h 7c]
Pelurile: bets $3
Vovchik202: calls $3
*** TURN *** [2s 8h 7c] [3h]
dmonr joins the table at seat #6
krytalex was removed from the table for failing to post
SUPOKSU joins the table at seat #3
Pelurile: bets $6
Vovchik202: calls $6
*** RIVER *** [2s 8h 7c 3h] [4h]
Pelurile: checks
Vovchik202: bets $6
iskambil joins the table at seat #1
Pelurile: calls $6
*** SHOW DOWN ***
Vovchik202: shows [4c 8c] (two pair, Eights and Fours)
Pelurile: mucks hand
Vovchik202 collected $35.50 from pot
*** SUMMARY ***
Total pot $36 | Rake $0.50
Board [2s 8h 7c 3h 4h]
Seat 2: Pelurile (big blind) mucked
Seat 4: Vovchik202 (button) (small blind) showed [4c 8c] and won ($35.50) with two pair, Eights and Fours


PokerStars Hand #155236515781:  Hold'em Limit ($3/$6 USD) - 2016/06/26 16:40:10 ET
Table 'Sponde' 6-max Seat #2 is the button
Seat 2: Pelurile ($76.52 in chips)
Seat 4: Vovchik202 ($139.40 in chips)
Pelurile: posts small blind $1
Vovchik202: posts big blind $3
*** HOLE CARDS ***
Pelurile: raises $3 to $6
Vovchik202: calls $3
*** FLOP *** [Kh Ad 6h]
Vovchik202: checks
Pelurile: bets $3
Vovchik202: folds
Uncalled bet ($3) returned to Pelurile
Pelurile collected $11.76 from pot
Pelurile: doesn't show hand
*** SUMMARY ***
Total pot $12 | Rake $0.24
Board [Kh Ad 6h]
Seat 2: Pelurile (button) (small blind) collected ($11.76)
Seat 4: Vovchik202 (big blind) folded on the Flop


PokerStars Hand #155241155423:  Hold'em Limit ($3/$6 USD) - 2016/06/26 18:21:39 ET
Table 'Sponde' 6-max Seat #6 is the button
Seat 3: AAinthehole ($242.92 in chips)
Seat 6: Pelurile ($105.81 in chips)
Pelurile: posts small blind $1
AAinthehole: posts big blind $3
*** HOLE CARDS ***
Pelurile: raises $3 to $6
AAinthehole: calls $3
*** FLOP *** [Ts Jc 7d]
AAinthehole: checks
Pelurile: bets $3
AAinthehole: calls $3
*** TURN *** [Ts Jc 7d] [5s]
AAinthehole: checks
Zubasa07 leaves the table
Pelurile: bets $6
AAinthehole: folds
Uncalled bet ($6) returned to Pelurile
Pelurile collected $17.64 from pot
Pelurile: doesn't show hand
*** SUMMARY ***
Total pot $18 | Rake $0.36
Board [Ts Jc 7d 5s]
Seat 3: AAinthehole (big blind) folded on the Turn
Seat 6: Pelurile (button) (small blind) collected ($17.64)


PokerStars Hand #155241152031:  Hold'em Limit ($3/$6 USD) - 2016/06/26 18:21:34 ET
Table 'Sponde' 6-max Seat #3 is the button
Seat 3: AAinthehole ($243.92 in chips)
Seat 6: Pelurile ($104.81 in chips)
AAinthehole: posts small blind $1
Zubasa07: is sitting out
wizard3334: is sitting out
Pelurile: posts big blind $3
*** HOLE CARDS ***
AAinthehole: folds
Uncalled bet ($2) returned to Pelurile
Pelurile collected $2 from pot
Pelurile: doesn't show hand
wizard3334 leaves the table
*** SUMMARY ***
Total pot $2 | Rake $0
Seat 3: AAinthehole (button) (small blind) folded before Flop
Seat 6: Pelurile (big blind) collected ($2)


