PokerStars Hand #147681928802:  Hold'em Limit ($3/$6 USD) - 2016/01/25 18:40:03 ET
Table 'Sponde III' 2-max Seat #2 is the button
Seat 1: JohnnyJakson ($220.60 in chips)
Seat 2: Crspy Bacon ($120 in chips)
Crspy Bacon: posts small blind $1
JohnnyJakson: posts big blind $3
*** HOLE CARDS ***
Crspy Bacon: raises $3 to $6
JohnnyJakson: calls $3
*** FLOP *** [9s 5h 8s]
JohnnyJakson: checks
Crspy Bacon: bets $3
JohnnyJakson: calls $3
*** TURN *** [9s 5h 8s] [3h]
JohnnyJakson: checks
Crspy Bacon: bets $6
JohnnyJakson: calls $6
*** RIVER *** [9s 5h 8s 3h] [Ad]
JohnnyJakson: bets $6
Crspy Bacon: calls $6
*** SHOW DOWN ***
JohnnyJakson: shows [Qs 7c] (high card Ace)
Crspy Bacon: shows [5s Ts] (a pair of Fives)
Crspy Bacon collected $41.50 from pot
*** SUMMARY ***
Total pot $42 | Rake $0.50
Board [9s 5h 8s 3h Ad]
Seat 1: JohnnyJakson (big blind) showed [Qs 7c] and lost with high card Ace
Seat 2: Crspy Bacon (button) (small blind) showed [5s Ts] and won ($41.50) with a pair of Fives


PokerStars Hand #147681980278:  Hold'em Limit ($3/$6 USD) - 2016/01/25 18:41:09 ET
Table 'Sponde III' 2-max Seat #1 is the button
Seat 1: JohnnyJakson ($214 in chips)
Seat 2: Crspy Bacon ($125.50 in chips)
JohnnyJakson: posts small blind $1
Crspy Bacon: posts big blind $3
*** HOLE CARDS ***
JohnnyJakson: raises $3 to $6
Crspy Bacon: calls $3
*** FLOP *** [9s 4s 3c]
Crspy Bacon: checks
JohnnyJakson: bets $3
Crspy Bacon: calls $3
*** TURN *** [9s 4s 3c] [4h]
Crspy Bacon: checks
JohnnyJakson: bets $6
Crspy Bacon: folds
Uncalled bet ($6) returned to JohnnyJakson
JohnnyJakson collected $17.64 from pot
JohnnyJakson: doesn't show hand
*** SUMMARY ***
Total pot $18 | Rake $0.36
Board [9s 4s 3c 4h]
Seat 1: JohnnyJakson (button) (small blind) collected ($17.64)
Seat 2: Crspy Bacon (big blind) folded on the Turn


PokerStars Hand #147681967422:  Hold'em Limit ($3/$6 USD) - 2016/01/25 18:40:52 ET
Table 'Sponde III' 2-max Seat #2 is the button
Seat 1: JohnnyJakson ($205.36 in chips)
Seat 2: Crspy Bacon ($134.50 in chips)
Crspy Bacon: posts small blind $1
JohnnyJakson: posts big blind $3
*** HOLE CARDS ***
Crspy Bacon: raises $3 to $6
JohnnyJakson: raises $3 to $9
Crspy Bacon: calls $3
*** FLOP *** [Qd 9s 6s]
JohnnyJakson: bets $3
Crspy Bacon: folds
Uncalled bet ($3) returned to JohnnyJakson
JohnnyJakson collected $17.64 from pot
JohnnyJakson: doesn't show hand
*** SUMMARY ***
Total pot $18 | Rake $0.36
Board [Qd 9s 6s]
Seat 1: JohnnyJakson (big blind) collected ($17.64)
Seat 2: Crspy Bacon (button) (small blind) folded on the Flop


PokerStars Hand #147681954588:  Hold'em Limit ($3/$6 USD) - 2016/01/25 18:40:36 ET
Table 'Sponde III' 2-max Seat #1 is the button
Seat 1: JohnnyJakson ($199.60 in chips)
Seat 2: Crspy Bacon ($140.50 in chips)
JohnnyJakson: posts small blind $1
Crspy Bacon: posts big blind $3
*** HOLE CARDS ***
JohnnyJakson: raises $3 to $6
Crspy Bacon: calls $3
*** FLOP *** [4c Ac Kh]
Crspy Bacon: checks
JohnnyJakson: bets $3
Crspy Bacon: folds
Uncalled bet ($3) returned to JohnnyJakson
JohnnyJakson collected $11.76 from pot
JohnnyJakson: doesn't show hand
*** SUMMARY ***
Total pot $12 | Rake $0.24
Board [4c Ac Kh]
Seat 1: JohnnyJakson (button) (small blind) collected ($11.76)
Seat 2: Crspy Bacon (big blind) folded on the Flop


PokerStars Hand #147682031824:  Hold'em Limit ($3/$6 USD) - 2016/01/25 18:42:15 ET
Table 'Sponde III' 2-max Seat #2 is the button
Seat 1: JohnnyJakson ($183.64 in chips)
Seat 2: Crspy Bacon ($154.64 in chips)
Crspy Bacon: posts small blind $1
JohnnyJakson: posts big blind $3
*** HOLE CARDS ***
Crspy Bacon: raises $3 to $6
JohnnyJakson: calls $3
*** FLOP *** [9h 5s 6c]
JohnnyJakson: checks
Crspy Bacon: bets $3
JohnnyJakson: calls $3
*** TURN *** [9h 5s 6c] [Kh]
JohnnyJakson: checks
Crspy Bacon: bets $6
JohnnyJakson: calls $6
*** RIVER *** [9h 5s 6c Kh] [Jh]
JohnnyJakson: checks
Crspy Bacon: bets $6
JohnnyJakson: folds
Uncalled bet ($6) returned to Crspy Bacon
Crspy Bacon collected $29.50 from pot
Crspy Bacon: doesn't show hand
*** SUMMARY ***
Total pot $30 | Rake $0.50
Board [9h 5s 6c Kh Jh]
Seat 1: JohnnyJakson (big blind) folded on the River
Seat 2: Crspy Bacon (button) (small blind) collected ($29.50)


PokerStars Hand #147682017661:  Hold'em Limit ($3/$6 USD) - 2016/01/25 18:41:57 ET
Table 'Sponde III' 2-max Seat #1 is the button
Seat 1: JohnnyJakson ($192.64 in chips)
Seat 2: Crspy Bacon ($146 in chips)
JohnnyJakson: posts small blind $1
Crspy Bacon: posts big blind $3
*** HOLE CARDS ***
JohnnyJakson: calls $2
Crspy Bacon: raises $3 to $6
JohnnyJakson: calls $3
*** FLOP *** [6d Kc Kd]
Crspy Bacon: bets $3
JohnnyJakson: calls $3
*** TURN *** [6d Kc Kd] [Ah]
Crspy Bacon: bets $6
JohnnyJakson: folds
Uncalled bet ($6) returned to Crspy Bacon
Crspy Bacon collected $17.64 from pot
Crspy Bacon: doesn't show hand
*** SUMMARY ***
Total pot $18 | Rake $0.36
Board [6d Kc Kd Ah]
Seat 1: JohnnyJakson (button) (small blind) folded on the Turn
Seat 2: Crspy Bacon (big blind) collected ($17.64)


PokerStars Hand #147682000647:  Hold'em Limit ($3/$6 USD) - 2016/01/25 18:41:35 ET
Table 'Sponde III' 2-max Seat #2 is the button
Seat 1: JohnnyJakson ($222.64 in chips)
Seat 2: Crspy Bacon ($116.50 in chips)
Crspy Bacon: posts small blind $1
JohnnyJakson: posts big blind $3
*** HOLE CARDS ***
Crspy Bacon: raises $3 to $6
JohnnyJakson: calls $3
*** FLOP *** [Ks 2d Jd]
JohnnyJakson: checks
Crspy Bacon: bets $3
JohnnyJakson: raises $3 to $6
Crspy Bacon: calls $3
*** TURN *** [Ks 2d Jd] [9h]
JohnnyJakson: bets $6
Crspy Bacon: raises $6 to $12
JohnnyJakson: calls $6
*** RIVER *** [Ks 2d Jd 9h] [Qc]
JohnnyJakson: checks
Crspy Bacon: bets $6
JohnnyJakson: calls $6
*** SHOW DOWN ***
Crspy Bacon: shows [9d Kh] (two pair, Kings and Nines)
JohnnyJakson: mucks hand
Crspy Bacon collected $59.50 from pot
*** SUMMARY ***
Total pot $60 | Rake $0.50
Board [Ks 2d Jd 9h Qc]
Seat 1: JohnnyJakson (big blind) mucked
Seat 2: Crspy Bacon (button) (small blind) showed [9d Kh] and won ($59.50) with two pair, Kings and Nines


PokerStars Hand #147682093753:  Hold'em Limit ($3/$6 USD) - 2016/01/25 18:43:34 ET
Table 'Sponde III' 2-max Seat #1 is the button
Seat 1: JohnnyJakson ($223.28 in chips)
Seat 2: Crspy Bacon ($113.14 in chips)
JohnnyJakson: posts small blind $1
Crspy Bacon: posts big blind $3
*** HOLE CARDS ***
JohnnyJakson: folds
Uncalled bet ($2) returned to Crspy Bacon
Crspy Bacon collected $2 from pot
Crspy Bacon: doesn't show hand
*** SUMMARY ***
Total pot $2 | Rake $0
Seat 1: JohnnyJakson (button) (small blind) folded before Flop
Seat 2: Crspy Bacon (big blind) collected ($2)


PokerStars Hand #147682082573:  Hold'em Limit ($3/$6 USD) - 2016/01/25 18:43:20 ET
Table 'Sponde III' 2-max Seat #2 is the button
Seat 1: JohnnyJakson ($214.64 in chips)
Seat 2: Crspy Bacon ($122.14 in chips)
Crspy Bacon: posts small blind $1
JohnnyJakson: posts big blind $3
*** HOLE CARDS ***
Crspy Bacon: raises $3 to $6
JohnnyJakson: calls $3
*** FLOP *** [2d Tc Jc]
JohnnyJakson: checks
Crspy Bacon: bets $3
JohnnyJakson: calls $3
*** TURN *** [2d Tc Jc] [4d]
JohnnyJakson: checks
Crspy Bacon: checks
*** RIVER *** [2d Tc Jc 4d] [2c]
JohnnyJakson: bets $6
Crspy Bacon: folds
Uncalled bet ($6) returned to JohnnyJakson
JohnnyJakson collected $17.64 from pot
JohnnyJakson: doesn't show hand
*** SUMMARY ***
Total pot $18 | Rake $0.36
Board [2d Tc Jc 4d 2c]
Seat 1: JohnnyJakson (big blind) collected ($17.64)
Seat 2: Crspy Bacon (button) (small blind) folded on the River


PokerStars Hand #147682078942:  Hold'em Limit ($3/$6 USD) - 2016/01/25 18:43:15 ET
Table 'Sponde III' 2-max Seat #1 is the button
Seat 1: JohnnyJakson ($215.64 in chips)
Seat 2: Crspy Bacon ($121.14 in chips)
JohnnyJakson: posts small blind $1
Crspy Bacon: posts big blind $3
*** HOLE CARDS ***
JohnnyJakson: folds
Uncalled bet ($2) returned to Crspy Bacon
Crspy Bacon collected $2 from pot
Crspy Bacon: doesn't show hand
*** SUMMARY ***
Total pot $2 | Rake $0
Seat 1: JohnnyJakson (button) (small blind) folded before Flop
Seat 2: Crspy Bacon (big blind) collected ($2)


PokerStars Hand #147682066567:  Hold'em Limit ($3/$6 USD) - 2016/01/25 18:43:00 ET
Table 'Sponde III' 2-max Seat #2 is the button
Seat 1: JohnnyJakson ($201.14 in chips)
Seat 2: Crspy Bacon ($136.14 in chips)
Crspy Bacon: posts small blind $1
JohnnyJakson: posts big blind $3
*** HOLE CARDS ***
Crspy Bacon: raises $3 to $6
JohnnyJakson: calls $3
*** FLOP *** [6d Qc 7d]
JohnnyJakson: checks
Crspy Bacon: bets $3
JohnnyJakson: calls $3
*** TURN *** [6d Qc 7d] [Ah]
JohnnyJakson: checks
Crspy Bacon: bets $6
JohnnyJakson: calls $6
*** RIVER *** [6d Qc 7d Ah] [Js]
JohnnyJakson: checks
Crspy Bacon: checks
*** SHOW DOWN ***
JohnnyJakson: shows [4s Qs] (a pair of Queens)
Crspy Bacon: mucks hand
JohnnyJakson collected $29.50 from pot
*** SUMMARY ***
Total pot $30 | Rake $0.50
Board [6d Qc 7d Ah Js]
Seat 1: JohnnyJakson (big blind) showed [4s Qs] and won ($29.50) with a pair of Queens
Seat 2: Crspy Bacon (button) (small blind) mucked


PokerStars Hand #147682046076:  Hold'em Limit ($3/$6 USD) - 2016/01/25 18:42:33 ET
Table 'Sponde III' 2-max Seat #1 is the button
Seat 1: JohnnyJakson ($168.64 in chips)
Seat 2: Crspy Bacon ($169.14 in chips)
JohnnyJakson: posts small blind $1
Crspy Bacon: posts big blind $3
*** HOLE CARDS ***
JohnnyJakson: raises $3 to $6
Crspy Bacon: calls $3
*** FLOP *** [9s Jd 7c]
Crspy Bacon: checks
JohnnyJakson: bets $3
Crspy Bacon: calls $3
*** TURN *** [9s Jd 7c] [Tc]
Crspy Bacon: checks
JohnnyJakson: bets $6
Crspy Bacon: raises $6 to $12
JohnnyJakson: calls $6
*** RIVER *** [9s Jd 7c Tc] [Qc]
Crspy Bacon: bets $6
JohnnyJakson: raises $6 to $12
Crspy Bacon: calls $6
*** SHOW DOWN ***
JohnnyJakson: shows [Kc Kh] (a straight, Nine to King)
Crspy Bacon: mucks hand
JohnnyJakson collected $65.50 from pot
*** SUMMARY ***
Total pot $66 | Rake $0.50
Board [9s Jd 7c Tc Qc]
Seat 1: JohnnyJakson (button) (small blind) showed [Kc Kh] and won ($65.50) with a straight, Nine to King
Seat 2: Crspy Bacon (big blind) mucked


PokerStars Hand #147682135676:  Hold'em Limit ($3/$6 USD) - 2016/01/25 18:44:29 ET
Table 'Sponde III' 2-max Seat #2 is the button
Seat 1: JohnnyJakson ($231.66 in chips)
Seat 2: Crspy Bacon ($103.78 in chips)
Crspy Bacon: posts small blind $1
JohnnyJakson: posts big blind $3
*** HOLE CARDS ***
Crspy Bacon: raises $3 to $6
JohnnyJakson: folds
Uncalled bet ($3) returned to Crspy Bacon
Crspy Bacon collected $6 from pot
Crspy Bacon: doesn't show hand
*** SUMMARY ***
Total pot $6 | Rake $0
Seat 1: JohnnyJakson (big blind) folded before Flop
Seat 2: Crspy Bacon (button) (small blind) collected ($6)


PokerStars Hand #147682126571:  Hold'em Limit ($3/$6 USD) - 2016/01/25 18:44:17 ET
Table 'Sponde III' 2-max Seat #1 is the button
Seat 1: JohnnyJakson ($228.78 in chips)
Seat 2: Crspy Bacon ($106.78 in chips)
JohnnyJakson: posts small blind $1
Crspy Bacon: posts big blind $3
*** HOLE CARDS ***
JohnnyJakson: calls $2
Crspy Bacon: checks
*** FLOP *** [Td 9s Ac]
Crspy Bacon: checks
JohnnyJakson: bets $3
Crspy Bacon: folds
Uncalled bet ($3) returned to JohnnyJakson
JohnnyJakson collected $5.88 from pot
JohnnyJakson: doesn't show hand
*** SUMMARY ***
Total pot $6 | Rake $0.12
Board [Td 9s Ac]
Seat 1: JohnnyJakson (button) (small blind) collected ($5.88)
Seat 2: Crspy Bacon (big blind) folded on the Flop


PokerStars Hand #147682123183:  Hold'em Limit ($3/$6 USD) - 2016/01/25 18:44:12 ET
Table 'Sponde III' 2-max Seat #2 is the button
Seat 1: JohnnyJakson ($227.78 in chips)
Seat 2: Crspy Bacon ($107.78 in chips)
Crspy Bacon: posts small blind $1
JohnnyJakson: posts big blind $3
*** HOLE CARDS ***
Crspy Bacon: folds
Uncalled bet ($2) returned to JohnnyJakson
JohnnyJakson collected $2 from pot
JohnnyJakson: doesn't show hand
*** SUMMARY ***
Total pot $2 | Rake $0
Seat 1: JohnnyJakson (big blind) collected ($2)
Seat 2: Crspy Bacon (button) (small blind) folded before Flop


PokerStars Hand #147682108973:  Hold'em Limit ($3/$6 USD) - 2016/01/25 18:43:54 ET
Table 'Sponde III' 2-max Seat #1 is the button
Seat 1: JohnnyJakson ($236.78 in chips)
Seat 2: Crspy Bacon ($99.14 in chips)
JohnnyJakson: posts small blind $1
Crspy Bacon: posts big blind $3
*** HOLE CARDS ***
JohnnyJakson: calls $2
Crspy Bacon: raises $3 to $6
JohnnyJakson: calls $3
*** FLOP *** [3c Tc Jd]
Crspy Bacon: bets $3
JohnnyJakson: calls $3
*** TURN *** [3c Tc Jd] [6s]
Crspy Bacon: bets $6
JohnnyJakson: folds
Uncalled bet ($6) returned to Crspy Bacon
Crspy Bacon collected $17.64 from pot
Crspy Bacon: doesn't show hand
*** SUMMARY ***
Total pot $18 | Rake $0.36
Board [3c Tc Jd 6s]
Seat 1: JohnnyJakson (button) (small blind) folded on the Turn
Seat 2: Crspy Bacon (big blind) collected ($17.64)


PokerStars Hand #147682097145:  Hold'em Limit ($3/$6 USD) - 2016/01/25 18:43:39 ET
Table 'Sponde III' 2-max Seat #2 is the button
Seat 1: JohnnyJakson ($222.28 in chips)
Seat 2: Crspy Bacon ($114.14 in chips)
Crspy Bacon: posts small blind $1
JohnnyJakson: posts big blind $3
*** HOLE CARDS ***
Crspy Bacon: raises $3 to $6
JohnnyJakson: calls $3
*** FLOP *** [Th Kc Tc]
JohnnyJakson: bets $3
Crspy Bacon: calls $3
*** TURN *** [Th Kc Tc] [4h]
JohnnyJakson: checks
Crspy Bacon: checks
*** RIVER *** [Th Kc Tc 4h] [Td]
JohnnyJakson: bets $6
Crspy Bacon: calls $6
*** SHOW DOWN ***
JohnnyJakson: shows [Kd 3h] (a full house, Tens full of Kings)
Crspy Bacon: mucks hand
JohnnyJakson collected $29.50 from pot
*** SUMMARY ***
Total pot $30 | Rake $0.50
Board [Th Kc Tc 4h Td]
Seat 1: JohnnyJakson (big blind) showed [Kd 3h] and won ($29.50) with a full house, Tens full of Kings
Seat 2: Crspy Bacon (button) (small blind) mucked


PokerStars Hand #147682172119:  Hold'em Limit ($3/$6 USD) - 2016/01/25 18:45:16 ET
Table 'Sponde III' 2-max Seat #2 is the button
Seat 1: JohnnyJakson ($230.16 in chips)
Seat 2: Crspy Bacon ($104.28 in chips)
Crspy Bacon: posts small blind $1
JohnnyJakson: posts big blind $3
*** HOLE CARDS ***
Crspy Bacon: raises $3 to $6
JohnnyJakson: raises $3 to $9
Crspy Bacon: calls $3
*** FLOP *** [2c Qh 9d]
JohnnyJakson: bets $3
Crspy Bacon: calls $3
*** TURN *** [2c Qh 9d] [5d]
JohnnyJakson: checks
Crspy Bacon: bets $6
JohnnyJakson: calls $6
*** RIVER *** [2c Qh 9d 5d] [7d]
JohnnyJakson: checks
Crspy Bacon: bets $6
JohnnyJakson: calls $6
*** SHOW DOWN ***
Crspy Bacon: shows [Qs 8c] (a pair of Queens)
JohnnyJakson: mucks hand
Crspy Bacon collected $47.50 from pot
*** SUMMARY ***
Total pot $48 | Rake $0.50
Board [2c Qh 9d 5d 7d]
Seat 1: JohnnyJakson (big blind) mucked
Seat 2: Crspy Bacon (button) (small blind) showed [Qs 8c] and won ($47.50) with a pair of Queens


PokerStars Hand #147682168100:  Hold'em Limit ($3/$6 USD) - 2016/01/25 18:45:10 ET
Table 'Sponde III' 2-max Seat #1 is the button
Seat 1: JohnnyJakson ($231.16 in chips)
Seat 2: Crspy Bacon ($103.28 in chips)
JohnnyJakson: posts small blind $1
Crspy Bacon: posts big blind $3
*** HOLE CARDS ***
JohnnyJakson: folds
Uncalled bet ($2) returned to Crspy Bacon
Crspy Bacon collected $2 from pot
Crspy Bacon: doesn't show hand
*** SUMMARY ***
Total pot $2 | Rake $0
Seat 1: JohnnyJakson (button) (small blind) folded before Flop
Seat 2: Crspy Bacon (big blind) collected ($2)


PokerStars Hand #147682156445:  Hold'em Limit ($3/$6 USD) - 2016/01/25 18:44:56 ET
Table 'Sponde III' 2-max Seat #2 is the button
Seat 1: JohnnyJakson ($252.16 in chips)
Seat 2: Crspy Bacon ($82.78 in chips)
Crspy Bacon: posts small blind $1
JohnnyJakson: posts big blind $3
*** HOLE CARDS ***
Crspy Bacon: raises $3 to $6
JohnnyJakson: calls $3
*** FLOP *** [Ac 8h 5d]
JohnnyJakson: checks
Crspy Bacon: bets $3
JohnnyJakson: calls $3
*** TURN *** [Ac 8h 5d] [5c]
JohnnyJakson: checks
Crspy Bacon: bets $6
JohnnyJakson: calls $6
*** RIVER *** [Ac 8h 5d 5c] [7d]
JohnnyJakson: checks
Crspy Bacon: bets $6
JohnnyJakson: calls $6
*** SHOW DOWN ***
Crspy Bacon: shows [Ad 8d] (two pair, Aces and Eights)
JohnnyJakson: mucks hand
Crspy Bacon collected $41.50 from pot
*** SUMMARY ***
Total pot $42 | Rake $0.50
Board [Ac 8h 5d 5c 7d]
Seat 1: JohnnyJakson (big blind) mucked
Seat 2: Crspy Bacon (button) (small blind) showed [Ad 8d] and won ($41.50) with two pair, Aces and Eights


PokerStars Hand #147682140558:  Hold'em Limit ($3/$6 USD) - 2016/01/25 18:44:35 ET
Table 'Sponde III' 2-max Seat #1 is the button
Seat 1: JohnnyJakson ($228.66 in chips)
Seat 2: Crspy Bacon ($106.78 in chips)
JohnnyJakson: posts small blind $1
Crspy Bacon: posts big blind $3
*** HOLE CARDS ***
JohnnyJakson: raises $3 to $6
Crspy Bacon: raises $3 to $9
JohnnyJakson: calls $3
*** FLOP *** [Kc 5s 3h]
Crspy Bacon: bets $3
JohnnyJakson: calls $3
*** TURN *** [Kc 5s 3h] [6c]
Crspy Bacon: bets $6
JohnnyJakson: calls $6
*** RIVER *** [Kc 5s 3h 6c] [5h]
Crspy Bacon: checks
JohnnyJakson: bets $6
Crspy Bacon: calls $6
*** SHOW DOWN ***
JohnnyJakson: shows [9d Kd] (two pair, Kings and Fives)
Crspy Bacon: mucks hand
JohnnyJakson collected $47.50 from pot
*** SUMMARY ***
Total pot $48 | Rake $0.50
Board [Kc 5s 3h 6c 5h]
Seat 1: JohnnyJakson (button) (small blind) showed [9d Kd] and won ($47.50) with two pair, Kings and Fives
Seat 2: Crspy Bacon (big blind) mucked


PokerStars Hand #147682226268:  Hold'em Limit ($3/$6 USD) - 2016/01/25 18:46:26 ET
Table 'Sponde III' 2-max Seat #2 is the button
Seat 1: JohnnyJakson ($241.16 in chips)
Seat 2: Crspy Bacon ($91.66 in chips)
Crspy Bacon: posts small blind $1
JohnnyJakson: posts big blind $3
*** HOLE CARDS ***
Crspy Bacon: raises $3 to $6
JohnnyJakson: calls $3
*** FLOP *** [Jd 9d Qh]
JohnnyJakson: bets $3
Crspy Bacon: folds
Uncalled bet ($3) returned to JohnnyJakson
JohnnyJakson collected $11.76 from pot
JohnnyJakson: doesn't show hand
*** SUMMARY ***
Total pot $12 | Rake $0.24
Board [Jd 9d Qh]
Seat 1: JohnnyJakson (big blind) collected ($11.76)
Seat 2: Crspy Bacon (button) (small blind) folded on the Flop


PokerStars Hand #147682218052:  Hold'em Limit ($3/$6 USD) - 2016/01/25 18:46:15 ET
Table 'Sponde III' 2-max Seat #1 is the button
Seat 1: JohnnyJakson ($244.16 in chips)
Seat 2: Crspy Bacon ($88.78 in chips)
JohnnyJakson: posts small blind $1
Crspy Bacon: posts big blind $3
*** HOLE CARDS ***
JohnnyJakson: calls $2
Crspy Bacon: checks
*** FLOP *** [2c Ah Qd]
Crspy Bacon: bets $3
JohnnyJakson: folds
Uncalled bet ($3) returned to Crspy Bacon
Crspy Bacon collected $5.88 from pot
Crspy Bacon: doesn't show hand
*** SUMMARY ***
Total pot $6 | Rake $0.12
Board [2c Ah Qd]
Seat 1: JohnnyJakson (button) (small blind) folded on the Flop
Seat 2: Crspy Bacon (big blind) collected ($5.88)


PokerStars Hand #147682201927:  Hold'em Limit ($3/$6 USD) - 2016/01/25 18:45:54 ET
Table 'Sponde III' 2-max Seat #2 is the button
Seat 1: JohnnyJakson ($229.66 in chips)
Seat 2: Crspy Bacon ($103.78 in chips)
Crspy Bacon: posts small blind $1
JohnnyJakson: posts big blind $3
*** HOLE CARDS ***
Crspy Bacon: raises $3 to $6
JohnnyJakson: calls $3
*** FLOP *** [Th 9s Kd]
JohnnyJakson: checks
Crspy Bacon: bets $3
JohnnyJakson: calls $3
*** TURN *** [Th 9s Kd] [Qs]
JohnnyJakson: bets $6
Crspy Bacon: calls $6
*** RIVER *** [Th 9s Kd Qs] [4c]
JohnnyJakson: bets $6
Crspy Bacon: folds
Uncalled bet ($6) returned to JohnnyJakson
JohnnyJakson collected $29.50 from pot
JohnnyJakson: doesn't show hand
*** SUMMARY ***
Total pot $30 | Rake $0.50
Board [Th 9s Kd Qs 4c]
Seat 1: JohnnyJakson (big blind) collected ($29.50)
Seat 2: Crspy Bacon (button) (small blind) folded on the River


PokerStars Hand #147682185544:  Hold'em Limit ($3/$6 USD) - 2016/01/25 18:45:33 ET
Table 'Sponde III' 2-max Seat #1 is the button
Seat 1: JohnnyJakson ($206.16 in chips)
Seat 2: Crspy Bacon ($127.78 in chips)
JohnnyJakson: posts small blind $1
Crspy Bacon: posts big blind $3
*** HOLE CARDS ***
JohnnyJakson: raises $3 to $6
Crspy Bacon: calls $3
*** FLOP *** [4s Kd Kc]
Crspy Bacon: checks
JohnnyJakson: bets $3
Crspy Bacon: raises $3 to $6
JohnnyJakson: calls $3
*** TURN *** [4s Kd Kc] [Qh]
Crspy Bacon: bets $6
JohnnyJakson: calls $6
*** RIVER *** [4s Kd Kc Qh] [3c]
Crspy Bacon: checks
JohnnyJakson: bets $6
Crspy Bacon: calls $6
*** SHOW DOWN ***
JohnnyJakson: shows [2h 2c] (two pair, Kings and Deuces)
Crspy Bacon: mucks hand
JohnnyJakson collected $47.50 from pot
*** SUMMARY ***
Total pot $48 | Rake $0.50
Board [4s Kd Kc Qh 3c]
Seat 1: JohnnyJakson (button) (small blind) showed [2h 2c] and won ($47.50) with two pair, Kings and Deuces
Seat 2: Crspy Bacon (big blind) mucked


PokerStars Hand #147682275673:  Hold'em Limit ($3/$6 USD) - 2016/01/25 18:47:30 ET
Table 'Sponde III' 2-max Seat #2 is the button
Seat 1: JohnnyJakson ($230.42 in chips)
Seat 2: Crspy Bacon ($101.16 in chips)
Crspy Bacon: posts small blind $1
JohnnyJakson: posts big blind $3
*** HOLE CARDS ***
Crspy Bacon: raises $3 to $6
JohnnyJakson: calls $3
*** FLOP *** [9d 2d 3s]
JohnnyJakson: bets $3
Crspy Bacon: calls $3
*** TURN *** [9d 2d 3s] [Qh]
JohnnyJakson: bets $6
Crspy Bacon: folds
Uncalled bet ($6) returned to JohnnyJakson
JohnnyJakson collected $17.64 from pot
JohnnyJakson: doesn't show hand
*** SUMMARY ***
Total pot $18 | Rake $0.36
Board [9d 2d 3s Qh]
Seat 1: JohnnyJakson (big blind) collected ($17.64)
Seat 2: Crspy Bacon (button) (small blind) folded on the Turn


PokerStars Hand #147682272266:  Hold'em Limit ($3/$6 USD) - 2016/01/25 18:47:25 ET
Table 'Sponde III' 2-max Seat #1 is the button
Seat 1: JohnnyJakson ($231.42 in chips)
Seat 2: Crspy Bacon ($100.16 in chips)
JohnnyJakson: posts small blind $1
Crspy Bacon: posts big blind $3
*** HOLE CARDS ***
JohnnyJakson: folds
Uncalled bet ($2) returned to Crspy Bacon
Crspy Bacon collected $2 from pot
Crspy Bacon: doesn't show hand
*** SUMMARY ***
Total pot $2 | Rake $0
Seat 1: JohnnyJakson (button) (small blind) folded before Flop
Seat 2: Crspy Bacon (big blind) collected ($2)


PokerStars Hand #147682252607:  Hold'em Limit ($3/$6 USD) - 2016/01/25 18:47:00 ET
Table 'Sponde III' 2-max Seat #2 is the button
Seat 1: JohnnyJakson ($264.42 in chips)
Seat 2: Crspy Bacon ($67.66 in chips)
Crspy Bacon: posts small blind $1
JohnnyJakson: posts big blind $3
*** HOLE CARDS ***
Crspy Bacon: raises $3 to $6
JohnnyJakson: calls $3
*** FLOP *** [9s 6s 2h]
JohnnyJakson: checks
Crspy Bacon: bets $3
JohnnyJakson: calls $3
*** TURN *** [9s 6s 2h] [7d]
JohnnyJakson: bets $6
Crspy Bacon: raises $6 to $12
JohnnyJakson: raises $6 to $18
Crspy Bacon: calls $6
*** RIVER *** [9s 6s 2h 7d] [8d]
JohnnyJakson: checks
Crspy Bacon: bets $6
JohnnyJakson: calls $6
*** SHOW DOWN ***
Crspy Bacon: shows [9h Th] (a straight, Six to Ten)
JohnnyJakson: mucks hand
Crspy Bacon collected $65.50 from pot
*** SUMMARY ***
Total pot $66 | Rake $0.50
Board [9s 6s 2h 7d 8d]
Seat 1: JohnnyJakson (big blind) mucked
Seat 2: Crspy Bacon (button) (small blind) showed [9h Th] and won ($65.50) with a straight, Six to Ten


PokerStars Hand #147682233976:  Hold'em Limit ($3/$6 USD) - 2016/01/25 18:46:36 ET
Table 'Sponde III' 2-max Seat #1 is the button
Seat 1: JohnnyJakson ($246.92 in chips)
Seat 2: Crspy Bacon ($85.66 in chips)
JohnnyJakson: posts small blind $1
Crspy Bacon: posts big blind $3
*** HOLE CARDS ***
JohnnyJakson: calls $2
Crspy Bacon: checks
*** FLOP *** [Td 3s Ts]
Crspy Bacon: bets $3
JohnnyJakson: calls $3
*** TURN *** [Td 3s Ts] [Tc]
Crspy Bacon: bets $6
JohnnyJakson: calls $6
*** RIVER *** [Td 3s Ts Tc] [7d]
Crspy Bacon: checks
JohnnyJakson: bets $6
Crspy Bacon: calls $6
*** SHOW DOWN ***
JohnnyJakson: shows [Ks 8d] (three of a kind, Tens)
Crspy Bacon: mucks hand
JohnnyJakson collected $35.50 from pot
*** SUMMARY ***
Total pot $36 | Rake $0.50
Board [Td 3s Ts Tc 7d]
Seat 1: JohnnyJakson (button) (small blind) showed [Ks 8d] and won ($35.50) with three of a kind, Tens
Seat 2: Crspy Bacon (big blind) mucked


PokerStars Hand #147682326847:  Hold'em Limit ($3/$6 USD) - 2016/01/25 18:48:36 ET
Table 'Sponde III' 2-max Seat #1 is the button
Seat 1: JohnnyJakson ($274.06 in chips)
Seat 2: Crspy Bacon ($55.80 in chips)
JohnnyJakson: posts small blind $1
Crspy Bacon: posts big blind $3
*** HOLE CARDS ***
JohnnyJakson: folds
Uncalled bet ($2) returned to Crspy Bacon
Crspy Bacon collected $2 from pot
Crspy Bacon: doesn't show hand
*** SUMMARY ***
Total pot $2 | Rake $0
Seat 1: JohnnyJakson (button) (small blind) folded before Flop
Seat 2: Crspy Bacon (big blind) collected ($2)


PokerStars Hand #147682322415:  Hold'em Limit ($3/$6 USD) - 2016/01/25 18:48:30 ET
Table 'Sponde III' 2-max Seat #2 is the button
Seat 1: JohnnyJakson ($277.06 in chips)
Seat 2: Crspy Bacon ($52.80 in chips)
Crspy Bacon: posts small blind $1
JohnnyJakson: posts big blind $3
*** HOLE CARDS ***
Crspy Bacon: raises $3 to $6
JohnnyJakson: folds
Uncalled bet ($3) returned to Crspy Bacon
Crspy Bacon collected $6 from pot
Crspy Bacon: doesn't show hand
*** SUMMARY ***
Total pot $6 | Rake $0
Seat 1: JohnnyJakson (big blind) folded before Flop
Seat 2: Crspy Bacon (button) (small blind) collected ($6)


PokerStars Hand #147682311850:  Hold'em Limit ($3/$6 USD) - 2016/01/25 18:48:17 ET
Table 'Sponde III' 2-max Seat #1 is the button
Seat 1: JohnnyJakson ($286.06 in chips)
Seat 2: Crspy Bacon ($44.16 in chips)
JohnnyJakson: posts small blind $1
Crspy Bacon: posts big blind $3
*** HOLE CARDS ***
JohnnyJakson: calls $2
Crspy Bacon: raises $3 to $6
JohnnyJakson: calls $3
*** FLOP *** [9s Qc 7s]
Crspy Bacon: bets $3
JohnnyJakson: calls $3
*** TURN *** [9s Qc 7s] [6s]
Crspy Bacon: bets $6
JohnnyJakson: folds
Uncalled bet ($6) returned to Crspy Bacon
Crspy Bacon collected $17.64 from pot
Crspy Bacon: doesn't show hand
*** SUMMARY ***
Total pot $18 | Rake $0.36
Board [9s Qc 7s 6s]
Seat 1: JohnnyJakson (button) (small blind) folded on the Turn
Seat 2: Crspy Bacon (big blind) collected ($17.64)


PokerStars Hand #147682297195:  Hold'em Limit ($3/$6 USD) - 2016/01/25 18:47:58 ET
Table 'Sponde III' 2-max Seat #2 is the button
Seat 1: JohnnyJakson ($259.56 in chips)
Seat 2: Crspy Bacon ($71.16 in chips)
Crspy Bacon: posts small blind $1
JohnnyJakson: posts big blind $3
*** HOLE CARDS ***
Crspy Bacon: raises $3 to $6
JohnnyJakson: calls $3
*** FLOP *** [6h 6d Ah]
JohnnyJakson: checks
Crspy Bacon: bets $3
JohnnyJakson: calls $3
*** TURN *** [6h 6d Ah] [3h]
JohnnyJakson: checks
Crspy Bacon: bets $6
JohnnyJakson: raises $6 to $12
Crspy Bacon: calls $6
*** RIVER *** [6h 6d Ah 3h] [5d]
JohnnyJakson: bets $6
Crspy Bacon: calls $6
*** SHOW DOWN ***
JohnnyJakson: shows [Jc Ad] (two pair, Aces and Sixes)
Crspy Bacon: mucks hand
JohnnyJakson collected $53.50 from pot
*** SUMMARY ***
Total pot $54 | Rake $0.50
Board [6h 6d Ah 3h 5d]
Seat 1: JohnnyJakson (big blind) showed [Jc Ad] and won ($53.50) with two pair, Aces and Sixes
Seat 2: Crspy Bacon (button) (small blind) mucked


PokerStars Hand #147682286400:  Hold'em Limit ($3/$6 USD) - 2016/01/25 18:47:44 ET
Table 'Sponde III' 2-max Seat #1 is the button
Seat 1: JohnnyJakson ($239.06 in chips)
Seat 2: Crspy Bacon ($92.16 in chips)
JohnnyJakson: posts small blind $1
Crspy Bacon: posts big blind $3
*** HOLE CARDS ***
JohnnyJakson: calls $2
Crspy Bacon: raises $3 to $6
JohnnyJakson: calls $3
*** FLOP *** [6s 5s 5c]
Crspy Bacon: bets $3
JohnnyJakson: calls $3
*** TURN *** [6s 5s 5c] [Ks]
Crspy Bacon: bets $6
JohnnyJakson: calls $6
*** RIVER *** [6s 5s 5c Ks] [3c]
Crspy Bacon: bets $6
JohnnyJakson: calls $6
*** SHOW DOWN ***
Crspy Bacon: shows [Kh 4h] (two pair, Kings and Fives)
JohnnyJakson: shows [8c Kd] (two pair, Kings and Fives - Eight kicker)
JohnnyJakson collected $41.50 from pot
*** SUMMARY ***
Total pot $42 | Rake $0.50
Board [6s 5s 5c Ks 3c]
Seat 1: JohnnyJakson (button) (small blind) showed [8c Kd] and won ($41.50) with two pair, Kings and Fives
Seat 2: Crspy Bacon (big blind) showed [Kh 4h] and lost with two pair, Kings and Fives


PokerStars Hand #147682373768:  Hold'em Limit ($3/$6 USD) - 2016/01/25 18:49:35 ET
Table 'Sponde III' 2-max Seat #2 is the button
Seat 1: JohnnyJakson ($242.70 in chips)
Seat 2: Crspy Bacon ($85.68 in chips)
Crspy Bacon: posts small blind $1
JohnnyJakson: posts big blind $3
*** HOLE CARDS ***
Crspy Bacon: raises $3 to $6
JohnnyJakson: raises $3 to $9
Crspy Bacon: calls $3
*** FLOP *** [8d Kh Qh]
JohnnyJakson: bets $3
Crspy Bacon: folds
Uncalled bet ($3) returned to JohnnyJakson
JohnnyJakson collected $17.64 from pot
JohnnyJakson: doesn't show hand
*** SUMMARY ***
Total pot $18 | Rake $0.36
Board [8d Kh Qh]
Seat 1: JohnnyJakson (big blind) collected ($17.64)
Seat 2: Crspy Bacon (button) (small blind) folded on the Flop


PokerStars Hand #147682367054:  Hold'em Limit ($3/$6 USD) - 2016/01/25 18:49:27 ET
Table 'Sponde III' 2-max Seat #1 is the button
Seat 1: JohnnyJakson ($245.70 in chips)
Seat 2: Crspy Bacon ($82.80 in chips)
JohnnyJakson: posts small blind $1
Crspy Bacon: posts big blind $3
*** HOLE CARDS ***
JohnnyJakson: calls $2
Crspy Bacon: checks
*** FLOP *** [Js 5s 2s]
Crspy Bacon: bets $3
JohnnyJakson: folds
Uncalled bet ($3) returned to Crspy Bacon
Crspy Bacon collected $5.88 from pot
Crspy Bacon: doesn't show hand
*** SUMMARY ***
Total pot $6 | Rake $0.12
Board [Js 5s 2s]
Seat 1: JohnnyJakson (button) (small blind) folded on the Flop
Seat 2: Crspy Bacon (big blind) collected ($5.88)


PokerStars Hand #147682357335:  Hold'em Limit ($3/$6 USD) - 2016/01/25 18:49:15 ET
Table 'Sponde III' 2-max Seat #2 is the button
Seat 1: JohnnyJakson ($237.06 in chips)
Seat 2: Crspy Bacon ($91.80 in chips)
Crspy Bacon: posts small blind $1
JohnnyJakson: posts big blind $3
*** HOLE CARDS ***
Crspy Bacon: raises $3 to $6
JohnnyJakson: calls $3
*** FLOP *** [Ad 4h 7s]
JohnnyJakson: bets $3
Crspy Bacon: calls $3
*** TURN *** [Ad 4h 7s] [Tc]
JohnnyJakson: bets $6
Crspy Bacon: folds
Uncalled bet ($6) returned to JohnnyJakson
JohnnyJakson collected $17.64 from pot
JohnnyJakson: doesn't show hand
*** SUMMARY ***
Total pot $18 | Rake $0.36
Board [Ad 4h 7s Tc]
Seat 1: JohnnyJakson (big blind) collected ($17.64)
Seat 2: Crspy Bacon (button) (small blind) folded on the Turn


PokerStars Hand #147682345290:  Hold'em Limit ($3/$6 USD) - 2016/01/25 18:48:59 ET
Table 'Sponde III' 2-max Seat #1 is the button
Seat 1: JohnnyJakson ($252.06 in chips)
Seat 2: Crspy Bacon ($77.30 in chips)
JohnnyJakson: posts small blind $1
Crspy Bacon: posts big blind $3
*** HOLE CARDS ***
JohnnyJakson: raises $3 to $6
Crspy Bacon: calls $3
*** FLOP *** [Kd 4c Th]
Crspy Bacon: checks
JohnnyJakson: bets $3
Crspy Bacon: calls $3
*** TURN *** [Kd 4c Th] [9h]
Crspy Bacon: checks
JohnnyJakson: checks
*** RIVER *** [Kd 4c Th 9h] [Ts]
Crspy Bacon: checks
JohnnyJakson: bets $6
Crspy Bacon: calls $6
*** SHOW DOWN ***
JohnnyJakson: shows [Qd 8s] (a pair of Tens)
Crspy Bacon: shows [As 2d] (a pair of Tens - Ace kicker)
Crspy Bacon collected $29.50 from pot
*** SUMMARY ***
Total pot $30 | Rake $0.50
Board [Kd 4c Th 9h Ts]
Seat 1: JohnnyJakson (button) (small blind) showed [Qd 8s] and lost with a pair of Tens
Seat 2: Crspy Bacon (big blind) showed [As 2d] and won ($29.50) with a pair of Tens


PokerStars Hand #147682330380:  Hold'em Limit ($3/$6 USD) - 2016/01/25 18:48:40 ET
Table 'Sponde III' 2-max Seat #2 is the button
Seat 1: JohnnyJakson ($273.06 in chips)
Seat 2: Crspy Bacon ($56.80 in chips)
Crspy Bacon: posts small blind $1
JohnnyJakson: posts big blind $3
*** HOLE CARDS ***
Crspy Bacon: raises $3 to $6
JohnnyJakson: calls $3
*** FLOP *** [2d 4h Jc]
JohnnyJakson: checks
Crspy Bacon: bets $3
JohnnyJakson: calls $3
*** TURN *** [2d 4h Jc] [7c]
JohnnyJakson: checks
Crspy Bacon: bets $6
JohnnyJakson: calls $6
*** RIVER *** [2d 4h Jc 7c] [9s]
JohnnyJakson: checks
Crspy Bacon: bets $6
JohnnyJakson: calls $6
*** SHOW DOWN ***
Crspy Bacon: shows [9c 3c] (a pair of Nines)
JohnnyJakson: mucks hand
Crspy Bacon collected $41.50 from pot
*** SUMMARY ***
Total pot $42 | Rake $0.50
Board [2d 4h Jc 7c 9s]
Seat 1: JohnnyJakson (big blind) mucked
Seat 2: Crspy Bacon (button) (small blind) showed [9c 3c] and won ($41.50) with a pair of Nines


PokerStars Hand #147682422161:  Hold'em Limit ($3/$6 USD) - 2016/01/25 18:50:36 ET
Table 'Sponde III' 2-max Seat #2 is the button
Seat 1: JohnnyJakson ($261.84 in chips)
Seat 2: Crspy Bacon ($65.20 in chips)
Crspy Bacon: posts small blind $1
JohnnyJakson: posts big blind $3
*** HOLE CARDS ***
Crspy Bacon: raises $3 to $6
JohnnyJakson: folds
Uncalled bet ($3) returned to Crspy Bacon
Crspy Bacon collected $6 from pot
Crspy Bacon: doesn't show hand
*** SUMMARY ***
Total pot $6 | Rake $0
Seat 1: JohnnyJakson (big blind) folded before Flop
Seat 2: Crspy Bacon (button) (small blind) collected ($6)


PokerStars Hand #147682416109:  Hold'em Limit ($3/$6 USD) - 2016/01/25 18:50:29 ET
Table 'Sponde III' 2-max Seat #1 is the button
Seat 1: JohnnyJakson ($258.84 in chips)
Seat 2: Crspy Bacon ($68.20 in chips)
JohnnyJakson: posts small blind $1
Crspy Bacon: posts big blind $3
*** HOLE CARDS ***
JohnnyJakson: raises $3 to $6
Crspy Bacon: folds
Uncalled bet ($3) returned to JohnnyJakson
JohnnyJakson collected $6 from pot
JohnnyJakson: doesn't show hand
*** SUMMARY ***
Total pot $6 | Rake $0
Seat 1: JohnnyJakson (button) (small blind) collected ($6)
Seat 2: Crspy Bacon (big blind) folded before Flop


PokerStars Hand #147682409446:  Hold'em Limit ($3/$6 USD) - 2016/01/25 18:50:20 ET
Table 'Sponde III' 2-max Seat #2 is the button
Seat 1: JohnnyJakson ($264.84 in chips)
Seat 2: Crspy Bacon ($62.44 in chips)
Crspy Bacon: posts small blind $1
JohnnyJakson: posts big blind $3
*** HOLE CARDS ***
Crspy Bacon: raises $3 to $6
JohnnyJakson: calls $3
*** FLOP *** [Jc 8d Td]
JohnnyJakson: checks
Crspy Bacon: bets $3
JohnnyJakson: folds
Uncalled bet ($3) returned to Crspy Bacon
Crspy Bacon collected $11.76 from pot
Crspy Bacon: doesn't show hand
*** SUMMARY ***
Total pot $12 | Rake $0.24
Board [Jc 8d Td]
Seat 1: JohnnyJakson (big blind) folded on the Flop
Seat 2: Crspy Bacon (button) (small blind) collected ($11.76)


PokerStars Hand #147682398216:  Hold'em Limit ($3/$6 USD) - 2016/01/25 18:50:06 ET
Table 'Sponde III' 2-max Seat #1 is the button
Seat 1: JohnnyJakson ($270.84 in chips)
Seat 2: Crspy Bacon ($56.68 in chips)
JohnnyJakson: posts small blind $1
Crspy Bacon: posts big blind $3
*** HOLE CARDS ***
JohnnyJakson: calls $2
Crspy Bacon: checks
*** FLOP *** [5c Th 4d]
Crspy Bacon: bets $3
JohnnyJakson: calls $3
*** TURN *** [5c Th 4d] [Ts]
Crspy Bacon: bets $6
JohnnyJakson: folds
Uncalled bet ($6) returned to Crspy Bacon
Crspy Bacon collected $11.76 from pot
Crspy Bacon: doesn't show hand
*** SUMMARY ***
Total pot $12 | Rake $0.24
Board [5c Th 4d Ts]
Seat 1: JohnnyJakson (button) (small blind) folded on the Turn
Seat 2: Crspy Bacon (big blind) collected ($11.76)


PokerStars Hand #147682384854:  Hold'em Limit ($3/$6 USD) - 2016/01/25 18:49:49 ET
Table 'Sponde III' 2-max Seat #2 is the button
Seat 1: JohnnyJakson ($250.34 in chips)
Seat 2: Crspy Bacon ($77.68 in chips)
Crspy Bacon: posts small blind $1
JohnnyJakson: posts big blind $3
*** HOLE CARDS ***
Crspy Bacon: raises $3 to $6
JohnnyJakson: calls $3
*** FLOP *** [8d 8s 9s]
JohnnyJakson: checks
Crspy Bacon: bets $3
JohnnyJakson: calls $3
*** TURN *** [8d 8s 9s] [7c]
JohnnyJakson: checks
Crspy Bacon: bets $6
JohnnyJakson: calls $6
*** RIVER *** [8d 8s 9s 7c] [5c]
JohnnyJakson: bets $6
Crspy Bacon: calls $6
*** SHOW DOWN ***
JohnnyJakson: shows [Qh 6h] (a straight, Five to Nine)
Crspy Bacon: mucks hand
JohnnyJakson collected $41.50 from pot
*** SUMMARY ***
Total pot $42 | Rake $0.50
Board [8d 8s 9s 7c 5c]
Seat 1: JohnnyJakson (big blind) showed [Qh 6h] and won ($41.50) with a straight, Five to Nine
Seat 2: Crspy Bacon (button) (small blind) mucked


PokerStars Hand #147682381445:  Hold'em Limit ($3/$6 USD) - 2016/01/25 18:49:45 ET
Table 'Sponde III' 2-max Seat #1 is the button
Seat 1: JohnnyJakson ($251.34 in chips)
Seat 2: Crspy Bacon ($76.68 in chips)
JohnnyJakson: posts small blind $1
Crspy Bacon: posts big blind $3
*** HOLE CARDS ***
JohnnyJakson: folds
Uncalled bet ($2) returned to Crspy Bacon
Crspy Bacon collected $2 from pot
Crspy Bacon: doesn't show hand
*** SUMMARY ***
Total pot $2 | Rake $0
Seat 1: JohnnyJakson (button) (small blind) folded before Flop
Seat 2: Crspy Bacon (big blind) collected ($2)


PokerStars Hand #147682463332:  Hold'em Limit ($3/$6 USD) - 2016/01/25 18:51:29 ET
Table 'Sponde III' 2-max Seat #1 is the button
Seat 1: JohnnyJakson ($278 in chips)
Seat 2: Crspy Bacon ($48.20 in chips)
JohnnyJakson: posts small blind $1
Crspy Bacon: posts big blind $3
*** HOLE CARDS ***
JohnnyJakson: folds
Uncalled bet ($2) returned to Crspy Bacon
Crspy Bacon collected $2 from pot
Crspy Bacon: doesn't show hand
*** SUMMARY ***
Total pot $2 | Rake $0
Seat 1: JohnnyJakson (button) (small blind) folded before Flop
Seat 2: Crspy Bacon (big blind) collected ($2)


PokerStars Hand #147682448932:  Hold'em Limit ($3/$6 USD) - 2016/01/25 18:51:10 ET
Table 'Sponde III' 2-max Seat #2 is the button
Seat 1: JohnnyJakson ($269.36 in chips)
Seat 2: Crspy Bacon ($57.20 in chips)
Crspy Bacon: posts small blind $1
JohnnyJakson: posts big blind $3
*** HOLE CARDS ***
Crspy Bacon: raises $3 to $6
JohnnyJakson: calls $3
*** FLOP *** [5c Qc 8h]
JohnnyJakson: checks
Crspy Bacon: bets $3
JohnnyJakson: calls $3
*** TURN *** [5c Qc 8h] [3d]
JohnnyJakson: checks
Crspy Bacon: checks
*** RIVER *** [5c Qc 8h 3d] [Kh]
JohnnyJakson: bets $6
Crspy Bacon: folds
Uncalled bet ($6) returned to JohnnyJakson
JohnnyJakson collected $17.64 from pot
JohnnyJakson: doesn't show hand
*** SUMMARY ***
Total pot $18 | Rake $0.36
Board [5c Qc 8h 3d Kh]
Seat 1: JohnnyJakson (big blind) collected ($17.64)
Seat 2: Crspy Bacon (button) (small blind) folded on the River


PokerStars Hand #147682441336:  Hold'em Limit ($3/$6 USD) - 2016/01/25 18:51:01 ET
Table 'Sponde III' 2-max Seat #1 is the button
Seat 1: JohnnyJakson ($266.48 in chips)
Seat 2: Crspy Bacon ($60.20 in chips)
JohnnyJakson: posts small blind $1
Crspy Bacon: posts big blind $3
*** HOLE CARDS ***
JohnnyJakson: calls $2
Crspy Bacon: checks
*** FLOP *** [5h 7d Jh]
Crspy Bacon: checks
JohnnyJakson: bets $3
Crspy Bacon: folds
Uncalled bet ($3) returned to JohnnyJakson
JohnnyJakson collected $5.88 from pot
JohnnyJakson: doesn't show hand
*** SUMMARY ***
Total pot $6 | Rake $0.12
Board [5h 7d Jh]
Seat 1: JohnnyJakson (button) (small blind) collected ($5.88)
Seat 2: Crspy Bacon (big blind) folded on the Flop


PokerStars Hand #147682429813:  Hold'em Limit ($3/$6 USD) - 2016/01/25 18:50:46 ET
Table 'Sponde III' 2-max Seat #2 is the button
Seat 1: JohnnyJakson ($257.84 in chips)
Seat 2: Crspy Bacon ($69.20 in chips)
Crspy Bacon: posts small blind $1
JohnnyJakson: posts big blind $3
*** HOLE CARDS ***
Crspy Bacon: raises $3 to $6
JohnnyJakson: calls $3
*** FLOP *** [Kc 6d Qc]
JohnnyJakson: bets $3
Crspy Bacon: calls $3
*** TURN *** [Kc 6d Qc] [7s]
JohnnyJakson: bets $6
Crspy Bacon: folds
Uncalled bet ($6) returned to JohnnyJakson
JohnnyJakson collected $17.64 from pot
JohnnyJakson: doesn't show hand
*** SUMMARY ***
Total pot $18 | Rake $0.36
Board [Kc 6d Qc 7s]
Seat 1: JohnnyJakson (big blind) collected ($17.64)
Seat 2: Crspy Bacon (button) (small blind) folded on the Turn


PokerStars Hand #147682426340:  Hold'em Limit ($3/$6 USD) - 2016/01/25 18:50:42 ET
Table 'Sponde III' 2-max Seat #1 is the button
Seat 1: JohnnyJakson ($258.84 in chips)
Seat 2: Crspy Bacon ($68.20 in chips)
JohnnyJakson: posts small blind $1
Crspy Bacon: posts big blind $3
*** HOLE CARDS ***
JohnnyJakson: folds
Uncalled bet ($2) returned to Crspy Bacon
Crspy Bacon collected $2 from pot
Crspy Bacon: doesn't show hand
*** SUMMARY ***
Total pot $2 | Rake $0
Seat 1: JohnnyJakson (button) (small blind) folded before Flop
Seat 2: Crspy Bacon (big blind) collected ($2)


PokerStars Hand #147682497946:  Hold'em Limit ($3/$6 USD) - 2016/01/25 18:52:13 ET
Table 'Sponde III' 2-max Seat #2 is the button
Seat 1: JohnnyJakson ($327 in chips)
Seat 2: Crspy Bacon ($30 in chips)
Crspy Bacon: posts small blind $1
JohnnyJakson: posts big blind $3
*** HOLE CARDS ***
Crspy Bacon: raises $3 to $6
JohnnyJakson: raises $3 to $9
Crspy Bacon: raises $3 to $12
Betting is capped
JohnnyJakson: calls $3
*** FLOP *** [Qd Qc Qs]
JohnnyJakson: bets $3
Crspy Bacon: calls $3
*** TURN *** [Qd Qc Qs] [Ts]
JohnnyJakson: checks
Crspy Bacon: bets $6
JohnnyJakson: calls $6
*** RIVER *** [Qd Qc Qs Ts] [Td]
JohnnyJakson: checks
Crspy Bacon: checks
*** SHOW DOWN ***
JohnnyJakson: shows [9c Ac] (a full house, Queens full of Tens)
Crspy Bacon: shows [6d 6s] (a full house, Queens full of Tens)
JohnnyJakson collected $20.75 from pot
Crspy Bacon collected $20.75 from pot
*** SUMMARY ***
Total pot $42 | Rake $0.50
Board [Qd Qc Qs Ts Td]
Seat 1: JohnnyJakson (big blind) showed [9c Ac] and won ($20.75) with a full house, Queens full of Tens
Seat 2: Crspy Bacon (button) (small blind) showed [6d 6s] and won ($20.75) with a full house, Queens full of Tens


PokerStars Hand #147682483738:  Hold'em Limit ($3/$6 USD) - 2016/01/25 18:51:55 ET
Table 'Sponde III' 2-max Seat #1 is the button
Seat 1: JohnnyJakson ($303.50 in chips)
Seat 2: Crspy Bacon ($30 in chips)
JohnnyJakson: posts small blind $1
Crspy Bacon: posts big blind $3
*** HOLE CARDS ***
JohnnyJakson: raises $3 to $6
Crspy Bacon: raises $3 to $9
JohnnyJakson: calls $3
*** FLOP *** [5c Qd Qs]
Crspy Bacon: bets $3
JohnnyJakson: calls $3
*** TURN *** [5c Qd Qs] [9d]
Crspy Bacon: bets $6
JohnnyJakson: calls $6
*** RIVER *** [5c Qd Qs 9d] [2d]
Crspy Bacon: bets $6
JohnnyJakson: raises $6 to $12
Crspy Bacon: folds
Uncalled bet ($6) returned to JohnnyJakson
JohnnyJakson collected $47.50 from pot
JohnnyJakson: doesn't show hand
*** SUMMARY ***
Total pot $48 | Rake $0.50
Board [5c Qd Qs 9d 2d]
Seat 1: JohnnyJakson (button) (small blind) collected ($47.50)
Seat 2: Crspy Bacon (big blind) folded on the River


PokerStars Hand #147682466759:  Hold'em Limit ($3/$6 USD) - 2016/01/25 18:51:33 ET
Table 'Sponde III' 2-max Seat #2 is the button
Seat 1: JohnnyJakson ($277 in chips)
Seat 2: Crspy Bacon ($49.20 in chips)
Crspy Bacon: posts small blind $1
JohnnyJakson: posts big blind $3
*** HOLE CARDS ***
Crspy Bacon: raises $3 to $6
JohnnyJakson: calls $3
*** FLOP *** [5s 7d 5c]
JohnnyJakson: checks
Crspy Bacon: bets $3
JohnnyJakson: calls $3
*** TURN *** [5s 7d 5c] [Js]
JohnnyJakson: checks
Crspy Bacon: bets $6
JohnnyJakson: raises $6 to $12
Crspy Bacon: calls $6
*** RIVER *** [5s 7d 5c Js] [3d]
JohnnyJakson: bets $6
Crspy Bacon: calls $6
*** SHOW DOWN ***
JohnnyJakson: shows [4d 5h] (three of a kind, Fives)
Crspy Bacon: mucks hand
JohnnyJakson collected $53.50 from pot
*** SUMMARY ***
Total pot $54 | Rake $0.50
Board [5s 7d 5c Js 3d]
Seat 1: JohnnyJakson (big blind) showed [4d 5h] and won ($53.50) with three of a kind, Fives
Seat 2: Crspy Bacon (button) (small blind) mucked


PokerStars Hand #147682543647:  Hold'em Limit ($3/$6 USD) - 2016/01/25 18:53:11 ET
Table 'Sponde III' 2-max Seat #1 is the button
Seat 1: JohnnyJakson ($344.03 in chips)
Seat 2: Crspy Bacon ($30 in chips)
JohnnyJakson: posts small blind $1
Crspy Bacon: posts big blind $3
*** HOLE CARDS ***
JohnnyJakson: calls $2
Crspy Bacon: raises $3 to $6
JohnnyJakson: calls $3
*** FLOP *** [2h Ks Qd]
Crspy Bacon: bets $3
JohnnyJakson: calls $3
*** TURN *** [2h Ks Qd] [7h]
Crspy Bacon: bets $6
JohnnyJakson: calls $6
*** RIVER *** [2h Ks Qd 7h] [6c]
Crspy Bacon: checks
JohnnyJakson: checks
*** SHOW DOWN ***
Crspy Bacon: shows [Jh 8d] (high card King)
JohnnyJakson: shows [2s Ac] (a pair of Deuces)
JohnnyJakson collected $29.50 from pot
*** SUMMARY ***
Total pot $30 | Rake $0.50
Board [2h Ks Qd 7h 6c]
Seat 1: JohnnyJakson (button) (small blind) showed [2s Ac] and won ($29.50) with a pair of Deuces
Seat 2: Crspy Bacon (big blind) showed [Jh 8d] and lost with high card King


PokerStars Hand #147682530387:  Hold'em Limit ($3/$6 USD) - 2016/01/25 18:52:55 ET
Table 'Sponde III' 2-max Seat #2 is the button
Seat 1: JohnnyJakson ($335.39 in chips)
Seat 2: Crspy Bacon ($30 in chips)
Crspy Bacon: posts small blind $1
JohnnyJakson: posts big blind $3
*** HOLE CARDS ***
Crspy Bacon: raises $3 to $6
JohnnyJakson: calls $3
*** FLOP *** [Jc 5d 6s]
JohnnyJakson: checks
Crspy Bacon: bets $3
JohnnyJakson: calls $3
*** TURN *** [Jc 5d 6s] [9c]
JohnnyJakson: checks
Crspy Bacon: checks
*** RIVER *** [Jc 5d 6s 9c] [6c]
JohnnyJakson: bets $6
Crspy Bacon: folds
Uncalled bet ($6) returned to JohnnyJakson
JohnnyJakson collected $17.64 from pot
JohnnyJakson: doesn't show hand
*** SUMMARY ***
Total pot $18 | Rake $0.36
Board [Jc 5d 6s 9c 6c]
Seat 1: JohnnyJakson (big blind) collected ($17.64)
Seat 2: Crspy Bacon (button) (small blind) folded on the River


PokerStars Hand #147682512056:  Hold'em Limit ($3/$6 USD) - 2016/01/25 18:52:31 ET
Table 'Sponde III' 2-max Seat #1 is the button
Seat 1: JohnnyJakson ($326.75 in chips)
Seat 2: Crspy Bacon ($30 in chips)
JohnnyJakson: posts small blind $1
Crspy Bacon: posts big blind $3
*** HOLE CARDS ***
JohnnyJakson: raises $3 to $6
Crspy Bacon: calls $3
*** FLOP *** [5h Jh Js]
Crspy Bacon: checks
JohnnyJakson: bets $3
Crspy Bacon: calls $3
*** TURN *** [5h Jh Js] [8c]
Crspy Bacon: checks
JohnnyJakson: bets $6
Crspy Bacon: folds
Uncalled bet ($6) returned to JohnnyJakson
JohnnyJakson collected $17.64 from pot
JohnnyJakson: doesn't show hand
*** SUMMARY ***
Total pot $18 | Rake $0.36
Board [5h Jh Js 8c]
Seat 1: JohnnyJakson (button) (small blind) collected ($17.64)
Seat 2: Crspy Bacon (big blind) folded on the Turn


PokerStars Hand #147682554533:  Hold'em Limit ($3/$6 USD) - 2016/01/25 18:53:25 ET
Table 'Sponde III' 2-max Seat #2 is the button
Seat 1: JohnnyJakson ($358.53 in chips)
Seat 2: Crspy Bacon ($30 in chips)
Crspy Bacon: posts small blind $1
JohnnyJakson: posts big blind $3
*** HOLE CARDS ***
Crspy Bacon: raises $3 to $6
JohnnyJakson: calls $3
*** FLOP *** [Ks 6s Kh]
JohnnyJakson: checks
Crspy Bacon: bets $3
JohnnyJakson: calls $3
*** TURN *** [Ks 6s Kh] [4d]
JohnnyJakson: checks
Crspy Bacon: bets $6
JohnnyJakson: calls $6
*** RIVER *** [Ks 6s Kh 4d] [Js]
JohnnyJakson: checks
Crspy Bacon: bets $6
JohnnyJakson: calls $6
*** SHOW DOWN ***
Crspy Bacon: shows [Kc Qs] (three of a kind, Kings)
JohnnyJakson: mucks hand
Crspy Bacon collected $41.50 from pot
*** SUMMARY ***
Total pot $42 | Rake $0.50
Board [Ks 6s Kh 4d Js]
Seat 1: JohnnyJakson (big blind) mucked
Seat 2: Crspy Bacon (button) (small blind) showed [Kc Qs] and won ($41.50) with three of a kind, Kings


PokerStars Hand #147682570706:  Hold'em Limit ($3/$6 USD) - 2016/01/25 18:53:46 ET
Table 'Sponde III' 2-max Seat #1 is the button
Seat 1: JohnnyJakson ($337.53 in chips)
Seat 2: Crspy Bacon ($50.50 in chips)
JohnnyJakson: posts small blind $1
Crspy Bacon: posts big blind $3
*** HOLE CARDS ***
JohnnyJakson: raises $3 to $6
Crspy Bacon: raises $3 to $9
JohnnyJakson: raises $3 to $12
Betting is capped
Crspy Bacon: calls $3
*** FLOP *** [Ac 3d Kd]
Crspy Bacon: checks
JohnnyJakson: checks
*** TURN *** [Ac 3d Kd] [Qs]
Crspy Bacon: bets $6
JohnnyJakson: folds
Uncalled bet ($6) returned to Crspy Bacon
Crspy Bacon collected $23.52 from pot
Crspy Bacon: doesn't show hand
*** SUMMARY ***
Total pot $24 | Rake $0.48
Board [Ac 3d Kd Qs]
Seat 1: JohnnyJakson (button) (small blind) folded on the Turn
Seat 2: Crspy Bacon (big blind) collected ($23.52)


PokerStars Hand #147682580888:  Hold'em Limit ($3/$6 USD) - 2016/01/25 18:53:59 ET
Table 'Sponde III' 2-max Seat #2 is the button
Seat 1: JohnnyJakson ($325.53 in chips)
Seat 2: Crspy Bacon ($62.02 in chips)
Crspy Bacon: posts small blind $1
JohnnyJakson: posts big blind $3
*** HOLE CARDS ***
Crspy Bacon: raises $3 to $6
JohnnyJakson: calls $3
*** FLOP *** [4s Jh 6s]
JohnnyJakson: bets $3
Crspy Bacon: calls $3
*** TURN *** [4s Jh 6s] [5c]
JohnnyJakson: bets $6
Crspy Bacon: raises $6 to $12
JohnnyJakson: calls $6
*** RIVER *** [4s Jh 6s 5c] [Qs]
JohnnyJakson: checks
Crspy Bacon: bets $6
JohnnyJakson: calls $6
*** SHOW DOWN ***
Crspy Bacon: shows [Js Qd] (two pair, Queens and Jacks)
JohnnyJakson: mucks hand
Crspy Bacon collected $53.50 from pot
*** SUMMARY ***
Total pot $54 | Rake $0.50
Board [4s Jh 6s 5c Qs]
Seat 1: JohnnyJakson (big blind) mucked
Seat 2: Crspy Bacon (button) (small blind) showed [Js Qd] and won ($53.50) with two pair, Queens and Jacks


PokerStars Hand #147682593232:  Hold'em Limit ($3/$6 USD) - 2016/01/25 18:54:15 ET
Table 'Sponde III' 2-max Seat #1 is the button
Seat 1: JohnnyJakson ($298.53 in chips)
Seat 2: Crspy Bacon ($88.52 in chips)
JohnnyJakson: posts small blind $1
Crspy Bacon: posts big blind $3
*** HOLE CARDS ***
JohnnyJakson: calls $2
Crspy Bacon: checks
*** FLOP *** [4h 7h 7s]
Crspy Bacon: checks
JohnnyJakson: checks
*** TURN *** [4h 7h 7s] [Kh]
Crspy Bacon: bets $6
JohnnyJakson: raises $6 to $12
Crspy Bacon: folds
Uncalled bet ($6) returned to JohnnyJakson
JohnnyJakson collected $17.64 from pot
JohnnyJakson: doesn't show hand
*** SUMMARY ***
Total pot $18 | Rake $0.36
Board [4h 7h 7s Kh]
Seat 1: JohnnyJakson (button) (small blind) collected ($17.64)
Seat 2: Crspy Bacon (big blind) folded on the Turn


PokerStars Hand #147682604759:  Hold'em Limit ($3/$6 USD) - 2016/01/25 18:54:30 ET
Table 'Sponde III' 2-max Seat #2 is the button
Seat 1: JohnnyJakson ($307.17 in chips)
Seat 2: Crspy Bacon ($79.52 in chips)
Crspy Bacon: posts small blind $1
JohnnyJakson: posts big blind $3
*** HOLE CARDS ***
Crspy Bacon: raises $3 to $6
JohnnyJakson: calls $3
*** FLOP *** [5d 7h 2h]
JohnnyJakson: checks
Crspy Bacon: bets $3
JohnnyJakson: calls $3
*** TURN *** [5d 7h 2h] [Js]
JohnnyJakson: checks
Crspy Bacon: bets $6
JohnnyJakson: calls $6
*** RIVER *** [5d 7h 2h Js] [Tc]
JohnnyJakson: checks
Crspy Bacon: bets $6
JohnnyJakson: calls $6
*** SHOW DOWN ***
Crspy Bacon: shows [Qh 7d] (a pair of Sevens)
JohnnyJakson: mucks hand
Crspy Bacon collected $41.50 from pot
*** SUMMARY ***
Total pot $42 | Rake $0.50
Board [5d 7h 2h Js Tc]
Seat 1: JohnnyJakson (big blind) mucked
Seat 2: Crspy Bacon (button) (small blind) showed [Qh 7d] and won ($41.50) with a pair of Sevens


PokerStars Hand #147682617156:  Hold'em Limit ($3/$6 USD) - 2016/01/25 18:54:46 ET
Table 'Sponde III' 2-max Seat #1 is the button
Seat 1: JohnnyJakson ($286.17 in chips)
Seat 2: Crspy Bacon ($100.02 in chips)
JohnnyJakson: posts small blind $1
Crspy Bacon: posts big blind $3
*** HOLE CARDS ***
JohnnyJakson: raises $3 to $6
Crspy Bacon: folds
Uncalled bet ($3) returned to JohnnyJakson
JohnnyJakson collected $6 from pot
JohnnyJakson: doesn't show hand
*** SUMMARY ***
Total pot $6 | Rake $0
Seat 1: JohnnyJakson (button) (small blind) collected ($6)
Seat 2: Crspy Bacon (big blind) folded before Flop


PokerStars Hand #147682634608:  Hold'em Limit ($3/$6 USD) - 2016/01/25 18:55:08 ET
Table 'Sponde III' 2-max Seat #1 is the button
Seat 1: JohnnyJakson ($303.67 in chips)
Seat 2: Crspy Bacon ($82.02 in chips)
JohnnyJakson: posts small blind $1
Crspy Bacon: posts big blind $3
*** HOLE CARDS ***
JohnnyJakson: folds
Uncalled bet ($2) returned to Crspy Bacon
Crspy Bacon collected $2 from pot
Crspy Bacon: doesn't show hand
*** SUMMARY ***
Total pot $2 | Rake $0
Seat 1: JohnnyJakson (button) (small blind) folded before Flop
Seat 2: Crspy Bacon (big blind) collected ($2)


PokerStars Hand #147682622172:  Hold'em Limit ($3/$6 USD) - 2016/01/25 18:54:52 ET
Table 'Sponde III' 2-max Seat #2 is the button
Seat 1: JohnnyJakson ($289.17 in chips)
Seat 2: Crspy Bacon ($97.02 in chips)
Crspy Bacon: posts small blind $1
JohnnyJakson: posts big blind $3
*** HOLE CARDS ***
Crspy Bacon: raises $3 to $6
JohnnyJakson: calls $3
*** FLOP *** [7d Qs Js]
JohnnyJakson: checks
Crspy Bacon: bets $3
JohnnyJakson: calls $3
*** TURN *** [7d Qs Js] [6h]
JohnnyJakson: checks
Crspy Bacon: bets $6
JohnnyJakson: calls $6
*** RIVER *** [7d Qs Js 6h] [Jh]
JohnnyJakson: checks
Crspy Bacon: checks
*** SHOW DOWN ***
JohnnyJakson: shows [8c As] (a pair of Jacks)
Crspy Bacon: mucks hand
JohnnyJakson collected $29.50 from pot
*** SUMMARY ***
Total pot $30 | Rake $0.50
Board [7d Qs Js 6h Jh]
Seat 1: JohnnyJakson (big blind) showed [8c As] and won ($29.50) with a pair of Jacks
Seat 2: Crspy Bacon (button) (small blind) mucked


PokerStars Hand #147682637809:  Hold'em Limit ($3/$6 USD) - 2016/01/25 18:55:13 ET
Table 'Sponde III' 2-max Seat #2 is the button
Seat 1: JohnnyJakson ($302.67 in chips)
Seat 2: Crspy Bacon ($83.02 in chips)
Crspy Bacon: posts small blind $1
JohnnyJakson: posts big blind $3
*** HOLE CARDS ***
Crspy Bacon: raises $3 to $6
JohnnyJakson: calls $3
*** FLOP *** [5h 3h 8d]
JohnnyJakson: checks
Crspy Bacon: bets $3
JohnnyJakson: calls $3
*** TURN *** [5h 3h 8d] [Kc]
JohnnyJakson: checks
Crspy Bacon: bets $6
JohnnyJakson: folds
Uncalled bet ($6) returned to Crspy Bacon
Crspy Bacon collected $17.64 from pot
Crspy Bacon: doesn't show hand
*** SUMMARY ***
Total pot $18 | Rake $0.36
Board [5h 3h 8d Kc]
Seat 1: JohnnyJakson (big blind) folded on the Turn
Seat 2: Crspy Bacon (button) (small blind) collected ($17.64)


PokerStars Hand #147682645661:  Hold'em Limit ($3/$6 USD) - 2016/01/25 18:55:25 ET
Table 'Sponde III' 2-max Seat #1 is the button
Seat 1: JohnnyJakson ($293.67 in chips)
Seat 2: Crspy Bacon ($91.66 in chips)
JohnnyJakson: posts small blind $1
Crspy Bacon: posts big blind $3
*** HOLE CARDS ***
JohnnyJakson: folds
Uncalled bet ($2) returned to Crspy Bacon
Crspy Bacon collected $2 from pot
Crspy Bacon: doesn't show hand
*** SUMMARY ***
Total pot $2 | Rake $0
Seat 1: JohnnyJakson (button) (small blind) folded before Flop
Seat 2: Crspy Bacon (big blind) collected ($2)


PokerStars Hand #147682654956:  Hold'em Limit ($3/$6 USD) - 2016/01/25 18:55:41 ET
Table 'Sponde III' 2-max Seat #1 is the button
Seat 1: JohnnyJakson ($286.67 in chips)
Seat 2: Crspy Bacon ($98.42 in chips)
JohnnyJakson: posts small blind $1
Crspy Bacon: posts big blind $3
*** HOLE CARDS ***
JohnnyJakson: raises $3 to $6
Crspy Bacon: folds
Uncalled bet ($3) returned to JohnnyJakson
JohnnyJakson collected $6 from pot
JohnnyJakson: doesn't show hand
*** SUMMARY ***
Total pot $6 | Rake $0
Seat 1: JohnnyJakson (button) (small blind) collected ($6)
Seat 2: Crspy Bacon (big blind) folded before Flop


PokerStars Hand #147682648212:  Hold'em Limit ($3/$6 USD) - 2016/01/25 18:55:30 ET
Table 'Sponde III' 2-max Seat #2 is the button
Seat 1: JohnnyJakson ($292.67 in chips)
Seat 2: Crspy Bacon ($92.66 in chips)
Crspy Bacon: posts small blind $1
JohnnyJakson: posts big blind $3
*** HOLE CARDS ***
Crspy Bacon: raises $3 to $6
JohnnyJakson: calls $3
*** FLOP *** [Ts 2h 2c]
JohnnyJakson: checks
Crspy Bacon: bets $3
JohnnyJakson: folds
Uncalled bet ($3) returned to Crspy Bacon
Crspy Bacon collected $11.76 from pot
Crspy Bacon: doesn't show hand
*** SUMMARY ***
Total pot $12 | Rake $0.24
Board [Ts 2h 2c]
Seat 1: JohnnyJakson (big blind) folded on the Flop
Seat 2: Crspy Bacon (button) (small blind) collected ($11.76)


PokerStars Hand #147682672694:  Hold'em Limit ($3/$6 USD) - 2016/01/25 18:56:10 ET
Table 'Sponde III' 2-max Seat #1 is the button
Seat 1: JohnnyJakson ($265.67 in chips)
Seat 2: Crspy Bacon ($118.92 in chips)
JohnnyJakson: posts small blind $1
Crspy Bacon: posts big blind $3
*** HOLE CARDS ***
JohnnyJakson: folds
Uncalled bet ($2) returned to Crspy Bacon
Crspy Bacon collected $2 from pot
Crspy Bacon: doesn't show hand
*** SUMMARY ***
Total pot $2 | Rake $0
Seat 1: JohnnyJakson (button) (small blind) folded before Flop
Seat 2: Crspy Bacon (big blind) collected ($2)


PokerStars Hand #147682658891:  Hold'em Limit ($3/$6 USD) - 2016/01/25 18:55:47 ET
Table 'Sponde III' 2-max Seat #2 is the button
Seat 1: JohnnyJakson ($289.67 in chips)
Seat 2: Crspy Bacon ($95.42 in chips)
Crspy Bacon: posts small blind $1
JohnnyJakson: posts big blind $3
*** HOLE CARDS ***
Crspy Bacon: raises $3 to $6
JohnnyJakson: raises $3 to $9
Crspy Bacon: calls $3
*** FLOP *** [Ad 8c 7c]
JohnnyJakson: bets $3
Crspy Bacon: calls $3
*** TURN *** [Ad 8c 7c] [Ah]
JohnnyJakson: bets $6
Crspy Bacon: calls $6
*** RIVER *** [Ad 8c 7c Ah] [9h]
JohnnyJakson: bets $6
Crspy Bacon: raises $6 to $12
JohnnyJakson: folds
Uncalled bet ($6) returned to Crspy Bacon
Crspy Bacon collected $47.50 from pot
Crspy Bacon: doesn't show hand
*** SUMMARY ***
Total pot $48 | Rake $0.50
Board [Ad 8c 7c Ah 9h]
Seat 1: JohnnyJakson (big blind) folded on the River
Seat 2: Crspy Bacon (button) (small blind) collected ($47.50)


PokerStars Hand #147682675431:  Hold'em Limit ($3/$6 USD) - 2016/01/25 18:56:14 ET
Table 'Sponde III' 2-max Seat #2 is the button
Seat 1: JohnnyJakson ($264.67 in chips)
Seat 2: Crspy Bacon ($119.92 in chips)
Crspy Bacon: posts small blind $1
JohnnyJakson: posts big blind $3
*** HOLE CARDS ***
Crspy Bacon: raises $3 to $6
JohnnyJakson: calls $3
*** FLOP *** [Qs Kd 7s]
JohnnyJakson: checks
Crspy Bacon: bets $3
JohnnyJakson: calls $3
*** TURN *** [Qs Kd 7s] [Th]
JohnnyJakson: checks
Crspy Bacon: bets $6
JohnnyJakson: raises $6 to $12
Crspy Bacon: raises $6 to $18
JohnnyJakson: raises $6 to $24
Betting is capped
Crspy Bacon: calls $6
*** RIVER *** [Qs Kd 7s Th] [8c]
JohnnyJakson: bets $6
Crspy Bacon: raises $6 to $12
JohnnyJakson: raises $6 to $18
Crspy Bacon: folds
Uncalled bet ($6) returned to JohnnyJakson
JohnnyJakson collected $89.50 from pot
JohnnyJakson: doesn't show hand
*** SUMMARY ***
Total pot $90 | Rake $0.50
Board [Qs Kd 7s Th 8c]
Seat 1: JohnnyJakson (big blind) collected ($89.50)
Seat 2: Crspy Bacon (button) (small blind) folded on the River


PokerStars Hand #147682710097:  Hold'em Limit ($3/$6 USD) - 2016/01/25 18:57:11 ET
Table 'Sponde III' 2-max Seat #2 is the button
Seat 1: JohnnyJakson ($329.67 in chips)
Seat 2: Crspy Bacon ($53.92 in chips)
Crspy Bacon: posts small blind $1
JohnnyJakson: posts big blind $3
*** HOLE CARDS ***
Crspy Bacon: raises $3 to $6
JohnnyJakson: folds
Uncalled bet ($3) returned to Crspy Bacon
Crspy Bacon collected $6 from pot
Crspy Bacon: doesn't show hand
*** SUMMARY ***
Total pot $6 | Rake $0
Seat 1: JohnnyJakson (big blind) folded before Flop
Seat 2: Crspy Bacon (button) (small blind) collected ($6)


PokerStars Hand #147682696543:  Hold'em Limit ($3/$6 USD) - 2016/01/25 18:56:49 ET
Table 'Sponde III' 2-max Seat #1 is the button
Seat 1: JohnnyJakson ($309.17 in chips)
Seat 2: Crspy Bacon ($74.92 in chips)
JohnnyJakson: posts small blind $1
Crspy Bacon: posts big blind $3
*** HOLE CARDS ***
JohnnyJakson: calls $2
Crspy Bacon: raises $3 to $6
JohnnyJakson: calls $3
*** FLOP *** [2h 6h 7h]
Crspy Bacon: bets $3
JohnnyJakson: calls $3
*** TURN *** [2h 6h 7h] [Th]
Crspy Bacon: bets $6
JohnnyJakson: calls $6
*** RIVER *** [2h 6h 7h Th] [Ts]
Crspy Bacon: bets $6
JohnnyJakson: calls $6
*** SHOW DOWN ***
Crspy Bacon: shows [5h 3h] (a flush, Ten high)
JohnnyJakson: shows [Qh 9c] (a flush, Queen high)
JohnnyJakson collected $41.50 from pot
*** SUMMARY ***
Total pot $42 | Rake $0.50
Board [2h 6h 7h Th Ts]
Seat 1: JohnnyJakson (button) (small blind) showed [Qh 9c] and won ($41.50) with a flush, Queen high
Seat 2: Crspy Bacon (big blind) showed [5h 3h] and lost with a flush, Ten high


PokerStars Hand #147682713185:  Hold'em Limit ($3/$6 USD) - 2016/01/25 18:57:16 ET
Table 'Sponde III' 2-max Seat #1 is the button
Seat 1: JohnnyJakson ($326.67 in chips)
Seat 2: Crspy Bacon ($56.92 in chips)
JohnnyJakson: posts small blind $1
Crspy Bacon: posts big blind $3
*** HOLE CARDS ***
JohnnyJakson: folds
Uncalled bet ($2) returned to Crspy Bacon
Crspy Bacon collected $2 from pot
Crspy Bacon: doesn't show hand
*** SUMMARY ***
Total pot $2 | Rake $0
Seat 1: JohnnyJakson (button) (small blind) folded before Flop
Seat 2: Crspy Bacon (big blind) collected ($2)


PokerStars Hand #147682715962:  Hold'em Limit ($3/$6 USD) - 2016/01/25 18:57:20 ET
Table 'Sponde III' 2-max Seat #2 is the button
Seat 1: JohnnyJakson ($325.67 in chips)
Seat 2: Crspy Bacon ($57.92 in chips)
Crspy Bacon: posts small blind $1
JohnnyJakson: posts big blind $3
*** HOLE CARDS ***
Crspy Bacon: raises $3 to $6
JohnnyJakson: raises $3 to $9
Crspy Bacon: raises $3 to $12
Betting is capped
JohnnyJakson: calls $3
*** FLOP *** [As Qc Qh]
JohnnyJakson: checks
Crspy Bacon: bets $3
JohnnyJakson: calls $3
*** TURN *** [As Qc Qh] [9h]
JohnnyJakson: bets $6
Crspy Bacon: calls $6
*** RIVER *** [As Qc Qh 9h] [Tc]
JohnnyJakson: bets $6
Crspy Bacon: calls $6
*** SHOW DOWN ***
JohnnyJakson: shows [Ad Qs] (a full house, Queens full of Aces)
Crspy Bacon: mucks hand
JohnnyJakson collected $53.50 from pot
*** SUMMARY ***
Total pot $54 | Rake $0.50
Board [As Qc Qh 9h Tc]
Seat 1: JohnnyJakson (big blind) showed [Ad Qs] and won ($53.50) with a full house, Queens full of Aces
Seat 2: Crspy Bacon (button) (small blind) mucked


PokerStars Hand #147682733728:  Hold'em Limit ($3/$6 USD) - 2016/01/25 18:57:50 ET
Table 'Sponde III' 2-max Seat #2 is the button
Seat 1: JohnnyJakson ($351.17 in chips)
Seat 2: Crspy Bacon ($31.92 in chips)
Crspy Bacon: posts small blind $1
JohnnyJakson: posts big blind $3
*** HOLE CARDS ***
Crspy Bacon: raises $3 to $6
JohnnyJakson: folds
Uncalled bet ($3) returned to Crspy Bacon
Crspy Bacon collected $6 from pot
Crspy Bacon: doesn't show hand
*** SUMMARY ***
Total pot $6 | Rake $0
Seat 1: JohnnyJakson (big blind) folded before Flop
Seat 2: Crspy Bacon (button) (small blind) collected ($6)


PokerStars Hand #147682730904:  Hold'em Limit ($3/$6 USD) - 2016/01/25 18:57:45 ET
Table 'Sponde III' 2-max Seat #1 is the button
Seat 1: JohnnyJakson ($352.17 in chips)
Seat 2: Crspy Bacon ($30.92 in chips)
JohnnyJakson: posts small blind $1
Crspy Bacon: posts big blind $3
*** HOLE CARDS ***
JohnnyJakson: folds
Uncalled bet ($2) returned to Crspy Bacon
Crspy Bacon collected $2 from pot
Crspy Bacon: doesn't show hand
*** SUMMARY ***
Total pot $2 | Rake $0
Seat 1: JohnnyJakson (button) (small blind) folded before Flop
Seat 2: Crspy Bacon (big blind) collected ($2)


PokerStars Hand #147682737185:  Hold'em Limit ($3/$6 USD) - 2016/01/25 18:57:55 ET
Table 'Sponde III' 2-max Seat #1 is the button
Seat 1: JohnnyJakson ($348.17 in chips)
Seat 2: Crspy Bacon ($34.92 in chips)
JohnnyJakson: posts small blind $1
Crspy Bacon: posts big blind $3
*** HOLE CARDS ***
JohnnyJakson: calls $2
Crspy Bacon: raises $3 to $6
JohnnyJakson: calls $3
*** FLOP *** [5c 3c As]
Crspy Bacon: bets $3
JohnnyJakson: calls $3
*** TURN *** [5c 3c As] [3d]
Crspy Bacon: bets $6
JohnnyJakson: calls $6
*** RIVER *** [5c 3c As 3d] [2c]
Crspy Bacon: bets $6
JohnnyJakson: raises $6 to $12
Crspy Bacon: calls $6
*** SHOW DOWN ***
JohnnyJakson: shows [5h 4s] (a straight, Ace to Five)
Crspy Bacon: mucks hand
JohnnyJakson collected $53.50 from pot
*** SUMMARY ***
Total pot $54 | Rake $0.50
Board [5c 3c As 3d 2c]
Seat 1: JohnnyJakson (button) (small blind) showed [5h 4s] and won ($53.50) with a straight, Ace to Five
Seat 2: Crspy Bacon (big blind) mucked


PokerStars Hand #147682750539:  Hold'em Limit ($3/$6 USD) - 2016/01/25 18:58:11 ET
Table 'Sponde III' 2-max Seat #2 is the button
Seat 1: JohnnyJakson ($374.67 in chips)
Seat 2: Crspy Bacon ($30 in chips)
Crspy Bacon: posts small blind $1
JohnnyJakson: posts big blind $3
*** HOLE CARDS ***
Crspy Bacon: calls $2
JohnnyJakson: raises $3 to $6
Crspy Bacon: calls $3
*** FLOP *** [4s 5s Ac]
JohnnyJakson: checks
Crspy Bacon: bets $3
JohnnyJakson: calls $3
*** TURN *** [4s 5s Ac] [Ah]
JohnnyJakson: checks
Crspy Bacon: bets $6
JohnnyJakson: calls $6
*** RIVER *** [4s 5s Ac Ah] [Js]
JohnnyJakson: checks
Crspy Bacon: bets $6
JohnnyJakson: calls $6
*** SHOW DOWN ***
Crspy Bacon: shows [5d As] (a full house, Aces full of Fives)
JohnnyJakson: mucks hand
Crspy Bacon collected $41.50 from pot
*** SUMMARY ***
Total pot $42 | Rake $0.50
Board [4s 5s Ac Ah Js]
Seat 1: JohnnyJakson (big blind) mucked
Seat 2: Crspy Bacon (button) (small blind) showed [5d As] and won ($41.50) with a full house, Aces full of Fives


