PokerStars Hand #164046937191:  Hold'em Limit ($3/$6 USD) - 2017/01/04 18:10:44 ET
Table 'Sputnik' 6-max Seat #4 is the button
Seat 3: kenny-yt ($119 in chips)
Seat 4: Actionni13 ($151 in chips)
Actionni13: posts small blind $1
kenny-yt: posts big blind $3
*** HOLE CARDS ***
Actionni13: raises $3 to $6
kenny-yt: calls $3
*** FLOP *** [4s 4c 7h]
kenny-yt: checks
Actionni13: checks
*** TURN *** [4s 4c 7h] [8h]
kenny-yt: bets $6
Actionni13: raises $6 to $12
kenny-yt: calls $6
*** RIVER *** [4s 4c 7h 8h] [4h]
kenny-yt: checks
Actionni13: bets $6
kenny-yt: calls $6
*** SHOW DOWN ***
Actionni13: shows [9c Jd] (three of a kind, Fours)
kenny-yt: shows [7d 6c] (a full house, Fours full of Sevens)
kenny-yt collected $47.50 from pot
*** SUMMARY ***
Total pot $48 | Rake $0.50
Board [4s 4c 7h 8h 4h]
Seat 3: kenny-yt (big blind) showed [7d 6c] and won ($47.50) with a full house, Fours full of Sevens
Seat 4: Actionni13 (button) (small blind) showed [9c Jd] and lost with three of a kind, Fours


PokerStars Hand #164046962908:  Hold'em Limit ($3/$6 USD) - 2017/01/04 18:11:13 ET
Table 'Sputnik' 6-max Seat #3 is the button
Seat 3: kenny-yt ($142.50 in chips)
Seat 4: Actionni13 ($150 in chips)
kenny-yt: posts small blind $1
Actionni13: posts big blind $3
*** HOLE CARDS ***
kenny-yt: raises $3 to $6
Actionni13: raises $3 to $9
kenny-yt: raises $3 to $12
Betting is capped
Actionni13: calls $3
*** FLOP *** [2s 8s 3d]
Actionni13: checks
kenny-yt: bets $3
Actionni13: calls $3
*** TURN *** [2s 8s 3d] [Js]
Actionni13: checks
kenny-yt: bets $6
Actionni13: calls $6
*** RIVER *** [2s 8s 3d Js] [3c]
Actionni13: checks
kenny-yt: bets $6
Actionni13: folds
Uncalled bet ($6) returned to kenny-yt
kenny-yt collected $41.50 from pot
*** SUMMARY ***
Total pot $42 | Rake $0.50
Board [2s 8s 3d Js 3c]
Seat 3: kenny-yt (button) (small blind) collected ($41.50)
Seat 4: Actionni13 (big blind) folded on the River


PokerStars Hand #164047066035:  Hold'em Limit ($3/$6 USD) - 2017/01/04 18:13:08 ET
Table 'Sputnik' 6-max Seat #6 is the button
Seat 4: Actionni13 ($150 in chips)
Seat 6: dblmystack ($76.08 in chips)
dblmystack: posts small blind $1
Drik89: is sitting out
Actionni13: posts big blind $3
*** HOLE CARDS ***
dblmystack: raises $3 to $6
Actionni13: raises $3 to $9
dblmystack: calls $3
*** FLOP *** [2h 4s 2d]
Actionni13: bets $3
dblmystack: calls $3
*** TURN *** [2h 4s 2d] [9d]
Actionni13: bets $6
dblmystack: folds
Uncalled bet ($6) returned to Actionni13
Actionni13 collected $23.52 from pot
*** SUMMARY ***
Total pot $24 | Rake $0.48
Board [2h 4s 2d 9d]
Seat 4: Actionni13 (big blind) collected ($23.52)
Seat 6: dblmystack (button) (small blind) folded on the Turn


PokerStars Hand #164047084287:  Hold'em Limit ($3/$6 USD) - 2017/01/04 18:13:28 ET
Table 'Sputnik' 6-max Seat #4 is the button
Seat 4: Actionni13 ($161.52 in chips)
Seat 6: dblmystack ($64.08 in chips)
Actionni13: posts small blind $1
dblmystack: posts big blind $3
*** HOLE CARDS ***
Actionni13: raises $3 to $6
dblmystack: calls $3
*** FLOP *** [2d Th 9s]
dblmystack: checks
Actionni13: bets $3
dblmystack: calls $3
*** TURN *** [2d Th 9s] [Qs]
dblmystack: checks
Actionni13: bets $6
dblmystack: calls $6
*** RIVER *** [2d Th 9s Qs] [As]
dblmystack: checks
Actionni13: checks
lexishake joins the table at seat #3
*** SHOW DOWN ***
dblmystack: shows [2h Jh] (a pair of Deuces)
Actionni13: shows [7h Tc] (a pair of Tens)
Actionni13 collected $29.50 from pot
*** SUMMARY ***
Total pot $30 | Rake $0.50
Board [2d Th 9s Qs As]
Seat 4: Actionni13 (button) (small blind) showed [7h Tc] and won ($29.50) with a pair of Tens
Seat 6: dblmystack (big blind) showed [2h Jh] and lost with a pair of Deuces


PokerStars Hand #164048514693:  Hold'em Limit ($3/$6 USD) - 2017/01/04 18:41:01 ET
Table 'Sputnik' 6-max Seat #3 is the button
Seat 2: Rev281 ($125.76 in chips)
Seat 3: GRAILKO ($194 in chips)
GRAILKO: posts small blind $1
Rev281: posts big blind $3
*** HOLE CARDS ***
GRAILKO: raises $3 to $6
Rev281: calls $3
*** FLOP *** [Td Js 8d]
Rev281: checks
GRAILKO: checks
*** TURN *** [Td Js 8d] [9s]
Rev281: bets $6
GRAILKO: calls $6
*** RIVER *** [Td Js 8d 9s] [9c]
Rev281: checks
GRAILKO: bets $6
Rev281: calls $6
*** SHOW DOWN ***
GRAILKO: shows [6s 7h] (a straight, Seven to Jack)
Rev281: mucks hand
GRAILKO collected $35.50 from pot
*** SUMMARY ***
Total pot $36 | Rake $0.50
Board [Td Js 8d 9s 9c]
Seat 2: Rev281 (big blind) mucked
Seat 3: GRAILKO (button) (small blind) showed [6s 7h] and won ($35.50) with a straight, Seven to Jack


PokerStars Hand #164048505850:  Hold'em Limit ($3/$6 USD) - 2017/01/04 18:40:51 ET
Table 'Sputnik' 6-max Seat #2 is the button
Seat 2: Rev281 ($120 in chips)
Seat 3: GRAILKO ($200 in chips)
Rev281: posts small blind $1
GRAILKO: posts big blind $3
*** HOLE CARDS ***
Rev281: raises $3 to $6
GRAILKO: calls $3
*** FLOP *** [5h 9s 7h]
GRAILKO: checks
Rev281: bets $3
GRAILKO: folds
Uncalled bet ($3) returned to Rev281
Rev281 collected $11.76 from pot
Rev281: doesn't show hand
*** SUMMARY ***
Total pot $12 | Rake $0.24
Board [5h 9s 7h]
Seat 2: Rev281 (button) (small blind) collected ($11.76)
Seat 3: GRAILKO (big blind) folded on the Flop


PokerStars Hand #164048578276:  Hold'em Limit ($3/$6 USD) - 2017/01/04 18:42:19 ET
Table 'Sputnik' 6-max Seat #2 is the button
Seat 2: Rev281 ($154.03 in chips)
Seat 5: **Geka**555 ($5.10 in chips)
Rev281: posts small blind $1
GRAILKO: is sitting out
**Geka**555: posts big blind $3
*** HOLE CARDS ***
Rev281: raises $3 to $6
GRAILKO leaves the table
**Geka**555: calls $2.10 and is all-in
Uncalled bet ($0.90) returned to Rev281
*** FLOP *** [3d 2h 6c]
Actionni13 leaves the table
*** TURN *** [3d 2h 6c] [5s]
*** RIVER *** [3d 2h 6c 5s] [5d]
*** SHOW DOWN ***
**Geka**555: shows [Qh 7h] (a pair of Fives)
Rev281: shows [Tc Ks] (a pair of Fives - King kicker)
Rev281 collected $10 from pot
*** SUMMARY ***
Total pot $10.20 | Rake $0.20
Board [3d 2h 6c 5s 5d]
Seat 2: Rev281 (button) (small blind) showed [Tc Ks] and won ($10) with a pair of Fives
Seat 5: **Geka**555 (big blind) showed [Qh 7h] and lost with a pair of Fives


PokerStars Hand #164048534271:  Hold'em Limit ($3/$6 USD) - 2017/01/04 18:41:25 ET
Table 'Sputnik' 6-max Seat #2 is the button
Seat 2: Rev281 ($107.76 in chips)
Seat 3: GRAILKO ($211.50 in chips)
Rev281: posts small blind $1
GRAILKO: posts big blind $3
*** HOLE CARDS ***
Rev281: raises $3 to $6
GRAILKO: calls $3
*** FLOP *** [Jd 9d 7c]
GRAILKO: checks
Rev281: bets $3
GRAILKO: calls $3
*** TURN *** [Jd 9d 7c] [4s]
GRAILKO: checks
Rev281: bets $6
**Geka**555 joins the table at seat #5
GRAILKO: folds
Uncalled bet ($6) returned to Rev281
Rev281 collected $17.64 from pot
Rev281: doesn't show hand
*** SUMMARY ***
Total pot $18 | Rake $0.36
Board [Jd 9d 7c 4s]
Seat 2: Rev281 (button) (small blind) collected ($17.64)
Seat 3: GRAILKO (big blind) folded on the Turn


