PokerStars Hand #172848416975:  Hold'em Limit ($3/$6 USD) - 2017/07/10 10:18:31 ET
Table 'Sputnik II' 6-max Seat #4 is the button
Seat 3: faxe93 ($119 in chips)
Seat 4: MTails ($121 in chips)
MTails: posts small blind $1
faxe93: posts big blind $3
*** HOLE CARDS ***
MTails: raises $3 to $6
faxe93: folds
Uncalled bet ($3) returned to MTails
MTails collected $6 from pot
*** SUMMARY ***
Total pot $6 | Rake $0
Seat 3: faxe93 (big blind) folded before Flop
Seat 4: MTails (button) (small blind) collected ($6)


PokerStars Hand #172848409338:  Hold'em Limit ($3/$6 USD) - 2017/07/10 10:18:17 ET
Table 'Sputnik II' 6-max Seat #3 is the button
Seat 3: faxe93 ($120 in chips)
Seat 4: MTails ($120 in chips)
faxe93: posts small blind $1
MTails: posts big blind $3
*** HOLE CARDS ***
faxe93: folds
Uncalled bet ($2) returned to MTails
MTails collected $2 from pot
*** SUMMARY ***
Total pot $2 | Rake $0
Seat 3: faxe93 (button) (small blind) folded before Flop
Seat 4: MTails (big blind) collected ($2)


PokerStars Hand #172848419889:  Hold'em Limit ($3/$6 USD) - 2017/07/10 10:18:37 ET
Table 'Sputnik II' 6-max Seat #3 is the button
Seat 3: faxe93 ($116 in chips)
Seat 4: MTails ($124 in chips)
faxe93: posts small blind $1
MTails: posts big blind $3
*** HOLE CARDS ***
faxe93: raises $3 to $6
MTails: calls $3
*** FLOP *** [8s Qh 5c]
Whatze Phuck joins the table at seat #5
MTails: checks
faxe93: bets $3
MTails: calls $3
*** TURN *** [8s Qh 5c] [As]
MTails: checks
faxe93: bets $6
MTails: calls $6
*** RIVER *** [8s Qh 5c As] [4d]
MTails: checks
faxe93: bets $6
MTails: calls $6
*** SHOW DOWN ***
faxe93: shows [Tc Ad] (a pair of Aces)
MTails: mucks hand
faxe93 collected $41.50 from pot
*** SUMMARY ***
Total pot $42 | Rake $0.50
Board [8s Qh 5c As 4d]
Seat 3: faxe93 (button) (small blind) showed [Tc Ad] and won ($41.50) with a pair of Aces
Seat 4: MTails (big blind) mucked


