PokerStars Hand #173818924035:  Hold'em Limit ($3/$6 USD) - 2017/08/02 3:18:48 ET
Table 'Sputnik' 6-max Seat #4 is the button
Seat 1: LTTsci-tech ($125.76 in chips)
Seat 4: VolkovDmitri ($120 in chips)
kaypoker619 joins the table at seat #3
VolkovDmitri: posts small blind $1
LTTsci-tech: posts big blind $3
*** HOLE CARDS ***
VolkovDmitri: raises $3 to $6
LTTsci-tech: raises $3 to $9
VolkovDmitri: calls $3
*** FLOP *** [Jd Th 4c]
LTTsci-tech: bets $3
VolkovDmitri: folds
Uncalled bet ($3) returned to LTTsci-tech
LTTsci-tech collected $17.64 from pot
*** SUMMARY ***
Total pot $18 | Rake $0.36
Board [Jd Th 4c]
Seat 1: LTTsci-tech (big blind) collected ($17.64)
Seat 4: VolkovDmitri (button) (small blind) folded on the Flop


PokerStars Hand #173818916809:  Hold'em Limit ($3/$6 USD) - 2017/08/02 3:18:20 ET
Table 'Sputnik' 6-max Seat #1 is the button
Seat 1: LTTsci-tech ($120 in chips)
Seat 4: VolkovDmitri ($120 in chips)
LTTsci-tech: posts small blind $1
VolkovDmitri: posts big blind $3
*** HOLE CARDS ***
LTTsci-tech: raises $3 to $6
VolkovDmitri: calls $3
*** FLOP *** [2s Jc 4s]
VolkovDmitri: checks
LTTsci-tech: bets $3
VolkovDmitri: folds
Uncalled bet ($3) returned to LTTsci-tech
LTTsci-tech collected $11.76 from pot
*** SUMMARY ***
Total pot $12 | Rake $0.24
Board [2s Jc 4s]
Seat 1: LTTsci-tech (button) (small blind) collected ($11.76)
Seat 4: VolkovDmitri (big blind) folded on the Flop


PokerStars Hand #173818951895:  Hold'em Limit ($3/$6 USD) - 2017/08/02 3:20:38 ET
Table 'Sputnik' 6-max Seat #4 is the button
Seat 3: kaypoker619 ($59.03 in chips)
Seat 4: VolkovDmitri ($160 in chips)
VolkovDmitri: posts small blind $1
LTTsci-tech: is sitting out
kaypoker619: posts big blind $3
*** HOLE CARDS ***
VolkovDmitri: raises $3 to $6
LTTsci-tech leaves the table
kaypoker619: calls $3
*** FLOP *** [Js 8d Ac]
kaypoker619: bets $3
VolkovDmitri: calls $3
*** TURN *** [Js 8d Ac] [Kd]
kaypoker619: bets $6
VolkovDmitri: calls $6
*** RIVER *** [Js 8d Ac Kd] [4s]
kaypoker619: bets $6
VolkovDmitri: calls $6
*** SHOW DOWN ***
kaypoker619: shows [9s As] (a pair of Aces)
VolkovDmitri: mucks hand
kaypoker619 collected $41.50 from pot
*** SUMMARY ***
Total pot $42 | Rake $0.50
Board [Js 8d Ac Kd 4s]
Seat 3: kaypoker619 (big blind) showed [9s As] and won ($41.50) with a pair of Aces
Seat 4: VolkovDmitri (button) (small blind) mucked


PokerStars Hand #173818966747:  Hold'em Limit ($3/$6 USD) - 2017/08/02 3:21:37 ET
Table 'Sputnik' 6-max Seat #4 is the button
Seat 3: kaypoker619 ($91.05 in chips)
Seat 4: VolkovDmitri ($127 in chips)
VolkovDmitri: posts small blind $1
kaypoker619: posts big blind $3
*** HOLE CARDS ***
VolkovDmitri: raises $3 to $6
kaypoker619: calls $3
*** FLOP *** [Jh Kd 8h]
kaypoker619: bets $3
VolkovDmitri: raises $3 to $6
kaypoker619: calls $3
*** TURN *** [Jh Kd 8h] [Js]
kaypoker619: bets $6
VolkovDmitri: calls $6
*** RIVER *** [Jh Kd 8h Js] [Qs]
kaypoker619: bets $6
VolkovDmitri: folds
Uncalled bet ($6) returned to kaypoker619
kaypoker619 collected $35.50 from pot
*** SUMMARY ***
Total pot $36 | Rake $0.50
Board [Jh Kd 8h Js Qs]
Seat 3: kaypoker619 (big blind) collected ($35.50)
Seat 4: VolkovDmitri (button) (small blind) folded on the River


PokerStars Hand #173818959537:  Hold'em Limit ($3/$6 USD) - 2017/08/02 3:21:09 ET
Table 'Sputnik' 6-max Seat #3 is the button
Seat 3: kaypoker619 ($79.53 in chips)
Seat 4: VolkovDmitri ($139 in chips)
kaypoker619: posts small blind $1
VolkovDmitri: posts big blind $3
*** HOLE CARDS ***
kaypoker619: raises $3 to $6
VolkovDmitri: raises $3 to $9
kaypoker619: calls $3
*** FLOP *** [3c 9c 5s]
VolkovDmitri: bets $3
kaypoker619: calls $3
*** TURN *** [3c 9c 5s] [Qh]
VolkovDmitri: checks
kaypoker619: checks
*** RIVER *** [3c 9c 5s Qh] [8d]
VolkovDmitri: checks
kaypoker619: bets $6
VolkovDmitri: folds
Uncalled bet ($6) returned to kaypoker619
kaypoker619 collected $23.52 from pot
*** SUMMARY ***
Total pot $24 | Rake $0.48
Board [3c 9c 5s Qh 8d]
Seat 3: kaypoker619 (button) (small blind) collected ($23.52)
Seat 4: VolkovDmitri (big blind) folded on the River


PokerStars Hand #173818981073:  Hold'em Limit ($3/$6 USD) - 2017/08/02 3:22:33 ET
Table 'Sputnik' 6-max Seat #4 is the button
Seat 3: kaypoker619 ($105.55 in chips)
Seat 4: VolkovDmitri ($122.88 in chips)
VolkovDmitri: posts small blind $1
kaypoker619: posts big blind $3
*** HOLE CARDS ***
VolkovDmitri: raises $3 to $6
kaypoker619: calls $3
*** FLOP *** [3d 4h 6h]
kaypoker619: checks
VolkovDmitri: bets $3
kaypoker619: calls $3
*** TURN *** [3d 4h 6h] [5s]
kaypoker619: bets $6
VolkovDmitri: calls $6
*** RIVER *** [3d 4h 6h 5s] [8s]
kaypoker619: bets $6
VolkovDmitri: calls $6
*** SHOW DOWN ***
kaypoker619: shows [7d Jc] (a straight, Four to Eight)
VolkovDmitri: mucks hand
kaypoker619 collected $41.50 from pot
*** SUMMARY ***
Total pot $42 | Rake $0.50
Board [3d 4h 6h 5s 8s]
Seat 3: kaypoker619 (big blind) showed [7d Jc] and won ($41.50) with a straight, Four to Eight
Seat 4: VolkovDmitri (button) (small blind) mucked


PokerStars Hand #173818975113:  Hold'em Limit ($3/$6 USD) - 2017/08/02 3:22:10 ET
Table 'Sputnik' 6-max Seat #3 is the button
Seat 3: kaypoker619 ($108.55 in chips)
Seat 4: VolkovDmitri ($120 in chips)
kaypoker619: posts small blind $1
VolkovDmitri: posts big blind $3
*** HOLE CARDS ***
kaypoker619: calls $2
VolkovDmitri: checks
*** FLOP *** [7c Ac 2c]
VolkovDmitri: checks
kaypoker619: checks
*** TURN *** [7c Ac 2c] [Kh]
VolkovDmitri: checks
kaypoker619: checks
*** RIVER *** [7c Ac 2c Kh] [6s]
VolkovDmitri: checks
kaypoker619: checks
*** SHOW DOWN ***
VolkovDmitri: shows [4s Td] (high card Ace)
kaypoker619: mucks hand
VolkovDmitri collected $5.88 from pot
*** SUMMARY ***
Total pot $6 | Rake $0.12
Board [7c Ac 2c Kh 6s]
Seat 3: kaypoker619 (button) (small blind) mucked
Seat 4: VolkovDmitri (big blind) showed [4s Td] and won ($5.88) with high card Ace


PokerStars Hand #173819004245:  Hold'em Limit ($3/$6 USD) - 2017/08/02 3:24:05 ET
Table 'Sputnik' 6-max Seat #3 is the button
Seat 3: kaypoker619 ($134.69 in chips)
Seat 4: VolkovDmitri ($120 in chips)
kaypoker619: posts small blind $1
VolkovDmitri: posts big blind $3
*** HOLE CARDS ***
kaypoker619: folds
Uncalled bet ($2) returned to VolkovDmitri
VolkovDmitri collected $2 from pot
VolkovDmitri: doesn't show hand
*** SUMMARY ***
Total pot $2 | Rake $0
Seat 3: kaypoker619 (button) (small blind) folded before Flop
Seat 4: VolkovDmitri (big blind) collected ($2)


PokerStars Hand #173818996673:  Hold'em Limit ($3/$6 USD) - 2017/08/02 3:23:35 ET
Table 'Sputnik' 6-max Seat #4 is the button
Seat 3: kaypoker619 ($128.93 in chips)
Seat 4: VolkovDmitri ($120 in chips)
VolkovDmitri: posts small blind $1
kaypoker619: posts big blind $3
*** HOLE CARDS ***
VolkovDmitri: raises $3 to $6
kaypoker619: calls $3
*** FLOP *** [Kd 4s 7d]
kaypoker619: bets $3
VolkovDmitri: folds
Uncalled bet ($3) returned to kaypoker619
kaypoker619 collected $11.76 from pot
*** SUMMARY ***
Total pot $12 | Rake $0.24
Board [Kd 4s 7d]
Seat 3: kaypoker619 (big blind) collected ($11.76)
Seat 4: VolkovDmitri (button) (small blind) folded on the Flop


PokerStars Hand #173818987289:  Hold'em Limit ($3/$6 USD) - 2017/08/02 3:22:58 ET
Table 'Sputnik' 6-max Seat #3 is the button
Seat 3: kaypoker619 ($126.05 in chips)
Seat 4: VolkovDmitri ($120 in chips)
kaypoker619: posts small blind $1
VolkovDmitri: posts big blind $3
*** HOLE CARDS ***
kaypoker619: calls $2
VolkovDmitri: checks
*** FLOP *** [3c Jd Jh]
VolkovDmitri: checks
kaypoker619: bets $3
VolkovDmitri: folds
Uncalled bet ($3) returned to kaypoker619
kaypoker619 collected $5.88 from pot
*** SUMMARY ***
Total pot $6 | Rake $0.12
Board [3c Jd Jh]
Seat 3: kaypoker619 (button) (small blind) collected ($5.88)
Seat 4: VolkovDmitri (big blind) folded on the Flop


PokerStars Hand #173819005683:  Hold'em Limit ($3/$6 USD) - 2017/08/02 3:24:11 ET
Table 'Sputnik' 6-max Seat #4 is the button
Seat 3: kaypoker619 ($133.69 in chips)
Seat 4: VolkovDmitri ($121 in chips)
VolkovDmitri: posts small blind $1
kaypoker619: posts big blind $3
*** HOLE CARDS ***
VolkovDmitri: raises $3 to $6
kaypoker619: calls $3
*** FLOP *** [Tc Qc Jc]
kaypoker619: bets $3
VolkovDmitri: calls $3
*** TURN *** [Tc Qc Jc] [Kd]
kaypoker619: bets $6
VolkovDmitri: raises $6 to $12
kaypoker619: calls $6
*** RIVER *** [Tc Qc Jc Kd] [2s]
kaypoker619: bets $6
VolkovDmitri: raises $6 to $12
kaypoker619: calls $6
*** SHOW DOWN ***
VolkovDmitri: shows [6c Kc] (a flush, King high)
kaypoker619: mucks hand
VolkovDmitri collected $65.50 from pot
*** SUMMARY ***
Total pot $66 | Rake $0.50
Board [Tc Qc Jc Kd 2s]
Seat 3: kaypoker619 (big blind) mucked
Seat 4: VolkovDmitri (button) (small blind) showed [6c Kc] and won ($65.50) with a flush, King high


PokerStars Hand #173819023425:  Hold'em Limit ($3/$6 USD) - 2017/08/02 3:25:07 ET
Table 'Sputnik' 6-max Seat #3 is the button
Seat 3: kaypoker619 ($100.69 in chips)
Seat 4: VolkovDmitri ($153.50 in chips)
kaypoker619: posts small blind $1
VolkovDmitri: posts big blind $3
*** HOLE CARDS ***
kaypoker619: raises $3 to $6
VolkovDmitri: raises $3 to $9
kaypoker619: calls $3
*** FLOP *** [7d 3h Ad]
VolkovDmitri: checks
kaypoker619: checks
*** TURN *** [7d 3h Ad] [2d]
VolkovDmitri: checks
kaypoker619: bets $6
VolkovDmitri: calls $6
*** RIVER *** [7d 3h Ad 2d] [9c]
VolkovDmitri: checks
kaypoker619: bets $6
VolkovDmitri: folds
Uncalled bet ($6) returned to kaypoker619
kaypoker619 collected $29.50 from pot
*** SUMMARY ***
Total pot $30 | Rake $0.50
Board [7d 3h Ad 2d 9c]
Seat 3: kaypoker619 (button) (small blind) collected ($29.50)
Seat 4: VolkovDmitri (big blind) folded on the River


PokerStars Hand #173819033334:  Hold'em Limit ($3/$6 USD) - 2017/08/02 3:25:46 ET
Table 'Sputnik' 6-max Seat #4 is the button
Seat 3: kaypoker619 ($115.19 in chips)
Seat 4: VolkovDmitri ($138.50 in chips)
VolkovDmitri: posts small blind $1
kaypoker619: posts big blind $3
*** HOLE CARDS ***
VolkovDmitri: raises $3 to $6
kaypoker619: calls $3
*** FLOP *** [Th 4c Ad]
kaypoker619: checks
VolkovDmitri: bets $3
kaypoker619: calls $3
*** TURN *** [Th 4c Ad] [Qs]
kaypoker619: bets $6
VolkovDmitri: calls $6
*** RIVER *** [Th 4c Ad Qs] [Jc]
kaypoker619: bets $6
VolkovDmitri: calls $6
*** SHOW DOWN ***
kaypoker619: shows [Jd 6d] (a pair of Jacks)
VolkovDmitri: shows [6h As] (a pair of Aces)
VolkovDmitri collected $41.50 from pot
*** SUMMARY ***
Total pot $42 | Rake $0.50
Board [Th 4c Ad Qs Jc]
Seat 3: kaypoker619 (big blind) showed [Jd 6d] and lost with a pair of Jacks
Seat 4: VolkovDmitri (button) (small blind) showed [6h As] and won ($41.50) with a pair of Aces


PokerStars Hand #173819042541:  Hold'em Limit ($3/$6 USD) - 2017/08/02 3:26:22 ET
Table 'Sputnik' 6-max Seat #3 is the button
Seat 3: kaypoker619 ($94.19 in chips)
Seat 4: VolkovDmitri ($159 in chips)
kaypoker619: posts small blind $1
VolkovDmitri: posts big blind $3
*** HOLE CARDS ***
kaypoker619: calls $2
VolkovDmitri: raises $3 to $6
kaypoker619: raises $3 to $9
VolkovDmitri: calls $3
*** FLOP *** [Qc 7c Js]
VolkovDmitri: bets $3
kaypoker619: calls $3
*** TURN *** [Qc 7c Js] [8c]
VolkovDmitri: checks
kaypoker619: bets $6
VolkovDmitri: folds
Uncalled bet ($6) returned to kaypoker619
kaypoker619 collected $23.52 from pot
*** SUMMARY ***
Total pot $24 | Rake $0.48
Board [Qc 7c Js 8c]
Seat 3: kaypoker619 (button) (small blind) collected ($23.52)
Seat 4: VolkovDmitri (big blind) folded on the Turn


PokerStars Hand #173819054584:  Hold'em Limit ($3/$6 USD) - 2017/08/02 3:27:10 ET
Table 'Sputnik' 6-max Seat #4 is the button
Seat 3: kaypoker619 ($105.71 in chips)
Seat 4: VolkovDmitri ($147 in chips)
VolkovDmitri: posts small blind $1
kaypoker619: posts big blind $3
*** HOLE CARDS ***
VolkovDmitri: raises $3 to $6
kaypoker619: calls $3
*** FLOP *** [7c 5d 8s]
kaypoker619: bets $3
VolkovDmitri: calls $3
*** TURN *** [7c 5d 8s] [5h]
kaypoker619: bets $6
fire852181 joins the table at seat #6
VolkovDmitri: calls $6
*** RIVER *** [7c 5d 8s 5h] [7s]
kaypoker619: bets $6
VolkovDmitri: calls $6
*** SHOW DOWN ***
kaypoker619: shows [Th Jd] (two pair, Sevens and Fives)
VolkovDmitri: shows [6h Kh] (two pair, Sevens and Fives - King kicker)
VolkovDmitri collected $41.50 from pot
*** SUMMARY ***
Total pot $42 | Rake $0.50
Board [7c 5d 8s 5h 7s]
Seat 3: kaypoker619 (big blind) showed [Th Jd] and lost with two pair, Sevens and Fives
Seat 4: VolkovDmitri (button) (small blind) showed [6h Kh] and won ($41.50) with two pair, Sevens and Fives


PokerStars Hand #173819060003:  Hold'em Limit ($3/$6 USD) - 2017/08/02 3:27:31 ET
Table 'Sputnik' 6-max Seat #3 is the button
Seat 3: kaypoker619 ($84.71 in chips)
Seat 4: VolkovDmitri ($167.50 in chips)
kaypoker619: posts small blind $1
VolkovDmitri: posts big blind $3
*** HOLE CARDS ***
kaypoker619: calls $2
VolkovDmitri: raises $3 to $6
kaypoker619: calls $3
*** FLOP *** [8h 4d Ac]
VolkovDmitri: bets $3
kaypoker619: calls $3
*** TURN *** [8h 4d Ac] [5c]
VolkovDmitri: checks
kaypoker619: bets $6
VolkovDmitri: folds
Uncalled bet ($6) returned to kaypoker619
kaypoker619 collected $17.64 from pot
*** SUMMARY ***
Total pot $18 | Rake $0.36
Board [8h 4d Ac 5c]
Seat 3: kaypoker619 (button) (small blind) collected ($17.64)
Seat 4: VolkovDmitri (big blind) folded on the Turn


PokerStars Hand #173819110164:  Hold'em Limit ($3/$6 USD) - 2017/08/02 3:30:47 ET
Table 'Sputnik' 6-max Seat #4 is the button
Seat 3: kaypoker619 ($112.30 in chips)
Seat 4: VolkovDmitri ($154.50 in chips)
VolkovDmitri: posts small blind $1
kaypoker619: posts big blind $3
*** HOLE CARDS ***
VolkovDmitri: raises $3 to $6
kaypoker619: raises $3 to $9
VolkovDmitri: calls $3
*** FLOP *** [Qd 7c 5s]
kaypoker619: bets $3
VolkovDmitri: calls $3
*** TURN *** [Qd 7c 5s] [Jd]
kaypoker619: bets $6
VolkovDmitri: folds
Uncalled bet ($6) returned to kaypoker619
kaypoker619 collected $23.52 from pot
*** SUMMARY ***
Total pot $24 | Rake $0.48
Board [Qd 7c 5s Jd]
Seat 3: kaypoker619 (big blind) collected ($23.52)
Seat 4: VolkovDmitri (button) (small blind) folded on the Turn


PokerStars Hand #173819124783:  Hold'em Limit ($3/$6 USD) - 2017/08/02 3:31:45 ET
Table 'Sputnik' 6-max Seat #3 is the button
Seat 3: kaypoker619 ($123.82 in chips)
Seat 4: VolkovDmitri ($142.50 in chips)
kaypoker619: posts small blind $1
VolkovDmitri: posts big blind $3
*** HOLE CARDS ***
kaypoker619: raises $3 to $6
VolkovDmitri: raises $3 to $9
kaypoker619: calls $3
*** FLOP *** [Ac 5d Qc]
VolkovDmitri: bets $3
kaypoker619: calls $3
*** TURN *** [Ac 5d Qc] [3h]
VolkovDmitri: bets $6
Icecold joins the table at seat #2
kaypoker619: calls $6
*** RIVER *** [Ac 5d Qc 3h] [9d]
VolkovDmitri: bets $6
kaypoker619: calls $6
*** SHOW DOWN ***
VolkovDmitri: shows [Ah 4d] (a pair of Aces)
kaypoker619: mucks hand
VolkovDmitri collected $47.50 from pot
*** SUMMARY ***
Total pot $48 | Rake $0.50
Board [Ac 5d Qc 3h 9d]
Seat 3: kaypoker619 (button) (small blind) mucked
Seat 4: VolkovDmitri (big blind) showed [Ah 4d] and won ($47.50) with a pair of Aces


PokerStars Hand #173819280539:  Hold'em Limit ($3/$6 USD) - 2017/08/02 3:41:43 ET
Table 'Sputnik' 6-max Seat #2 is the button
Seat 1: SEQUOIA2012 ($192.62 in chips)
Seat 2: Icecold ($304.04 in chips)
Icecold: posts small blind $1
SEQUOIA2012: posts big blind $3
*** HOLE CARDS ***
Icecold: folds
Uncalled bet ($2) returned to SEQUOIA2012
Icecold leaves the table
SEQUOIA2012 collected $2 from pot
SEQUOIA2012: doesn't show hand
*** SUMMARY ***
Total pot $2 | Rake $0
Seat 1: SEQUOIA2012 (big blind) collected ($2)
Seat 2: Icecold (button) (small blind) folded before Flop


