PokerStars Hand #154717804617:  Hold'em Limit ($3/$6 USD) - 2016/06/14 7:40:23 ET
Table 'Srbija' 6-max Seat #4 is the button
Seat 4: Ag3r0n ($72 in chips)
Seat 5: Grieserix ($120 in chips)
Ag3r0n: posts small blind $1
Grieserix: posts big blind $3
*** HOLE CARDS ***
Ag3r0n: raises $3 to $6
Grieserix: calls $3
*** FLOP *** [6s Jd 9s]
Grieserix: checks
Ag3r0n: checks
*** TURN *** [6s Jd 9s] [Ad]
Grieserix: checks
Ag3r0n: bets $6
Grieserix: folds
Uncalled bet ($6) returned to Ag3r0n
Ag3r0n collected $11.76 from pot
*** SUMMARY ***
Total pot $12 | Rake $0.24
Board [6s Jd 9s Ad]
Seat 4: Ag3r0n (button) (small blind) collected ($11.76)
Seat 5: Grieserix (big blind) folded on the Turn


PokerStars Hand #154717825353:  Hold'em Limit ($3/$6 USD) - 2016/06/14 7:41:10 ET
Table 'Srbija' 6-max Seat #4 is the button
Seat 4: Ag3r0n ($107.26 in chips)
Seat 5: Grieserix ($84 in chips)
Ag3r0n: posts small blind $1
Grieserix: posts big blind $3
*** HOLE CARDS ***
Ag3r0n: raises $3 to $6
Grieserix: folds
Uncalled bet ($3) returned to Ag3r0n
Ag3r0n collected $6 from pot
*** SUMMARY ***
Total pot $6 | Rake $0
Seat 4: Ag3r0n (button) (small blind) collected ($6)
Seat 5: Grieserix (big blind) folded before Flop


PokerStars Hand #154717814838:  Hold'em Limit ($3/$6 USD) - 2016/06/14 7:40:46 ET
Table 'Srbija' 6-max Seat #5 is the button
Seat 4: Ag3r0n ($77.76 in chips)
Seat 5: Grieserix ($114 in chips)
Grieserix: posts small blind $1
Ag3r0n: posts big blind $3
*** HOLE CARDS ***
Grieserix: raises $3 to $6
Ag3r0n: calls $3
*** FLOP *** [8d 6h 9d]
Ag3r0n: bets $3
Grieserix: raises $3 to $6
Ag3r0n: calls $3
*** TURN *** [8d 6h 9d] [2c]
Ag3r0n: checks
Grieserix: bets $6
Ag3r0n: calls $6
*** RIVER *** [8d 6h 9d 2c] [6c]
Ag3r0n: checks
Grieserix: bets $6
Ag3r0n: raises $6 to $12
Grieserix: calls $6
*** SHOW DOWN ***
Ag3r0n: shows [6s 7d] (three of a kind, Sixes)
Grieserix: mucks hand
Ag3r0n collected $59.50 from pot
*** SUMMARY ***
Total pot $60 | Rake $0.50
Board [8d 6h 9d 2c 6c]
Seat 4: Ag3r0n (big blind) showed [6s 7d] and won ($59.50) with three of a kind, Sixes
Seat 5: Grieserix (button) (small blind) mucked


PokerStars Hand #154717833792:  Hold'em Limit ($3/$6 USD) - 2016/06/14 7:41:28 ET
Table 'Srbija' 6-max Seat #4 is the button
Seat 4: Ag3r0n ($121.78 in chips)
Seat 5: Grieserix ($69 in chips)
Ag3r0n: posts small blind $1
Grieserix: posts big blind $3
*** HOLE CARDS ***
Ag3r0n: raises $3 to $6
Grieserix: folds
Uncalled bet ($3) returned to Ag3r0n
Ag3r0n collected $6 from pot
*** SUMMARY ***
Total pot $6 | Rake $0
Seat 4: Ag3r0n (button) (small blind) collected ($6)
Seat 5: Grieserix (big blind) folded before Flop


PokerStars Hand #154717828095:  Hold'em Limit ($3/$6 USD) - 2016/06/14 7:41:16 ET
Table 'Srbija' 6-max Seat #5 is the button
Seat 4: Ag3r0n ($110.26 in chips)
Seat 5: Grieserix ($81 in chips)
Grieserix: posts small blind $1
Ag3r0n: posts big blind $3
*** HOLE CARDS ***
Grieserix: raises $3 to $6
Ag3r0n: raises $3 to $9
Grieserix: calls $3
*** FLOP *** [Jh 7s 9c]
Ag3r0n: bets $3
Grieserix: calls $3
*** TURN *** [Jh 7s 9c] [6c]
Ag3r0n: bets $6
Grieserix: folds
Uncalled bet ($6) returned to Ag3r0n
Ag3r0n collected $23.52 from pot
*** SUMMARY ***
Total pot $24 | Rake $0.48
Board [Jh 7s 9c 6c]
Seat 4: Ag3r0n (big blind) collected ($23.52)
Seat 5: Grieserix (button) (small blind) folded on the Turn


PokerStars Hand #154717869626:  Hold'em Limit ($3/$6 USD) - 2016/06/14 7:42:47 ET
Table 'Srbija' 6-max Seat #4 is the button
Seat 4: Ag3r0n ($154.78 in chips)
Seat 5: Grieserix ($35 in chips)
Ag3r0n: posts small blind $1
Grieserix: posts big blind $3
*** HOLE CARDS ***
Ag3r0n said, "we never be a 3rd world country"
Ag3r0n: raises $3 to $6
Grieserix: folds
Uncalled bet ($3) returned to Ag3r0n
Ag3r0n collected $6 from pot
*** SUMMARY ***
Total pot $6 | Rake $0
Seat 4: Ag3r0n (button) (small blind) collected ($6)
Seat 5: Grieserix (big blind) folded before Flop


PokerStars Hand #154717853895:  Hold'em Limit ($3/$6 USD) - 2016/06/14 7:42:13 ET
Table 'Srbija' 6-max Seat #4 is the button
Seat 4: Ag3r0n ($143.28 in chips)
Seat 5: Grieserix ($47 in chips)
Ag3r0n: posts small blind $1
Grieserix: posts big blind $3
*** HOLE CARDS ***
Grieserix said, "third world protection"
Ag3r0n: folds
Uncalled bet ($2) returned to Grieserix
Grieserix collected $2 from pot
*** SUMMARY ***
Total pot $2 | Rake $0
Seat 4: Ag3r0n (button) (small blind) folded before Flop
Seat 5: Grieserix (big blind) collected ($2)


PokerStars Hand #154717851705:  Hold'em Limit ($3/$6 USD) - 2016/06/14 7:42:08 ET
Table 'Srbija' 6-max Seat #5 is the button
Seat 4: Ag3r0n ($142.28 in chips)
Seat 5: Grieserix ($48 in chips)
Grieserix: posts small blind $1
Ag3r0n: posts big blind $3
*** HOLE CARDS ***
Grieserix: folds
Uncalled bet ($2) returned to Ag3r0n
Ag3r0n collected $2 from pot
*** SUMMARY ***
Total pot $2 | Rake $0
Seat 4: Ag3r0n (big blind) collected ($2)
Seat 5: Grieserix (button) (small blind) folded before Flop


PokerStars Hand #154717848338:  Hold'em Limit ($3/$6 USD) - 2016/06/14 7:42:01 ET
Table 'Srbija' 6-max Seat #4 is the button
Seat 4: Ag3r0n ($139.28 in chips)
Seat 5: Grieserix ($51 in chips)
Ag3r0n: posts small blind $1
Grieserix: posts big blind $3
*** HOLE CARDS ***
Ag3r0n: raises $3 to $6
Grieserix: folds
Uncalled bet ($3) returned to Ag3r0n
Ag3r0n collected $6 from pot
*** SUMMARY ***
Total pot $6 | Rake $0
Seat 4: Ag3r0n (button) (small blind) collected ($6)
Seat 5: Grieserix (big blind) folded before Flop


PokerStars Hand #154717837863:  Hold'em Limit ($3/$6 USD) - 2016/06/14 7:41:37 ET
Table 'Srbija' 6-max Seat #5 is the button
Seat 4: Ag3r0n ($124.78 in chips)
Seat 5: Grieserix ($66 in chips)
Grieserix: posts small blind $1
Ag3r0n: posts big blind $3
*** HOLE CARDS ***
Grieserix: raises $3 to $6
Ag3r0n: calls $3
*** FLOP *** [3d 8c 5c]
Ag3r0n: checks
Grieserix: bets $3
Ag3r0n: calls $3
*** TURN *** [3d 8c 5c] [3c]
Ag3r0n: checks
Grieserix: bets $6
Ag3r0n: calls $6
*** RIVER *** [3d 8c 5c 3c] [Qc]
Ag3r0n: bets $6
Grieserix: folds
Uncalled bet ($6) returned to Ag3r0n
Ag3r0n collected $29.50 from pot
*** SUMMARY ***
Total pot $30 | Rake $0.50
Board [3d 8c 5c 3c Qc]
Seat 4: Ag3r0n (big blind) collected ($29.50)
Seat 5: Grieserix (button) (small blind) folded on the River


PokerStars Hand #154717867487:  Hold'em Limit ($3/$6 USD) - 2016/06/14 7:42:43 ET
Table 'Srbija' 6-max Seat #5 is the button
Seat 4: Ag3r0n ($153.78 in chips)
Seat 5: Grieserix ($36 in chips)
Grieserix: posts small blind $1
Ag3r0n: posts big blind $3
*** HOLE CARDS ***
Grieserix: folds
Uncalled bet ($2) returned to Ag3r0n
Ag3r0n collected $2 from pot
*** SUMMARY ***
Total pot $2 | Rake $0
Seat 4: Ag3r0n (big blind) collected ($2)
Seat 5: Grieserix (button) (small blind) folded before Flop


PokerStars Hand #154717859450:  Hold'em Limit ($3/$6 USD) - 2016/06/14 7:42:25 ET
Table 'Srbija' 6-max Seat #4 is the button
Seat 4: Ag3r0n ($139.28 in chips)
Seat 5: Grieserix ($51 in chips)
Ag3r0n: posts small blind $1
Grieserix: posts big blind $3
*** HOLE CARDS ***
Ag3r0n: raises $3 to $6
Grieserix: calls $3
*** FLOP *** [3c 5s 6s]
Grieserix: checks
Ag3r0n: bets $3
Grieserix: calls $3
*** TURN *** [3c 5s 6s] [3s]
Grieserix: checks
Ag3r0n: bets $6
Grieserix: calls $6
*** RIVER *** [3c 5s 6s 3s] [2c]
Grieserix: checks
Ag3r0n: bets $6
Grieserix: folds
Uncalled bet ($6) returned to Ag3r0n
Ag3r0n collected $29.50 from pot
*** SUMMARY ***
Total pot $30 | Rake $0.50
Board [3c 5s 6s 3s 2c]
Seat 4: Ag3r0n (button) (small blind) collected ($29.50)
Seat 5: Grieserix (big blind) folded on the River


PokerStars Hand #154717876059:  Hold'em Limit ($3/$6 USD) - 2016/06/14 7:43:01 ET
Table 'Srbija' 6-max Seat #4 is the button
Seat 4: Ag3r0n ($158.78 in chips)
Seat 5: Grieserix ($31 in chips)
Ag3r0n: posts small blind $1
Grieserix: posts big blind $3
*** HOLE CARDS ***
Ag3r0n: folds
Uncalled bet ($2) returned to Grieserix
Grieserix collected $2 from pot
*** SUMMARY ***
Total pot $2 | Rake $0
Seat 4: Ag3r0n (button) (small blind) folded before Flop
Seat 5: Grieserix (big blind) collected ($2)


PokerStars Hand #154717873618:  Hold'em Limit ($3/$6 USD) - 2016/06/14 7:42:56 ET
Table 'Srbija' 6-max Seat #5 is the button
Seat 4: Ag3r0n ($157.78 in chips)
Seat 5: Grieserix ($32 in chips)
Grieserix: posts small blind $1
Ag3r0n: posts big blind $3
*** HOLE CARDS ***
Grieserix: folds
Uncalled bet ($2) returned to Ag3r0n
Ag3r0n collected $2 from pot
*** SUMMARY ***
Total pot $2 | Rake $0
Seat 4: Ag3r0n (big blind) collected ($2)
Seat 5: Grieserix (button) (small blind) folded before Flop


PokerStars Hand #154717878025:  Hold'em Limit ($3/$6 USD) - 2016/06/14 7:43:06 ET
Table 'Srbija' 6-max Seat #5 is the button
Seat 4: Ag3r0n ($157.78 in chips)
Seat 5: Grieserix ($32 in chips)
Grieserix: posts small blind $1
Ag3r0n: posts big blind $3
*** HOLE CARDS ***
Grieserix: folds
Uncalled bet ($2) returned to Ag3r0n
Ag3r0n collected $2 from pot
*** SUMMARY ***
Total pot $2 | Rake $0
Seat 4: Ag3r0n (big blind) collected ($2)
Seat 5: Grieserix (button) (small blind) folded before Flop


PokerStars Hand #154717893119:  Hold'em Limit ($3/$6 USD) - 2016/06/14 7:43:29 ET
Table 'Srbija' 6-max Seat #5 is the button
Seat 4: Ag3r0n ($164.54 in chips)
Seat 5: Grieserix ($25 in chips)
Grieserix: posts small blind $1
Ag3r0n: posts big blind $3
*** HOLE CARDS ***
Grieserix: calls $2
Ag3r0n: checks
*** FLOP *** [9h 6s 3s]
Ag3r0n: checks
Grieserix: checks
*** TURN *** [9h 6s 3s] [Tc]
Ag3r0n: checks
Grieserix: checks
*** RIVER *** [9h 6s 3s Tc] [4d]
Ag3r0n: checks
Grieserix: checks
*** SHOW DOWN ***
Ag3r0n: shows [7c 2c] (high card Ten)
Grieserix: shows [8s 4c] (a pair of Fours)
Grieserix collected $5.88 from pot
*** SUMMARY ***
Total pot $6 | Rake $0.12
Board [9h 6s 3s Tc 4d]
Seat 4: Ag3r0n (big blind) showed [7c 2c] and lost with high card Ten
Seat 5: Grieserix (button) (small blind) showed [8s 4c] and won ($5.88) with a pair of Fours


PokerStars Hand #154717880357:  Hold'em Limit ($3/$6 USD) - 2016/06/14 7:43:11 ET
Table 'Srbija' 6-max Seat #4 is the button
Seat 4: Ag3r0n ($158.78 in chips)
Seat 5: Grieserix ($31 in chips)
Ag3r0n: posts small blind $1
Grieserix: posts big blind $3
*** HOLE CARDS ***
Ag3r0n: raises $3 to $6
Grieserix: calls $3
*** FLOP *** [Ac 8d 7h]
Grieserix: checks
Ag3r0n: checks
*** TURN *** [Ac 8d 7h] [4d]
Grieserix: checks
Ag3r0n: bets $6
Grieserix: folds
Uncalled bet ($6) returned to Ag3r0n
Ag3r0n collected $11.76 from pot
Grieserix said, "you were not meant wrong window"
*** SUMMARY ***
Total pot $12 | Rake $0.24
Board [Ac 8d 7h 4d]
Seat 4: Ag3r0n (button) (small blind) collected ($11.76)
Seat 5: Grieserix (big blind) folded on the Turn


PokerStars Hand #154717903097:  Hold'em Limit ($3/$6 USD) - 2016/06/14 7:43:51 ET
Table 'Srbija' 6-max Seat #4 is the button
Seat 4: Ag3r0n ($161.54 in chips)
Seat 5: Grieserix ($27.88 in chips)
Ag3r0n: posts small blind $1
Grieserix: posts big blind $3
*** HOLE CARDS ***
Ag3r0n: raises $3 to $6
Grieserix: calls $3
*** FLOP *** [7s 4s Jd]
Grieserix: checks
Ag3r0n: bets $3
Grieserix: calls $3
*** TURN *** [7s 4s Jd] [2d]
Grieserix: checks
Ag3r0n: bets $6
Grieserix: calls $6
*** RIVER *** [7s 4s Jd 2d] [4h]
Grieserix: bets $6
Ag3r0n: folds
Uncalled bet ($6) returned to Grieserix
Grieserix collected $29.50 from pot
*** SUMMARY ***
Total pot $30 | Rake $0.50
Board [7s 4s Jd 2d 4h]
Seat 4: Ag3r0n (button) (small blind) folded on the River
Seat 5: Grieserix (big blind) collected ($29.50)


PokerStars Hand #154717939503:  Hold'em Limit ($3/$6 USD) - 2016/06/14 7:45:11 ET
Table 'Srbija' 6-max Seat #5 is the button
Seat 5: Grieserix ($41.13 in chips)
Seat 6: jackRizzar ($239.75 in chips)
Grieserix: posts small blind $1
jackRizzar: posts big blind $3
*** HOLE CARDS ***
Grieserix: calls $2
jackRizzar: checks
*** FLOP *** [Qd 4h 7c]
jackRizzar: checks
Grieserix: checks
*** TURN *** [Qd 4h 7c] [Kh]
jackRizzar: checks
Grieserix: bets $6
jackRizzar: folds
Uncalled bet ($6) returned to Grieserix
Grieserix collected $5.88 from pot
*** SUMMARY ***
Total pot $6 | Rake $0.12
Board [Qd 4h 7c Kh]
Seat 5: Grieserix (button) (small blind) collected ($5.88)
Seat 6: jackRizzar (big blind) folded on the Turn


PokerStars Hand #154717920440:  Hold'em Limit ($3/$6 USD) - 2016/06/14 7:44:29 ET
Table 'Srbija' 6-max Seat #6 is the button
Seat 5: Grieserix ($41.38 in chips)
Seat 6: jackRizzar ($240 in chips)
jackRizzar: posts small blind $1
Grieserix: posts big blind $3
*** HOLE CARDS ***
jackRizzar: raises $3 to $6
Grieserix: calls $3
*** FLOP *** [4d Ks Jc]
Grieserix: checks
jackRizzar: bets $3
Grieserix: calls $3
*** TURN *** [4d Ks Jc] [Jh]
Grieserix: checks
jackRizzar: bets $6
Grieserix: calls $6
*** RIVER *** [4d Ks Jc Jh] [Kd]
Grieserix: checks
jackRizzar: bets $6
Grieserix: raises $6 to $12
jackRizzar: raises $6 to $18
Grieserix: raises $6 to $24
Betting is capped
jackRizzar: calls $6
*** SHOW DOWN ***
Grieserix: shows [5c Kc] (a full house, Kings full of Jacks)
jackRizzar: shows [Td Kh] (a full house, Kings full of Jacks)
Grieserix collected $38.75 from pot
jackRizzar collected $38.75 from pot
*** SUMMARY ***
Total pot $78 | Rake $0.50
Board [4d Ks Jc Jh Kd]
Seat 5: Grieserix (big blind) showed [5c Kc] and won ($38.75) with a full house, Kings full of Jacks
Seat 6: jackRizzar (button) (small blind) showed [Td Kh] and won ($38.75) with a full house, Kings full of Jacks


PokerStars Hand #154717948363:  Hold'em Limit ($3/$6 USD) - 2016/06/14 7:45:30 ET
Table 'Srbija' 6-max Seat #6 is the button
Seat 5: Grieserix ($44.01 in chips)
Seat 6: jackRizzar ($236.75 in chips)
jackRizzar: posts small blind $1
Grieserix: posts big blind $3
*** HOLE CARDS ***
jackRizzar: raises $3 to $6
Grieserix: calls $3
*** FLOP *** [Ks As Ad]
Grieserix: checks
jackRizzar: bets $3
Grieserix: folds
Uncalled bet ($3) returned to jackRizzar
jackRizzar collected $11.76 from pot
*** SUMMARY ***
Total pot $12 | Rake $0.24
Board [Ks As Ad]
Seat 5: Grieserix (big blind) folded on the Flop
Seat 6: jackRizzar (button) (small blind) collected ($11.76)


PokerStars Hand #154717965430:  Hold'em Limit ($3/$6 USD) - 2016/06/14 7:46:07 ET
Table 'Srbija' 6-max Seat #6 is the button
Seat 5: Grieserix ($58.51 in chips)
Seat 6: jackRizzar ($221.51 in chips)
jackRizzar: posts small blind $1
Grieserix: posts big blind $3
*** HOLE CARDS ***
jackRizzar: raises $3 to $6
Grieserix: calls $3
*** FLOP *** [Jc 6h 2h]
Grieserix: checks
jackRizzar: bets $3
Grieserix: folds
Uncalled bet ($3) returned to jackRizzar
jackRizzar collected $11.76 from pot
*** SUMMARY ***
Total pot $12 | Rake $0.24
Board [Jc 6h 2h]
Seat 5: Grieserix (big blind) folded on the Flop
Seat 6: jackRizzar (button) (small blind) collected ($11.76)


PokerStars Hand #154717954293:  Hold'em Limit ($3/$6 USD) - 2016/06/14 7:45:43 ET
Table 'Srbija' 6-max Seat #5 is the button
Seat 5: Grieserix ($38.01 in chips)
Seat 6: jackRizzar ($242.51 in chips)
Grieserix: posts small blind $1
jackRizzar: posts big blind $3
*** HOLE CARDS ***
Grieserix: raises $3 to $6
jackRizzar: calls $3
*** FLOP *** [2s Th 6d]
jackRizzar: checks
Grieserix: bets $3
jackRizzar: calls $3
*** TURN *** [2s Th 6d] [9c]
jackRizzar: checks
Grieserix: checks
*** RIVER *** [2s Th 6d 9c] [Ks]
jackRizzar: bets $6
Grieserix: raises $6 to $12
jackRizzar: calls $6
*** SHOW DOWN ***
Grieserix: shows [3d Kd] (a pair of Kings)
jackRizzar: mucks hand
Grieserix collected $41.50 from pot
*** SUMMARY ***
Total pot $42 | Rake $0.50
Board [2s Th 6d 9c Ks]
Seat 5: Grieserix (button) (small blind) showed [3d Kd] and won ($41.50) with a pair of Kings
Seat 6: jackRizzar (big blind) mucked


PokerStars Hand #154717976967:  Hold'em Limit ($3/$6 USD) - 2016/06/14 7:46:32 ET
Table 'Srbija' 6-max Seat #6 is the button
Seat 5: Grieserix ($46.51 in chips)
Seat 6: jackRizzar ($233.03 in chips)
jackRizzar: posts small blind $1
Grieserix: posts big blind $3
*** HOLE CARDS ***
jackRizzar: raises $3 to $6
Grieserix: folds
Uncalled bet ($3) returned to jackRizzar
jackRizzar collected $6 from pot
*** SUMMARY ***
Total pot $6 | Rake $0
Seat 5: Grieserix (big blind) folded before Flop
Seat 6: jackRizzar (button) (small blind) collected ($6)


PokerStars Hand #154717970589:  Hold'em Limit ($3/$6 USD) - 2016/06/14 7:46:19 ET
Table 'Srbija' 6-max Seat #5 is the button
Seat 5: Grieserix ($52.51 in chips)
Seat 6: jackRizzar ($227.27 in chips)
Grieserix: posts small blind $1
jackRizzar: posts big blind $3
*** HOLE CARDS ***
Grieserix: raises $3 to $6
jackRizzar: calls $3
*** FLOP *** [8c Kh 4d]
jackRizzar: checks
Grieserix: checks
*** TURN *** [8c Kh 4d] [4h]
jackRizzar: bets $6
Grieserix: folds
Uncalled bet ($6) returned to jackRizzar
jackRizzar collected $11.76 from pot
*** SUMMARY ***
Total pot $12 | Rake $0.24
Board [8c Kh 4d 4h]
Seat 5: Grieserix (button) (small blind) folded on the Turn
Seat 6: jackRizzar (big blind) collected ($11.76)


PokerStars Hand #154717979264:  Hold'em Limit ($3/$6 USD) - 2016/06/14 7:46:38 ET
Table 'Srbija' 6-max Seat #5 is the button
Seat 5: Grieserix ($43.51 in chips)
Seat 6: jackRizzar ($236.03 in chips)
Grieserix: posts small blind $1
jackRizzar: posts big blind $3
*** HOLE CARDS ***
Grieserix: raises $3 to $6
jackRizzar: calls $3
*** FLOP *** [8h 4s 5c]
jackRizzar: checks
Grieserix: checks
*** TURN *** [8h 4s 5c] [Ts]
jackRizzar: bets $6
Grieserix: calls $6
*** RIVER *** [8h 4s 5c Ts] [Kc]
jackRizzar: bets $6
Grieserix: calls $6
*** SHOW DOWN ***
jackRizzar: shows [Ah 8s] (a pair of Eights)
Grieserix: shows [Ad Tc] (a pair of Tens)
Grieserix collected $35.50 from pot
*** SUMMARY ***
Total pot $36 | Rake $0.50
Board [8h 4s 5c Ts Kc]
Seat 5: Grieserix (button) (small blind) showed [Ad Tc] and won ($35.50) with a pair of Tens
Seat 6: jackRizzar (big blind) showed [Ah 8s] and lost with a pair of Eights


PokerStars Hand #154718004668:  Hold'em Limit ($3/$6 USD) - 2016/06/14 7:47:33 ET
Table 'Srbija' 6-max Seat #5 is the button
Seat 5: Grieserix ($48.01 in chips)
Seat 6: jackRizzar ($230.67 in chips)
Grieserix: posts small blind $1
jackRizzar: posts big blind $3
*** HOLE CARDS ***
Grieserix: raises $3 to $6
jackRizzar: folds
Uncalled bet ($3) returned to Grieserix
Grieserix collected $6 from pot
*** SUMMARY ***
Total pot $6 | Rake $0
Seat 5: Grieserix (button) (small blind) collected ($6)
Seat 6: jackRizzar (big blind) folded before Flop


PokerStars Hand #154717999525:  Hold'em Limit ($3/$6 USD) - 2016/06/14 7:47:22 ET
Table 'Srbija' 6-max Seat #6 is the button
Seat 5: Grieserix ($51.01 in chips)
Seat 6: jackRizzar ($227.67 in chips)
jackRizzar: posts small blind $1
Grieserix: posts big blind $3
*** HOLE CARDS ***
jackRizzar: raises $3 to $6
Grieserix: folds
Uncalled bet ($3) returned to jackRizzar
jackRizzar collected $6 from pot
*** SUMMARY ***
Total pot $6 | Rake $0
Seat 5: Grieserix (big blind) folded before Flop
Seat 6: jackRizzar (button) (small blind) collected ($6)


PokerStars Hand #154717988265:  Hold'em Limit ($3/$6 USD) - 2016/06/14 7:46:57 ET
Table 'Srbija' 6-max Seat #6 is the button
Seat 5: Grieserix ($61.01 in chips)
Seat 6: jackRizzar ($218.03 in chips)
jackRizzar: posts small blind $1
Grieserix: posts big blind $3
*** HOLE CARDS ***
jackRizzar: raises $3 to $6
Grieserix: calls $3
*** FLOP *** [4s 9s 8d]
Grieserix: checks
jackRizzar: bets $3
Grieserix: calls $3
*** TURN *** [4s 9s 8d] [9h]
Grieserix: checks
jackRizzar: bets $6
Grieserix: folds
Uncalled bet ($6) returned to jackRizzar
jackRizzar collected $17.64 from pot
*** SUMMARY ***
Total pot $18 | Rake $0.36
Board [4s 9s 8d 9h]
Seat 5: Grieserix (big blind) folded on the Turn
Seat 6: jackRizzar (button) (small blind) collected ($17.64)


PokerStars Hand #154717996958:  Hold'em Limit ($3/$6 USD) - 2016/06/14 7:47:16 ET
Table 'Srbija' 6-max Seat #5 is the button
Seat 5: Grieserix ($52.01 in chips)
Seat 6: jackRizzar ($226.67 in chips)
Grieserix: posts small blind $1
jackRizzar: posts big blind $3
*** HOLE CARDS ***
Grieserix: folds
Uncalled bet ($2) returned to jackRizzar
jackRizzar collected $2 from pot
*** SUMMARY ***
Total pot $2 | Rake $0
Seat 5: Grieserix (button) (small blind) folded before Flop
Seat 6: jackRizzar (big blind) collected ($2)


PokerStars Hand #154718018107:  Hold'em Limit ($3/$6 USD) - 2016/06/14 7:48:03 ET
Table 'Srbija' 6-max Seat #6 is the button
Seat 5: Grieserix ($53.65 in chips)
Seat 6: jackRizzar ($224.43 in chips)
jackRizzar: posts small blind $1
Grieserix: posts big blind $3
*** HOLE CARDS ***
jackRizzar: raises $3 to $6
Grieserix: calls $3
*** FLOP *** [4s Qc 9d]
Grieserix: checks
jackRizzar: bets $3
Grieserix: calls $3
*** TURN *** [4s Qc 9d] [Kc]
Grieserix: checks
jackRizzar: bets $6
Grieserix: folds
Uncalled bet ($6) returned to jackRizzar
jackRizzar collected $17.64 from pot
*** SUMMARY ***
Total pot $18 | Rake $0.36
Board [4s Qc 9d Kc]
Seat 5: Grieserix (big blind) folded on the Turn
Seat 6: jackRizzar (button) (small blind) collected ($17.64)


PokerStars Hand #154718012958:  Hold'em Limit ($3/$6 USD) - 2016/06/14 7:47:51 ET
Table 'Srbija' 6-max Seat #5 is the button
Seat 5: Grieserix ($59.65 in chips)
Seat 6: jackRizzar ($218.67 in chips)
Grieserix: posts small blind $1
jackRizzar: posts big blind $3
*** HOLE CARDS ***
Grieserix: calls $2
jackRizzar: raises $3 to $6
Grieserix: calls $3
*** FLOP *** [6c 5s 5d]
jackRizzar: bets $3
Grieserix: folds
Uncalled bet ($3) returned to jackRizzar
jackRizzar collected $11.76 from pot
*** SUMMARY ***
Total pot $12 | Rake $0.24
Board [6c 5s 5d]
Seat 5: Grieserix (button) (small blind) folded on the Flop
Seat 6: jackRizzar (big blind) collected ($11.76)


PokerStars Hand #154718025419:  Hold'em Limit ($3/$6 USD) - 2016/06/14 7:48:19 ET
Table 'Srbija' 6-max Seat #5 is the button
Seat 5: Grieserix ($44.65 in chips)
Seat 6: jackRizzar ($233.07 in chips)
Grieserix: posts small blind $1
jackRizzar: posts big blind $3
*** HOLE CARDS ***
Grieserix: raises $3 to $6
jackRizzar: calls $3
*** FLOP *** [Kh 7s Kc]
jackRizzar: checks
Grieserix: checks
*** TURN *** [Kh 7s Kc] [7c]
jackRizzar: checks
Grieserix: checks
*** RIVER *** [Kh 7s Kc 7c] [Jd]
jackRizzar: checks
Grieserix: bets $6
jackRizzar: folds
Uncalled bet ($6) returned to Grieserix
Grieserix collected $11.76 from pot
*** SUMMARY ***
Total pot $12 | Rake $0.24
Board [Kh 7s Kc 7c Jd]
Seat 5: Grieserix (button) (small blind) collected ($11.76)
Seat 6: jackRizzar (big blind) folded on the River


PokerStars Hand #154718035175:  Hold'em Limit ($3/$6 USD) - 2016/06/14 7:48:40 ET
Table 'Srbija' 6-max Seat #6 is the button
Seat 5: Grieserix ($50.41 in chips)
Seat 6: jackRizzar ($227.07 in chips)
jackRizzar: posts small blind $1
Grieserix: posts big blind $3
*** HOLE CARDS ***
jackRizzar: raises $3 to $6
Grieserix: calls $3
*** FLOP *** [9s Kh 6s]
Grieserix: checks
jackRizzar: bets $3
Grieserix: folds
Uncalled bet ($3) returned to jackRizzar
jackRizzar collected $11.76 from pot
*** SUMMARY ***
Total pot $12 | Rake $0.24
Board [9s Kh 6s]
Seat 5: Grieserix (big blind) folded on the Flop
Seat 6: jackRizzar (button) (small blind) collected ($11.76)


PokerStars Hand #154718039840:  Hold'em Limit ($3/$6 USD) - 2016/06/14 7:48:50 ET
Table 'Srbija' 6-max Seat #5 is the button
Seat 5: Grieserix ($44.41 in chips)
Seat 6: jackRizzar ($232.83 in chips)
Grieserix: posts small blind $1
jackRizzar: posts big blind $3
*** HOLE CARDS ***
vladal 888 joins the table at seat #3
Grieserix: raises $3 to $6
jackRizzar: calls $3
*** FLOP *** [Jc Th 8s]
jackRizzar: checks
Grieserix: checks
*** TURN *** [Jc Th 8s] [Qh]
jackRizzar: bets $6
Grieserix: calls $6
*** RIVER *** [Jc Th 8s Qh] [8c]
jackRizzar: bets $6
Grieserix: raises $6 to $12
jackRizzar: calls $6
*** SHOW DOWN ***
Grieserix: shows [As 9h] (a straight, Eight to Queen)
jackRizzar: shows [9s Ad] (a straight, Eight to Queen)
jackRizzar collected $23.75 from pot
Grieserix collected $23.75 from pot
*** SUMMARY ***
Total pot $48 | Rake $0.50
Board [Jc Th 8s Qh 8c]
Seat 5: Grieserix (button) (small blind) showed [As 9h] and won ($23.75) with a straight, Eight to Queen
Seat 6: jackRizzar (big blind) showed [9s Ad] and won ($23.75) with a straight, Eight to Queen


PokerStars Hand #154718195529:  Hold'em Limit ($3/$6 USD) - 2016/06/14 7:54:29 ET
Table 'Srbija' 6-max Seat #6 is the button
Seat 3: vladal 888 ($74.63 in chips)
Seat 6: jackRizzar ($216.09 in chips)
jackRizzar: posts small blind $1
vladal 888: posts big blind $3
*** HOLE CARDS ***
jackRizzar: raises $3 to $6
vladal 888: calls $3
*** FLOP *** [Kc Qs 6s]
vladal 888: checks
jackRizzar: bets $3
vladal 888: folds
Uncalled bet ($3) returned to jackRizzar
jackRizzar collected $11.76 from pot
*** SUMMARY ***
Total pot $12 | Rake $0.24
Board [Kc Qs 6s]
Seat 3: vladal 888 (big blind) folded on the Flop
Seat 6: jackRizzar (button) (small blind) collected ($11.76)


PokerStars Hand #154718172923:  Hold'em Limit ($3/$6 USD) - 2016/06/14 7:53:40 ET
Table 'Srbija' 6-max Seat #3 is the button
Seat 3: vladal 888 ($59.13 in chips)
Seat 6: jackRizzar ($232.33 in chips)
vladal 888: posts small blind $1
Grieserix: is sitting out
Grieserix leaves the table
jackRizzar: posts big blind $3
*** HOLE CARDS ***
vladal 888: raises $3 to $6
jackRizzar: calls $3
*** FLOP *** [As 9d 5c]
jackRizzar: checks
vladal 888: bets $3
jackRizzar: calls $3
*** TURN *** [As 9d 5c] [4h]
jackRizzar: checks
vladal 888: bets $6
jackRizzar: calls $6
*** RIVER *** [As 9d 5c 4h] [4s]
jackRizzar: checks
vladal 888: bets $6
jackRizzar: calls $6
*** SHOW DOWN ***
vladal 888: shows [9c 8h] (two pair, Nines and Fours)
jackRizzar: mucks hand
vladal 888 collected $41.50 from pot
*** SUMMARY ***
Total pot $42 | Rake $0.50
Board [As 9d 5c 4h 4s]
Seat 3: vladal 888 (button) (small blind) showed [9c 8h] and won ($41.50) with two pair, Nines and Fours
Seat 6: jackRizzar (big blind) mucked


PokerStars Hand #154718186742:  Hold'em Limit ($3/$6 USD) - 2016/06/14 7:54:10 ET
Table 'Srbija' 6-max Seat #6 is the button
Seat 3: vladal 888 ($79.63 in chips)
Seat 6: jackRizzar ($211.33 in chips)
jackRizzar: posts small blind $1
vladal 888: posts big blind $3
*** HOLE CARDS ***
jackRizzar: folds
Uncalled bet ($2) returned to vladal 888
vladal 888 collected $2 from pot
*** SUMMARY ***
Total pot $2 | Rake $0
Seat 3: vladal 888 (big blind) collected ($2)
Seat 6: jackRizzar (button) (small blind) folded before Flop


