PokerStars Hand #145986558415:  Hold'em Limit ($3/$6 USD) - 2015/12/27 3:14:39 ET
Table 'Srbija' 2-max Seat #2 is the button
Seat 1: ct-650 ($150 in chips)
Seat 2: Donkasaurus7 ($126.56 in chips)
Donkasaurus7: posts small blind $1
ct-650: posts big blind $3
*** HOLE CARDS ***
Donkasaurus7: raises $3 to $6
ct-650: calls $3
*** FLOP *** [Kd 8h 7h]
ct-650: checks
Donkasaurus7: bets $3
ct-650: raises $3 to $6
Donkasaurus7: calls $3
*** TURN *** [Kd 8h 7h] [9d]
ct-650: bets $6
Donkasaurus7: calls $6
*** RIVER *** [Kd 8h 7h 9d] [Qh]
ct-650: bets $6
Donkasaurus7: folds
Uncalled bet ($6) returned to ct-650
ct-650 collected $35.50 from pot
*** SUMMARY ***
Total pot $36 | Rake $0.50
Board [Kd 8h 7h 9d Qh]
Seat 1: ct-650 (big blind) collected ($35.50)
Seat 2: Donkasaurus7 (button) (small blind) folded on the River


PokerStars Hand #145986556612:  Hold'em Limit ($3/$6 USD) - 2015/12/27 3:14:34 ET
Table 'Srbija' 2-max Seat #1 is the button
Seat 1: ct-650 ($147 in chips)
Seat 2: Donkasaurus7 ($129.56 in chips)
ct-650: posts small blind $1
Donkasaurus7: posts big blind $3
*** HOLE CARDS ***
ct-650: raises $3 to $6
Donkasaurus7: folds
Uncalled bet ($3) returned to ct-650
ct-650 collected $6 from pot
*** SUMMARY ***
Total pot $6 | Rake $0
Seat 1: ct-650 (button) (small blind) collected ($6)
Seat 2: Donkasaurus7 (big blind) folded before Flop


PokerStars Hand #145986552072:  Hold'em Limit ($3/$6 USD) - 2015/12/27 3:14:19 ET
Table 'Srbija' 2-max Seat #2 is the button
Seat 1: ct-650 ($150 in chips)
Seat 2: Donkasaurus7 ($126.56 in chips)
Donkasaurus7: posts small blind $1
ct-650: posts big blind $3
*** HOLE CARDS ***
Donkasaurus7: raises $3 to $6
ct-650: folds
Uncalled bet ($3) returned to Donkasaurus7
Donkasaurus7 collected $6 from pot
Donkasaurus7: doesn't show hand
*** SUMMARY ***
Total pot $6 | Rake $0
Seat 1: ct-650 (big blind) folded before Flop
Seat 2: Donkasaurus7 (button) (small blind) collected ($6)


PokerStars Hand #145986573982:  Hold'em Limit ($3/$6 USD) - 2015/12/27 3:15:28 ET
Table 'Srbija' 2-max Seat #1 is the button
Seat 1: ct-650 ($158.50 in chips)
Seat 2: Donkasaurus7 ($117.08 in chips)
ct-650: posts small blind $1
Donkasaurus7: posts big blind $3
*** HOLE CARDS ***
ct-650: raises $3 to $6
Donkasaurus7: folds
Uncalled bet ($3) returned to ct-650
ct-650 collected $6 from pot
*** SUMMARY ***
Total pot $6 | Rake $0
Seat 1: ct-650 (button) (small blind) collected ($6)
Seat 2: Donkasaurus7 (big blind) folded before Flop


PokerStars Hand #145986568352:  Hold'em Limit ($3/$6 USD) - 2015/12/27 3:15:10 ET
Table 'Srbija' 2-max Seat #2 is the button
Seat 1: ct-650 ($170.50 in chips)
Seat 2: Donkasaurus7 ($105.56 in chips)
Donkasaurus7: posts small blind $1
ct-650: posts big blind $3
*** HOLE CARDS ***
Donkasaurus7: raises $3 to $6
ct-650: calls $3
*** FLOP *** [4s 2h 6d]
ct-650: checks
Donkasaurus7: checks
*** TURN *** [4s 2h 6d] [6h]
ct-650: checks
Donkasaurus7: bets $6
ct-650: calls $6
*** RIVER *** [4s 2h 6d 6h] [8h]
ct-650: checks
Donkasaurus7: checks
*** SHOW DOWN ***
ct-650: shows [Qc Jh] (a pair of Sixes)
Donkasaurus7: shows [Ah Qs] (a pair of Sixes - Ace kicker)
Donkasaurus7 collected $23.52 from pot
*** SUMMARY ***
Total pot $24 | Rake $0.48
Board [4s 2h 6d 6h 8h]
Seat 1: ct-650 (big blind) showed [Qc Jh] and lost with a pair of Sixes
Seat 2: Donkasaurus7 (button) (small blind) showed [Ah Qs] and won ($23.52) with a pair of Sixes


PokerStars Hand #145986565501:  Hold'em Limit ($3/$6 USD) - 2015/12/27 3:15:01 ET
Table 'Srbija' 2-max Seat #1 is the button
Seat 1: ct-650 ($167.50 in chips)
Seat 2: Donkasaurus7 ($108.56 in chips)
ct-650: posts small blind $1
Donkasaurus7: posts big blind $3
*** HOLE CARDS ***
ct-650: raises $3 to $6
Donkasaurus7: folds
Uncalled bet ($3) returned to ct-650
ct-650 collected $6 from pot
*** SUMMARY ***
Total pot $6 | Rake $0
Seat 1: ct-650 (button) (small blind) collected ($6)
Seat 2: Donkasaurus7 (big blind) folded before Flop


