PokerStars Hand #148071951651:  Hold'em Limit ($3/$6 USD) - 2016/02/01 15:53:41 ET
Table 'Starshine II' 6-max Seat #3 is the button
Seat 3: iris1980 ($83.26 in chips)
Seat 4: AzureCaper ($78.76 in chips)
iris1980: posts small blind $1
AzureCaper: posts big blind $3
*** HOLE CARDS ***
iris1980: raises $3 to $6
AzureCaper: folds
Uncalled bet ($3) returned to iris1980
iris1980 collected $6 from pot
*** SUMMARY ***
Total pot $6 | Rake $0
Seat 3: iris1980 (button) (small blind) collected ($6)
Seat 4: AzureCaper (big blind) folded before Flop


PokerStars Hand #148071957604:  Hold'em Limit ($3/$6 USD) - 2016/02/01 15:53:46 ET
Table 'Starshine II' 6-max Seat #4 is the button
Seat 3: iris1980 ($86.26 in chips)
Seat 4: AzureCaper ($75.76 in chips)
AzureCaper: posts small blind $1
iris1980: posts big blind $3
*** HOLE CARDS ***
AzureCaper: raises $3 to $6
iris1980: calls $3
*** FLOP *** [Qs 4h Ad]
iris1980: checks
AzureCaper: bets $3
iris1980: folds
Uncalled bet ($3) returned to AzureCaper
AzureCaper collected $11.76 from pot
AzureCaper: doesn't show hand
*** SUMMARY ***
Total pot $12 | Rake $0.24
Board [Qs 4h Ad]
Seat 3: iris1980 (big blind) folded on the Flop
Seat 4: AzureCaper (button) (small blind) collected ($11.76)


PokerStars Hand #148071975816:  Hold'em Limit ($3/$6 USD) - 2016/02/01 15:54:02 ET
Table 'Starshine II' 6-max Seat #4 is the button
Seat 3: iris1980 ($79.26 in chips)
Seat 4: AzureCaper ($82.52 in chips)
AzureCaper: posts small blind $1
iris1980: posts big blind $3
*** HOLE CARDS ***
AzureCaper: folds
Uncalled bet ($2) returned to iris1980
iris1980 collected $2 from pot
iris1980: doesn't show hand
*** SUMMARY ***
Total pot $2 | Rake $0
Seat 3: iris1980 (big blind) collected ($2)
Seat 4: AzureCaper (button) (small blind) folded before Flop


PokerStars Hand #148071969463:  Hold'em Limit ($3/$6 USD) - 2016/02/01 15:53:57 ET
Table 'Starshine II' 6-max Seat #3 is the button
Seat 3: iris1980 ($80.26 in chips)
Seat 4: AzureCaper ($81.52 in chips)
iris1980: posts small blind $1
AzureCaper: posts big blind $3
*** HOLE CARDS ***
iris1980: folds
Uncalled bet ($2) returned to AzureCaper
AzureCaper collected $2 from pot
AzureCaper: doesn't show hand
*** SUMMARY ***
Total pot $2 | Rake $0
Seat 3: iris1980 (button) (small blind) folded before Flop
Seat 4: AzureCaper (big blind) collected ($2)


PokerStars Hand #148071986347:  Hold'em Limit ($3/$6 USD) - 2016/02/01 15:54:11 ET
Table 'Starshine II' 6-max Seat #4 is the button
Seat 3: iris1980 ($79.26 in chips)
Seat 4: AzureCaper ($82.52 in chips)
AzureCaper: posts small blind $1
iris1980: posts big blind $3
*** HOLE CARDS ***
AzureCaper: folds
Uncalled bet ($2) returned to iris1980
iris1980 collected $2 from pot
iris1980: doesn't show hand
*** SUMMARY ***
Total pot $2 | Rake $0
Seat 3: iris1980 (big blind) collected ($2)
Seat 4: AzureCaper (button) (small blind) folded before Flop


PokerStars Hand #148071980827:  Hold'em Limit ($3/$6 USD) - 2016/02/01 15:54:06 ET
Table 'Starshine II' 6-max Seat #3 is the button
Seat 3: iris1980 ($80.26 in chips)
Seat 4: AzureCaper ($81.52 in chips)
iris1980: posts small blind $1
AzureCaper: posts big blind $3
*** HOLE CARDS ***
iris1980: folds
Uncalled bet ($2) returned to AzureCaper
AzureCaper collected $2 from pot
AzureCaper: doesn't show hand
*** SUMMARY ***
Total pot $2 | Rake $0
Seat 3: iris1980 (button) (small blind) folded before Flop
Seat 4: AzureCaper (big blind) collected ($2)


PokerStars Hand #148072011994:  Hold'em Limit ($3/$6 USD) - 2016/02/01 15:54:33 ET
Table 'Starshine II' 6-max Seat #4 is the button
Seat 3: iris1980 ($68.26 in chips)
Seat 4: AzureCaper ($93.04 in chips)
AzureCaper: posts small blind $1
iris1980: posts big blind $3
*** HOLE CARDS ***
AzureCaper: folds
Uncalled bet ($2) returned to iris1980
iris1980 collected $2 from pot
iris1980: doesn't show hand
*** SUMMARY ***
Total pot $2 | Rake $0
Seat 3: iris1980 (big blind) collected ($2)
Seat 4: AzureCaper (button) (small blind) folded before Flop


PokerStars Hand #148071991282:  Hold'em Limit ($3/$6 USD) - 2016/02/01 15:54:16 ET
Table 'Starshine II' 6-max Seat #3 is the button
Seat 3: iris1980 ($80.26 in chips)
Seat 4: AzureCaper ($81.52 in chips)
iris1980: posts small blind $1
AzureCaper: posts big blind $3
*** HOLE CARDS ***
iris1980: raises $3 to $6
AzureCaper: calls $3
*** FLOP *** [Qd 3d 5s]
AzureCaper: checks
iris1980: bets $3
AzureCaper: raises $3 to $6
iris1980: calls $3
*** TURN *** [Qd 3d 5s] [9h]
AzureCaper: bets $6
iris1980: folds
Uncalled bet ($6) returned to AzureCaper
AzureCaper collected $23.52 from pot
AzureCaper: doesn't show hand
*** SUMMARY ***
Total pot $24 | Rake $0.48
Board [Qd 3d 5s 9h]
Seat 3: iris1980 (button) (small blind) folded on the Turn
Seat 4: AzureCaper (big blind) collected ($23.52)


PokerStars Hand #148072016857:  Hold'em Limit ($3/$6 USD) - 2016/02/01 15:54:38 ET
Table 'Starshine II' 6-max Seat #3 is the button
Seat 3: iris1980 ($69.26 in chips)
Seat 4: AzureCaper ($92.04 in chips)
iris1980: posts small blind $1
AzureCaper: posts big blind $3
*** HOLE CARDS ***
iris1980: raises $3 to $6
AzureCaper: calls $3
*** FLOP *** [Ac Ts Qd]
AzureCaper: checks
iris1980: bets $3
AzureCaper: folds
Uncalled bet ($3) returned to iris1980
iris1980 collected $11.76 from pot
iris1980: doesn't show hand
*** SUMMARY ***
Total pot $12 | Rake $0.24
Board [Ac Ts Qd]
Seat 3: iris1980 (button) (small blind) collected ($11.76)
Seat 4: AzureCaper (big blind) folded on the Flop


PokerStars Hand #148072029543:  Hold'em Limit ($3/$6 USD) - 2016/02/01 15:54:48 ET
Table 'Starshine II' 6-max Seat #4 is the button
Seat 3: iris1980 ($75.02 in chips)
Seat 4: AzureCaper ($86.04 in chips)
AzureCaper: posts small blind $1
iris1980: posts big blind $3
*** HOLE CARDS ***
AzureCaper: raises $3 to $6
iris1980: calls $3
*** FLOP *** [3s Th Tc]
iris1980: checks
AzureCaper: bets $3
iris1980: folds
Uncalled bet ($3) returned to AzureCaper
AzureCaper collected $11.76 from pot
AzureCaper: doesn't show hand
*** SUMMARY ***
Total pot $12 | Rake $0.24
Board [3s Th Tc]
Seat 3: iris1980 (big blind) folded on the Flop
Seat 4: AzureCaper (button) (small blind) collected ($11.76)


PokerStars Hand #148072047650:  Hold'em Limit ($3/$6 USD) - 2016/02/01 15:55:04 ET
Table 'Starshine II' 6-max Seat #4 is the button
Seat 3: iris1980 ($68.02 in chips)
Seat 4: AzureCaper ($92.80 in chips)
AzureCaper: posts small blind $1
iris1980: posts big blind $3
*** HOLE CARDS ***
AzureCaper: folds
Uncalled bet ($2) returned to iris1980
iris1980 collected $2 from pot
iris1980: doesn't show hand
*** SUMMARY ***
Total pot $2 | Rake $0
Seat 3: iris1980 (big blind) collected ($2)
Seat 4: AzureCaper (button) (small blind) folded before Flop


PokerStars Hand #148072041976:  Hold'em Limit ($3/$6 USD) - 2016/02/01 15:54:59 ET
Table 'Starshine II' 6-max Seat #3 is the button
Seat 3: iris1980 ($69.02 in chips)
Seat 4: AzureCaper ($91.80 in chips)
iris1980: posts small blind $1
AzureCaper: posts big blind $3
*** HOLE CARDS ***
iris1980: folds
Uncalled bet ($2) returned to AzureCaper
AzureCaper collected $2 from pot
AzureCaper: doesn't show hand
*** SUMMARY ***
Total pot $2 | Rake $0
Seat 3: iris1980 (button) (small blind) folded before Flop
Seat 4: AzureCaper (big blind) collected ($2)


PokerStars Hand #148072052840:  Hold'em Limit ($3/$6 USD) - 2016/02/01 15:55:08 ET
Table 'Starshine II' 6-max Seat #3 is the button
Seat 3: iris1980 ($69.02 in chips)
Seat 4: AzureCaper ($91.80 in chips)
iris1980: posts small blind $1
AzureCaper: posts big blind $3
*** HOLE CARDS ***
iris1980: raises $3 to $6
AzureCaper: folds
Uncalled bet ($3) returned to iris1980
iris1980 collected $6 from pot
iris1980: doesn't show hand
*** SUMMARY ***
Total pot $6 | Rake $0
Seat 3: iris1980 (button) (small blind) collected ($6)
Seat 4: AzureCaper (big blind) folded before Flop


PokerStars Hand #148072067432:  Hold'em Limit ($3/$6 USD) - 2016/02/01 15:55:24 ET
Table 'Starshine II' 6-max Seat #4 is the button
Seat 3: iris1980 ($72.02 in chips)
Seat 4: AzureCaper ($88.80 in chips)
AzureCaper: posts small blind $1
iris1980: posts big blind $3
*** HOLE CARDS ***
AzureCaper: raises $3 to $6
iris1980: calls $3
*** FLOP *** [3s Jh 7h]
iris1980: checks
AzureCaper: bets $3
iris1980: calls $3
*** TURN *** [3s Jh 7h] [7s]
iris1980: checks
AzureCaper: checks
*** RIVER *** [3s Jh 7h 7s] [6s]
iris1980: bets $6
AzureCaper: raises $6 to $12
iris1980: calls $6
*** SHOW DOWN ***
AzureCaper: shows [As 9s] (a flush, Ace high)
iris1980: mucks hand
AzureCaper collected $41.50 from pot
*** SUMMARY ***
Total pot $42 | Rake $0.50
Board [3s Jh 7h 7s 6s]
Seat 3: iris1980 (big blind) mucked
Seat 4: AzureCaper (button) (small blind) showed [As 9s] and won ($41.50) with a flush, Ace high


PokerStars Hand #148071896113:  Hold'em Limit ($3/$6 USD) - 2016/02/01 15:52:53 ET
Table 'Starshine II' 6-max Seat #3 is the button
Seat 3: iris1980 ($70.76 in chips)
Seat 4: AzureCaper ($77.76 in chips)
iris1980: posts small blind $1
AzureCaper: posts big blind $3
*** HOLE CARDS ***
iris1980: folds
Uncalled bet ($2) returned to AzureCaper
AzureCaper collected $2 from pot
AzureCaper: doesn't show hand
*** SUMMARY ***
Total pot $2 | Rake $0
Seat 3: iris1980 (button) (small blind) folded before Flop
Seat 4: AzureCaper (big blind) collected ($2)


PokerStars Hand #148071902236:  Hold'em Limit ($3/$6 USD) - 2016/02/01 15:52:58 ET
Table 'Starshine II' 6-max Seat #4 is the button
Seat 3: iris1980 ($69.76 in chips)
Seat 4: AzureCaper ($78.76 in chips)
AzureCaper: posts small blind $1
iris1980: posts big blind $3
*** HOLE CARDS ***
AzureCaper: raises $3 to $6
iris1980: calls $3
*** FLOP *** [Ts Js 7c]
iris1980: checks
AzureCaper: bets $3
iris1980: calls $3
*** TURN *** [Ts Js 7c] [8h]
iris1980: bets $6
AzureCaper: calls $6
*** RIVER *** [Ts Js 7c 8h] [Ac]
iris1980: bets $6
AzureCaper: calls $6
*** SHOW DOWN ***
iris1980: shows [9d 4s] (a straight, Seven to Jack)
AzureCaper: mucks hand
iris1980 collected $41.50 from pot
*** SUMMARY ***
Total pot $42 | Rake $0.50
Board [Ts Js 7c 8h Ac]
Seat 3: iris1980 (big blind) showed [9d 4s] and won ($41.50) with a straight, Seven to Jack
Seat 4: AzureCaper (button) (small blind) mucked


PokerStars Hand #148072102122:  Hold'em Limit ($3/$6 USD) - 2016/02/01 15:56:01 ET
Table 'Starshine II' 6-max Seat #4 is the button
Seat 3: iris1980 ($56.78 in chips)
Seat 4: AzureCaper ($103.30 in chips)
AzureCaper: posts small blind $1
iris1980: posts big blind $3
*** HOLE CARDS ***
AzureCaper: folds
Uncalled bet ($2) returned to iris1980
iris1980 collected $2 from pot
iris1980: doesn't show hand
*** SUMMARY ***
Total pot $2 | Rake $0
Seat 3: iris1980 (big blind) collected ($2)
Seat 4: AzureCaper (button) (small blind) folded before Flop


PokerStars Hand #148072092421:  Hold'em Limit ($3/$6 USD) - 2016/02/01 15:55:51 ET
Table 'Starshine II' 6-max Seat #3 is the button
Seat 3: iris1980 ($51.02 in chips)
Seat 4: AzureCaper ($109.30 in chips)
iris1980: posts small blind $1
AzureCaper: posts big blind $3
*** HOLE CARDS ***
iris1980: raises $3 to $6
AzureCaper: calls $3
*** FLOP *** [As 2h 2s]
AzureCaper: checks
iris1980: bets $3
AzureCaper: folds
Uncalled bet ($3) returned to iris1980
iris1980 collected $11.76 from pot
iris1980: doesn't show hand
*** SUMMARY ***
Total pot $12 | Rake $0.24
Board [As 2h 2s]
Seat 3: iris1980 (button) (small blind) collected ($11.76)
Seat 4: AzureCaper (big blind) folded on the Flop


PokerStars Hand #148072106264:  Hold'em Limit ($3/$6 USD) - 2016/02/01 15:56:06 ET
Table 'Starshine II' 6-max Seat #3 is the button
Seat 3: iris1980 ($57.78 in chips)
Seat 4: AzureCaper ($102.30 in chips)
iris1980: posts small blind $1
AzureCaper: posts big blind $3
*** HOLE CARDS ***
iris1980: calls $2
AzureCaper: raises $3 to $6
iris1980: calls $3
*** FLOP *** [4c Kd 4d]
AzureCaper: bets $3
iris1980: folds
Uncalled bet ($3) returned to AzureCaper
AzureCaper collected $11.76 from pot
AzureCaper: doesn't show hand
*** SUMMARY ***
Total pot $12 | Rake $0.24
Board [4c Kd 4d]
Seat 3: iris1980 (button) (small blind) folded on the Flop
Seat 4: AzureCaper (big blind) collected ($11.76)


PokerStars Hand #148072123309:  Hold'em Limit ($3/$6 USD) - 2016/02/01 15:56:24 ET
Table 'Starshine II' 6-max Seat #3 is the button
Seat 3: iris1980 ($52.78 in chips)
Seat 4: AzureCaper ($107.06 in chips)
iris1980: posts small blind $1
AzureCaper: posts big blind $3
*** HOLE CARDS ***
iris1980: folds
Uncalled bet ($2) returned to AzureCaper
AzureCaper collected $2 from pot
AzureCaper: doesn't show hand
*** SUMMARY ***
Total pot $2 | Rake $0
Seat 3: iris1980 (button) (small blind) folded before Flop
Seat 4: AzureCaper (big blind) collected ($2)


PokerStars Hand #148072117972:  Hold'em Limit ($3/$6 USD) - 2016/02/01 15:56:19 ET
Table 'Starshine II' 6-max Seat #4 is the button
Seat 3: iris1980 ($51.78 in chips)
Seat 4: AzureCaper ($108.06 in chips)
AzureCaper: posts small blind $1
iris1980: posts big blind $3
*** HOLE CARDS ***
AzureCaper: folds
Uncalled bet ($2) returned to iris1980
iris1980 collected $2 from pot
iris1980: doesn't show hand
*** SUMMARY ***
Total pot $2 | Rake $0
Seat 3: iris1980 (big blind) collected ($2)
Seat 4: AzureCaper (button) (small blind) folded before Flop


PokerStars Hand #148072127871:  Hold'em Limit ($3/$6 USD) - 2016/02/01 15:56:29 ET
Table 'Starshine II' 6-max Seat #4 is the button
Seat 3: iris1980 ($51.78 in chips)
Seat 4: AzureCaper ($108.06 in chips)
AzureCaper: posts small blind $1
iris1980: posts big blind $3
*** HOLE CARDS ***
AzureCaper: raises $3 to $6
iris1980: calls $3
*** FLOP *** [9h 5s Ah]
iris1980: checks
AzureCaper: bets $3
iris1980: folds
Uncalled bet ($3) returned to AzureCaper
AzureCaper collected $11.76 from pot
AzureCaper: doesn't show hand
*** SUMMARY ***
Total pot $12 | Rake $0.24
Board [9h 5s Ah]
Seat 3: iris1980 (big blind) folded on the Flop
Seat 4: AzureCaper (button) (small blind) collected ($11.76)


PokerStars Hand #148072137655:  Hold'em Limit ($3/$6 USD) - 2016/02/01 15:56:40 ET
Table 'Starshine II' 6-max Seat #3 is the button
Seat 3: iris1980 ($45.78 in chips)
Seat 4: AzureCaper ($113.82 in chips)
iris1980: posts small blind $1
AzureCaper: posts big blind $3
*** HOLE CARDS ***
iris1980: folds
Uncalled bet ($2) returned to AzureCaper
AzureCaper collected $2 from pot
AzureCaper: doesn't show hand
*** SUMMARY ***
Total pot $2 | Rake $0
Seat 3: iris1980 (button) (small blind) folded before Flop
Seat 4: AzureCaper (big blind) collected ($2)


PokerStars Hand #148072141808:  Hold'em Limit ($3/$6 USD) - 2016/02/01 15:56:45 ET
Table 'Starshine II' 6-max Seat #4 is the button
Seat 3: iris1980 ($44.78 in chips)
Seat 4: AzureCaper ($114.82 in chips)
AzureCaper: posts small blind $1
iris1980: posts big blind $3
*** HOLE CARDS ***
AzureCaper: raises $3 to $6
iris1980: calls $3
*** FLOP *** [5s 4h 5c]
iris1980: checks
AzureCaper: bets $3
iris1980: folds
Uncalled bet ($3) returned to AzureCaper
AzureCaper collected $11.76 from pot
AzureCaper: doesn't show hand
*** SUMMARY ***
Total pot $12 | Rake $0.24
Board [5s 4h 5c]
Seat 3: iris1980 (big blind) folded on the Flop
Seat 4: AzureCaper (button) (small blind) collected ($11.76)


PokerStars Hand #148072152895:  Hold'em Limit ($3/$6 USD) - 2016/02/01 15:56:57 ET
Table 'Starshine II' 6-max Seat #3 is the button
Seat 3: iris1980 ($38.78 in chips)
Seat 4: AzureCaper ($120.58 in chips)
iris1980: posts small blind $1
AzureCaper: posts big blind $3
*** HOLE CARDS ***
iris1980: raises $3 to $6
AzureCaper: calls $3
*** FLOP *** [7h 8s 6s]
AzureCaper: checks
iris1980: bets $3
AzureCaper: raises $3 to $6
iris1980: calls $3
*** TURN *** [7h 8s 6s] [9d]
AzureCaper: checks
iris1980: bets $6
AzureCaper: calls $6
*** RIVER *** [7h 8s 6s 9d] [8h]
AzureCaper: checks
iris1980: checks
*** SHOW DOWN ***
AzureCaper: shows [7s Ac] (two pair, Eights and Sevens)
iris1980: mucks hand
AzureCaper collected $35.50 from pot
*** SUMMARY ***
Total pot $36 | Rake $0.50
Board [7h 8s 6s 9d 8h]
Seat 3: iris1980 (button) (small blind) mucked
Seat 4: AzureCaper (big blind) showed [7s Ac] and won ($35.50) with two pair, Eights and Sevens


PokerStars Hand #148072172300:  Hold'em Limit ($3/$6 USD) - 2016/02/01 15:57:18 ET
Table 'Starshine II' 6-max Seat #4 is the button
Seat 3: iris1980 ($20.78 in chips)
Seat 4: AzureCaper ($138.08 in chips)
AzureCaper: posts small blind $1
iris1980: posts big blind $3
*** HOLE CARDS ***
AzureCaper: raises $3 to $6
iris1980: calls $3
*** FLOP *** [Th 2h 4d]
iris1980: checks
AzureCaper: bets $3
iris1980: calls $3
*** TURN *** [Th 2h 4d] [8h]
iris1980: bets $6
AzureCaper: calls $6
*** RIVER *** [Th 2h 4d 8h] [9c]
iris1980: checks
AzureCaper: bets $6
iris1980: calls $5.78 and is all-in
Uncalled bet ($0.22) returned to AzureCaper
*** SHOW DOWN ***
AzureCaper: shows [8s 9d] (two pair, Nines and Eights)
iris1980: shows [6h Qc] (high card Queen)
AzureCaper collected $41.06 from pot
*** SUMMARY ***
Total pot $41.56 | Rake $0.50
Board [Th 2h 4d 8h 9c]
Seat 3: iris1980 (big blind) showed [6h Qc] and lost with high card Queen
Seat 4: AzureCaper (button) (small blind) showed [8s 9d] and won ($41.06) with two pair, Nines and Eights


