PokerStars Hand #160324371668:  Hold'em Limit ($3/$6 USD) - 2016/10/23 10:04:49 ET
Table 'Stavropolis' 6-max Seat #4 is the button
Seat 3: moveoverover ($88.50 in chips)
Seat 4: AzureCaper ($73 in chips)
AzureCaper: posts small blind $1
moveoverover: posts big blind $3
*** HOLE CARDS ***
AzureCaper: folds
Uncalled bet ($2) returned to moveoverover
moveoverover collected $2 from pot
moveoverover: doesn't show hand
*** SUMMARY ***
Total pot $2 | Rake $0
Seat 3: moveoverover (big blind) collected ($2)
Seat 4: AzureCaper (button) (small blind) folded before Flop


PokerStars Hand #160324368209:  Hold'em Limit ($3/$6 USD) - 2016/10/23 10:04:44 ET
Table 'Stavropolis' 6-max Seat #3 is the button
Seat 3: moveoverover ($89.50 in chips)
Seat 4: AzureCaper ($72 in chips)
moveoverover: posts small blind $1
AzureCaper: posts big blind $3
*** HOLE CARDS ***
moveoverover: folds
Uncalled bet ($2) returned to AzureCaper
AzureCaper collected $2 from pot
AzureCaper: doesn't show hand
*** SUMMARY ***
Total pot $2 | Rake $0
Seat 3: moveoverover (button) (small blind) folded before Flop
Seat 4: AzureCaper (big blind) collected ($2)


PokerStars Hand #160324364899:  Hold'em Limit ($3/$6 USD) - 2016/10/23 10:04:39 ET
Table 'Stavropolis' 6-max Seat #4 is the button
Seat 3: moveoverover ($88.50 in chips)
Seat 4: AzureCaper ($73 in chips)
AzureCaper: posts small blind $1
moveoverover: posts big blind $3
*** HOLE CARDS ***
AzureCaper: folds
Uncalled bet ($2) returned to moveoverover
moveoverover collected $2 from pot
moveoverover: doesn't show hand
*** SUMMARY ***
Total pot $2 | Rake $0
Seat 3: moveoverover (big blind) collected ($2)
Seat 4: AzureCaper (button) (small blind) folded before Flop


PokerStars Hand #160324361786:  Hold'em Limit ($3/$6 USD) - 2016/10/23 10:04:35 ET
Table 'Stavropolis' 6-max Seat #3 is the button
Seat 3: moveoverover ($89.50 in chips)
Seat 4: AzureCaper ($72 in chips)
moveoverover: posts small blind $1
AzureCaper: posts big blind $3
*** HOLE CARDS ***
moveoverover: folds
Uncalled bet ($2) returned to AzureCaper
AzureCaper collected $2 from pot
AzureCaper: doesn't show hand
*** SUMMARY ***
Total pot $2 | Rake $0
Seat 3: moveoverover (button) (small blind) folded before Flop
Seat 4: AzureCaper (big blind) collected ($2)


PokerStars Hand #160324358845:  Hold'em Limit ($3/$6 USD) - 2016/10/23 10:04:30 ET
Table 'Stavropolis' 6-max Seat #4 is the button
Seat 3: moveoverover ($88.50 in chips)
Seat 4: AzureCaper ($73 in chips)
AzureCaper: posts small blind $1
moveoverover: posts big blind $3
*** HOLE CARDS ***
AzureCaper: folds
Uncalled bet ($2) returned to moveoverover
moveoverover collected $2 from pot
moveoverover: doesn't show hand
*** SUMMARY ***
Total pot $2 | Rake $0
Seat 3: moveoverover (big blind) collected ($2)
Seat 4: AzureCaper (button) (small blind) folded before Flop


PokerStars Hand #160324355412:  Hold'em Limit ($3/$6 USD) - 2016/10/23 10:04:25 ET
Table 'Stavropolis' 6-max Seat #3 is the button
Seat 3: moveoverover ($89.50 in chips)
Seat 4: AzureCaper ($72 in chips)
moveoverover: posts small blind $1
AzureCaper: posts big blind $3
*** HOLE CARDS ***
moveoverover: folds
Uncalled bet ($2) returned to AzureCaper
AzureCaper collected $2 from pot
AzureCaper: doesn't show hand
*** SUMMARY ***
Total pot $2 | Rake $0
Seat 3: moveoverover (button) (small blind) folded before Flop
Seat 4: AzureCaper (big blind) collected ($2)


PokerStars Hand #160324326309:  Hold'em Limit ($3/$6 USD) - 2016/10/23 10:03:43 ET
Table 'Stavropolis' 6-max Seat #4 is the button
Seat 3: moveoverover ($72 in chips)
Seat 4: AzureCaper ($72 in chips)
AzureCaper: posts small blind $1
Agrotait: is sitting out
moveoverover: posts big blind $3
*** HOLE CARDS ***
AzureCaper: raises $3 to $6
moveoverover: raises $3 to $9
AzureCaper: calls $3
*** FLOP *** [5d 8c Kd]
moveoverover: bets $3
AzureCaper: calls $3
*** TURN *** [5d 8c Kd] [9c]
moveoverover: checks
AzureCaper: bets $6
moveoverover: raises $6 to $12
Agrotait leaves the table
AzureCaper: folds
Uncalled bet ($6) returned to moveoverover
moveoverover collected $35.50 from pot
*** SUMMARY ***
Total pot $36 | Rake $0.50
Board [5d 8c Kd 9c]
Seat 3: moveoverover (big blind) collected ($35.50)
Seat 4: AzureCaper (button) (small blind) folded on the Turn


PokerStars Hand #160324412230:  Hold'em Limit ($3/$6 USD) - 2016/10/23 10:05:48 ET
Table 'Stavropolis' 6-max Seat #3 is the button
Seat 3: moveoverover ($112.50 in chips)
Seat 4: AzureCaper ($75 in chips)
moveoverover: posts small blind $1
AzureCaper: posts big blind $3
*** HOLE CARDS ***
moveoverover: folds
Uncalled bet ($2) returned to AzureCaper
AzureCaper collected $2 from pot
AzureCaper: doesn't show hand
*** SUMMARY ***
Total pot $2 | Rake $0
Seat 3: moveoverover (button) (small blind) folded before Flop
Seat 4: AzureCaper (big blind) collected ($2)


PokerStars Hand #160324407058:  Hold'em Limit ($3/$6 USD) - 2016/10/23 10:05:40 ET
Table 'Stavropolis' 6-max Seat #4 is the button
Seat 3: moveoverover ($115.50 in chips)
Seat 4: AzureCaper ($72 in chips)
AzureCaper: posts small blind $1
moveoverover: posts big blind $3
*** HOLE CARDS ***
AzureCaper: raises $3 to $6
moveoverover: folds
Uncalled bet ($3) returned to AzureCaper
AzureCaper collected $6 from pot
AzureCaper: doesn't show hand
*** SUMMARY ***
Total pot $6 | Rake $0
Seat 3: moveoverover (big blind) folded before Flop
Seat 4: AzureCaper (button) (small blind) collected ($6)


PokerStars Hand #160324395267:  Hold'em Limit ($3/$6 USD) - 2016/10/23 10:05:23 ET
Table 'Stavropolis' 6-max Seat #3 is the button
Seat 3: moveoverover ($98 in chips)
Seat 4: AzureCaper ($77.76 in chips)
moveoverover: posts small blind $1
AzureCaper: posts big blind $3
*** HOLE CARDS ***
moveoverover: raises $3 to $6
AzureCaper: calls $3
*** FLOP *** [8h 5c Qs]
AzureCaper: checks
moveoverover: checks
*** TURN *** [8h 5c Qs] [7d]
AzureCaper: bets $6
moveoverover: calls $6
*** RIVER *** [8h 5c Qs 7d] [Ad]
AzureCaper: bets $6
moveoverover: raises $6 to $12
AzureCaper: folds
Uncalled bet ($6) returned to moveoverover
moveoverover collected $35.50 from pot
*** SUMMARY ***
Total pot $36 | Rake $0.50
Board [8h 5c Qs 7d Ad]
Seat 3: moveoverover (button) (small blind) collected ($35.50)
Seat 4: AzureCaper (big blind) folded on the River


PokerStars Hand #160324388452:  Hold'em Limit ($3/$6 USD) - 2016/10/23 10:05:13 ET
Table 'Stavropolis' 6-max Seat #4 is the button
Seat 3: moveoverover ($104 in chips)
Seat 4: AzureCaper ($72 in chips)
AzureCaper: posts small blind $1
moveoverover: posts big blind $3
*** HOLE CARDS ***
AzureCaper: raises $3 to $6
moveoverover: calls $3
*** FLOP *** [Qs 5h 9c]
moveoverover: checks
AzureCaper: bets $3
moveoverover: folds
Uncalled bet ($3) returned to AzureCaper
AzureCaper collected $11.76 from pot
AzureCaper: doesn't show hand
*** SUMMARY ***
Total pot $12 | Rake $0.24
Board [Qs 5h 9c]
Seat 3: moveoverover (big blind) folded on the Flop
Seat 4: AzureCaper (button) (small blind) collected ($11.76)


PokerStars Hand #160324374870:  Hold'em Limit ($3/$6 USD) - 2016/10/23 10:04:54 ET
Table 'Stavropolis' 6-max Seat #3 is the button
Seat 3: moveoverover ($89.50 in chips)
Seat 4: AzureCaper ($72 in chips)
moveoverover: posts small blind $1
AzureCaper: posts big blind $3
*** HOLE CARDS ***
moveoverover: raises $3 to $6
AzureCaper: calls $3
*** FLOP *** [7s 4h 6h]
AzureCaper: checks
moveoverover: bets $3
AzureCaper: calls $3
*** TURN *** [7s 4h 6h] [3c]
AzureCaper: checks
moveoverover: bets $6
AzureCaper: calls $6
*** RIVER *** [7s 4h 6h 3c] [8d]
AzureCaper: checks
moveoverover: bets $6
AzureCaper: folds
Uncalled bet ($6) returned to moveoverover
moveoverover collected $29.50 from pot
*** SUMMARY ***
Total pot $30 | Rake $0.50
Board [7s 4h 6h 3c 8d]
Seat 3: moveoverover (button) (small blind) collected ($29.50)
Seat 4: AzureCaper (big blind) folded on the River


PokerStars Hand #160324423472:  Hold'em Limit ($3/$6 USD) - 2016/10/23 10:06:04 ET
Table 'Stavropolis' 6-max Seat #3 is the button
Seat 3: moveoverover ($108.50 in chips)
Seat 4: AzureCaper ($79 in chips)
moveoverover: posts small blind $1
AzureCaper: posts big blind $3
*** HOLE CARDS ***
moveoverover: raises $3 to $6
AzureCaper: calls $3
*** FLOP *** [Ad Qd 9s]
AzureCaper: checks
moveoverover: bets $3
AzureCaper: folds
Uncalled bet ($3) returned to moveoverover
cheeestar198 joins the table at seat #2
moveoverover collected $11.76 from pot
*** SUMMARY ***
Total pot $12 | Rake $0.24
Board [Ad Qd 9s]
Seat 3: moveoverover (button) (small blind) collected ($11.76)
Seat 4: AzureCaper (big blind) folded on the Flop


PokerStars Hand #160324415638:  Hold'em Limit ($3/$6 USD) - 2016/10/23 10:05:53 ET
Table 'Stavropolis' 6-max Seat #4 is the button
Seat 3: moveoverover ($111.50 in chips)
Seat 4: AzureCaper ($76 in chips)
AzureCaper: posts small blind $1
moveoverover: posts big blind $3
*** HOLE CARDS ***
MilkyWay2016 joins the table at seat #6
AzureCaper: raises $3 to $6
moveoverover: folds
Uncalled bet ($3) returned to AzureCaper
AzureCaper collected $6 from pot
AzureCaper: doesn't show hand
*** SUMMARY ***
Total pot $6 | Rake $0
Seat 3: moveoverover (big blind) folded before Flop
Seat 4: AzureCaper (button) (small blind) collected ($6)


