PokerStars Hand #148415784206:  Hold'em Limit ($3/$6 USD) - 2016/02/07 16:41:42 ET
Table 'Stavropolis II' 2-max Seat #1 is the button
Seat 1: biber0 ($55.03 in chips)
Seat 2: mdif ($163.78 in chips)
biber0: posts small blind $1
mdif: posts big blind $3
*** HOLE CARDS ***
biber0: raises $3 to $6
mdif: calls $3
*** FLOP *** [Kh Ah Tc]
mdif: checks
biber0: checks
*** TURN *** [Kh Ah Tc] [4d]
mdif: bets $6
biber0: calls $6
*** RIVER *** [Kh Ah Tc 4d] [Jc]
mdif: checks
biber0: bets $6
mdif: folds
Uncalled bet ($6) returned to biber0
biber0 collected $23.52 from pot
biber0: doesn't show hand
*** SUMMARY ***
Total pot $24 | Rake $0.48
Board [Kh Ah Tc 4d Jc]
Seat 1: biber0 (button) (small blind) collected ($23.52)
Seat 2: mdif (big blind) folded on the River


PokerStars Hand #148415759727:  Hold'em Limit ($3/$6 USD) - 2016/02/07 16:41:20 ET
Table 'Stavropolis II' 2-max Seat #2 is the button
Seat 1: biber0 ($79.03 in chips)
Seat 2: mdif ($140.28 in chips)
mdif: posts small blind $1
biber0: posts big blind $3
*** HOLE CARDS ***
mdif: raises $3 to $6
biber0: calls $3
*** FLOP *** [2d Qc 5d]
biber0: checks
mdif: bets $3
biber0: raises $3 to $6
mdif: calls $3
*** TURN *** [2d Qc 5d] [Ks]
biber0: bets $6
mdif: raises $6 to $12
biber0: calls $6
*** RIVER *** [2d Qc 5d Ks] [7h]
biber0: checks
mdif: bets $6
biber0: folds
Uncalled bet ($6) returned to mdif
mdif collected $47.50 from pot
mdif: doesn't show hand
*** SUMMARY ***
Total pot $48 | Rake $0.50
Board [2d Qc 5d Ks 7h]
Seat 1: biber0 (big blind) folded on the River
Seat 2: mdif (button) (small blind) collected ($47.50)


PokerStars Hand #148415745883:  Hold'em Limit ($3/$6 USD) - 2016/02/07 16:41:07 ET
Table 'Stavropolis II' 2-max Seat #1 is the button
Seat 1: biber0 ($85.03 in chips)
Seat 2: mdif ($134.52 in chips)
biber0: posts small blind $1
mdif: posts big blind $3
*** HOLE CARDS ***
biber0: calls $2
mdif: raises $3 to $6
biber0: calls $3
*** FLOP *** [4h Js Th]
mdif: bets $3
biber0: folds
Uncalled bet ($3) returned to mdif
mdif collected $11.76 from pot
mdif: doesn't show hand
*** SUMMARY ***
Total pot $12 | Rake $0.24
Board [4h Js Th]
Seat 1: biber0 (button) (small blind) folded on the Flop
Seat 2: mdif (big blind) collected ($11.76)


PokerStars Hand #148415857727:  Hold'em Limit ($3/$6 USD) - 2016/02/07 16:42:49 ET
Table 'Stavropolis II' 2-max Seat #2 is the button
Seat 1: biber0 ($56.55 in chips)
Seat 2: mdif ($161.42 in chips)
mdif: posts small blind $1
biber0: posts big blind $3
*** HOLE CARDS ***
mdif: raises $3 to $6
biber0: calls $3
*** FLOP *** [9c 4s Kc]
biber0: checks
mdif: bets $3
biber0: folds
Uncalled bet ($3) returned to mdif
mdif collected $11.76 from pot
mdif: doesn't show hand
*** SUMMARY ***
Total pot $12 | Rake $0.24
Board [9c 4s Kc]
Seat 1: biber0 (big blind) folded on the Flop
Seat 2: mdif (button) (small blind) collected ($11.76)


PokerStars Hand #148415849115:  Hold'em Limit ($3/$6 USD) - 2016/02/07 16:42:41 ET
Table 'Stavropolis II' 2-max Seat #1 is the button
Seat 1: biber0 ($53.55 in chips)
Seat 2: mdif ($164.42 in chips)
biber0: posts small blind $1
mdif: posts big blind $3
*** HOLE CARDS ***
biber0: raises $3 to $6
mdif: folds
Uncalled bet ($3) returned to biber0
biber0 collected $6 from pot
biber0: doesn't show hand
*** SUMMARY ***
Total pot $6 | Rake $0
Seat 1: biber0 (button) (small blind) collected ($6)
Seat 2: mdif (big blind) folded before Flop


PokerStars Hand #148415843686:  Hold'em Limit ($3/$6 USD) - 2016/02/07 16:42:36 ET
Table 'Stavropolis II' 2-max Seat #2 is the button
Seat 1: biber0 ($52.55 in chips)
Seat 2: mdif ($165.42 in chips)
mdif: posts small blind $1
biber0: posts big blind $3
*** HOLE CARDS ***
mdif: folds
Uncalled bet ($2) returned to biber0
biber0 collected $2 from pot
biber0: doesn't show hand
*** SUMMARY ***
Total pot $2 | Rake $0
Seat 1: biber0 (big blind) collected ($2)
Seat 2: mdif (button) (small blind) folded before Flop


PokerStars Hand #148415838918:  Hold'em Limit ($3/$6 USD) - 2016/02/07 16:42:32 ET
Table 'Stavropolis II' 2-max Seat #1 is the button
Seat 1: biber0 ($53.55 in chips)
Seat 2: mdif ($164.42 in chips)
biber0: posts small blind $1
mdif: posts big blind $3
*** HOLE CARDS ***
biber0: folds
Uncalled bet ($2) returned to mdif
mdif collected $2 from pot
mdif: doesn't show hand
*** SUMMARY ***
Total pot $2 | Rake $0
Seat 1: biber0 (button) (small blind) folded before Flop
Seat 2: mdif (big blind) collected ($2)


PokerStars Hand #148415818941:  Hold'em Limit ($3/$6 USD) - 2016/02/07 16:42:13 ET
Table 'Stavropolis II' 2-max Seat #2 is the button
Seat 1: biber0 ($62.55 in chips)
Seat 2: mdif ($155.78 in chips)
mdif: posts small blind $1
biber0: posts big blind $3
*** HOLE CARDS ***
mdif: raises $3 to $6
biber0: calls $3
*** FLOP *** [Qh Ts Qd]
biber0: checks
mdif: bets $3
biber0: calls $3
*** TURN *** [Qh Ts Qd] [3s]
biber0: checks
mdif: checks
*** RIVER *** [Qh Ts Qd 3s] [3c]
biber0: checks
mdif: bets $6
biber0: folds
Uncalled bet ($6) returned to mdif
mdif collected $17.64 from pot
mdif: doesn't show hand
*** SUMMARY ***
Total pot $18 | Rake $0.36
Board [Qh Ts Qd 3s 3c]
Seat 1: biber0 (big blind) folded on the River
Seat 2: mdif (button) (small blind) collected ($17.64)


PokerStars Hand #148415811044:  Hold'em Limit ($3/$6 USD) - 2016/02/07 16:42:06 ET
Table 'Stavropolis II' 2-max Seat #1 is the button
Seat 1: biber0 ($63.55 in chips)
Seat 2: mdif ($154.78 in chips)
biber0: posts small blind $1
mdif: posts big blind $3
*** HOLE CARDS ***
biber0: folds
Uncalled bet ($2) returned to mdif
mdif collected $2 from pot
mdif: doesn't show hand
*** SUMMARY ***
Total pot $2 | Rake $0
Seat 1: biber0 (button) (small blind) folded before Flop
Seat 2: mdif (big blind) collected ($2)


PokerStars Hand #148415803187:  Hold'em Limit ($3/$6 USD) - 2016/02/07 16:42:00 ET
Table 'Stavropolis II' 2-max Seat #2 is the button
Seat 1: biber0 ($66.55 in chips)
Seat 2: mdif ($151.78 in chips)
mdif: posts small blind $1
biber0: posts big blind $3
*** HOLE CARDS ***
mdif: raises $3 to $6
biber0: folds
Uncalled bet ($3) returned to mdif
mdif collected $6 from pot
mdif: doesn't show hand
*** SUMMARY ***
Total pot $6 | Rake $0
Seat 1: biber0 (big blind) folded before Flop
Seat 2: mdif (button) (small blind) collected ($6)


PokerStars Hand #148415923320:  Hold'em Limit ($3/$6 USD) - 2016/02/07 16:43:48 ET
Table 'Stavropolis II' 2-max Seat #2 is the button
Seat 1: biber0 ($60.05 in chips)
Seat 2: mdif ($156.94 in chips)
mdif: posts small blind $1
biber0: posts big blind $3
*** HOLE CARDS ***
mdif: raises $3 to $6
biber0: calls $3
*** FLOP *** [4c Qc 2h]
biber0: checks
mdif: bets $3
biber0: folds
Uncalled bet ($3) returned to mdif
mdif collected $11.76 from pot
mdif: doesn't show hand
*** SUMMARY ***
Total pot $12 | Rake $0.24
Board [4c Qc 2h]
Seat 1: biber0 (big blind) folded on the Flop
Seat 2: mdif (button) (small blind) collected ($11.76)


PokerStars Hand #148415918175:  Hold'em Limit ($3/$6 USD) - 2016/02/07 16:43:44 ET
Table 'Stavropolis II' 2-max Seat #1 is the button
Seat 1: biber0 ($61.05 in chips)
Seat 2: mdif ($155.94 in chips)
biber0: posts small blind $1
mdif: posts big blind $3
*** HOLE CARDS ***
biber0: folds
Uncalled bet ($2) returned to mdif
mdif collected $2 from pot
mdif: doesn't show hand
*** SUMMARY ***
Total pot $2 | Rake $0
Seat 1: biber0 (button) (small blind) folded before Flop
Seat 2: mdif (big blind) collected ($2)


PokerStars Hand #148415894922:  Hold'em Limit ($3/$6 USD) - 2016/02/07 16:43:23 ET
Table 'Stavropolis II' 2-max Seat #2 is the button
Seat 1: biber0 ($46.55 in chips)
Seat 2: mdif ($170.94 in chips)
mdif: posts small blind $1
biber0: posts big blind $3
*** HOLE CARDS ***
mdif: raises $3 to $6
biber0: calls $3
*** FLOP *** [7d 5s 4h]
biber0: checks
mdif: bets $3
biber0: calls $3
*** TURN *** [7d 5s 4h] [3c]
biber0: checks
mdif: bets $6
biber0: calls $6
*** RIVER *** [7d 5s 4h 3c] [4s]
biber0: checks
mdif: checks
*** SHOW DOWN ***
biber0: shows [Qs 6c] (a straight, Three to Seven)
mdif: mucks hand
biber0 collected $29.50 from pot
*** SUMMARY ***
Total pot $30 | Rake $0.50
Board [7d 5s 4h 3c 4s]
Seat 1: biber0 (big blind) showed [Qs 6c] and won ($29.50) with a straight, Three to Seven
Seat 2: mdif (button) (small blind) mucked


PokerStars Hand #148415889377:  Hold'em Limit ($3/$6 USD) - 2016/02/07 16:43:18 ET
Table 'Stavropolis II' 2-max Seat #1 is the button
Seat 1: biber0 ($47.55 in chips)
Seat 2: mdif ($169.94 in chips)
biber0: posts small blind $1
mdif: posts big blind $3
*** HOLE CARDS ***
biber0: folds
Uncalled bet ($2) returned to mdif
mdif collected $2 from pot
mdif: doesn't show hand
*** SUMMARY ***
Total pot $2 | Rake $0
Seat 1: biber0 (button) (small blind) folded before Flop
Seat 2: mdif (big blind) collected ($2)


PokerStars Hand #148415877560:  Hold'em Limit ($3/$6 USD) - 2016/02/07 16:43:07 ET
Table 'Stavropolis II' 2-max Seat #2 is the button
Seat 1: biber0 ($53.55 in chips)
Seat 2: mdif ($164.18 in chips)
mdif: posts small blind $1
biber0: posts big blind $3
*** HOLE CARDS ***
mdif: raises $3 to $6
biber0: calls $3
*** FLOP *** [8d 2d Ah]
biber0: checks
mdif: bets $3
biber0: folds
Uncalled bet ($3) returned to mdif
mdif collected $11.76 from pot
mdif: doesn't show hand
*** SUMMARY ***
Total pot $12 | Rake $0.24
Board [8d 2d Ah]
Seat 1: biber0 (big blind) folded on the Flop
Seat 2: mdif (button) (small blind) collected ($11.76)


PokerStars Hand #148415869059:  Hold'em Limit ($3/$6 USD) - 2016/02/07 16:42:59 ET
Table 'Stavropolis II' 2-max Seat #1 is the button
Seat 1: biber0 ($50.55 in chips)
Seat 2: mdif ($167.18 in chips)
biber0: posts small blind $1
mdif: posts big blind $3
*** HOLE CARDS ***
biber0: raises $3 to $6
mdif: folds
Uncalled bet ($3) returned to biber0
biber0 collected $6 from pot
biber0: doesn't show hand
*** SUMMARY ***
Total pot $6 | Rake $0
Seat 1: biber0 (button) (small blind) collected ($6)
Seat 2: mdif (big blind) folded before Flop


PokerStars Hand #148415983299:  Hold'em Limit ($3/$6 USD) - 2016/02/07 16:44:43 ET
Table 'Stavropolis II' 2-max Seat #2 is the button
Seat 1: biber0 ($30.05 in chips)
Seat 2: mdif ($185.72 in chips)
mdif: posts small blind $1
biber0: posts big blind $3
*** HOLE CARDS ***
mdif: folds
Uncalled bet ($2) returned to biber0
biber0 collected $2 from pot
biber0: doesn't show hand
*** SUMMARY ***
Total pot $2 | Rake $0
Seat 1: biber0 (big blind) collected ($2)
Seat 2: mdif (button) (small blind) folded before Flop


PokerStars Hand #148415975343:  Hold'em Limit ($3/$6 USD) - 2016/02/07 16:44:36 ET
Table 'Stavropolis II' 2-max Seat #1 is the button
Seat 1: biber0 ($27.05 in chips)
Seat 2: mdif ($188.72 in chips)
biber0: posts small blind $1
mdif: posts big blind $3
*** HOLE CARDS ***
biber0: raises $3 to $6
mdif: folds
Uncalled bet ($3) returned to biber0
biber0 collected $6 from pot
biber0: doesn't show hand
*** SUMMARY ***
Total pot $6 | Rake $0
Seat 1: biber0 (button) (small blind) collected ($6)
Seat 2: mdif (big blind) folded before Flop


PokerStars Hand #148415955111:  Hold'em Limit ($3/$6 USD) - 2016/02/07 16:44:17 ET
Table 'Stavropolis II' 2-max Seat #2 is the button
Seat 1: biber0 ($42.05 in chips)
Seat 2: mdif ($174.22 in chips)
mdif: posts small blind $1
biber0: posts big blind $3
*** HOLE CARDS ***
mdif: raises $3 to $6
biber0: calls $3
*** FLOP *** [2c 2h 3h]
biber0: checks
mdif: bets $3
biber0: calls $3
*** TURN *** [2c 2h 3h] [4c]
biber0: checks
mdif: bets $6
biber0: calls $6
*** RIVER *** [2c 2h 3h 4c] [Qd]
biber0: checks
mdif: bets $6
biber0: folds
Uncalled bet ($6) returned to mdif
mdif collected $29.50 from pot
mdif: doesn't show hand
*** SUMMARY ***
Total pot $30 | Rake $0.50
Board [2c 2h 3h 4c Qd]
Seat 1: biber0 (big blind) folded on the River
Seat 2: mdif (button) (small blind) collected ($29.50)


PokerStars Hand #148415934612:  Hold'em Limit ($3/$6 USD) - 2016/02/07 16:43:59 ET
Table 'Stavropolis II' 2-max Seat #1 is the button
Seat 1: biber0 ($54.05 in chips)
Seat 2: mdif ($162.70 in chips)
biber0: posts small blind $1
mdif: posts big blind $3
*** HOLE CARDS ***
biber0: calls $2
mdif: checks
*** FLOP *** [Ac Qh Qs]
mdif: bets $3
biber0: calls $3
*** TURN *** [Ac Qh Qs] [Kh]
mdif: checks
biber0: checks
*** RIVER *** [Ac Qh Qs Kh] [7d]
mdif: checks
biber0: bets $6
mdif: calls $6
*** SHOW DOWN ***
biber0: shows [9h Td] (a pair of Queens)
mdif: shows [7h 2d] (two pair, Queens and Sevens)
mdif collected $23.52 from pot
*** SUMMARY ***
Total pot $24 | Rake $0.48
Board [Ac Qh Qs Kh 7d]
Seat 1: biber0 (button) (small blind) showed [9h Td] and lost with a pair of Queens
Seat 2: mdif (big blind) showed [7h 2d] and won ($23.52) with two pair, Queens and Sevens


PokerStars Hand #148416027513:  Hold'em Limit ($3/$6 USD) - 2016/02/07 16:45:24 ET
Table 'Stavropolis II' 2-max Seat #2 is the button
Seat 1: biber0 ($46.45 in chips)
Seat 2: mdif ($168.72 in chips)
mdif: posts small blind $1
biber0: posts big blind $3
*** HOLE CARDS ***
mdif: raises $3 to $6
biber0: calls $3
*** FLOP *** [5d 4c 6s]
biber0: checks
mdif: bets $3
biber0: calls $3
*** TURN *** [5d 4c 6s] [3c]
biber0: checks
mdif: checks
*** RIVER *** [5d 4c 6s 3c] [2d]
biber0: checks
mdif: bets $6
biber0: calls $6
*** SHOW DOWN ***
mdif: shows [Td Kc] (a straight, Deuce to Six)
biber0: shows [Tc Kd] (a straight, Deuce to Six)
biber0 collected $14.75 from pot
mdif collected $14.75 from pot
*** SUMMARY ***
Total pot $30 | Rake $0.50
Board [5d 4c 6s 3c 2d]
Seat 1: biber0 (big blind) showed [Tc Kd] and won ($14.75) with a straight, Deuce to Six
Seat 2: mdif (button) (small blind) showed [Td Kc] and won ($14.75) with a straight, Deuce to Six


PokerStars Hand #148416011250:  Hold'em Limit ($3/$6 USD) - 2016/02/07 16:45:09 ET
Table 'Stavropolis II' 2-max Seat #1 is the button
Seat 1: biber0 ($40.69 in chips)
Seat 2: mdif ($174.72 in chips)
biber0: posts small blind $1
mdif: posts big blind $3
*** HOLE CARDS ***
biber0: calls $2
mdif: checks
*** FLOP *** [9d 4h Td]
mdif: bets $3
biber0: raises $3 to $6
mdif: folds
Uncalled bet ($3) returned to biber0
biber0 collected $11.76 from pot
biber0: doesn't show hand
*** SUMMARY ***
Total pot $12 | Rake $0.24
Board [9d 4h Td]
Seat 1: biber0 (button) (small blind) collected ($11.76)
Seat 2: mdif (big blind) folded on the Flop


PokerStars Hand #148416005027:  Hold'em Limit ($3/$6 USD) - 2016/02/07 16:45:03 ET
Table 'Stavropolis II' 2-max Seat #2 is the button
Seat 1: biber0 ($39.69 in chips)
Seat 2: mdif ($175.72 in chips)
mdif: posts small blind $1
biber0: posts big blind $3
*** HOLE CARDS ***
mdif: folds
Uncalled bet ($2) returned to biber0
biber0 collected $2 from pot
biber0: doesn't show hand
*** SUMMARY ***
Total pot $2 | Rake $0
Seat 1: biber0 (big blind) collected ($2)
Seat 2: mdif (button) (small blind) folded before Flop


PokerStars Hand #148415988431:  Hold'em Limit ($3/$6 USD) - 2016/02/07 16:44:48 ET
Table 'Stavropolis II' 2-max Seat #1 is the button
Seat 1: biber0 ($31.05 in chips)
Seat 2: mdif ($184.72 in chips)
biber0: posts small blind $1
mdif: posts big blind $3
*** HOLE CARDS ***
biber0: raises $3 to $6
mdif: calls $3
*** FLOP *** [4c Ts Jh]
mdif: checks
biber0: bets $3
mdif: calls $3
*** TURN *** [4c Ts Jh] [Jd]
mdif: checks
biber0: bets $6
mdif: folds
Uncalled bet ($6) returned to biber0
biber0 collected $17.64 from pot
biber0: doesn't show hand
*** SUMMARY ***
Total pot $18 | Rake $0.36
Board [4c Ts Jh Jd]
Seat 1: biber0 (button) (small blind) collected ($17.64)
Seat 2: mdif (big blind) folded on the Turn


PokerStars Hand #148416125677:  Hold'em Limit ($3/$6 USD) - 2016/02/07 16:46:52 ET
Table 'Stavropolis II' 2-max Seat #2 is the button
Seat 1: biber0 ($46.46 in chips)
Seat 2: mdif ($166.97 in chips)
mdif: posts small blind $1
biber0: posts big blind $3
*** HOLE CARDS ***
mdif: raises $3 to $6
biber0: folds
Uncalled bet ($3) returned to mdif
mdif collected $6 from pot
mdif: doesn't show hand
*** SUMMARY ***
Total pot $6 | Rake $0
Seat 1: biber0 (big blind) folded before Flop
Seat 2: mdif (button) (small blind) collected ($6)


PokerStars Hand #148416114088:  Hold'em Limit ($3/$6 USD) - 2016/02/07 16:46:41 ET
Table 'Stavropolis II' 2-max Seat #1 is the button
Seat 1: biber0 ($43.58 in chips)
Seat 2: mdif ($169.97 in chips)
biber0: posts small blind $1
mdif: posts big blind $3
*** HOLE CARDS ***
biber0: calls $2
mdif: checks
*** FLOP *** [7s 2s 8h]
mdif: checks
biber0: bets $3
mdif: folds
Uncalled bet ($3) returned to biber0
biber0 collected $5.88 from pot
biber0: doesn't show hand
*** SUMMARY ***
Total pot $6 | Rake $0.12
Board [7s 2s 8h]
Seat 1: biber0 (button) (small blind) collected ($5.88)
Seat 2: mdif (big blind) folded on the Flop


PokerStars Hand #148416092356:  Hold'em Limit ($3/$6 USD) - 2016/02/07 16:46:22 ET
Table 'Stavropolis II' 2-max Seat #2 is the button
Seat 1: biber0 ($64.58 in chips)
Seat 2: mdif ($149.47 in chips)
mdif: posts small blind $1
biber0: posts big blind $3
*** HOLE CARDS ***
mdif: raises $3 to $6
biber0: calls $3
*** FLOP *** [3s Th Js]
biber0: checks
mdif: bets $3
biber0: raises $3 to $6
mdif: raises $3 to $9
biber0: calls $3
*** TURN *** [3s Th Js] [4c]
biber0: checks
mdif: bets $6
biber0: calls $6
*** RIVER *** [3s Th Js 4c] [2s]
biber0: checks
mdif: checks
*** SHOW DOWN ***
biber0: shows [Qs Td] (a pair of Tens)
mdif: shows [Tc Kh] (a pair of Tens - King kicker)
mdif collected $41.50 from pot
*** SUMMARY ***
Total pot $42 | Rake $0.50
Board [3s Th Js 4c 2s]
Seat 1: biber0 (big blind) showed [Qs Td] and lost with a pair of Tens
Seat 2: mdif (button) (small blind) showed [Tc Kh] and won ($41.50) with a pair of Tens


PokerStars Hand #148416079112:  Hold'em Limit ($3/$6 USD) - 2016/02/07 16:46:10 ET
Table 'Stavropolis II' 2-max Seat #1 is the button
Seat 1: biber0 ($61.70 in chips)
Seat 2: mdif ($152.47 in chips)
biber0: posts small blind $1
mdif: posts big blind $3
*** HOLE CARDS ***
biber0: calls $2
mdif: checks
*** FLOP *** [6c Jh 3d]
mdif: checks
biber0: bets $3
mdif: folds
Uncalled bet ($3) returned to biber0
biber0 collected $5.88 from pot
biber0: doesn't show hand
*** SUMMARY ***
Total pot $6 | Rake $0.12
Board [6c Jh 3d]
Seat 1: biber0 (button) (small blind) collected ($5.88)
Seat 2: mdif (big blind) folded on the Flop


PokerStars Hand #148416073579:  Hold'em Limit ($3/$6 USD) - 2016/02/07 16:46:05 ET
Table 'Stavropolis II' 2-max Seat #2 is the button
Seat 1: biber0 ($60.70 in chips)
Seat 2: mdif ($153.47 in chips)
mdif: posts small blind $1
biber0: posts big blind $3
*** HOLE CARDS ***
mdif: folds
Uncalled bet ($2) returned to biber0
biber0 collected $2 from pot
biber0: doesn't show hand
*** SUMMARY ***
Total pot $2 | Rake $0
Seat 1: biber0 (big blind) collected ($2)
Seat 2: mdif (button) (small blind) folded before Flop


PokerStars Hand #148416052258:  Hold'em Limit ($3/$6 USD) - 2016/02/07 16:45:46 ET
Table 'Stavropolis II' 2-max Seat #1 is the button
Seat 1: biber0 ($46.20 in chips)
Seat 2: mdif ($168.47 in chips)
biber0: posts small blind $1
mdif: posts big blind $3
*** HOLE CARDS ***
biber0: calls $2
mdif: checks
*** FLOP *** [4h 6c Kh]
mdif: checks
biber0: checks
*** TURN *** [4h 6c Kh] [4s]
mdif: bets $6
biber0: calls $6
*** RIVER *** [4h 6c Kh 4s] [Jc]
mdif: bets $6
biber0: raises $6 to $12
mdif: folds
Uncalled bet ($6) returned to biber0
biber0 collected $29.50 from pot
biber0: doesn't show hand
*** SUMMARY ***
Total pot $30 | Rake $0.50
Board [4h 6c Kh 4s Jc]
Seat 1: biber0 (button) (small blind) collected ($29.50)
Seat 2: mdif (big blind) folded on the River


PokerStars Hand #148416185572:  Hold'em Limit ($3/$6 USD) - 2016/02/07 16:47:36 ET
Table 'Stavropolis II' 2-max Seat #1 is the button
Seat 1: biber0 ($25.46 in chips)
Seat 2: mdif ($187.25 in chips)
biber0: posts small blind $1
mdif: posts big blind $3
*** HOLE CARDS ***
biber0: raises $3 to $6
mdif: calls $3
*** FLOP *** [6d Jc Ks]
mdif: checks
biber0: bets $3
mdif: folds
Uncalled bet ($3) returned to biber0
biber0 collected $11.76 from pot
biber0: doesn't show hand
*** SUMMARY ***
Total pot $12 | Rake $0.24
Board [6d Jc Ks]
Seat 1: biber0 (button) (small blind) collected ($11.76)
Seat 2: mdif (big blind) folded on the Flop


PokerStars Hand #148416176694:  Hold'em Limit ($3/$6 USD) - 2016/02/07 16:47:30 ET
Table 'Stavropolis II' 2-max Seat #2 is the button
Seat 1: biber0 ($28.46 in chips)
Seat 2: mdif ($184.25 in chips)
mdif: posts small blind $1
biber0: posts big blind $3
*** HOLE CARDS ***
mdif: raises $3 to $6
biber0: folds
Uncalled bet ($3) returned to mdif
mdif collected $6 from pot
mdif: doesn't show hand
*** SUMMARY ***
Total pot $6 | Rake $0
Seat 1: biber0 (big blind) folded before Flop
Seat 2: mdif (button) (small blind) collected ($6)


PokerStars Hand #148416168395:  Hold'em Limit ($3/$6 USD) - 2016/02/07 16:47:24 ET
Table 'Stavropolis II' 2-max Seat #1 is the button
Seat 1: biber0 ($25.46 in chips)
Seat 2: mdif ($187.25 in chips)
biber0: posts small blind $1
mdif: posts big blind $3
*** HOLE CARDS ***
biber0: raises $3 to $6
mdif: folds
Uncalled bet ($3) returned to biber0
biber0 collected $6 from pot
biber0: doesn't show hand
*** SUMMARY ***
Total pot $6 | Rake $0
Seat 1: biber0 (button) (small blind) collected ($6)
Seat 2: mdif (big blind) folded before Flop


PokerStars Hand #148416155598:  Hold'em Limit ($3/$6 USD) - 2016/02/07 16:47:15 ET
Table 'Stavropolis II' 2-max Seat #2 is the button
Seat 1: biber0 ($31.46 in chips)
Seat 2: mdif ($181.49 in chips)
mdif: posts small blind $1
biber0: posts big blind $3
*** HOLE CARDS ***
mdif: raises $3 to $6
biber0: calls $3
*** FLOP *** [7h 6d 5c]
biber0: checks
mdif: bets $3
biber0: folds
Uncalled bet ($3) returned to mdif
mdif collected $11.76 from pot
mdif: doesn't show hand
*** SUMMARY ***
Total pot $12 | Rake $0.24
Board [7h 6d 5c]
Seat 1: biber0 (big blind) folded on the Flop
Seat 2: mdif (button) (small blind) collected ($11.76)


PokerStars Hand #148416131701:  Hold'em Limit ($3/$6 USD) - 2016/02/07 16:46:58 ET
Table 'Stavropolis II' 2-max Seat #1 is the button
Seat 1: biber0 ($43.46 in chips)
Seat 2: mdif ($169.97 in chips)
biber0: posts small blind $1
mdif: posts big blind $3
*** HOLE CARDS ***
biber0: raises $3 to $6
mdif: calls $3
*** FLOP *** [4d 8c 9d]
mdif: checks
biber0: checks
*** TURN *** [4d 8c 9d] [As]
mdif: checks
biber0: bets $6
mdif: calls $6
*** RIVER *** [4d 8c 9d As] [6h]
mdif: checks
biber0: checks
*** SHOW DOWN ***
mdif: shows [Qc 8d] (a pair of Eights)
biber0: mucks hand
mdif collected $23.52 from pot
*** SUMMARY ***
Total pot $24 | Rake $0.48
Board [4d 8c 9d As 6h]
Seat 1: biber0 (button) (small blind) mucked
Seat 2: mdif (big blind) showed [Qc 8d] and won ($23.52) with a pair of Eights


PokerStars Hand #148416273501:  Hold'em Limit ($3/$6 USD) - 2016/02/07 16:48:39 ET
Table 'Stavropolis II' 2-max Seat #2 is the button
Seat 1: biber0 ($37.72 in chips)
Seat 2: mdif ($174.01 in chips)
mdif: posts small blind $1
biber0: posts big blind $3
*** HOLE CARDS ***
mdif: folds
Uncalled bet ($2) returned to biber0
biber0 collected $2 from pot
biber0: doesn't show hand
*** SUMMARY ***
Total pot $2 | Rake $0
Seat 1: biber0 (big blind) collected ($2)
Seat 2: mdif (button) (small blind) folded before Flop


PokerStars Hand #148416266471:  Hold'em Limit ($3/$6 USD) - 2016/02/07 16:48:34 ET
Table 'Stavropolis II' 2-max Seat #1 is the button
Seat 1: biber0 ($38.72 in chips)
Seat 2: mdif ($173.01 in chips)
biber0: posts small blind $1
mdif: posts big blind $3
*** HOLE CARDS ***
biber0: folds
Uncalled bet ($2) returned to mdif
mdif collected $2 from pot
mdif: doesn't show hand
*** SUMMARY ***
Total pot $2 | Rake $0
Seat 1: biber0 (button) (small blind) folded before Flop
Seat 2: mdif (big blind) collected ($2)


PokerStars Hand #148416247367:  Hold'em Limit ($3/$6 USD) - 2016/02/07 16:48:20 ET
Table 'Stavropolis II' 2-max Seat #2 is the button
Seat 1: biber0 ($44.72 in chips)
Seat 2: mdif ($167.25 in chips)
mdif: posts small blind $1
biber0: posts big blind $3
*** HOLE CARDS ***
mdif: raises $3 to $6
biber0: calls $3
*** FLOP *** [9d 7d 7s]
biber0: checks
mdif: bets $3
biber0: folds
Uncalled bet ($3) returned to mdif
mdif collected $11.76 from pot
mdif: doesn't show hand
*** SUMMARY ***
Total pot $12 | Rake $0.24
Board [9d 7d 7s]
Seat 1: biber0 (big blind) folded on the Flop
Seat 2: mdif (button) (small blind) collected ($11.76)


PokerStars Hand #148416239525:  Hold'em Limit ($3/$6 USD) - 2016/02/07 16:48:15 ET
Table 'Stavropolis II' 2-max Seat #1 is the button
Seat 1: biber0 ($45.72 in chips)
Seat 2: mdif ($166.25 in chips)
biber0: posts small blind $1
mdif: posts big blind $3
*** HOLE CARDS ***
biber0: folds
Uncalled bet ($2) returned to mdif
mdif collected $2 from pot
mdif: doesn't show hand
*** SUMMARY ***
Total pot $2 | Rake $0
Seat 1: biber0 (button) (small blind) folded before Flop
Seat 2: mdif (big blind) collected ($2)


PokerStars Hand #148416201458:  Hold'em Limit ($3/$6 USD) - 2016/02/07 16:47:48 ET
Table 'Stavropolis II' 2-max Seat #2 is the button
Seat 1: biber0 ($31.22 in chips)
Seat 2: mdif ($181.25 in chips)
mdif: posts small blind $1
biber0: posts big blind $3
*** HOLE CARDS ***
mdif: raises $3 to $6
biber0: calls $3
*** FLOP *** [7c 8s 5h]
biber0: checks
mdif: bets $3
biber0: calls $3
*** TURN *** [7c 8s 5h] [Ad]
biber0: checks
mdif: bets $6
biber0: calls $6
*** RIVER *** [7c 8s 5h Ad] [6c]
biber0: checks
mdif: checks
*** SHOW DOWN ***
biber0: shows [4c 2s] (a straight, Four to Eight)
mdif: mucks hand
biber0 collected $29.50 from pot
*** SUMMARY ***
Total pot $30 | Rake $0.50
Board [7c 8s 5h Ad 6c]
Seat 1: biber0 (big blind) showed [4c 2s] and won ($29.50) with a straight, Four to Eight
Seat 2: mdif (button) (small blind) mucked


PokerStars Hand #148416381290:  Hold'em Limit ($3/$6 USD) - 2016/02/07 16:49:57 ET
Table 'Stavropolis II' 2-max Seat #1 is the button
Seat 1: biber0 ($57.62 in chips)
Seat 2: mdif ($152.77 in chips)
biber0: posts small blind $1
mdif: posts big blind $3
*** HOLE CARDS ***
biber0: folds
Uncalled bet ($2) returned to mdif
mdif collected $2 from pot
mdif: doesn't show hand
*** SUMMARY ***
Total pot $2 | Rake $0
Seat 1: biber0 (button) (small blind) folded before Flop
Seat 2: mdif (big blind) collected ($2)


PokerStars Hand #148416363384:  Hold'em Limit ($3/$6 USD) - 2016/02/07 16:49:44 ET
Table 'Stavropolis II' 2-max Seat #2 is the button
Seat 1: biber0 ($48.98 in chips)
Seat 2: mdif ($161.77 in chips)
mdif: posts small blind $1
biber0: posts big blind $3
*** HOLE CARDS ***
mdif: raises $3 to $6
biber0: calls $3
*** FLOP *** [Qs 4s Kh]
biber0: checks
mdif: bets $3
biber0: raises $3 to $6
mdif: folds
Uncalled bet ($3) returned to biber0
biber0 collected $17.64 from pot
biber0: doesn't show hand
*** SUMMARY ***
Total pot $18 | Rake $0.36
Board [Qs 4s Kh]
Seat 1: biber0 (big blind) collected ($17.64)
Seat 2: mdif (button) (small blind) folded on the Flop


PokerStars Hand #148416345842:  Hold'em Limit ($3/$6 USD) - 2016/02/07 16:49:31 ET
Table 'Stavropolis II' 2-max Seat #1 is the button
Seat 1: biber0 ($43.22 in chips)
Seat 2: mdif ($167.77 in chips)
biber0: posts small blind $1
mdif: posts big blind $3
*** HOLE CARDS ***
biber0: raises $3 to $6
mdif: calls $3
*** FLOP *** [5h Jd Kh]
mdif: checks
biber0: bets $3
mdif: folds
Uncalled bet ($3) returned to biber0
biber0 collected $11.76 from pot
biber0: doesn't show hand
*** SUMMARY ***
Total pot $12 | Rake $0.24
Board [5h Jd Kh]
Seat 1: biber0 (button) (small blind) collected ($11.76)
Seat 2: mdif (big blind) folded on the Flop


PokerStars Hand #148416337779:  Hold'em Limit ($3/$6 USD) - 2016/02/07 16:49:25 ET
Table 'Stavropolis II' 2-max Seat #2 is the button
Seat 1: biber0 ($46.22 in chips)
Seat 2: mdif ($164.77 in chips)
mdif: posts small blind $1
biber0: posts big blind $3
*** HOLE CARDS ***
mdif: raises $3 to $6
biber0: folds
Uncalled bet ($3) returned to mdif
mdif collected $6 from pot
mdif: doesn't show hand
*** SUMMARY ***
Total pot $6 | Rake $0
Seat 1: biber0 (big blind) folded before Flop
Seat 2: mdif (button) (small blind) collected ($6)


PokerStars Hand #148416330050:  Hold'em Limit ($3/$6 USD) - 2016/02/07 16:49:20 ET
Table 'Stavropolis II' 2-max Seat #1 is the button
Seat 1: biber0 ($47.22 in chips)
Seat 2: mdif ($163.77 in chips)
biber0: posts small blind $1
mdif: posts big blind $3
*** HOLE CARDS ***
biber0: folds
Uncalled bet ($2) returned to mdif
mdif collected $2 from pot
mdif: doesn't show hand
*** SUMMARY ***
Total pot $2 | Rake $0
Seat 1: biber0 (button) (small blind) folded before Flop
Seat 2: mdif (big blind) collected ($2)


PokerStars Hand #148416312442:  Hold'em Limit ($3/$6 USD) - 2016/02/07 16:49:07 ET
Table 'Stavropolis II' 2-max Seat #2 is the button
Seat 1: biber0 ($53.22 in chips)
Seat 2: mdif ($158.01 in chips)
mdif: posts small blind $1
biber0: posts big blind $3
*** HOLE CARDS ***
mdif: raises $3 to $6
biber0: calls $3
*** FLOP *** [Js 8s Ah]
biber0: checks
mdif: bets $3
biber0: folds
Uncalled bet ($3) returned to mdif
mdif collected $11.76 from pot
mdif: doesn't show hand
*** SUMMARY ***
Total pot $12 | Rake $0.24
Board [Js 8s Ah]
Seat 1: biber0 (big blind) folded on the Flop
Seat 2: mdif (button) (small blind) collected ($11.76)


PokerStars Hand #148416280064:  Hold'em Limit ($3/$6 USD) - 2016/02/07 16:48:44 ET
Table 'Stavropolis II' 2-max Seat #1 is the button
Seat 1: biber0 ($38.72 in chips)
Seat 2: mdif ($173.01 in chips)
biber0: posts small blind $1
mdif: posts big blind $3
*** HOLE CARDS ***
biber0: calls $2
mdif: raises $3 to $6
biber0: calls $3
*** FLOP *** [9s Qs Td]
mdif: bets $3
biber0: calls $3
*** TURN *** [9s Qs Td] [2s]
mdif: checks
biber0: bets $6
mdif: calls $6
*** RIVER *** [9s Qs Td 2s] [2c]
mdif: checks
biber0: bets $6
mdif: folds
Uncalled bet ($6) returned to biber0
biber0 collected $29.50 from pot
biber0: doesn't show hand
*** SUMMARY ***
Total pot $30 | Rake $0.50
Board [9s Qs Td 2s 2c]
Seat 1: biber0 (button) (small blind) collected ($29.50)
Seat 2: mdif (big blind) folded on the River


PokerStars Hand #148416437293:  Hold'em Limit ($3/$6 USD) - 2016/02/07 16:50:38 ET
Table 'Stavropolis II' 2-max Seat #2 is the button
Seat 1: biber0 ($26.62 in chips)
Seat 2: mdif ($183.03 in chips)
mdif: posts small blind $1
biber0: posts big blind $3
*** HOLE CARDS ***
mdif: raises $3 to $6
biber0: calls $3
*** FLOP *** [4s Jc As]
biber0: checks
mdif: bets $3
biber0: calls $3
*** TURN *** [4s Jc As] [7h]
biber0: checks
mdif: checks
*** RIVER *** [4s Jc As 7h] [Jd]
biber0: bets $6
mdif: folds
Uncalled bet ($6) returned to biber0
biber0 collected $17.64 from pot
biber0: doesn't show hand
*** SUMMARY ***
Total pot $18 | Rake $0.36
Board [4s Jc As 7h Jd]
Seat 1: biber0 (big blind) collected ($17.64)
Seat 2: mdif (button) (small blind) folded on the River


PokerStars Hand #148416408628:  Hold'em Limit ($3/$6 USD) - 2016/02/07 16:50:17 ET
Table 'Stavropolis II' 2-max Seat #1 is the button
Seat 1: biber0 ($50.62 in chips)
Seat 2: mdif ($159.53 in chips)
biber0: posts small blind $1
mdif: posts big blind $3
*** HOLE CARDS ***
biber0: calls $2
mdif: checks
*** FLOP *** [8c 3h Qd]
mdif: bets $3
biber0: calls $3
*** TURN *** [8c 3h Qd] [3s]
mdif: checks
biber0: bets $6
mdif: raises $6 to $12
biber0: calls $6
*** RIVER *** [8c 3h Qd 3s] [6s]
mdif: bets $6
biber0: calls $6
*** SHOW DOWN ***
mdif: shows [3d 8d] (a full house, Threes full of Eights)
biber0: mucks hand
mdif collected $47.50 from pot
*** SUMMARY ***
Total pot $48 | Rake $0.50
Board [8c 3h Qd 3s 6s]
Seat 1: biber0 (button) (small blind) mucked
Seat 2: mdif (big blind) showed [3d 8d] and won ($47.50) with a full house, Threes full of Eights


PokerStars Hand #148416388627:  Hold'em Limit ($3/$6 USD) - 2016/02/07 16:50:02 ET
Table 'Stavropolis II' 2-max Seat #2 is the button
Seat 1: biber0 ($56.62 in chips)
Seat 2: mdif ($153.77 in chips)
mdif: posts small blind $1
biber0: posts big blind $3
*** HOLE CARDS ***
mdif: raises $3 to $6
biber0: calls $3
*** FLOP *** [2s Jd 4h]
biber0: checks
mdif: bets $3
biber0: folds
Uncalled bet ($3) returned to mdif
mdif collected $11.76 from pot
mdif: doesn't show hand
*** SUMMARY ***
Total pot $12 | Rake $0.24
Board [2s Jd 4h]
Seat 1: biber0 (big blind) folded on the Flop
Seat 2: mdif (button) (small blind) collected ($11.76)


PokerStars Hand #148416515601:  Hold'em Limit ($3/$6 USD) - 2016/02/07 16:51:35 ET
Table 'Stavropolis II' 2-max Seat #1 is the button
Seat 1: biber0 ($14.26 in chips)
Seat 2: mdif ($194.53 in chips)
biber0: posts small blind $1
mdif: posts big blind $3
*** HOLE CARDS ***
biber0: raises $3 to $6
mdif: calls $3
*** FLOP *** [8h 5s 2d]
mdif: checks
biber0: checks
*** TURN *** [8h 5s 2d] [Ts]
mdif: checks
biber0: bets $6
mdif: calls $6
*** RIVER *** [8h 5s 2d Ts] [Js]
mdif: checks
biber0: bets $2.26 and is all-in
mdif: folds
Uncalled bet ($2.26) returned to biber0
biber0 collected $23.52 from pot
biber0: doesn't show hand
*** SUMMARY ***
Total pot $24 | Rake $0.48
Board [8h 5s 2d Ts Js]
Seat 1: biber0 (button) (small blind) collected ($23.52)
Seat 2: mdif (big blind) folded on the River


PokerStars Hand #148416506954:  Hold'em Limit ($3/$6 USD) - 2016/02/07 16:51:29 ET
Table 'Stavropolis II' 2-max Seat #2 is the button
Seat 1: biber0 ($17.26 in chips)
Seat 2: mdif ($191.53 in chips)
mdif: posts small blind $1
biber0: posts big blind $3
*** HOLE CARDS ***
mdif: raises $3 to $6
biber0: folds
Uncalled bet ($3) returned to mdif
mdif collected $6 from pot
mdif: doesn't show hand
*** SUMMARY ***
Total pot $6 | Rake $0
Seat 1: biber0 (big blind) folded before Flop
Seat 2: mdif (button) (small blind) collected ($6)


PokerStars Hand #148416481322:  Hold'em Limit ($3/$6 USD) - 2016/02/07 16:51:10 ET
Table 'Stavropolis II' 2-max Seat #1 is the button
Seat 1: biber0 ($35.26 in chips)
Seat 2: mdif ($174.03 in chips)
biber0: posts small blind $1
mdif: posts big blind $3
*** HOLE CARDS ***
biber0: raises $3 to $6
mdif: raises $3 to $9
biber0: calls $3
*** FLOP *** [5s Kh 5c]
mdif: bets $3
biber0: calls $3
*** TURN *** [5s Kh 5c] [9d]
mdif: bets $6
biber0: calls $6
*** RIVER *** [5s Kh 5c 9d] [2h]
mdif: bets $6
biber0: folds
Uncalled bet ($6) returned to mdif
mdif collected $35.50 from pot
mdif: doesn't show hand
*** SUMMARY ***
Total pot $36 | Rake $0.50
Board [5s Kh 5c 9d 2h]
Seat 1: biber0 (button) (small blind) folded on the River
Seat 2: mdif (big blind) collected ($35.50)


PokerStars Hand #148416473796:  Hold'em Limit ($3/$6 USD) - 2016/02/07 16:51:05 ET
Table 'Stavropolis II' 2-max Seat #2 is the button
Seat 1: biber0 ($38.26 in chips)
Seat 2: mdif ($171.03 in chips)
mdif: posts small blind $1
biber0: posts big blind $3
*** HOLE CARDS ***
mdif: raises $3 to $6
biber0: folds
Uncalled bet ($3) returned to mdif
mdif collected $6 from pot
mdif: doesn't show hand
*** SUMMARY ***
Total pot $6 | Rake $0
Seat 1: biber0 (big blind) folded before Flop
Seat 2: mdif (button) (small blind) collected ($6)


PokerStars Hand #148416465210:  Hold'em Limit ($3/$6 USD) - 2016/02/07 16:50:58 ET
Table 'Stavropolis II' 2-max Seat #1 is the button
Seat 1: biber0 ($35.26 in chips)
Seat 2: mdif ($174.03 in chips)
biber0: posts small blind $1
mdif: posts big blind $3
*** HOLE CARDS ***
biber0: raises $3 to $6
mdif: folds
Uncalled bet ($3) returned to biber0
biber0 collected $6 from pot
biber0: doesn't show hand
*** SUMMARY ***
Total pot $6 | Rake $0
Seat 1: biber0 (button) (small blind) collected ($6)
Seat 2: mdif (big blind) folded before Flop


PokerStars Hand #148416596186:  Hold'em Limit ($3/$6 USD) - 2016/02/07 16:52:36 ET
Table 'Stavropolis II' 2-max Seat #2 is the button
Seat 1: biber0 ($42.06 in chips)
Seat 2: mdif ($165.39 in chips)
mdif: posts small blind $1
biber0: posts big blind $3
*** HOLE CARDS ***
mdif: raises $3 to $6
biber0: calls $3
*** FLOP *** [8c Qs Kh]
biber0: checks
mdif: bets $3
biber0: folds
Uncalled bet ($3) returned to mdif
mdif collected $11.76 from pot
mdif: doesn't show hand
*** SUMMARY ***
Total pot $12 | Rake $0.24
Board [8c Qs Kh]
Seat 1: biber0 (big blind) folded on the Flop
Seat 2: mdif (button) (small blind) collected ($11.76)


PokerStars Hand #148416579764:  Hold'em Limit ($3/$6 USD) - 2016/02/07 16:52:24 ET
Table 'Stavropolis II' 2-max Seat #1 is the button
Seat 1: biber0 ($51.06 in chips)
Seat 2: mdif ($156.75 in chips)
biber0: posts small blind $1
mdif: posts big blind $3
*** HOLE CARDS ***
biber0: raises $3 to $6
mdif: raises $3 to $9
biber0: calls $3
*** FLOP *** [Ah Kd 4h]
mdif: bets $3
biber0: folds
Uncalled bet ($3) returned to mdif
mdif collected $17.64 from pot
mdif: doesn't show hand
*** SUMMARY ***
Total pot $18 | Rake $0.36
Board [Ah Kd 4h]
Seat 1: biber0 (button) (small blind) folded on the Flop
Seat 2: mdif (big blind) collected ($17.64)


PokerStars Hand #148416547217:  Hold'em Limit ($3/$6 USD) - 2016/02/07 16:51:59 ET
Table 'Stavropolis II' 2-max Seat #2 is the button
Seat 1: biber0 ($25.78 in chips)
Seat 2: mdif ($182.53 in chips)
mdif: posts small blind $1
biber0: posts big blind $3
*** HOLE CARDS ***
mdif: raises $3 to $6
biber0: calls $3
*** FLOP *** [Ac 6c Ad]
biber0: checks
mdif: bets $3
biber0: calls $3
*** TURN *** [Ac 6c Ad] [Jd]
biber0: checks
mdif: bets $6
biber0: calls $6
*** RIVER *** [Ac 6c Ad Jd] [4s]
biber0: checks
mdif: bets $6
biber0: raises $4.78 to $10.78 and is all-in
mdif: calls $4.78
*** SHOW DOWN ***
biber0: shows [As 5c] (three of a kind, Aces)
mdif: shows [Jc Kc] (two pair, Aces and Jacks)
biber0 collected $51.06 from pot
*** SUMMARY ***
Total pot $51.56 | Rake $0.50
Board [Ac 6c Ad Jd 4s]
Seat 1: biber0 (big blind) showed [As 5c] and won ($51.06) with three of a kind, Aces
Seat 2: mdif (button) (small blind) showed [Jc Kc] and lost with two pair, Aces and Jacks


PokerStars Hand #148416698513:  Hold'em Limit ($3/$6 USD) - 2016/02/07 16:53:53 ET
Table 'Stavropolis II' 2-max Seat #2 is the button
Seat 1: biber0 ($40.02 in chips)
Seat 2: mdif ($165.59 in chips)
mdif: posts small blind $1
biber0: posts big blind $3
*** HOLE CARDS ***
mdif: raises $3 to $6
biber0: folds
Uncalled bet ($3) returned to mdif
mdif collected $6 from pot
mdif: doesn't show hand
*** SUMMARY ***
Total pot $6 | Rake $0
Seat 1: biber0 (big blind) folded before Flop
Seat 2: mdif (button) (small blind) collected ($6)


PokerStars Hand #148416684869:  Hold'em Limit ($3/$6 USD) - 2016/02/07 16:53:43 ET
Table 'Stavropolis II' 2-max Seat #1 is the button
Seat 1: biber0 ($34.26 in chips)
Seat 2: mdif ($171.59 in chips)
biber0: posts small blind $1
mdif: posts big blind $3
*** HOLE CARDS ***
biber0: raises $3 to $6
mdif: calls $3
*** FLOP *** [Kc 3s 2h]
mdif: checks
biber0: bets $3
mdif: folds
Uncalled bet ($3) returned to biber0
biber0 collected $11.76 from pot
biber0: doesn't show hand
*** SUMMARY ***
Total pot $12 | Rake $0.24
Board [Kc 3s 2h]
Seat 1: biber0 (button) (small blind) collected ($11.76)
Seat 2: mdif (big blind) folded on the Flop


PokerStars Hand #148416671896:  Hold'em Limit ($3/$6 USD) - 2016/02/07 16:53:32 ET
Table 'Stavropolis II' 2-max Seat #2 is the button
Seat 1: biber0 ($25.62 in chips)
Seat 2: mdif ($180.59 in chips)
mdif: posts small blind $1
biber0: posts big blind $3
*** HOLE CARDS ***
mdif: raises $3 to $6
biber0: raises $3 to $9
mdif: calls $3
*** FLOP *** [7s 7c Tc]
biber0: bets $3
mdif: folds
Uncalled bet ($3) returned to biber0
biber0 collected $17.64 from pot
biber0: doesn't show hand
*** SUMMARY ***
Total pot $18 | Rake $0.36
Board [7s 7c Tc]
Seat 1: biber0 (big blind) collected ($17.64)
Seat 2: mdif (button) (small blind) folded on the Flop


PokerStars Hand #148416649546:  Hold'em Limit ($3/$6 USD) - 2016/02/07 16:53:16 ET
Table 'Stavropolis II' 2-max Seat #1 is the button
Seat 1: biber0 ($13.06 in chips)
Seat 2: mdif ($193.65 in chips)
biber0: posts small blind $1
mdif: posts big blind $3
*** HOLE CARDS ***
biber0: raises $3 to $6
mdif: raises $3 to $9
biber0: raises $3 to $12
Betting is capped
mdif: calls $3
*** FLOP *** [Td Tc 9h]
mdif: bets $3
biber0: calls $1.06 and is all-in
Uncalled bet ($1.94) returned to mdif
*** TURN *** [Td Tc 9h] [4h]
*** RIVER *** [Td Tc 9h 4h] [As]
*** SHOW DOWN ***
mdif: shows [Jc Jd] (two pair, Jacks and Tens)
biber0: shows [Js Ac] (two pair, Aces and Tens)
biber0 collected $25.62 from pot
*** SUMMARY ***
Total pot $26.12 | Rake $0.50
Board [Td Tc 9h 4h As]
Seat 1: biber0 (button) (small blind) showed [Js Ac] and won ($25.62) with two pair, Aces and Tens
Seat 2: mdif (big blind) showed [Jc Jd] and lost with two pair, Jacks and Tens


PokerStars Hand #148416642634:  Hold'em Limit ($3/$6 USD) - 2016/02/07 16:53:11 ET
Table 'Stavropolis II' 2-max Seat #2 is the button
Seat 1: biber0 ($12.06 in chips)
Seat 2: mdif ($194.65 in chips)
mdif: posts small blind $1
biber0: posts big blind $3
*** HOLE CARDS ***
mdif: folds
Uncalled bet ($2) returned to biber0
biber0 collected $2 from pot
biber0: doesn't show hand
*** SUMMARY ***
Total pot $2 | Rake $0
Seat 1: biber0 (big blind) collected ($2)
Seat 2: mdif (button) (small blind) folded before Flop


PokerStars Hand #148416609742:  Hold'em Limit ($3/$6 USD) - 2016/02/07 16:52:46 ET
Table 'Stavropolis II' 2-max Seat #1 is the button
Seat 1: biber0 ($36.06 in chips)
Seat 2: mdif ($171.15 in chips)
biber0: posts small blind $1
mdif: posts big blind $3
*** HOLE CARDS ***
biber0: calls $2
mdif: raises $3 to $6
biber0: calls $3
*** FLOP *** [Ad 9h 2d]
mdif: bets $3
biber0: raises $3 to $6
mdif: calls $3
*** TURN *** [Ad 9h 2d] [5s]
mdif: checks
biber0: bets $6
mdif: calls $6
*** RIVER *** [Ad 9h 2d 5s] [Qs]
mdif: checks
biber0: bets $6
mdif: calls $6
*** SHOW DOWN ***
biber0: shows [Kh Ts] (high card Ace)
mdif: shows [Th Tc] (a pair of Tens)
mdif collected $47.50 from pot
*** SUMMARY ***
Total pot $48 | Rake $0.50
Board [Ad 9h 2d 5s Qs]
Seat 1: biber0 (button) (small blind) showed [Kh Ts] and lost with high card Ace
Seat 2: mdif (big blind) showed [Th Tc] and won ($47.50) with a pair of Tens


PokerStars Hand #148416774518:  Hold'em Limit ($3/$6 USD) - 2016/02/07 16:54:56 ET
Table 'Stavropolis II' 2-max Seat #2 is the button
Seat 1: biber0 ($54.18 in chips)
Seat 2: mdif ($150.23 in chips)
mdif: posts small blind $1
biber0: posts big blind $3
*** HOLE CARDS ***
mdif: folds
Uncalled bet ($2) returned to biber0
biber0 collected $2 from pot
biber0: doesn't show hand
*** SUMMARY ***
Total pot $2 | Rake $0
Seat 1: biber0 (big blind) collected ($2)
Seat 2: mdif (button) (small blind) folded before Flop


PokerStars Hand #148416753195:  Hold'em Limit ($3/$6 USD) - 2016/02/07 16:54:38 ET
Table 'Stavropolis II' 2-max Seat #1 is the button
Seat 1: biber0 ($63.18 in chips)
Seat 2: mdif ($141.59 in chips)
biber0: posts small blind $1
mdif: posts big blind $3
*** HOLE CARDS ***
biber0: calls $2
mdif: checks
*** FLOP *** [9d 5s 6c]
mdif: checks
biber0: checks
*** TURN *** [9d 5s 6c] [Th]
mdif: bets $6
biber0: calls $6
*** RIVER *** [9d 5s 6c Th] [4h]
mdif: bets $6
biber0: folds
Uncalled bet ($6) returned to mdif
mdif collected $17.64 from pot
mdif: doesn't show hand
*** SUMMARY ***
Total pot $18 | Rake $0.36
Board [9d 5s 6c Th 4h]
Seat 1: biber0 (button) (small blind) folded on the River
Seat 2: mdif (big blind) collected ($17.64)


PokerStars Hand #148416736213:  Hold'em Limit ($3/$6 USD) - 2016/02/07 16:54:23 ET
Table 'Stavropolis II' 2-max Seat #2 is the button
Seat 1: biber0 ($51.66 in chips)
Seat 2: mdif ($153.59 in chips)
mdif: posts small blind $1
biber0: posts big blind $3
*** HOLE CARDS ***
mdif: raises $3 to $6
biber0: calls $3
*** FLOP *** [Qc 6c Qd]
biber0: checks
mdif: bets $3
biber0: raises $3 to $6
mdif: calls $3
*** TURN *** [Qc 6c Qd] [4d]
biber0: bets $6
mdif: folds
Uncalled bet ($6) returned to biber0
biber0 collected $23.52 from pot
biber0: doesn't show hand
*** SUMMARY ***
Total pot $24 | Rake $0.48
Board [Qc 6c Qd 4d]
Seat 1: biber0 (big blind) collected ($23.52)
Seat 2: mdif (button) (small blind) folded on the Turn


PokerStars Hand #148416728317:  Hold'em Limit ($3/$6 USD) - 2016/02/07 16:54:17 ET
Table 'Stavropolis II' 2-max Seat #1 is the button
Seat 1: biber0 ($48.66 in chips)
Seat 2: mdif ($156.59 in chips)
biber0: posts small blind $1
mdif: posts big blind $3
*** HOLE CARDS ***
biber0: raises $3 to $6
mdif: folds
Uncalled bet ($3) returned to biber0
biber0 collected $6 from pot
biber0: doesn't show hand
*** SUMMARY ***
Total pot $6 | Rake $0
Seat 1: biber0 (button) (small blind) collected ($6)
Seat 2: mdif (big blind) folded before Flop


PokerStars Hand #148416714404:  Hold'em Limit ($3/$6 USD) - 2016/02/07 16:54:06 ET
Table 'Stavropolis II' 2-max Seat #2 is the button
Seat 1: biber0 ($40.02 in chips)
Seat 2: mdif ($165.59 in chips)
mdif: posts small blind $1
biber0: posts big blind $3
*** HOLE CARDS ***
mdif: raises $3 to $6
biber0: calls $3
*** FLOP *** [7s Jd Ts]
biber0: checks
mdif: bets $3
biber0: raises $3 to $6
mdif: folds
Uncalled bet ($3) returned to biber0
biber0 collected $17.64 from pot
biber0: doesn't show hand
*** SUMMARY ***
Total pot $18 | Rake $0.36
Board [7s Jd Ts]
Seat 1: biber0 (big blind) collected ($17.64)
Seat 2: mdif (button) (small blind) folded on the Flop


PokerStars Hand #148416706202:  Hold'em Limit ($3/$6 USD) - 2016/02/07 16:53:59 ET
Table 'Stavropolis II' 2-max Seat #1 is the button
Seat 1: biber0 ($37.02 in chips)
Seat 2: mdif ($168.59 in chips)
biber0: posts small blind $1
mdif: posts big blind $3
*** HOLE CARDS ***
biber0: raises $3 to $6
mdif: folds
Uncalled bet ($3) returned to biber0
biber0 collected $6 from pot
biber0: doesn't show hand
*** SUMMARY ***
Total pot $6 | Rake $0
Seat 1: biber0 (button) (small blind) collected ($6)
Seat 2: mdif (big blind) folded before Flop


PokerStars Hand #148416826364:  Hold'em Limit ($3/$6 USD) - 2016/02/07 16:55:57 ET
Table 'Stavropolis II' 2-max Seat #2 is the button
Seat 1: biber0 ($67.34 in chips)
Seat 2: mdif ($135.99 in chips)
mdif: posts small blind $1
biber0: posts big blind $3
*** HOLE CARDS ***
mdif: folds
Uncalled bet ($2) returned to biber0
biber0 collected $2 from pot
biber0: doesn't show hand
*** SUMMARY ***
Total pot $2 | Rake $0
Seat 1: biber0 (big blind) collected ($2)
Seat 2: mdif (button) (small blind) folded before Flop


PokerStars Hand #148416814083:  Hold'em Limit ($3/$6 USD) - 2016/02/07 16:55:42 ET
Table 'Stavropolis II' 2-max Seat #1 is the button
Seat 1: biber0 ($58.70 in chips)
Seat 2: mdif ($144.99 in chips)
biber0: posts small blind $1
mdif: posts big blind $3
*** HOLE CARDS ***
biber0: raises $3 to $6
mdif: calls $3
*** FLOP *** [8d 5s Kc]
mdif: checks
biber0: bets $3
mdif: calls $3
*** TURN *** [8d 5s Kc] [3s]
mdif: checks
biber0: bets $6
mdif: folds
Uncalled bet ($6) returned to biber0
biber0 collected $17.64 from pot
biber0: doesn't show hand
*** SUMMARY ***
Total pot $18 | Rake $0.36
Board [8d 5s Kc 3s]
Seat 1: biber0 (button) (small blind) collected ($17.64)
Seat 2: mdif (big blind) folded on the Turn


PokerStars Hand #148416796712:  Hold'em Limit ($3/$6 USD) - 2016/02/07 16:55:20 ET
Table 'Stavropolis II' 2-max Seat #2 is the button
Seat 1: biber0 ($47.18 in chips)
Seat 2: mdif ($156.99 in chips)
mdif: posts small blind $1
biber0: posts big blind $3
*** HOLE CARDS ***
mdif: raises $3 to $6
biber0: calls $3
*** FLOP *** [4c 5s As]
biber0: checks
mdif: bets $3
biber0: raises $3 to $6
mdif: calls $3
*** TURN *** [4c 5s As] [Qh]
biber0: checks
mdif: checks
*** RIVER *** [4c 5s As Qh] [Qc]
biber0: bets $6
mdif: folds
Uncalled bet ($6) returned to biber0
biber0 collected $23.52 from pot
biber0: doesn't show hand
*** SUMMARY ***
Total pot $24 | Rake $0.48
Board [4c 5s As Qh Qc]
Seat 1: biber0 (big blind) collected ($23.52)
Seat 2: mdif (button) (small blind) folded on the River


PokerStars Hand #148416793195:  Hold'em Limit ($3/$6 USD) - 2016/02/07 16:55:16 ET
Table 'Stavropolis II' 2-max Seat #1 is the button
Seat 1: biber0 ($48.18 in chips)
Seat 2: mdif ($155.99 in chips)
biber0: posts small blind $1
mdif: posts big blind $3
*** HOLE CARDS ***
biber0: folds
Uncalled bet ($2) returned to mdif
mdif collected $2 from pot
mdif: doesn't show hand
*** SUMMARY ***
Total pot $2 | Rake $0
Seat 1: biber0 (button) (small blind) folded before Flop
Seat 2: mdif (big blind) collected ($2)


PokerStars Hand #148416785304:  Hold'em Limit ($3/$6 USD) - 2016/02/07 16:55:06 ET
Table 'Stavropolis II' 2-max Seat #2 is the button
Seat 1: biber0 ($54.18 in chips)
Seat 2: mdif ($150.23 in chips)
mdif: posts small blind $1
biber0: posts big blind $3
*** HOLE CARDS ***
mdif: raises $3 to $6
biber0: calls $3
*** FLOP *** [2d Ks 9s]
biber0: checks
mdif: bets $3
biber0: folds
Uncalled bet ($3) returned to mdif
mdif collected $11.76 from pot
mdif: doesn't show hand
*** SUMMARY ***
Total pot $12 | Rake $0.24
Board [2d Ks 9s]
Seat 1: biber0 (big blind) folded on the Flop
Seat 2: mdif (button) (small blind) collected ($11.76)


PokerStars Hand #148416779804:  Hold'em Limit ($3/$6 USD) - 2016/02/07 16:55:00 ET
Table 'Stavropolis II' 2-max Seat #1 is the button
Seat 1: biber0 ($55.18 in chips)
Seat 2: mdif ($149.23 in chips)
biber0: posts small blind $1
mdif: posts big blind $3
*** HOLE CARDS ***
biber0: folds
Uncalled bet ($2) returned to mdif
mdif collected $2 from pot
mdif: doesn't show hand
*** SUMMARY ***
Total pot $2 | Rake $0
Seat 1: biber0 (button) (small blind) folded before Flop
Seat 2: mdif (big blind) collected ($2)


PokerStars Hand #148416830194:  Hold'em Limit ($3/$6 USD) - 2016/02/07 16:56:03 ET
Table 'Stavropolis II' 2-max Seat #1 is the button
Seat 1: biber0 ($68.34 in chips)
Seat 2: mdif ($134.99 in chips)
biber0: posts small blind $1
mdif: posts big blind $3
*** HOLE CARDS ***
biber0: raises $3 to $6
mdif: calls $3
*** FLOP *** [8d 3c 2d]
mdif: checks
biber0: checks
*** TURN *** [8d 3c 2d] [3s]
mdif: bets $6
biber0: calls $6
*** RIVER *** [8d 3c 2d 3s] [Jc]
mdif: checks
biber0: checks
*** SHOW DOWN ***
mdif: shows [Kc 7h] (a pair of Threes)
biber0: mucks hand
mdif collected $23.52 from pot
*** SUMMARY ***
Total pot $24 | Rake $0.48
Board [8d 3c 2d 3s Jc]
Seat 1: biber0 (button) (small blind) mucked
Seat 2: mdif (big blind) showed [Kc 7h] and won ($23.52) with a pair of Threes


PokerStars Hand #148416843969:  Hold'em Limit ($3/$6 USD) - 2016/02/07 16:56:20 ET
Table 'Stavropolis II' 2-max Seat #2 is the button
Seat 1: biber0 ($56.34 in chips)
Seat 2: mdif ($146.51 in chips)
mdif: posts small blind $1
biber0: posts big blind $3
*** HOLE CARDS ***
mdif: raises $3 to $6
biber0: calls $3
*** FLOP *** [Jh Td 4h]
biber0: checks
mdif: bets $3
biber0: folds
Uncalled bet ($3) returned to mdif
mdif collected $11.76 from pot
mdif: doesn't show hand
*** SUMMARY ***
Total pot $12 | Rake $0.24
Board [Jh Td 4h]
Seat 1: biber0 (big blind) folded on the Flop
Seat 2: mdif (button) (small blind) collected ($11.76)


PokerStars Hand #148416860464:  Hold'em Limit ($3/$6 USD) - 2016/02/07 16:56:40 ET
Table 'Stavropolis II' 2-max Seat #2 is the button
Seat 1: biber0 ($44.34 in chips)
Seat 2: mdif ($158.03 in chips)
mdif: posts small blind $1
biber0: posts big blind $3
*** HOLE CARDS ***
mdif: folds
Uncalled bet ($2) returned to biber0
biber0 collected $2 from pot
biber0: doesn't show hand
*** SUMMARY ***
Total pot $2 | Rake $0
Seat 1: biber0 (big blind) collected ($2)
Seat 2: mdif (button) (small blind) folded before Flop


PokerStars Hand #148416852249:  Hold'em Limit ($3/$6 USD) - 2016/02/07 16:56:30 ET
Table 'Stavropolis II' 2-max Seat #1 is the button
Seat 1: biber0 ($50.34 in chips)
Seat 2: mdif ($152.27 in chips)
biber0: posts small blind $1
mdif: posts big blind $3
*** HOLE CARDS ***
biber0: calls $2
mdif: raises $3 to $6
biber0: calls $3
*** FLOP *** [Ad 5h 8d]
mdif: bets $3
biber0: folds
Uncalled bet ($3) returned to mdif
mdif collected $11.76 from pot
mdif: doesn't show hand
*** SUMMARY ***
Total pot $12 | Rake $0.24
Board [Ad 5h 8d]
Seat 1: biber0 (button) (small blind) folded on the Flop
Seat 2: mdif (big blind) collected ($11.76)


PokerStars Hand #148416864206:  Hold'em Limit ($3/$6 USD) - 2016/02/07 16:56:45 ET
Table 'Stavropolis II' 2-max Seat #1 is the button
Seat 1: biber0 ($45.34 in chips)
Seat 2: mdif ($157.03 in chips)
biber0: posts small blind $1
mdif: posts big blind $3
*** HOLE CARDS ***
biber0: raises $3 to $6
mdif: calls $3
*** FLOP *** [As Td 2h]
mdif: checks
biber0: bets $3
mdif: folds
Uncalled bet ($3) returned to biber0
biber0 collected $11.76 from pot
biber0: doesn't show hand
*** SUMMARY ***
Total pot $12 | Rake $0.24
Board [As Td 2h]
Seat 1: biber0 (button) (small blind) collected ($11.76)
Seat 2: mdif (big blind) folded on the Flop


PokerStars Hand #148416874525:  Hold'em Limit ($3/$6 USD) - 2016/02/07 16:56:58 ET
Table 'Stavropolis II' 2-max Seat #2 is the button
Seat 1: biber0 ($51.10 in chips)
Seat 2: mdif ($151.03 in chips)
mdif: posts small blind $1
biber0: posts big blind $3
*** HOLE CARDS ***
mdif: raises $3 to $6
biber0: calls $3
*** FLOP *** [9h Qc 2s]
biber0: checks
mdif: bets $3
biber0: calls $3
*** TURN *** [9h Qc 2s] [8s]
biber0: checks
mdif: bets $6
biber0: calls $6
*** RIVER *** [9h Qc 2s 8s] [7h]
biber0: checks
mdif: bets $6
biber0: calls $6
*** SHOW DOWN ***
mdif: shows [Js Ts] (a straight, Eight to Queen)
biber0: mucks hand
mdif collected $41.50 from pot
*** SUMMARY ***
Total pot $42 | Rake $0.50
Board [9h Qc 2s 8s 7h]
Seat 1: biber0 (big blind) mucked
Seat 2: mdif (button) (small blind) showed [Js Ts] and won ($41.50) with a straight, Eight to Queen


PokerStars Hand #148416891010:  Hold'em Limit ($3/$6 USD) - 2016/02/07 16:57:19 ET
Table 'Stavropolis II' 2-max Seat #1 is the button
Seat 1: biber0 ($30.10 in chips)
Seat 2: mdif ($171.53 in chips)
biber0: posts small blind $1
mdif: posts big blind $3
*** HOLE CARDS ***
biber0: calls $2
mdif: checks
*** FLOP *** [8s Tc 3s]
mdif: bets $3
biber0: folds
Uncalled bet ($3) returned to mdif
mdif collected $5.88 from pot
mdif: doesn't show hand
*** SUMMARY ***
Total pot $6 | Rake $0.12
Board [8s Tc 3s]
Seat 1: biber0 (button) (small blind) folded on the Flop
Seat 2: mdif (big blind) collected ($5.88)


PokerStars Hand #148416900000:  Hold'em Limit ($3/$6 USD) - 2016/02/07 16:57:30 ET
Table 'Stavropolis II' 2-max Seat #2 is the button
Seat 1: biber0 ($27.10 in chips)
Seat 2: mdif ($174.41 in chips)
mdif: posts small blind $1
biber0: posts big blind $3
*** HOLE CARDS ***
mdif: raises $3 to $6
biber0: calls $3
*** FLOP *** [3d 6h 4h]
biber0: checks
mdif: checks
*** TURN *** [3d 6h 4h] [Ts]
biber0: bets $6
mdif: folds
Uncalled bet ($6) returned to biber0
biber0 collected $11.76 from pot
biber0: doesn't show hand
*** SUMMARY ***
Total pot $12 | Rake $0.24
Board [3d 6h 4h Ts]
Seat 1: biber0 (big blind) collected ($11.76)
Seat 2: mdif (button) (small blind) folded on the Turn


PokerStars Hand #148416923534:  Hold'em Limit ($3/$6 USD) - 2016/02/07 16:57:59 ET
Table 'Stavropolis II' 2-max Seat #2 is the button
Seat 1: biber0 ($38.62 in chips)
Seat 2: mdif ($162.41 in chips)
mdif: posts small blind $1
biber0: posts big blind $3
*** HOLE CARDS ***
mdif: raises $3 to $6
biber0: folds
Uncalled bet ($3) returned to mdif
mdif collected $6 from pot
mdif: doesn't show hand
*** SUMMARY ***
Total pot $6 | Rake $0
Seat 1: biber0 (big blind) folded before Flop
Seat 2: mdif (button) (small blind) collected ($6)


PokerStars Hand #148416911673:  Hold'em Limit ($3/$6 USD) - 2016/02/07 16:57:44 ET
Table 'Stavropolis II' 2-max Seat #1 is the button
Seat 1: biber0 ($32.86 in chips)
Seat 2: mdif ($168.41 in chips)
biber0: posts small blind $1
mdif: posts big blind $3
*** HOLE CARDS ***
biber0: raises $3 to $6
mdif: calls $3
*** FLOP *** [9h Tc 4c]
mdif: checks
biber0: bets $3
mdif: folds
Uncalled bet ($3) returned to biber0
biber0 collected $11.76 from pot
biber0: doesn't show hand
*** SUMMARY ***
Total pot $12 | Rake $0.24
Board [9h Tc 4c]
Seat 1: biber0 (button) (small blind) collected ($11.76)
Seat 2: mdif (big blind) folded on the Flop


PokerStars Hand #148416938241:  Hold'em Limit ($3/$6 USD) - 2016/02/07 16:58:13 ET
Table 'Stavropolis II' 2-max Seat #2 is the button
Seat 1: biber0 ($38.62 in chips)
Seat 2: mdif ($162.41 in chips)
mdif: posts small blind $1
biber0: posts big blind $3
*** HOLE CARDS ***
mdif: folds
Uncalled bet ($2) returned to biber0
biber0 collected $2 from pot
biber0: doesn't show hand
*** SUMMARY ***
Total pot $2 | Rake $0
Seat 1: biber0 (big blind) collected ($2)
Seat 2: mdif (button) (small blind) folded before Flop


PokerStars Hand #148416946665:  Hold'em Limit ($3/$6 USD) - 2016/02/07 16:58:19 ET
Table 'Stavropolis II' 2-max Seat #1 is the button
Seat 1: biber0 ($39.62 in chips)
Seat 2: mdif ($161.41 in chips)
biber0: posts small blind $1
mdif: posts big blind $3
*** HOLE CARDS ***
biber0: calls $2
mdif: checks
*** FLOP *** [2d 9s 3h]
mdif: bets $3
biber0: folds
Uncalled bet ($3) returned to mdif
mdif collected $5.88 from pot
mdif: doesn't show hand
*** SUMMARY ***
Total pot $6 | Rake $0.12
Board [2d 9s 3h]
Seat 1: biber0 (button) (small blind) folded on the Flop
Seat 2: mdif (big blind) collected ($5.88)


PokerStars Hand #148416966750:  Hold'em Limit ($3/$6 USD) - 2016/02/07 16:58:40 ET
Table 'Stavropolis II' 2-max Seat #1 is the button
Seat 1: biber0 ($37.62 in chips)
Seat 2: mdif ($163.29 in chips)
biber0: posts small blind $1
mdif: posts big blind $3
*** HOLE CARDS ***
biber0: folds
Uncalled bet ($2) returned to mdif
mdif collected $2 from pot
mdif: doesn't show hand
*** SUMMARY ***
Total pot $2 | Rake $0
Seat 1: biber0 (button) (small blind) folded before Flop
Seat 2: mdif (big blind) collected ($2)


PokerStars Hand #148416961359:  Hold'em Limit ($3/$6 USD) - 2016/02/07 16:58:35 ET
Table 'Stavropolis II' 2-max Seat #2 is the button
Seat 1: biber0 ($36.62 in chips)
Seat 2: mdif ($164.29 in chips)
mdif: posts small blind $1
biber0: posts big blind $3
*** HOLE CARDS ***
mdif: folds
Uncalled bet ($2) returned to biber0
biber0 collected $2 from pot
biber0: doesn't show hand
*** SUMMARY ***
Total pot $2 | Rake $0
Seat 1: biber0 (big blind) collected ($2)
Seat 2: mdif (button) (small blind) folded before Flop


PokerStars Hand #148416971100:  Hold'em Limit ($3/$6 USD) - 2016/02/07 16:58:46 ET
Table 'Stavropolis II' 2-max Seat #2 is the button
Seat 1: biber0 ($36.62 in chips)
Seat 2: mdif ($164.29 in chips)
mdif: posts small blind $1
biber0: posts big blind $3
*** HOLE CARDS ***
mdif: raises $3 to $6
biber0: folds
Uncalled bet ($3) returned to mdif
mdif collected $6 from pot
mdif: doesn't show hand
*** SUMMARY ***
Total pot $6 | Rake $0
Seat 1: biber0 (big blind) folded before Flop
Seat 2: mdif (button) (small blind) collected ($6)


PokerStars Hand #148416932449:  Hold'em Limit ($3/$6 USD) - 2016/02/07 16:58:05 ET
Table 'Stavropolis II' 2-max Seat #1 is the button
Seat 1: biber0 ($35.62 in chips)
Seat 2: mdif ($165.41 in chips)
biber0: posts small blind $1
mdif: posts big blind $3
*** HOLE CARDS ***
biber0: raises $3 to $6
mdif: folds
Uncalled bet ($3) returned to biber0
biber0 collected $6 from pot
biber0: doesn't show hand
*** SUMMARY ***
Total pot $6 | Rake $0
Seat 1: biber0 (button) (small blind) collected ($6)
Seat 2: mdif (big blind) folded before Flop


PokerStars Hand #148417008327:  Hold'em Limit ($3/$6 USD) - 2016/02/07 16:59:31 ET
Table 'Stavropolis II' 2-max Seat #1 is the button
Seat 1: biber0 ($59.64 in chips)
Seat 2: mdif ($140.29 in chips)
biber0: posts small blind $1
mdif: posts big blind $3
*** HOLE CARDS ***
biber0: folds
Uncalled bet ($2) returned to mdif
mdif collected $2 from pot
mdif: doesn't show hand
*** SUMMARY ***
Total pot $2 | Rake $0
Seat 1: biber0 (button) (small blind) folded before Flop
Seat 2: mdif (big blind) collected ($2)


PokerStars Hand #148416994294:  Hold'em Limit ($3/$6 USD) - 2016/02/07 16:59:13 ET
Table 'Stavropolis II' 2-max Seat #2 is the button
Seat 1: biber0 ($45.14 in chips)
Seat 2: mdif ($155.29 in chips)
mdif: posts small blind $1
biber0: posts big blind $3
*** HOLE CARDS ***
mdif: raises $3 to $6
biber0: calls $3
*** FLOP *** [4c 3h Jh]
biber0: checks
mdif: bets $3
biber0: calls $3
*** TURN *** [4c 3h Jh] [Js]
biber0: checks
mdif: checks
*** RIVER *** [4c 3h Jh Js] [3d]
biber0: bets $6
mdif: calls $6
*** SHOW DOWN ***
biber0: shows [3s Ah] (a full house, Threes full of Jacks)
mdif: mucks hand
biber0 collected $29.50 from pot
*** SUMMARY ***
Total pot $30 | Rake $0.50
Board [4c 3h Jh Js 3d]
Seat 1: biber0 (big blind) showed [3s Ah] and won ($29.50) with a full house, Threes full of Jacks
Seat 2: mdif (button) (small blind) mucked


PokerStars Hand #148417012415:  Hold'em Limit ($3/$6 USD) - 2016/02/07 16:59:36 ET
Table 'Stavropolis II' 2-max Seat #2 is the button
Seat 1: biber0 ($58.64 in chips)
Seat 2: mdif ($141.29 in chips)
mdif: posts small blind $1
biber0: posts big blind $3
*** HOLE CARDS ***
mdif: raises $3 to $6
biber0: calls $3
*** FLOP *** [2d As 9c]
biber0: checks
mdif: bets $3
biber0: calls $3
*** TURN *** [2d As 9c] [Qc]
biber0: checks
mdif: bets $6
biber0: calls $6
*** RIVER *** [2d As 9c Qc] [5h]
biber0: checks
mdif: bets $6
biber0: folds
Uncalled bet ($6) returned to mdif
mdif collected $29.50 from pot
mdif: doesn't show hand
*** SUMMARY ***
Total pot $30 | Rake $0.50
Board [2d As 9c Qc 5h]
Seat 1: biber0 (big blind) folded on the River
Seat 2: mdif (button) (small blind) collected ($29.50)


PokerStars Hand #148417027737:  Hold'em Limit ($3/$6 USD) - 2016/02/07 16:59:55 ET
Table 'Stavropolis II' 2-max Seat #1 is the button
Seat 1: biber0 ($43.64 in chips)
Seat 2: mdif ($155.79 in chips)
biber0: posts small blind $1
mdif: posts big blind $3
*** HOLE CARDS ***
biber0: folds
Uncalled bet ($2) returned to mdif
mdif collected $2 from pot
mdif: doesn't show hand
*** SUMMARY ***
Total pot $2 | Rake $0
Seat 1: biber0 (button) (small blind) folded before Flop
Seat 2: mdif (big blind) collected ($2)


PokerStars Hand #148416977040:  Hold'em Limit ($3/$6 USD) - 2016/02/07 16:58:52 ET
Table 'Stavropolis II' 2-max Seat #1 is the button
Seat 1: biber0 ($33.62 in chips)
Seat 2: mdif ($167.29 in chips)
biber0: posts small blind $1
mdif: posts big blind $3
*** HOLE CARDS ***
biber0: raises $3 to $6
mdif: calls $3
*** FLOP *** [Jh Td 2s]
mdif: checks
biber0: checks
*** TURN *** [Jh Td 2s] [Ad]
mdif: checks
biber0: bets $6
mdif: calls $6
*** RIVER *** [Jh Td 2s Ad] [9d]
mdif: checks
biber0: checks
*** SHOW DOWN ***
mdif: shows [8s Kd] (high card Ace)
biber0: shows [9h 6d] (a pair of Nines)
biber0 collected $23.52 from pot
*** SUMMARY ***
Total pot $24 | Rake $0.48
Board [Jh Td 2s Ad 9d]
Seat 1: biber0 (button) (small blind) showed [9h 6d] and won ($23.52) with a pair of Nines
Seat 2: mdif (big blind) showed [8s Kd] and lost with high card Ace


PokerStars Hand #148417031182:  Hold'em Limit ($3/$6 USD) - 2016/02/07 16:59:59 ET
Table 'Stavropolis II' 2-max Seat #2 is the button
Seat 1: biber0 ($42.64 in chips)
Seat 2: mdif ($156.79 in chips)
mdif: posts small blind $1
biber0: posts big blind $3
*** HOLE CARDS ***
mdif: raises $3 to $6
biber0: raises $3 to $9
mdif: calls $3
*** FLOP *** [2h Qh Ts]
biber0: checks
mdif: bets $3
biber0: calls $3
*** TURN *** [2h Qh Ts] [8h]
biber0: checks
mdif: bets $6
biber0: calls $6
*** RIVER *** [2h Qh Ts 8h] [2c]
biber0: checks
mdif: bets $6
biber0: folds
Uncalled bet ($6) returned to mdif
mdif collected $35.50 from pot
mdif: doesn't show hand
*** SUMMARY ***
Total pot $36 | Rake $0.50
Board [2h Qh Ts 8h 2c]
Seat 1: biber0 (big blind) folded on the River
Seat 2: mdif (button) (small blind) collected ($35.50)


PokerStars Hand #148417052418:  Hold'em Limit ($3/$6 USD) - 2016/02/07 17:00:25 ET
Table 'Stavropolis II' 2-max Seat #1 is the button
Seat 1: biber0 ($24.64 in chips)
Seat 2: mdif ($174.29 in chips)
biber0: posts small blind $1
mdif: posts big blind $3
*** HOLE CARDS ***
biber0: calls $2
mdif: checks
*** FLOP *** [Qc 5h Jc]
mdif: bets $3
biber0: calls $3
*** TURN *** [Qc 5h Jc] [3c]
mdif: checks
biber0: checks
*** RIVER *** [Qc 5h Jc 3c] [Ts]
mdif: checks
biber0: bets $6
mdif: folds
Uncalled bet ($6) returned to biber0
biber0 collected $11.76 from pot
biber0: doesn't show hand
*** SUMMARY ***
Total pot $12 | Rake $0.24
Board [Qc 5h Jc 3c Ts]
Seat 1: biber0 (button) (small blind) collected ($11.76)
Seat 2: mdif (big blind) folded on the River


PokerStars Hand #148417068650:  Hold'em Limit ($3/$6 USD) - 2016/02/07 17:00:44 ET
Table 'Stavropolis II' 2-max Seat #2 is the button
Seat 1: biber0 ($30.40 in chips)
Seat 2: mdif ($168.29 in chips)
mdif: posts small blind $1
biber0: posts big blind $3
*** HOLE CARDS ***
mdif: raises $3 to $6
biber0: calls $3
*** FLOP *** [Th 6h 8d]
biber0: checks
mdif: bets $3
biber0: calls $3
*** TURN *** [Th 6h 8d] [Jc]
biber0: checks
mdif: checks
*** RIVER *** [Th 6h 8d Jc] [9c]
biber0: bets $6
mdif: raises $6 to $12
biber0: calls $6
*** SHOW DOWN ***
mdif: shows [Qs Kc] (a straight, Nine to King)
biber0: mucks hand
mdif collected $41.50 from pot
*** SUMMARY ***
Total pot $42 | Rake $0.50
Board [Th 6h 8d Jc 9c]
Seat 1: biber0 (big blind) mucked
Seat 2: mdif (button) (small blind) showed [Qs Kc] and won ($41.50) with a straight, Nine to King


PokerStars Hand #148417087211:  Hold'em Limit ($3/$6 USD) - 2016/02/07 17:01:05 ET
Table 'Stavropolis II' 2-max Seat #1 is the button
Seat 1: biber0 ($9.40 in chips)
Seat 2: mdif ($188.79 in chips)
biber0: posts small blind $1
mdif: posts big blind $3
*** HOLE CARDS ***
biber0: raises $3 to $6
mdif: calls $3
*** FLOP *** [8s 5d 4s]
mdif: checks
biber0: bets $3
mdif: folds
Uncalled bet ($3) returned to biber0
biber0 collected $11.76 from pot
biber0: doesn't show hand
*** SUMMARY ***
Total pot $12 | Rake $0.24
Board [8s 5d 4s]
Seat 1: biber0 (button) (small blind) collected ($11.76)
Seat 2: mdif (big blind) folded on the Flop


PokerStars Hand #148417105113:  Hold'em Limit ($3/$6 USD) - 2016/02/07 17:01:23 ET
Table 'Stavropolis II' 2-max Seat #2 is the button
Seat 1: biber0 ($15.16 in chips)
Seat 2: mdif ($182.79 in chips)
mdif: posts small blind $1
biber0: posts big blind $3
*** HOLE CARDS ***
mdif: folds
Uncalled bet ($2) returned to biber0
biber0 collected $2 from pot
biber0: doesn't show hand
*** SUMMARY ***
Total pot $2 | Rake $0
Seat 1: biber0 (big blind) collected ($2)
Seat 2: mdif (button) (small blind) folded before Flop


PokerStars Hand #148417110134:  Hold'em Limit ($3/$6 USD) - 2016/02/07 17:01:28 ET
Table 'Stavropolis II' 2-max Seat #1 is the button
Seat 1: biber0 ($16.16 in chips)
Seat 2: mdif ($181.79 in chips)
biber0: posts small blind $1
mdif: posts big blind $3
*** HOLE CARDS ***
biber0: raises $3 to $6
mdif: calls $3
*** FLOP *** [Ad 3d Js]
mdif: checks
biber0: bets $3
mdif: calls $3
*** TURN *** [Ad 3d Js] [Kc]
mdif: bets $6
biber0: raises $1.16 to $7.16 and is all-in
mdif: calls $1.16
*** RIVER *** [Ad 3d Js Kc] [5d]
*** SHOW DOWN ***
mdif: shows [9c Kh] (a pair of Kings)
biber0: shows [3c 5c] (two pair, Fives and Threes)
biber0 collected $31.82 from pot
*** SUMMARY ***
Total pot $32.32 | Rake $0.50
Board [Ad 3d Js Kc 5d]
Seat 1: biber0 (button) (small blind) showed [3c 5c] and won ($31.82) with two pair, Fives and Threes
Seat 2: mdif (big blind) showed [9c Kh] and lost with a pair of Kings


PokerStars Hand #148417137362:  Hold'em Limit ($3/$6 USD) - 2016/02/07 17:01:54 ET
Table 'Stavropolis II' 2-max Seat #2 is the button
Seat 1: biber0 ($31.82 in chips)
Seat 2: mdif ($165.63 in chips)
mdif: posts small blind $1
biber0: posts big blind $3
*** HOLE CARDS ***
mdif: folds
Uncalled bet ($2) returned to biber0
biber0 collected $2 from pot
biber0: doesn't show hand
*** SUMMARY ***
Total pot $2 | Rake $0
Seat 1: biber0 (big blind) collected ($2)
Seat 2: mdif (button) (small blind) folded before Flop


PokerStars Hand #148417163455:  Hold'em Limit ($3/$6 USD) - 2016/02/07 17:02:18 ET
Table 'Stavropolis II' 2-max Seat #2 is the button
Seat 1: biber0 ($41.46 in chips)
Seat 2: mdif ($155.63 in chips)
mdif: posts small blind $1
biber0: posts big blind $3
*** HOLE CARDS ***
mdif: raises $3 to $6
biber0: raises $3 to $9
mdif: calls $3
*** FLOP *** [Th Js Kd]
biber0: bets $3
mdif: calls $3
*** TURN *** [Th Js Kd] [8d]
biber0: bets $6
mdif: calls $6
*** RIVER *** [Th Js Kd 8d] [8c]
biber0: bets $6
mdif: calls $6
*** SHOW DOWN ***
biber0: shows [Ks Qd] (two pair, Kings and Eights)
mdif: mucks hand
biber0 collected $47.50 from pot
*** SUMMARY ***
Total pot $48 | Rake $0.50
Board [Th Js Kd 8d 8c]
Seat 1: biber0 (big blind) showed [Ks Qd] and won ($47.50) with two pair, Kings and Eights
Seat 2: mdif (button) (small blind) mucked


PokerStars Hand #148417185933:  Hold'em Limit ($3/$6 USD) - 2016/02/07 17:02:38 ET
Table 'Stavropolis II' 2-max Seat #1 is the button
Seat 1: biber0 ($64.96 in chips)
Seat 2: mdif ($131.63 in chips)
biber0: posts small blind $1
mdif: posts big blind $3
*** HOLE CARDS ***
biber0: raises $3 to $6
mdif: calls $3
*** FLOP *** [Qc 8s Ks]
mdif: checks
biber0: bets $3
mdif: folds
Uncalled bet ($3) returned to biber0
biber0 collected $11.76 from pot
biber0: doesn't show hand
*** SUMMARY ***
Total pot $12 | Rake $0.24
Board [Qc 8s Ks]
Seat 1: biber0 (button) (small blind) collected ($11.76)
Seat 2: mdif (big blind) folded on the Flop


PokerStars Hand #148417142409:  Hold'em Limit ($3/$6 USD) - 2016/02/07 17:01:59 ET
Table 'Stavropolis II' 2-max Seat #1 is the button
Seat 1: biber0 ($32.82 in chips)
Seat 2: mdif ($164.63 in chips)
biber0: posts small blind $1
mdif: posts big blind $3
*** HOLE CARDS ***
biber0: raises $3 to $6
mdif: calls $3
*** FLOP *** [Td Jd 8h]
mdif: checks
biber0: bets $3
mdif: calls $3
*** TURN *** [Td Jd 8h] [9c]
mdif: checks
biber0: bets $6
mdif: folds
Uncalled bet ($6) returned to biber0
biber0 collected $17.64 from pot
biber0: doesn't show hand
*** SUMMARY ***
Total pot $18 | Rake $0.36
Board [Td Jd 8h 9c]
Seat 1: biber0 (button) (small blind) collected ($17.64)
Seat 2: mdif (big blind) folded on the Turn


PokerStars Hand #148417198492:  Hold'em Limit ($3/$6 USD) - 2016/02/07 17:02:50 ET
Table 'Stavropolis II' 2-max Seat #2 is the button
Seat 1: biber0 ($70.72 in chips)
Seat 2: mdif ($125.63 in chips)
mdif: posts small blind $1
biber0: posts big blind $3
*** HOLE CARDS ***
mdif: raises $3 to $6
biber0: raises $3 to $9
mdif: calls $3
*** FLOP *** [3c Jd 6c]
biber0: bets $3
mdif: calls $3
*** TURN *** [3c Jd 6c] [Ks]
biber0: bets $6
mdif: folds
Uncalled bet ($6) returned to biber0
biber0 collected $23.52 from pot
biber0: doesn't show hand
*** SUMMARY ***
Total pot $24 | Rake $0.48
Board [3c Jd 6c Ks]
Seat 1: biber0 (big blind) collected ($23.52)
Seat 2: mdif (button) (small blind) folded on the Turn


