PokerStars Hand #174452894513:  Hold'em Limit ($3/$6 USD) - 2017/08/17 13:57:08 ET
Table 'Stavropolis' 10-max Seat #5 is the button
Seat 4: Embether ($102 in chips)
Seat 5: loptuktik ($56.70 in chips)
loptuktik: posts small blind $1
Embether: posts big blind $3
*** HOLE CARDS ***
loptuktik: calls $2
Embether: checks
*** FLOP *** [Kc Kd 6c]
Embether: bets $3
loptuktik: raises $3 to $6
Embether: folds
Uncalled bet ($3) returned to loptuktik
loptuktik collected $11.76 from pot
loptuktik: doesn't show hand
*** SUMMARY ***
Total pot $12 | Rake $0.24
Board [Kc Kd 6c]
Seat 4: Embether (big blind) folded on the Flop
Seat 5: loptuktik (button) (small blind) collected ($11.76)


PokerStars Hand #174452884857:  Hold'em Limit ($3/$6 USD) - 2017/08/17 13:56:50 ET
Table 'Stavropolis' 10-max Seat #4 is the button
Seat 4: Embether ($120 in chips)
Seat 5: loptuktik ($39.20 in chips)
Embether: posts small blind $1
loptuktik: posts big blind $3
*** HOLE CARDS ***
Embether: raises $3 to $6
loptuktik: raises $3 to $9
Embether: raises $3 to $12
Betting is capped
loptuktik: calls $3
*** FLOP *** [Qd 5c 3d]
loptuktik: bets $3
Embether: raises $3 to $6
loptuktik: raises $3 to $9
Embether: folds
Uncalled bet ($3) returned to loptuktik
loptuktik collected $35.50 from pot
loptuktik: doesn't show hand
*** SUMMARY ***
Total pot $36 | Rake $0.50
Board [Qd 5c 3d]
Seat 4: Embether (button) (small blind) folded on the Flop
Seat 5: loptuktik (big blind) collected ($35.50)


PokerStars Hand #174452911303:  Hold'em Limit ($3/$6 USD) - 2017/08/17 13:57:39 ET
Table 'Stavropolis' 10-max Seat #4 is the button
Seat 4: Embether ($96 in chips)
Seat 5: loptuktik ($62.46 in chips)
Embether: posts small blind $1
loptuktik: posts big blind $3
*** HOLE CARDS ***
Embether: raises $3 to $6
loptuktik: raises $3 to $9
Embether: raises $3 to $12
Betting is capped
loptuktik: calls $3
*** FLOP *** [Ah 3s 4h]
loptuktik: bets $3
Embether: raises $3 to $6
loptuktik: raises $3 to $9
Embether: raises $3 to $12
Betting is capped
loptuktik: calls $3
*** TURN *** [Ah 3s 4h] [Qd]
loptuktik: bets $6
Embether: raises $6 to $12
loptuktik: raises $6 to $18
Embether: folds
Uncalled bet ($6) returned to loptuktik
loptuktik collected $71.50 from pot
loptuktik: doesn't show hand
Embether leaves the table
*** SUMMARY ***
Total pot $72 | Rake $0.50
Board [Ah 3s 4h Qd]
Seat 4: Embether (button) (small blind) folded on the Turn
Seat 5: loptuktik (big blind) collected ($71.50)


