PokerStars Hand #161102487057:  Hold'em Limit ($3/$6 USD) - 2016/11/08 14:03:43 ET
Table 'Stebbins' 6-max Seat #3 is the button
Seat 3: Zubrik AnD ($323.74 in chips)
Seat 6: kolaz03 ($72 in chips)
Zubrik AnD: posts small blind $1
TinaTurner72: is sitting out
TinaTurner72 leaves the table
kolaz03: posts big blind $3
*** HOLE CARDS ***
Zubrik AnD: raises $3 to $6
kolaz03: raises $3 to $9
Zubrik AnD: calls $3
*** FLOP *** [Kd 8h Th]
kolaz03: bets $3
Zubrik AnD: calls $3
*** TURN *** [Kd 8h Th] [5h]
kolaz03: bets $6
Zubrik AnD: calls $6
*** RIVER *** [Kd 8h Th 5h] [Ad]
kolaz03: checks
Zubrik AnD: checks
*** SHOW DOWN ***
kolaz03: shows [Ts Js] (a pair of Tens)
Zubrik AnD: shows [6c Kc] (a pair of Kings)
Zubrik AnD collected $35.50 from pot
DENKON leaves the table
*** SUMMARY ***
Total pot $36 | Rake $0.50
Board [Kd 8h Th 5h Ad]
Seat 3: Zubrik AnD (button) (small blind) showed [6c Kc] and won ($35.50) with a pair of Kings
Seat 6: kolaz03 (big blind) showed [Ts Js] and lost with a pair of Tens


PokerStars Hand #161102523533:  Hold'em Limit ($3/$6 USD) - 2016/11/08 14:04:21 ET
Table 'Stebbins' 6-max Seat #3 is the button
Seat 3: Zubrik AnD ($361.74 in chips)
Seat 6: kolaz03 ($72 in chips)
Zubrik AnD: posts small blind $1
kolaz03: posts big blind $3
*** HOLE CARDS ***
Zubrik AnD: folds
Uncalled bet ($2) returned to kolaz03
kolaz03 collected $2 from pot
kolaz03: doesn't show hand
*** SUMMARY ***
Total pot $2 | Rake $0
Seat 3: Zubrik AnD (button) (small blind) folded before Flop
Seat 6: kolaz03 (big blind) collected ($2)


PokerStars Hand #161102501278:  Hold'em Limit ($3/$6 USD) - 2016/11/08 14:03:58 ET
Table 'Stebbins' 6-max Seat #6 is the button
Seat 3: Zubrik AnD ($341.24 in chips)
Seat 6: kolaz03 ($72 in chips)
kolaz03: posts small blind $1
Zubrik AnD: posts big blind $3
*** HOLE CARDS ***
kolaz03: raises $3 to $6
Zubrik AnD: calls $3
*** FLOP *** [2d 3c 8c]
Zubasa07 leaves the table
Zubrik AnD: checks
kolaz03: bets $3
Zubrik AnD: calls $3
*** TURN *** [2d 3c 8c] [9s]
Zubrik AnD: checks
kolaz03: bets $6
Zubrik AnD: raises $6 to $12
kolaz03: calls $6
*** RIVER *** [2d 3c 8c 9s] [5s]
Zubrik AnD: bets $6
kolaz03: folds
Uncalled bet ($6) returned to Zubrik AnD
Zubrik AnD collected $41.50 from pot
Zubrik AnD: doesn't show hand
*** SUMMARY ***
Total pot $42 | Rake $0.50
Board [2d 3c 8c 9s 5s]
Seat 3: Zubrik AnD (big blind) collected ($41.50)
Seat 6: kolaz03 (button) (small blind) folded on the River


PokerStars Hand #161102532672:  Hold'em Limit ($3/$6 USD) - 2016/11/08 14:04:31 ET
Table 'Stebbins' 6-max Seat #3 is the button
Seat 3: Zubrik AnD ($361.74 in chips)
Seat 6: kolaz03 ($72 in chips)
Zubrik AnD: posts small blind $1
kolaz03: posts big blind $3
*** HOLE CARDS ***
Zubrik AnD: folds
Uncalled bet ($2) returned to kolaz03
kolaz03 collected $2 from pot
kolaz03: doesn't show hand
*** SUMMARY ***
Total pot $2 | Rake $0
Seat 3: Zubrik AnD (button) (small blind) folded before Flop
Seat 6: kolaz03 (big blind) collected ($2)


PokerStars Hand #161102528615:  Hold'em Limit ($3/$6 USD) - 2016/11/08 14:04:27 ET
Table 'Stebbins' 6-max Seat #6 is the button
Seat 3: Zubrik AnD ($360.74 in chips)
Seat 6: kolaz03 ($73 in chips)
kolaz03: posts small blind $1
Zubrik AnD: posts big blind $3
*** HOLE CARDS ***
kolaz03: folds
Uncalled bet ($2) returned to Zubrik AnD
Zubrik AnD collected $2 from pot
Zubrik AnD: doesn't show hand
*** SUMMARY ***
Total pot $2 | Rake $0
Seat 3: Zubrik AnD (big blind) collected ($2)
Seat 6: kolaz03 (button) (small blind) folded before Flop


PokerStars Hand #161102537136:  Hold'em Limit ($3/$6 USD) - 2016/11/08 14:04:36 ET
Table 'Stebbins' 6-max Seat #6 is the button
Seat 3: Zubrik AnD ($360.74 in chips)
Seat 6: kolaz03 ($73 in chips)
kolaz03: posts small blind $1
Zubrik AnD: posts big blind $3
*** HOLE CARDS ***
kolaz03: raises $3 to $6
Zubrik AnD: calls $3
*** FLOP *** [Ks 6h Qd]
Zubrik AnD: bets $3
kolaz03: calls $3
*** TURN *** [Ks 6h Qd] [4h]
Zubrik AnD: checks
kolaz03: bets $6
Zubrik AnD: folds
Uncalled bet ($6) returned to kolaz03
kolaz03 collected $17.64 from pot
kolaz03: doesn't show hand
*** SUMMARY ***
Total pot $18 | Rake $0.36
Board [Ks 6h Qd 4h]
Seat 3: Zubrik AnD (big blind) folded on the Turn
Seat 6: kolaz03 (button) (small blind) collected ($17.64)


