PokerStars Hand #152851633441:  Hold'em Limit ($3/$6 USD) - 2016/05/04 14:49:18 ET
Table 'Stebbins' 10-max Seat #1 is the button
Seat 1: Zubasa07 ($484 in chips)
Seat 5: mylifeluvsol ($45.50 in chips)
Zubasa07: posts small blind $1
mylifeluvsol: posts big blind $3
*** HOLE CARDS ***
Zubasa07: raises $3 to $6
mylifeluvsol: folds
Uncalled bet ($3) returned to Zubasa07
Zubasa07 collected $6 from pot
Zubasa07: doesn't show hand
*** SUMMARY ***
Total pot $6 | Rake $0
Seat 1: Zubasa07 (button) (small blind) collected ($6)
Seat 5: mylifeluvsol (big blind) folded before Flop


PokerStars Hand #152851607805:  Hold'em Limit ($3/$6 USD) - 2016/05/04 14:48:45 ET
Table 'Stebbins' 10-max Seat #5 is the button
Seat 1: Zubasa07 ($507 in chips)
Seat 5: mylifeluvsol ($23 in chips)
mylifeluvsol: posts small blind $1
Zubasa07: posts big blind $3
*** HOLE CARDS ***
mylifeluvsol: raises $3 to $6
Zubasa07: raises $3 to $9
mylifeluvsol: calls $3
*** FLOP *** [8c 4c 4h]
Zubasa07: bets $3
mylifeluvsol: calls $3
*** TURN *** [8c 4c 4h] [Ad]
Zubasa07: bets $6
mylifeluvsol: raises $5 to $11 and is all-in
Zubasa07: calls $5
*** RIVER *** [8c 4c 4h Ad] [Ah]
*** SHOW DOWN ***
Zubasa07: shows [6c 7c] (two pair, Aces and Fours)
mylifeluvsol: shows [Kh 3h] (two pair, Aces and Fours - King kicker)
mylifeluvsol collected $45.50 from pot
*** SUMMARY ***
Total pot $46 | Rake $0.50
Board [8c 4c 4h Ad Ah]
Seat 1: Zubasa07 (big blind) showed [6c 7c] and lost with two pair, Aces and Fours
Seat 5: mylifeluvsol (button) (small blind) showed [Kh 3h] and won ($45.50) with two pair, Aces and Fours


PokerStars Hand #152851673634:  Hold'em Limit ($3/$6 USD) - 2016/05/04 14:50:09 ET
Table 'Stebbins' 10-max Seat #1 is the button
Seat 1: Zubasa07 ($471 in chips)
Seat 5: mylifeluvsol ($58 in chips)
Zubasa07: posts small blind $1
mylifeluvsol: posts big blind $3
*** HOLE CARDS ***
Zubasa07: raises $3 to $6
mylifeluvsol: calls $3
*** FLOP *** [7h 2c Ac]
mylifeluvsol: folds
Zubasa07 collected $11.76 from pot
Zubasa07: doesn't show hand
*** SUMMARY ***
Total pot $12 | Rake $0.24
Board [7h 2c Ac]
Seat 1: Zubasa07 (button) (small blind) collected ($11.76)
Seat 5: mylifeluvsol (big blind) folded on the Flop


PokerStars Hand #152851669878:  Hold'em Limit ($3/$6 USD) - 2016/05/04 14:50:04 ET
Table 'Stebbins' 10-max Seat #5 is the button
Seat 1: Zubasa07 ($470 in chips)
Seat 5: mylifeluvsol ($59 in chips)
mylifeluvsol: posts small blind $1
Zubasa07: posts big blind $3
*** HOLE CARDS ***
mylifeluvsol: folds
Uncalled bet ($2) returned to Zubasa07
Zubasa07 collected $2 from pot
Zubasa07: doesn't show hand
*** SUMMARY ***
Total pot $2 | Rake $0
Seat 1: Zubasa07 (big blind) collected ($2)
Seat 5: mylifeluvsol (button) (small blind) folded before Flop


PokerStars Hand #152851642963:  Hold'em Limit ($3/$6 USD) - 2016/05/04 14:49:30 ET
Table 'Stebbins' 10-max Seat #1 is the button
Seat 1: Zubasa07 ($488 in chips)
Seat 5: mylifeluvsol ($41.50 in chips)
Zubasa07: posts small blind $1
mylifeluvsol: posts big blind $3
*** HOLE CARDS ***
Zubasa07: raises $3 to $6
mylifeluvsol: raises $3 to $9
Zubasa07: calls $3
*** FLOP *** [Qc Ah Js]
mylifeluvsol: bets $3
Zubasa07: calls $3
*** TURN *** [Qc Ah Js] [8c]
mylifeluvsol: bets $6
Zubasa07: calls $6
*** RIVER *** [Qc Ah Js 8c] [7c]
mylifeluvsol: checks
Zubasa07: checks
*** SHOW DOWN ***
mylifeluvsol: shows [9d 9c] (a pair of Nines)
Zubasa07: mucks hand
mylifeluvsol collected $35.50 from pot
*** SUMMARY ***
Total pot $36 | Rake $0.50
Board [Qc Ah Js 8c 7c]
Seat 1: Zubasa07 (button) (small blind) mucked
Seat 5: mylifeluvsol (big blind) showed [9d 9c] and won ($35.50) with a pair of Nines


PokerStars Hand #152851639124:  Hold'em Limit ($3/$6 USD) - 2016/05/04 14:49:25 ET
Table 'Stebbins' 10-max Seat #5 is the button
Seat 1: Zubasa07 ($487 in chips)
Seat 5: mylifeluvsol ($42.50 in chips)
mylifeluvsol: posts small blind $1
Zubasa07: posts big blind $3
*** HOLE CARDS ***
mylifeluvsol: folds
Uncalled bet ($2) returned to Zubasa07
Zubasa07 collected $2 from pot
Zubasa07: doesn't show hand
*** SUMMARY ***
Total pot $2 | Rake $0
Seat 1: Zubasa07 (big blind) collected ($2)
Seat 5: mylifeluvsol (button) (small blind) folded before Flop


PokerStars Hand #152851707094:  Hold'em Limit ($3/$6 USD) - 2016/05/04 14:50:51 ET
Table 'Stebbins' 10-max Seat #1 is the button
Seat 1: Zubasa07 ($477.76 in chips)
Seat 5: mylifeluvsol ($30 in chips)
Zubasa07: posts small blind $1
mylifeluvsol: posts big blind $3
*** HOLE CARDS ***
Zubasa07: folds
Uncalled bet ($2) returned to mylifeluvsol
mylifeluvsol collected $2 from pot
mylifeluvsol: doesn't show hand
*** SUMMARY ***
Total pot $2 | Rake $0
Seat 1: Zubasa07 (button) (small blind) folded before Flop
Seat 5: mylifeluvsol (big blind) collected ($2)


PokerStars Hand #152851683797:  Hold'em Limit ($3/$6 USD) - 2016/05/04 14:50:22 ET
Table 'Stebbins' 10-max Seat #5 is the button
Seat 1: Zubasa07 ($476.76 in chips)
Seat 5: mylifeluvsol ($52 in chips)
mylifeluvsol: posts small blind $1
Zubasa07: posts big blind $3
*** HOLE CARDS ***
mylifeluvsol: folds
Uncalled bet ($2) returned to Zubasa07
mylifeluvsol leaves the table
Zubasa07 collected $2 from pot
Zubasa07: doesn't show hand
*** SUMMARY ***
Total pot $2 | Rake $0
Seat 1: Zubasa07 (big blind) collected ($2)
Seat 5: mylifeluvsol (button) (small blind) folded before Flop


PokerStars Hand #152851715404:  Hold'em Limit ($3/$6 USD) - 2016/05/04 14:51:02 ET
Table 'Stebbins' 10-max Seat #5 is the button
Seat 1: Zubasa07 ($476.76 in chips)
Seat 5: mylifeluvsol ($31 in chips)
mylifeluvsol: posts small blind $1
Zubasa07: posts big blind $3
*** HOLE CARDS ***
mylifeluvsol: raises $3 to $6
Zubasa07: calls $3
*** FLOP *** [4c 6h 3c]
Zubasa07: checks
mylifeluvsol: checks
*** TURN *** [4c 6h 3c] [3d]
Zubasa07: bets $6
mylifeluvsol: calls $6
*** RIVER *** [4c 6h 3c 3d] [8h]
Zubasa07: checks
mylifeluvsol: bets $6
Zubasa07: folds
Uncalled bet ($6) returned to mylifeluvsol
mylifeluvsol collected $23.52 from pot
mylifeluvsol: doesn't show hand
*** SUMMARY ***
Total pot $24 | Rake $0.48
Board [4c 6h 3c 3d 8h]
Seat 1: Zubasa07 (big blind) folded on the River
Seat 5: mylifeluvsol (button) (small blind) collected ($23.52)


PokerStars Hand #152851795823:  Hold'em Limit ($3/$6 USD) - 2016/05/04 14:52:44 ET
Table 'Stebbins' 10-max Seat #1 is the button
Seat 1: Zubasa07 ($441.76 in chips)
Seat 5: mylifeluvsol ($65.02 in chips)
Zubasa07: posts small blind $1
mylifeluvsol: posts big blind $3
*** HOLE CARDS ***
Zubasa07: raises $3 to $6
mylifeluvsol: calls $3
*** FLOP *** [Js Ts 6c]
mylifeluvsol: checks
Zubasa07: bets $3
mylifeluvsol: raises $3 to $6
Zubasa07: folds
Uncalled bet ($3) returned to mylifeluvsol
mylifeluvsol collected $17.64 from pot
mylifeluvsol: doesn't show hand
*** SUMMARY ***
Total pot $18 | Rake $0.36
Board [Js Ts 6c]
Seat 1: Zubasa07 (button) (small blind) folded on the Flop
Seat 5: mylifeluvsol (big blind) collected ($17.64)


PokerStars Hand #152851791892:  Hold'em Limit ($3/$6 USD) - 2016/05/04 14:52:39 ET
Table 'Stebbins' 10-max Seat #5 is the button
Seat 1: Zubasa07 ($440.76 in chips)
Seat 5: mylifeluvsol ($66.02 in chips)
mylifeluvsol: posts small blind $1
Zubasa07: posts big blind $3
*** HOLE CARDS ***
mylifeluvsol: folds
Uncalled bet ($2) returned to Zubasa07
Zubasa07 collected $2 from pot
Zubasa07: doesn't show hand
*** SUMMARY ***
Total pot $2 | Rake $0
Seat 1: Zubasa07 (big blind) collected ($2)
Seat 5: mylifeluvsol (button) (small blind) folded before Flop


PokerStars Hand #152851749235:  Hold'em Limit ($3/$6 USD) - 2016/05/04 14:51:45 ET
Table 'Stebbins' 10-max Seat #1 is the button
Seat 1: Zubasa07 ($464.76 in chips)
Seat 5: mylifeluvsol ($42.52 in chips)
Zubasa07: posts small blind $1
mylifeluvsol: posts big blind $3
*** HOLE CARDS ***
Zubasa07: raises $3 to $6
mylifeluvsol: calls $3
*** FLOP *** [6c 8d 2c]
mylifeluvsol: checks
Zubasa07: bets $3
mylifeluvsol: raises $3 to $6
Zubasa07: calls $3
*** TURN *** [6c 8d 2c] [4h]
mylifeluvsol: bets $6
Zubasa07: calls $6
*** RIVER *** [6c 8d 2c 4h] [7h]
mylifeluvsol: bets $6
Zubasa07: calls $6
*** SHOW DOWN ***
mylifeluvsol: shows [5s 8s] (a straight, Four to Eight)
Zubasa07: mucks hand
mylifeluvsol collected $47.50 from pot
*** SUMMARY ***
Total pot $48 | Rake $0.50
Board [6c 8d 2c 4h 7h]
Seat 1: Zubasa07 (button) (small blind) mucked
Seat 5: mylifeluvsol (big blind) showed [5s 8s] and won ($47.50) with a straight, Four to Eight


