PokerStars Hand #145955158865:  Hold'em Limit ($3/$6 USD) - 2015/12/26 13:16:07 ET
Table 'Steina' 6-max Seat #4 is the button
Seat 1: Bouloux ($128.50 in chips)
Seat 4: BuzovaPro ($77.88 in chips)
BuzovaPro: posts small blind $1
Bouloux: posts big blind $3
*** HOLE CARDS ***
BuzovaPro: folds
Uncalled bet ($2) returned to Bouloux
Bouloux collected $2 from pot
Bouloux: doesn't show hand
*** SUMMARY ***
Total pot $2 | Rake $0
Seat 1: Bouloux (big blind) collected ($2)
Seat 4: BuzovaPro (button) (small blind) folded before Flop


PokerStars Hand #145955143610:  Hold'em Limit ($3/$6 USD) - 2015/12/26 13:15:51 ET
Table 'Steina' 6-max Seat #1 is the button
Seat 1: Bouloux ($131.50 in chips)
Seat 4: BuzovaPro ($75 in chips)
Bouloux: posts small blind $1
BuzovaPro: posts big blind $3
*** HOLE CARDS ***
Bouloux: calls $2
BuzovaPro: checks
*** FLOP *** [3h Qd Qc]
BuzovaPro: bets $3
Bouloux: folds
Uncalled bet ($3) returned to BuzovaPro
BuzovaPro collected $5.88 from pot
BuzovaPro: doesn't show hand
*** SUMMARY ***
Total pot $6 | Rake $0.12
Board [3h Qd Qc]
Seat 1: Bouloux (button) (small blind) folded on the Flop
Seat 4: BuzovaPro (big blind) collected ($5.88)


PokerStars Hand #145955137790:  Hold'em Limit ($3/$6 USD) - 2015/12/26 13:15:45 ET
Table 'Steina' 6-max Seat #4 is the button
Seat 1: Bouloux ($134.50 in chips)
Seat 4: BuzovaPro ($72 in chips)
BuzovaPro: posts small blind $1
Bouloux: posts big blind $3
*** HOLE CARDS ***
BuzovaPro: raises $3 to $6
Bouloux: folds
Uncalled bet ($3) returned to BuzovaPro
BuzovaPro collected $6 from pot
BuzovaPro: doesn't show hand
*** SUMMARY ***
Total pot $6 | Rake $0
Seat 1: Bouloux (big blind) folded before Flop
Seat 4: BuzovaPro (button) (small blind) collected ($6)


PokerStars Hand #145955110820:  Hold'em Limit ($3/$6 USD) - 2015/12/26 13:15:17 ET
Table 'Steina' 6-max Seat #1 is the button
Seat 1: Bouloux ($120 in chips)
Seat 4: BuzovaPro ($72 in chips)
Bouloux: posts small blind $1
BuzovaPro: posts big blind $3
*** HOLE CARDS ***
Bouloux: calls $2
BuzovaPro: raises $3 to $6
Bouloux: calls $3
*** FLOP *** [7d Th Kc]
BuzovaPro: bets $3
Bouloux: calls $3
*** TURN *** [7d Th Kc] [8c]
BuzovaPro: bets $6
Bouloux: calls $6
*** RIVER *** [7d Th Kc 8c] [5d]
BuzovaPro: checks
Bouloux: checks
*** SHOW DOWN ***
BuzovaPro: shows [Ah Qh] (high card Ace)
Bouloux: shows [Js 7h] (a pair of Sevens)
Bouloux collected $29.50 from pot
*** SUMMARY ***
Total pot $30 | Rake $0.50
Board [7d Th Kc 8c 5d]
Seat 1: Bouloux (button) (small blind) showed [Js 7h] and won ($29.50) with a pair of Sevens
Seat 4: BuzovaPro (big blind) showed [Ah Qh] and lost with high card Ace


PokerStars Hand #145955195459:  Hold'em Limit ($3/$6 USD) - 2015/12/26 13:16:46 ET
Table 'Steina' 6-max Seat #1 is the button
Seat 1: Bouloux ($112.50 in chips)
Seat 4: BuzovaPro ($93.38 in chips)
Bouloux: posts small blind $1
BuzovaPro: posts big blind $3
*** HOLE CARDS ***
Bouloux: folds
Uncalled bet ($2) returned to BuzovaPro
BuzovaPro collected $2 from pot
BuzovaPro: doesn't show hand
*** SUMMARY ***
Total pot $2 | Rake $0
Seat 1: Bouloux (button) (small blind) folded before Flop
Seat 4: BuzovaPro (big blind) collected ($2)


PokerStars Hand #145955181841:  Hold'em Limit ($3/$6 USD) - 2015/12/26 13:16:31 ET
Table 'Steina' 6-max Seat #4 is the button
Seat 1: Bouloux ($111.50 in chips)
Seat 4: BuzovaPro ($94.38 in chips)
BuzovaPro: posts small blind $1
Bouloux: posts big blind $3
*** HOLE CARDS ***
BuzovaPro: folds
Uncalled bet ($2) returned to Bouloux
Bouloux collected $2 from pot
Bouloux: doesn't show hand
*** SUMMARY ***
Total pot $2 | Rake $0
Seat 1: Bouloux (big blind) collected ($2)
Seat 4: BuzovaPro (button) (small blind) folded before Flop


PokerStars Hand #145955164086:  Hold'em Limit ($3/$6 USD) - 2015/12/26 13:16:13 ET
Table 'Steina' 6-max Seat #1 is the button
Seat 1: Bouloux ($129.50 in chips)
Seat 4: BuzovaPro ($76.88 in chips)
Bouloux: posts small blind $1
BuzovaPro: posts big blind $3
*** HOLE CARDS ***
Bouloux: calls $2
BuzovaPro: checks
*** FLOP *** [9c 6s Qs]
BuzovaPro: bets $3
Bouloux: calls $3
*** TURN *** [9c 6s Qs] [6d]
BuzovaPro: bets $6
Bouloux: calls $6
*** RIVER *** [9c 6s Qs 6d] [4h]
BuzovaPro: bets $6
Bouloux: calls $6
*** SHOW DOWN ***
BuzovaPro: shows [Qh 5s] (two pair, Queens and Sixes)
Bouloux: mucks hand
BuzovaPro collected $35.50 from pot
*** SUMMARY ***
Total pot $36 | Rake $0.50
Board [9c 6s Qs 6d 4h]
Seat 1: Bouloux (button) (small blind) mucked
Seat 4: BuzovaPro (big blind) showed [Qh 5s] and won ($35.50) with two pair, Queens and Sixes


PokerStars Hand #145955273285:  Hold'em Limit ($3/$6 USD) - 2015/12/26 13:18:08 ET
Table 'Steina' 6-max Seat #4 is the button
Seat 1: Bouloux ($114.13 in chips)
Seat 4: BuzovaPro ($91.13 in chips)
BuzovaPro: posts small blind $1
Bouloux: posts big blind $3
*** HOLE CARDS ***
BuzovaPro: folds
Uncalled bet ($2) returned to Bouloux
Bouloux collected $2 from pot
Bouloux: doesn't show hand
*** SUMMARY ***
Total pot $2 | Rake $0
Seat 1: Bouloux (big blind) collected ($2)
Seat 4: BuzovaPro (button) (small blind) folded before Flop


PokerStars Hand #145955248882:  Hold'em Limit ($3/$6 USD) - 2015/12/26 13:17:42 ET
Table 'Steina' 6-max Seat #1 is the button
Seat 1: Bouloux ($111.25 in chips)
Seat 4: BuzovaPro ($94.13 in chips)
Bouloux: posts small blind $1
BuzovaPro: posts big blind $3
*** HOLE CARDS ***
Bouloux: calls $2
BuzovaPro: checks
*** FLOP *** [Qs 2h Ah]
BuzovaPro: checks
Bouloux: bets $3
BuzovaPro: folds
Uncalled bet ($3) returned to Bouloux
Bouloux collected $5.88 from pot
Bouloux: doesn't show hand
*** SUMMARY ***
Total pot $6 | Rake $0.12
Board [Qs 2h Ah]
Seat 1: Bouloux (button) (small blind) collected ($5.88)
Seat 4: BuzovaPro (big blind) folded on the Flop


PokerStars Hand #145955200096:  Hold'em Limit ($3/$6 USD) - 2015/12/26 13:16:51 ET
Table 'Steina' 6-max Seat #4 is the button
Seat 1: Bouloux ($111.50 in chips)
Seat 4: BuzovaPro ($94.38 in chips)
BuzovaPro: posts small blind $1
Bouloux: posts big blind $3
*** HOLE CARDS ***
BuzovaPro: calls $2
Bouloux: checks
*** FLOP *** [4c 9s 6c]
Bouloux: bets $3
BuzovaPro: raises $3 to $6
Bouloux: calls $3
*** TURN *** [4c 9s 6c] [Kc]
Bouloux: checks
BuzovaPro: bets $6
Bouloux: calls $6
*** RIVER *** [4c 9s 6c Kc] [Ks]
Bouloux: bets $6
BuzovaPro: raises $6 to $12
Bouloux: raises $6 to $18
BuzovaPro: raises $6 to $24
Betting is capped
Bouloux: calls $6
*** SHOW DOWN ***
BuzovaPro: shows [Kd 4h] (a full house, Kings full of Fours)
Bouloux: shows [Kh 4s] (a full house, Kings full of Fours)
Bouloux collected $38.75 from pot
BuzovaPro collected $38.75 from pot
*** SUMMARY ***
Total pot $78 | Rake $0.50
Board [4c 9s 6c Kc Ks]
Seat 1: Bouloux (big blind) showed [Kh 4s] and won ($38.75) with a full house, Kings full of Fours
Seat 4: BuzovaPro (button) (small blind) showed [Kd 4h] and won ($38.75) with a full house, Kings full of Fours


PokerStars Hand #145955316511:  Hold'em Limit ($3/$6 USD) - 2015/12/26 13:18:53 ET
Table 'Steina' 6-max Seat #4 is the button
Seat 1: Bouloux ($122.77 in chips)
Seat 4: BuzovaPro ($82.13 in chips)
BuzovaPro: posts small blind $1
Bouloux: posts big blind $3
*** HOLE CARDS ***
BuzovaPro: raises $3 to $6
Bouloux: calls $3
*** FLOP *** [4d Ah Ad]
Bouloux: bets $3
BuzovaPro: calls $3
*** TURN *** [4d Ah Ad] [9s]
Bouloux: checks
BuzovaPro: bets $6
Bouloux: folds
Uncalled bet ($6) returned to BuzovaPro
BuzovaPro collected $17.64 from pot
BuzovaPro: doesn't show hand
*** SUMMARY ***
Total pot $18 | Rake $0.36
Board [4d Ah Ad 9s]
Seat 1: Bouloux (big blind) folded on the Turn
Seat 4: BuzovaPro (button) (small blind) collected ($17.64)


PokerStars Hand #145955312225:  Hold'em Limit ($3/$6 USD) - 2015/12/26 13:18:49 ET
Table 'Steina' 6-max Seat #1 is the button
Seat 1: Bouloux ($123.77 in chips)
Seat 4: BuzovaPro ($81.13 in chips)
Bouloux: posts small blind $1
BuzovaPro: posts big blind $3
*** HOLE CARDS ***
Bouloux: folds
Uncalled bet ($2) returned to BuzovaPro
BuzovaPro collected $2 from pot
BuzovaPro: doesn't show hand
*** SUMMARY ***
Total pot $2 | Rake $0
Seat 1: Bouloux (button) (small blind) folded before Flop
Seat 4: BuzovaPro (big blind) collected ($2)


PokerStars Hand #145955299927:  Hold'em Limit ($3/$6 USD) - 2015/12/26 13:18:36 ET
Table 'Steina' 6-max Seat #4 is the button
Seat 1: Bouloux ($118.01 in chips)
Seat 4: BuzovaPro ($87.13 in chips)
BuzovaPro: posts small blind $1
Bouloux: posts big blind $3
*** HOLE CARDS ***
BuzovaPro: raises $3 to $6
Bouloux: calls $3
*** FLOP *** [2h 7h 2c]
Bouloux: bets $3
BuzovaPro: folds
Uncalled bet ($3) returned to Bouloux
Bouloux collected $11.76 from pot
Bouloux: doesn't show hand
*** SUMMARY ***
Total pot $12 | Rake $0.24
Board [2h 7h 2c]
Seat 1: Bouloux (big blind) collected ($11.76)
Seat 4: BuzovaPro (button) (small blind) folded on the Flop


PokerStars Hand #145955279171:  Hold'em Limit ($3/$6 USD) - 2015/12/26 13:18:14 ET
Table 'Steina' 6-max Seat #1 is the button
Seat 1: Bouloux ($115.13 in chips)
Seat 4: BuzovaPro ($90.13 in chips)
Bouloux: posts small blind $1
BuzovaPro: posts big blind $3
*** HOLE CARDS ***
Bouloux: calls $2
BuzovaPro: checks
*** FLOP *** [Ad 2d 2h]
BuzovaPro: checks
Bouloux: bets $3
BuzovaPro: folds
Uncalled bet ($3) returned to Bouloux
Bouloux collected $5.88 from pot
Bouloux: doesn't show hand
*** SUMMARY ***
Total pot $6 | Rake $0.12
Board [Ad 2d 2h]
Seat 1: Bouloux (button) (small blind) collected ($5.88)
Seat 4: BuzovaPro (big blind) folded on the Flop


PokerStars Hand #145955354493:  Hold'em Limit ($3/$6 USD) - 2015/12/26 13:19:33 ET
Table 'Steina' 6-max Seat #4 is the button
Seat 1: Bouloux ($125.29 in chips)
Seat 4: BuzovaPro ($78.77 in chips)
BuzovaPro: posts small blind $1
Bouloux: posts big blind $3
*** HOLE CARDS ***
BuzovaPro: raises $3 to $6
Bouloux: calls $3
*** FLOP *** [6c 3h Kd]
Bouloux: checks
BuzovaPro: bets $3
Bouloux: calls $3
*** TURN *** [6c 3h Kd] [5h]
Bouloux: checks
BuzovaPro: bets $6
Bouloux: calls $6
*** RIVER *** [6c 3h Kd 5h] [Tc]
Bouloux: checks
BuzovaPro: checks
*** SHOW DOWN ***
Bouloux: shows [Kh 4h] (a pair of Kings)
BuzovaPro: mucks hand
Bouloux collected $29.50 from pot
*** SUMMARY ***
Total pot $30 | Rake $0.50
Board [6c 3h Kd 5h Tc]
Seat 1: Bouloux (big blind) showed [Kh 4h] and won ($29.50) with a pair of Kings
Seat 4: BuzovaPro (button) (small blind) mucked


PokerStars Hand #145955332025:  Hold'em Limit ($3/$6 USD) - 2015/12/26 13:19:10 ET
Table 'Steina' 6-max Seat #1 is the button
Seat 1: Bouloux ($113.77 in chips)
Seat 4: BuzovaPro ($90.77 in chips)
Bouloux: posts small blind $1
BuzovaPro: posts big blind $3
*** HOLE CARDS ***
Bouloux: calls $2
BuzovaPro: checks
*** FLOP *** [5c Jh Kc]
BuzovaPro: bets $3
Bouloux: calls $3
*** TURN *** [5c Jh Kc] [4c]
BuzovaPro: checks
Bouloux: bets $6
BuzovaPro: calls $6
*** RIVER *** [5c Jh Kc 4c] [6h]
BuzovaPro: checks
Kajind joins the table at seat #2
Bouloux: checks
*** SHOW DOWN ***
BuzovaPro: shows [2h 5h] (a pair of Fives)
Bouloux: shows [8c Jd] (a pair of Jacks)
Bouloux collected $23.52 from pot
*** SUMMARY ***
Total pot $24 | Rake $0.48
Board [5c Jh Kc 4c 6h]
Seat 1: Bouloux (button) (small blind) showed [8c Jd] and won ($23.52) with a pair of Jacks
Seat 4: BuzovaPro (big blind) showed [2h 5h] and lost with a pair of Fives


PokerStars Hand #145966569914:  Hold'em Limit ($3/$6 USD) - 2015/12/26 16:34:44 ET
Table 'Steina' 6-max Seat #4 is the button
Seat 3: color casino ($86.18 in chips)
Seat 4: vestimokrec ($137.08 in chips)
vestimokrec: posts small blind $1
stronghawk: is sitting out
color casino: posts big blind $3
*** HOLE CARDS ***
vestimokrec: raises $3 to $6
color casino: folds
Uncalled bet ($3) returned to vestimokrec
vestimokrec collected $6 from pot
vestimokrec: doesn't show hand
*** SUMMARY ***
Total pot $6 | Rake $0
Seat 3: color casino (big blind) folded before Flop
Seat 4: vestimokrec (button) (small blind) collected ($6)


PokerStars Hand #145966584786:  Hold'em Limit ($3/$6 USD) - 2015/12/26 16:34:59 ET
Table 'Steina' 6-max Seat #3 is the button
Seat 3: color casino ($83.18 in chips)
Seat 4: vestimokrec ($140.08 in chips)
color casino: posts small blind $1
vestimokrec: posts big blind $3
*** HOLE CARDS ***
color casino: folds
Uncalled bet ($2) returned to vestimokrec
vestimokrec collected $2 from pot
vestimokrec: doesn't show hand
*** SUMMARY ***
Total pot $2 | Rake $0
Seat 3: color casino (button) (small blind) folded before Flop
Seat 4: vestimokrec (big blind) collected ($2)


PokerStars Hand #145968334752:  Hold'em Limit ($3/$6 USD) - 2015/12/26 17:02:56 ET
Table 'Steina' 6-max Seat #1 is the button
Seat 1: Velbor107 ($323.50 in chips)
Seat 5: Jogibärle ($96 in chips)
Velbor107: posts small blind $1
Jogibärle: posts big blind $3
*** HOLE CARDS ***
Velbor107: raises $3 to $6
Jogibärle: calls $3
*** FLOP *** [Js 9d 4c]
Jogibärle: checks
vestimokrec joins the table at seat #6
Velbor107: bets $3
Jogibärle: calls $3
*** TURN *** [Js 9d 4c] [Ad]
Jogibärle: bets $6
Velbor107: calls $6
*** RIVER *** [Js 9d 4c Ad] [5s]
Jogibärle: bets $6
Velbor107: calls $6
*** SHOW DOWN ***
Jogibärle: shows [3c 4h] (a pair of Fours)
Velbor107: shows [6c 9c] (a pair of Nines)
Velbor107 collected $41.50 from pot
*** SUMMARY ***
Total pot $42 | Rake $0.50
Board [Js 9d 4c Ad 5s]
Seat 1: Velbor107 (button) (small blind) showed [6c 9c] and won ($41.50) with a pair of Nines
Seat 5: Jogibärle (big blind) showed [3c 4h] and lost with a pair of Fours


PokerStars Hand #145970492125:  Hold'em Limit ($3/$6 USD) - 2015/12/26 17:39:53 ET
Table 'Steina' 6-max Seat #2 is the button
Seat 2: FaStBluff ($144.34 in chips)
Seat 4: 12groszy666 ($177.96 in chips)
FaStBluff: posts small blind $1
12groszy666: posts big blind $3
*** HOLE CARDS ***
FaStBluff: folds
Uncalled bet ($2) returned to 12groszy666
12groszy666 collected $2 from pot
12groszy666: doesn't show hand
*** SUMMARY ***
Total pot $2 | Rake $0
Seat 2: FaStBluff (button) (small blind) folded before Flop
Seat 4: 12groszy666 (big blind) collected ($2)


PokerStars Hand #145970487268:  Hold'em Limit ($3/$6 USD) - 2015/12/26 17:39:48 ET
Table 'Steina' 6-max Seat #4 is the button
Seat 2: FaStBluff ($147.34 in chips)
Seat 4: 12groszy666 ($174.96 in chips)
12groszy666: posts small blind $1
vestimokrec: is sitting out
FaStBluff: posts big blind $3
*** HOLE CARDS ***
12groszy666: raises $3 to $6
FaStBluff: folds
Uncalled bet ($3) returned to 12groszy666
12groszy666 collected $6 from pot
12groszy666: doesn't show hand
*** SUMMARY ***
Total pot $6 | Rake $0
Seat 2: FaStBluff (big blind) folded before Flop
Seat 4: 12groszy666 (button) (small blind) collected ($6)


PokerStars Hand #145970516395:  Hold'em Limit ($3/$6 USD) - 2015/12/26 17:40:20 ET
Table 'Steina' 6-max Seat #2 is the button
Seat 2: FaStBluff ($160.84 in chips)
Seat 4: 12groszy666 ($160.96 in chips)
FaStBluff: posts small blind $1
12groszy666: posts big blind $3
*** HOLE CARDS ***
FaStBluff: raises $3 to $6
12groszy666: calls $3
*** FLOP *** [Jd Ks Kh]
12groszy666: checks
FaStBluff: bets $3
12groszy666: calls $3
*** TURN *** [Jd Ks Kh] [7h]
12groszy666: checks
FaStBluff: bets $6
korrnel joins the table at seat #6
12groszy666: calls $6
*** RIVER *** [Jd Ks Kh 7h] [2s]
12groszy666: checks
FaStBluff: bets $6
12groszy666: calls $6
*** SHOW DOWN ***
FaStBluff: shows [Kd Jc] (a full house, Kings full of Jacks)
12groszy666: mucks hand
FaStBluff collected $41.50 from pot
*** SUMMARY ***
Total pot $42 | Rake $0.50
Board [Jd Ks Kh 7h 2s]
Seat 2: FaStBluff (button) (small blind) showed [Kd Jc] and won ($41.50) with a full house, Kings full of Jacks
Seat 4: 12groszy666 (big blind) mucked


PokerStars Hand #145970497203:  Hold'em Limit ($3/$6 USD) - 2015/12/26 17:39:58 ET
Table 'Steina' 6-max Seat #4 is the button
Seat 2: FaStBluff ($143.34 in chips)
Seat 4: 12groszy666 ($178.96 in chips)
12groszy666: posts small blind $1
FaStBluff: posts big blind $3
*** HOLE CARDS ***
12groszy666: raises $3 to $6
FaStBluff: raises $3 to $9
vestimokrec leaves the table
12groszy666: calls $3
*** FLOP *** [5s 3s Ts]
FaStBluff: bets $3
12groszy666: calls $3
*** TURN *** [5s 3s Ts] [7h]
FaStBluff: bets $6
12groszy666: calls $6
*** RIVER *** [5s 3s Ts 7h] [6d]
FaStBluff: bets $6
12groszy666: folds
Uncalled bet ($6) returned to FaStBluff
FaStBluff collected $35.50 from pot
FaStBluff: doesn't show hand
*** SUMMARY ***
Total pot $36 | Rake $0.50
Board [5s 3s Ts 7h 6d]
Seat 2: FaStBluff (big blind) collected ($35.50)
Seat 4: 12groszy666 (button) (small blind) folded on the River


PokerStars Hand #145973764166:  Hold'em Limit ($3/$6 USD) - 2015/12/26 18:44:05 ET
Table 'Steina' 6-max Seat #4 is the button
Seat 3: Dok2920 ($204.72 in chips)
Seat 4: SmellyToes4u ($235.71 in chips)
SmellyToes4u: posts small blind $1
Dok2920: posts big blind $3
*** HOLE CARDS ***
SzleziHUN leaves the table
SmellyToes4u: folds
Uncalled bet ($2) returned to Dok2920
Dok2920 collected $2 from pot
*** SUMMARY ***
Total pot $2 | Rake $0
Seat 3: Dok2920 (big blind) collected ($2)
Seat 4: SmellyToes4u (button) (small blind) folded before Flop


PokerStars Hand #145973811815:  Hold'em Limit ($3/$6 USD) - 2015/12/26 18:45:05 ET
Table 'Steina' 6-max Seat #3 is the button
Seat 3: Dok2920 ($173.36 in chips)
Seat 4: SmellyToes4u ($265.73 in chips)
Dok2920: posts small blind $1
SmellyToes4u: posts big blind $3
*** HOLE CARDS ***
Dok2920: raises $3 to $6
SmellyToes4u: raises $3 to $9
Dok2920: calls $3
*** FLOP *** [6d 3s Jc]
SmellyToes4u: bets $3
Dok2920: folds
Uncalled bet ($3) returned to SmellyToes4u
SmellyToes4u collected $17.64 from pot
SmellyToes4u: doesn't show hand
Dok2920 leaves the table
*** SUMMARY ***
Total pot $18 | Rake $0.36
Board [6d 3s Jc]
Seat 3: Dok2920 (button) (small blind) folded on the Flop
Seat 4: SmellyToes4u (big blind) collected ($17.64)


PokerStars Hand #145973801015:  Hold'em Limit ($3/$6 USD) - 2015/12/26 18:44:52 ET
Table 'Steina' 6-max Seat #4 is the button
Seat 3: Dok2920 ($164.72 in chips)
Seat 4: SmellyToes4u ($274.73 in chips)
SmellyToes4u: posts small blind $1
Dok2920: posts big blind $3
*** HOLE CARDS ***
SmellyToes4u: raises $3 to $6
Dok2920: raises $3 to $9
SmellyToes4u: calls $3
*** FLOP *** [3s 5h 8h]
Dok2920: checks
SmellyToes4u: checks
*** TURN *** [3s 5h 8h] [6h]
Dok2920: bets $6
SmellyToes4u: folds
Uncalled bet ($6) returned to Dok2920
Dok2920 collected $17.64 from pot
*** SUMMARY ***
Total pot $18 | Rake $0.36
Board [3s 5h 8h 6h]
Seat 3: Dok2920 (big blind) collected ($17.64)
Seat 4: SmellyToes4u (button) (small blind) folded on the Turn


PokerStars Hand #145973787375:  Hold'em Limit ($3/$6 USD) - 2015/12/26 18:44:34 ET
Table 'Steina' 6-max Seat #3 is the button
Seat 3: Dok2920 ($176.72 in chips)
Seat 4: SmellyToes4u ($263.21 in chips)
Dok2920: posts small blind $1
SmellyToes4u: posts big blind $3
*** HOLE CARDS ***
Dok2920: raises $3 to $6
SmellyToes4u: calls $3
*** FLOP *** [5c 5s 5h]
SmellyToes4u: checks
Dok2920: checks
*** TURN *** [5c 5s 5h] [4s]
SmellyToes4u: bets $6
Dok2920: calls $6
*** RIVER *** [5c 5s 5h 4s] [9h]
SmellyToes4u: bets $6
Dok2920: folds
Uncalled bet ($6) returned to SmellyToes4u
SmellyToes4u collected $23.52 from pot
SmellyToes4u: doesn't show hand
*** SUMMARY ***
Total pot $24 | Rake $0.48
Board [5c 5s 5h 4s 9h]
Seat 3: Dok2920 (button) (small blind) folded on the River
Seat 4: SmellyToes4u (big blind) collected ($23.52)


PokerStars Hand #145973783252:  Hold'em Limit ($3/$6 USD) - 2015/12/26 18:44:29 ET
Table 'Steina' 6-max Seat #4 is the button
Seat 3: Dok2920 ($175.72 in chips)
Seat 4: SmellyToes4u ($264.21 in chips)
SmellyToes4u: posts small blind $1
Dok2920 said, "hahahahahahahaha"
Dok2920: posts big blind $3
*** HOLE CARDS ***
Dok2920 said, "hahhaahahahahah"
SmellyToes4u: folds
Uncalled bet ($2) returned to Dok2920
Dok2920 collected $2 from pot
*** SUMMARY ***
Total pot $2 | Rake $0
Seat 3: Dok2920 (big blind) collected ($2)
Seat 4: SmellyToes4u (button) (small blind) folded before Flop


PokerStars Hand #145973769320:  Hold'em Limit ($3/$6 USD) - 2015/12/26 18:44:11 ET
Table 'Steina' 6-max Seat #3 is the button
Seat 3: Dok2920 ($205.72 in chips)
Seat 4: SmellyToes4u ($234.71 in chips)
Dok2920: posts small blind $1
SmellyToes4u: posts big blind $3
*** HOLE CARDS ***
Dok2920: raises $3 to $6
SmellyToes4u: calls $3
*** FLOP *** [4c 2d 3d]
SmellyToes4u: checks
Dok2920: bets $3
SmellyToes4u: raises $3 to $6
Dok2920: raises $3 to $9
SmellyToes4u: raises $3 to $12
Betting is capped
Dok2920: calls $3
*** TURN *** [4c 2d 3d] [Ks]
SmellyToes4u: bets $6
Dok2920: calls $6
*** RIVER *** [4c 2d 3d Ks] [Qd]
SmellyToes4u: bets $6
Dok2920: calls $6
*** SHOW DOWN ***
SmellyToes4u: shows [2h 4h] (two pair, Fours and Deuces)
Dok2920: mucks hand
SmellyToes4u collected $59.50 from pot
*** SUMMARY ***
Total pot $60 | Rake $0.50
Board [4c 2d 3d Ks Qd]
Seat 3: Dok2920 (button) (small blind) mucked
Seat 4: SmellyToes4u (big blind) showed [2h 4h] and won ($59.50) with two pair, Fours and Deuces


PokerStars Hand #145973894219:  Hold'em Limit ($3/$6 USD) - 2015/12/26 18:46:50 ET
Table 'Steina' 6-max Seat #4 is the button
Seat 3: xwriatis13 ($101.42 in chips)
Seat 4: SmellyToes4u ($274.37 in chips)
SmellyToes4u: posts small blind $1
xwriatis13: posts big blind $3
*** HOLE CARDS ***
SmellyToes4u: raises $3 to $6
xwriatis13: calls $3
*** FLOP *** [6c 8c 6h]
xwriatis13: checks
SmellyToes4u: bets $3
xwriatis13: raises $3 to $6
SmellyToes4u: calls $3
*** TURN *** [6c 8c 6h] [Tc]
xwriatis13: bets $6
SmellyToes4u: calls $6
*** RIVER *** [6c 8c 6h Tc] [Kh]
xwriatis13: bets $6
SmellyToes4u: calls $6
*** SHOW DOWN ***
xwriatis13: shows [Ks Jd] (two pair, Kings and Sixes)
SmellyToes4u: mucks hand
xwriatis13 collected $47.50 from pot
*** SUMMARY ***
Total pot $48 | Rake $0.50
Board [6c 8c 6h Tc Kh]
Seat 3: xwriatis13 (big blind) showed [Ks Jd] and won ($47.50) with two pair, Kings and Sixes
Seat 4: SmellyToes4u (button) (small blind) mucked


PokerStars Hand #145973953752:  Hold'em Limit ($3/$6 USD) - 2015/12/26 18:48:05 ET
Table 'Steina' 6-max Seat #3 is the button
Seat 3: xwriatis13 ($121.56 in chips)
Seat 4: SmellyToes4u ($252.89 in chips)
xwriatis13: posts small blind $1
SmellyToes4u: posts big blind $3
*** HOLE CARDS ***
xwriatis13: raises $3 to $6
SmellyToes4u: calls $3
*** FLOP *** [Td 7s 9c]
SmellyToes4u: checks
xwriatis13: checks
*** TURN *** [Td 7s 9c] [5d]
SmellyToes4u: bets $6
xwriatis13: calls $6
*** RIVER *** [Td 7s 9c 5d] [As]
SmellyToes4u: bets $6
xwriatis13: folds
Uncalled bet ($6) returned to SmellyToes4u
SmellyToes4u collected $23.52 from pot
SmellyToes4u: doesn't show hand
*** SUMMARY ***
Total pot $24 | Rake $0.48
Board [Td 7s 9c 5d As]
Seat 3: xwriatis13 (button) (small blind) folded on the River
Seat 4: SmellyToes4u (big blind) collected ($23.52)


PokerStars Hand #145973932114:  Hold'em Limit ($3/$6 USD) - 2015/12/26 18:47:38 ET
Table 'Steina' 6-max Seat #4 is the button
Seat 3: xwriatis13 ($133.56 in chips)
Seat 4: SmellyToes4u ($241.37 in chips)
SmellyToes4u: posts small blind $1
xwriatis13: posts big blind $3
*** HOLE CARDS ***
SmellyToes4u: raises $3 to $6
xwriatis13: calls $3
*** FLOP *** [7h 9s 6s]
xwriatis13: checks
SmellyToes4u: checks
*** TURN *** [7h 9s 6s] [Ac]
xwriatis13: checks
SmellyToes4u: checks
*** RIVER *** [7h 9s 6s Ac] [2s]
xwriatis13: bets $6
SmellyToes4u: calls $6
*** SHOW DOWN ***
xwriatis13: shows [Qc Kd] (high card Ace)
SmellyToes4u: shows [2h Ks] (a pair of Deuces)
SmellyToes4u collected $23.52 from pot
*** SUMMARY ***
Total pot $24 | Rake $0.48
Board [7h 9s 6s Ac 2s]
Seat 3: xwriatis13 (big blind) showed [Qc Kd] and lost with high card Ace
Seat 4: SmellyToes4u (button) (small blind) showed [2h Ks] and won ($23.52) with a pair of Deuces


PokerStars Hand #145973914447:  Hold'em Limit ($3/$6 USD) - 2015/12/26 18:47:15 ET
Table 'Steina' 6-max Seat #3 is the button
Seat 3: xwriatis13 ($124.92 in chips)
Seat 4: SmellyToes4u ($250.37 in chips)
xwriatis13: posts small blind $1
SmellyToes4u: posts big blind $3
*** HOLE CARDS ***
xwriatis13: raises $3 to $6
SmellyToes4u: calls $3
*** FLOP *** [Th Kc Qs]
SmellyToes4u: checks
xwriatis13: bets $3
SmellyToes4u: calls $3
*** TURN *** [Th Kc Qs] [Kh]
SmellyToes4u: checks
xwriatis13: checks
*** RIVER *** [Th Kc Qs Kh] [7d]
SmellyToes4u: checks
xwriatis13: checks
*** SHOW DOWN ***
SmellyToes4u: shows [8d Ah] (a pair of Kings)
xwriatis13: shows [5s 5h] (two pair, Kings and Fives)
xwriatis13 collected $17.64 from pot
*** SUMMARY ***
Total pot $18 | Rake $0.36
Board [Th Kc Qs Kh 7d]
Seat 3: xwriatis13 (button) (small blind) showed [5s 5h] and won ($17.64) with two pair, Kings and Fives
Seat 4: SmellyToes4u (big blind) showed [8d Ah] and lost with a pair of Kings


PokerStars Hand #145973971810:  Hold'em Limit ($3/$6 USD) - 2015/12/26 18:48:28 ET
Table 'Steina' 6-max Seat #3 is the button
Seat 3: xwriatis13 ($110.56 in chips)
Seat 4: SmellyToes4u ($263.41 in chips)
xwriatis13: posts small blind $1
SmellyToes4u: posts big blind $3
*** HOLE CARDS ***
xwriatis13: calls $2
SmellyToes4u: raises $3 to $6
xwriatis13: calls $3
*** FLOP *** [Ad Ks 5s]
SmellyToes4u: bets $3
xwriatis13: calls $3
*** TURN *** [Ad Ks 5s] [9d]
SmellyToes4u: bets $6
xwriatis13: calls $6
*** RIVER *** [Ad Ks 5s 9d] [4d]
SmellyToes4u: bets $6
xwriatis13: calls $6
*** SHOW DOWN ***
SmellyToes4u: shows [7c 8d] (high card Ace)
xwriatis13: shows [5h 9h] (two pair, Nines and Fives)
xwriatis13 collected $41.50 from pot
*** SUMMARY ***
Total pot $42 | Rake $0.50
Board [Ad Ks 5s 9d 4d]
Seat 3: xwriatis13 (button) (small blind) showed [5h 9h] and won ($41.50) with two pair, Nines and Fives
Seat 4: SmellyToes4u (big blind) showed [7c 8d] and lost with high card Ace


PokerStars Hand #145973966980:  Hold'em Limit ($3/$6 USD) - 2015/12/26 18:48:22 ET
Table 'Steina' 6-max Seat #4 is the button
Seat 3: xwriatis13 ($109.56 in chips)
Seat 4: SmellyToes4u ($264.41 in chips)
SmellyToes4u: posts small blind $1
xwriatis13: posts big blind $3
*** HOLE CARDS ***
SmellyToes4u: folds
Uncalled bet ($2) returned to xwriatis13
xwriatis13 collected $2 from pot
xwriatis13: doesn't show hand
*** SUMMARY ***
Total pot $2 | Rake $0
Seat 3: xwriatis13 (big blind) collected ($2)
Seat 4: SmellyToes4u (button) (small blind) folded before Flop


PokerStars Hand #145974006909:  Hold'em Limit ($3/$6 USD) - 2015/12/26 18:49:13 ET
Table 'Steina' 6-max Seat #3 is the button
Seat 3: xwriatis13 ($142.58 in chips)
Seat 4: SmellyToes4u ($230.41 in chips)
xwriatis13: posts small blind $1
SmellyToes4u: posts big blind $3
*** HOLE CARDS ***
xwriatis13: raises $3 to $6
SmellyToes4u: raises $3 to $9
xwriatis13: calls $3
*** FLOP *** [2c Kh 8d]
SmellyToes4u: bets $3
xwriatis13: calls $3
*** TURN *** [2c Kh 8d] [Ks]
SmellyToes4u: bets $6
xwriatis13: calls $6
*** RIVER *** [2c Kh 8d Ks] [3s]
SmellyToes4u: checks
xwriatis13: bets $6
SmellyToes4u: calls $6
*** SHOW DOWN ***
xwriatis13: shows [4c 4h] (two pair, Kings and Fours)
SmellyToes4u: mucks hand
xwriatis13 collected $47.50 from pot
*** SUMMARY ***
Total pot $48 | Rake $0.50
Board [2c Kh 8d Ks 3s]
Seat 3: xwriatis13 (button) (small blind) showed [4c 4h] and won ($47.50) with two pair, Kings and Fours
Seat 4: SmellyToes4u (big blind) mucked


PokerStars Hand #145974039279:  Hold'em Limit ($3/$6 USD) - 2015/12/26 18:49:55 ET
Table 'Steina' 6-max Seat #3 is the button
Seat 3: xwriatis13 ($189.58 in chips)
Seat 4: SmellyToes4u ($182.41 in chips)
xwriatis13: posts small blind $1
SmellyToes4u: posts big blind $3
*** HOLE CARDS ***
xwriatis13: raises $3 to $6
SmellyToes4u: folds
Uncalled bet ($3) returned to xwriatis13
xwriatis13 collected $6 from pot
xwriatis13: doesn't show hand
*** SUMMARY ***
Total pot $6 | Rake $0
Seat 3: xwriatis13 (button) (small blind) collected ($6)
Seat 4: SmellyToes4u (big blind) folded before Flop


PokerStars Hand #145974021940:  Hold'em Limit ($3/$6 USD) - 2015/12/26 18:49:32 ET
Table 'Steina' 6-max Seat #4 is the button
Seat 3: xwriatis13 ($166.08 in chips)
Seat 4: SmellyToes4u ($206.41 in chips)
SmellyToes4u: posts small blind $1
xwriatis13: posts big blind $3
*** HOLE CARDS ***
SmellyToes4u: raises $3 to $6
xwriatis13: raises $3 to $9
SmellyToes4u: raises $3 to $12
Betting is capped
xwriatis13: calls $3
*** FLOP *** [Ts Kd 9d]
xwriatis13: bets $3
SmellyToes4u: raises $3 to $6
xwriatis13: calls $3
*** TURN *** [Ts Kd 9d] [3c]
xwriatis13: checks
SmellyToes4u: checks
*** RIVER *** [Ts Kd 9d 3c] [8h]
xwriatis13: bets $6
SmellyToes4u: calls $6
*** SHOW DOWN ***
xwriatis13: shows [Ks Qc] (a pair of Kings)
SmellyToes4u: mucks hand
xwriatis13 collected $47.50 from pot
*** SUMMARY ***
Total pot $48 | Rake $0.50
Board [Ts Kd 9d 3c 8h]
Seat 3: xwriatis13 (big blind) showed [Ks Qc] and won ($47.50) with a pair of Kings
Seat 4: SmellyToes4u (button) (small blind) mucked


PokerStars Hand #145973986398:  Hold'em Limit ($3/$6 USD) - 2015/12/26 18:48:47 ET
Table 'Steina' 6-max Seat #4 is the button
Seat 3: xwriatis13 ($131.06 in chips)
Seat 4: SmellyToes4u ($242.41 in chips)
SmellyToes4u: posts small blind $1
xwriatis13: posts big blind $3
*** HOLE CARDS ***
SmellyToes4u: raises $3 to $6
xwriatis13: calls $3
*** FLOP *** [8d 4d 4h]
xwriatis13: checks
SmellyToes4u: bets $3
xwriatis13: raises $3 to $6
SmellyToes4u: calls $3
*** TURN *** [8d 4d 4h] [Qc]
xwriatis13: bets $6
SmellyToes4u: folds
Uncalled bet ($6) returned to xwriatis13
xwriatis13 collected $23.52 from pot
xwriatis13: doesn't show hand
*** SUMMARY ***
Total pot $24 | Rake $0.48
Board [8d 4d 4h Qc]
Seat 3: xwriatis13 (big blind) collected ($23.52)
Seat 4: SmellyToes4u (button) (small blind) folded on the Turn


PokerStars Hand #145974044915:  Hold'em Limit ($3/$6 USD) - 2015/12/26 18:50:02 ET
Table 'Steina' 6-max Seat #4 is the button
Seat 3: xwriatis13 ($192.58 in chips)
Seat 4: SmellyToes4u ($179.41 in chips)
SmellyToes4u: posts small blind $1
xwriatis13: posts big blind $3
*** HOLE CARDS ***
SmellyToes4u: raises $3 to $6
xwriatis13: calls $3
*** FLOP *** [5h 5c Qh]
xwriatis13: checks
SmellyToes4u: bets $3
xwriatis13: calls $3
*** TURN *** [5h 5c Qh] [6d]
xwriatis13: checks
SmellyToes4u: bets $6
xwriatis13: calls $6
*** RIVER *** [5h 5c Qh 6d] [Td]
xwriatis13: checks
SmellyToes4u: bets $6
xwriatis13: calls $6
*** SHOW DOWN ***
SmellyToes4u: shows [4d 4h] (two pair, Fives and Fours)
xwriatis13: shows [6c 7d] (two pair, Sixes and Fives)
xwriatis13 collected $41.50 from pot
*** SUMMARY ***
Total pot $42 | Rake $0.50
Board [5h 5c Qh 6d Td]
Seat 3: xwriatis13 (big blind) showed [6c 7d] and won ($41.50) with two pair, Sixes and Fives
Seat 4: SmellyToes4u (button) (small blind) showed [4d 4h] and lost with two pair, Fives and Fours


PokerStars Hand #145974062360:  Hold'em Limit ($3/$6 USD) - 2015/12/26 18:50:25 ET
Table 'Steina' 6-max Seat #3 is the button
Seat 3: xwriatis13 ($213.08 in chips)
Seat 4: SmellyToes4u ($158.41 in chips)
xwriatis13: posts small blind $1
SmellyToes4u: posts big blind $3
*** HOLE CARDS ***
xwriatis13: calls $2
SmellyToes4u: raises $3 to $6
xwriatis13: calls $3
*** FLOP *** [Jh 8s 6d]
SmellyToes4u: bets $3
xwriatis13: folds
Uncalled bet ($3) returned to SmellyToes4u
SmellyToes4u collected $11.76 from pot
SmellyToes4u: doesn't show hand
*** SUMMARY ***
Total pot $12 | Rake $0.24
Board [Jh 8s 6d]
Seat 3: xwriatis13 (button) (small blind) folded on the Flop
Seat 4: SmellyToes4u (big blind) collected ($11.76)


PokerStars Hand #145974071312:  Hold'em Limit ($3/$6 USD) - 2015/12/26 18:50:36 ET
Table 'Steina' 6-max Seat #4 is the button
Seat 3: xwriatis13 ($207.08 in chips)
Seat 4: SmellyToes4u ($164.17 in chips)
SmellyToes4u: posts small blind $1
xwriatis13: posts big blind $3
*** HOLE CARDS ***
SmellyToes4u: raises $3 to $6
xwriatis13: calls $3
*** FLOP *** [Ah 3s 8c]
xwriatis13: checks
SmellyToes4u: bets $3
xwriatis13: raises $3 to $6
SmellyToes4u: raises $3 to $9
xwriatis13: folds
Uncalled bet ($3) returned to SmellyToes4u
SmellyToes4u collected $23.52 from pot
SmellyToes4u: doesn't show hand
*** SUMMARY ***
Total pot $24 | Rake $0.48
Board [Ah 3s 8c]
Seat 3: xwriatis13 (big blind) folded on the Flop
Seat 4: SmellyToes4u (button) (small blind) collected ($23.52)


PokerStars Hand #145974100737:  Hold'em Limit ($3/$6 USD) - 2015/12/26 18:51:14 ET
Table 'Steina' 6-max Seat #4 is the button
Seat 3: xwriatis13 ($192.08 in chips)
Seat 4: SmellyToes4u ($178.57 in chips)
SmellyToes4u: posts small blind $1
xwriatis13: posts big blind $3
*** HOLE CARDS ***
SmellyToes4u: raises $3 to $6
xwriatis13: raises $3 to $9
SmellyToes4u: calls $3
*** FLOP *** [2c 7d Jh]
xwriatis13: bets $3
SmellyToes4u: calls $3
*** TURN *** [2c 7d Jh] [4c]
xwriatis13: bets $6
SmellyToes4u: calls $6
*** RIVER *** [2c 7d Jh 4c] [Jd]
xwriatis13: bets $6
SmellyToes4u: calls $6
*** SHOW DOWN ***
xwriatis13: shows [Qc Ac] (a pair of Jacks)
SmellyToes4u: mucks hand
xwriatis13 collected $47.50 from pot
*** SUMMARY ***
Total pot $48 | Rake $0.50
Board [2c 7d Jh 4c Jd]
Seat 3: xwriatis13 (big blind) showed [Qc Ac] and won ($47.50) with a pair of Jacks
Seat 4: SmellyToes4u (button) (small blind) mucked


PokerStars Hand #145974113741:  Hold'em Limit ($3/$6 USD) - 2015/12/26 18:51:31 ET
Table 'Steina' 6-max Seat #3 is the button
Seat 3: xwriatis13 ($215.58 in chips)
Seat 4: SmellyToes4u ($154.57 in chips)
xwriatis13: posts small blind $1
SmellyToes4u: posts big blind $3
*** HOLE CARDS ***
xwriatis13: raises $3 to $6
SmellyToes4u: raises $3 to $9
xwriatis13: calls $3
*** FLOP *** [7d Ks Qc]
SmellyToes4u: bets $3
xwriatis13: folds
Uncalled bet ($3) returned to SmellyToes4u
SmellyToes4u collected $17.64 from pot
SmellyToes4u: doesn't show hand
*** SUMMARY ***
Total pot $18 | Rake $0.36
Board [7d Ks Qc]
Seat 3: xwriatis13 (button) (small blind) folded on the Flop
Seat 4: SmellyToes4u (big blind) collected ($17.64)


PokerStars Hand #145974125363:  Hold'em Limit ($3/$6 USD) - 2015/12/26 18:51:46 ET
Table 'Steina' 6-max Seat #4 is the button
Seat 3: xwriatis13 ($206.58 in chips)
Seat 4: SmellyToes4u ($163.21 in chips)
SmellyToes4u: posts small blind $1
xwriatis13: posts big blind $3
*** HOLE CARDS ***
SmellyToes4u: folds
Uncalled bet ($2) returned to xwriatis13
xwriatis13 collected $2 from pot
xwriatis13: doesn't show hand
*** SUMMARY ***
Total pot $2 | Rake $0
Seat 3: xwriatis13 (big blind) collected ($2)
Seat 4: SmellyToes4u (button) (small blind) folded before Flop


PokerStars Hand #145974081837:  Hold'em Limit ($3/$6 USD) - 2015/12/26 18:50:49 ET
Table 'Steina' 6-max Seat #3 is the button
Seat 3: xwriatis13 ($195.08 in chips)
Seat 4: SmellyToes4u ($175.69 in chips)
xwriatis13: posts small blind $1
SmellyToes4u: posts big blind $3
*** HOLE CARDS ***
xwriatis13: calls $2
SmellyToes4u: checks
*** FLOP *** [2h 5c 8h]
SmellyToes4u: checks
xwriatis13: checks
*** TURN *** [2h 5c 8h] [Ts]
SmellyToes4u: checks
xwriatis13: checks
*** RIVER *** [2h 5c 8h Ts] [Ks]
SmellyToes4u: checks
xwriatis13: checks
*** SHOW DOWN ***
SmellyToes4u: shows [3d 2c] (a pair of Deuces)
xwriatis13: mucks hand
SmellyToes4u collected $5.88 from pot
*** SUMMARY ***
Total pot $6 | Rake $0.12
Board [2h 5c 8h Ts Ks]
Seat 3: xwriatis13 (button) (small blind) mucked
Seat 4: SmellyToes4u (big blind) showed [3d 2c] and won ($5.88) with a pair of Deuces


PokerStars Hand #145974153594:  Hold'em Limit ($3/$6 USD) - 2015/12/26 18:52:23 ET
Table 'Steina' 6-max Seat #3 is the button
Seat 3: xwriatis13 ($202.58 in chips)
Seat 4: SmellyToes4u ($166.97 in chips)
xwriatis13: posts small blind $1
SmellyToes4u: posts big blind $3
*** HOLE CARDS ***
xwriatis13: calls $2
SmellyToes4u: checks
*** FLOP *** [Ad Qh Kc]
SmellyToes4u: bets $3
xwriatis13: calls $3
*** TURN *** [Ad Qh Kc] [Ks]
SmellyToes4u: checks
xwriatis13: bets $6
SmellyToes4u: folds
Uncalled bet ($6) returned to xwriatis13
xwriatis13 collected $11.76 from pot
xwriatis13: doesn't show hand
*** SUMMARY ***
Total pot $12 | Rake $0.24
Board [Ad Qh Kc Ks]
Seat 3: xwriatis13 (button) (small blind) collected ($11.76)
Seat 4: SmellyToes4u (big blind) folded on the Turn


PokerStars Hand #145974166782:  Hold'em Limit ($3/$6 USD) - 2015/12/26 18:52:40 ET
Table 'Steina' 6-max Seat #4 is the button
Seat 3: xwriatis13 ($208.34 in chips)
Seat 4: SmellyToes4u ($160.97 in chips)
SmellyToes4u: posts small blind $1
xwriatis13: posts big blind $3
*** HOLE CARDS ***
SmellyToes4u: raises $3 to $6
xwriatis13: calls $3
*** FLOP *** [8d Jh 9h]
xwriatis13: checks
SmellyToes4u: bets $3
xwriatis13: folds
Uncalled bet ($3) returned to SmellyToes4u
SmellyToes4u collected $11.76 from pot
SmellyToes4u: doesn't show hand
*** SUMMARY ***
Total pot $12 | Rake $0.24
Board [8d Jh 9h]
Seat 3: xwriatis13 (big blind) folded on the Flop
Seat 4: SmellyToes4u (button) (small blind) collected ($11.76)


PokerStars Hand #145974149458:  Hold'em Limit ($3/$6 USD) - 2015/12/26 18:52:17 ET
Table 'Steina' 6-max Seat #4 is the button
Seat 3: xwriatis13 ($201.58 in chips)
Seat 4: SmellyToes4u ($167.97 in chips)
SmellyToes4u: posts small blind $1
xwriatis13: posts big blind $3
*** HOLE CARDS ***
SmellyToes4u: folds
Uncalled bet ($2) returned to xwriatis13
xwriatis13 collected $2 from pot
xwriatis13: doesn't show hand
*** SUMMARY ***
Total pot $2 | Rake $0
Seat 3: xwriatis13 (big blind) collected ($2)
Seat 4: SmellyToes4u (button) (small blind) folded before Flop


PokerStars Hand #145974134730:  Hold'em Limit ($3/$6 USD) - 2015/12/26 18:51:58 ET
Table 'Steina' 6-max Seat #3 is the button
Seat 3: xwriatis13 ($207.58 in chips)
Seat 4: SmellyToes4u ($162.21 in chips)
xwriatis13: posts small blind $1
SmellyToes4u: posts big blind $3
*** HOLE CARDS ***
xwriatis13: calls $2
SmellyToes4u: raises $3 to $6
xwriatis13: calls $3
*** FLOP *** [7s 2c Js]
SmellyToes4u: bets $3
xwriatis13: folds
Uncalled bet ($3) returned to SmellyToes4u
SmellyToes4u collected $11.76 from pot
SmellyToes4u: doesn't show hand
*** SUMMARY ***
Total pot $12 | Rake $0.24
Board [7s 2c Js]
Seat 3: xwriatis13 (button) (small blind) folded on the Flop
Seat 4: SmellyToes4u (big blind) collected ($11.76)


PokerStars Hand #145974177669:  Hold'em Limit ($3/$6 USD) - 2015/12/26 18:52:54 ET
Table 'Steina' 6-max Seat #3 is the button
Seat 3: xwriatis13 ($202.34 in chips)
Seat 4: SmellyToes4u ($166.73 in chips)
xwriatis13: posts small blind $1
SmellyToes4u: posts big blind $3
*** HOLE CARDS ***
Jogibärle joins the table at seat #5
xwriatis13: calls $2
SmellyToes4u: raises $3 to $6
xwriatis13: calls $3
*** FLOP *** [3c Ks 5c]
SmellyToes4u: bets $3
xwriatis13: raises $3 to $6
SmellyToes4u: calls $3
*** TURN *** [3c Ks 5c] [6s]
SmellyToes4u: checks
xwriatis13: bets $6
SmellyToes4u: raises $6 to $12
xwriatis13: calls $6
*** RIVER *** [3c Ks 5c 6s] [Th]
SmellyToes4u: bets $6
xwriatis13: calls $6
*** SHOW DOWN ***
SmellyToes4u: shows [Kc Js] (a pair of Kings)
xwriatis13: mucks hand
SmellyToes4u collected $59.50 from pot
*** SUMMARY ***
Total pot $60 | Rake $0.50
Board [3c Ks 5c 6s Th]
Seat 3: xwriatis13 (button) (small blind) mucked
Seat 4: SmellyToes4u (big blind) showed [Kc Js] and won ($59.50) with a pair of Kings


PokerStars Hand #145974231070:  Hold'em Limit ($3/$6 USD) - 2015/12/26 18:54:03 ET
Table 'Steina' 6-max Seat #3 is the button
Seat 3: xwriatis13 ($191.20 in chips)
Seat 5: Jogibärle ($113 in chips)
xwriatis13: posts small blind $1
SmellyToes4u: is sitting out
Jogibärle: posts big blind $3
*** HOLE CARDS ***
xwriatis13: raises $3 to $6
Jogibärle: calls $3
*** FLOP *** [2s Qd Qc]
Jogibärle: checks
xwriatis13: bets $3
Jogibärle: folds
Uncalled bet ($3) returned to xwriatis13
xwriatis13 collected $11.76 from pot
xwriatis13: doesn't show hand
*** SUMMARY ***
Total pot $12 | Rake $0.24
Board [2s Qd Qc]
Seat 3: xwriatis13 (button) (small blind) collected ($11.76)
Seat 5: Jogibärle (big blind) folded on the Flop


PokerStars Hand #145974243554:  Hold'em Limit ($3/$6 USD) - 2015/12/26 18:54:19 ET
Table 'Steina' 6-max Seat #3 is the button
Seat 3: xwriatis13 ($197.96 in chips)
Seat 5: Jogibärle ($106 in chips)
xwriatis13: posts small blind $1
Jogibärle: posts big blind $3
*** HOLE CARDS ***
xwriatis13: raises $3 to $6
Jogibärle: calls $3
*** FLOP *** [Qs 8s Qc]
Jogibärle: bets $3
xwriatis13: raises $3 to $6
Jogibärle: calls $3
*** TURN *** [Qs 8s Qc] [Qh]
Jogibärle: checks
xwriatis13: bets $6
Jogibärle: calls $6
*** RIVER *** [Qs 8s Qc Qh] [Jc]
Jogibärle: bets $6
xwriatis13: folds
Uncalled bet ($6) returned to Jogibärle
Jogibärle collected $35.50 from pot
Jogibärle: doesn't show hand
*** SUMMARY ***
Total pot $36 | Rake $0.50
Board [Qs 8s Qc Qh Jc]
Seat 3: xwriatis13 (button) (small blind) folded on the River
Seat 5: Jogibärle (big blind) collected ($35.50)


PokerStars Hand #145974258907:  Hold'em Limit ($3/$6 USD) - 2015/12/26 18:54:39 ET
Table 'Steina' 6-max Seat #5 is the button
Seat 3: xwriatis13 ($179.96 in chips)
Seat 5: Jogibärle ($123.50 in chips)
Jogibärle: posts small blind $1
xwriatis13: posts big blind $3
*** HOLE CARDS ***
Jogibärle: raises $3 to $6
xwriatis13: calls $3
*** FLOP *** [Jd Kd Ad]
xwriatis13: checks
Jogibärle: bets $3
xwriatis13: calls $3
*** TURN *** [Jd Kd Ad] [8s]
xwriatis13: checks
Jogibärle: bets $6
xwriatis13: calls $6
*** RIVER *** [Jd Kd Ad 8s] [5s]
xwriatis13: checks
Jogibärle: checks
*** SHOW DOWN ***
xwriatis13: shows [6h 7d] (high card Ace)
Jogibärle: shows [9s Qc] (high card Ace - King+Queen kicker)
Jogibärle collected $29.50 from pot
*** SUMMARY ***
Total pot $30 | Rake $0.50
Board [Jd Kd Ad 8s 5s]
Seat 3: xwriatis13 (big blind) showed [6h 7d] and lost with high card Ace
Seat 5: Jogibärle (button) (small blind) showed [9s Qc] and won ($29.50) with high card Ace


PokerStars Hand #145974272217:  Hold'em Limit ($3/$6 USD) - 2015/12/26 18:54:57 ET
Table 'Steina' 6-max Seat #3 is the button
Seat 3: xwriatis13 ($164.96 in chips)
Seat 5: Jogibärle ($138 in chips)
xwriatis13: posts small blind $1
Jogibärle: posts big blind $3
*** HOLE CARDS ***
xwriatis13: raises $3 to $6
Jogibärle: calls $3
*** FLOP *** [Kc 3s Tc]
Jogibärle: checks
xwriatis13: bets $3
Jogibärle: calls $3
*** TURN *** [Kc 3s Tc] [7h]
Jogibärle: checks
xwriatis13: bets $6
Jogibärle: calls $6
*** RIVER *** [Kc 3s Tc 7h] [Qd]
Jogibärle: checks
xwriatis13: checks
*** SHOW DOWN ***
Jogibärle: shows [8s Th] (a pair of Tens)
xwriatis13: mucks hand
Jogibärle collected $29.50 from pot
*** SUMMARY ***
Total pot $30 | Rake $0.50
Board [Kc 3s Tc 7h Qd]
Seat 3: xwriatis13 (button) (small blind) mucked
Seat 5: Jogibärle (big blind) showed [8s Th] and won ($29.50) with a pair of Tens


PokerStars Hand #145974239640:  Hold'em Limit ($3/$6 USD) - 2015/12/26 18:54:14 ET
Table 'Steina' 6-max Seat #5 is the button
Seat 3: xwriatis13 ($196.96 in chips)
Seat 5: Jogibärle ($107 in chips)
Jogibärle: posts small blind $1
xwriatis13: posts big blind $3
*** HOLE CARDS ***
Jogibärle: folds
Uncalled bet ($2) returned to xwriatis13
xwriatis13 collected $2 from pot
xwriatis13: doesn't show hand
*** SUMMARY ***
Total pot $2 | Rake $0
Seat 3: xwriatis13 (big blind) collected ($2)
Seat 5: Jogibärle (button) (small blind) folded before Flop


PokerStars Hand #145974287963:  Hold'em Limit ($3/$6 USD) - 2015/12/26 18:55:19 ET
Table 'Steina' 6-max Seat #3 is the button
Seat 3: xwriatis13 ($150.96 in chips)
Seat 5: Jogibärle ($151.50 in chips)
xwriatis13: posts small blind $1
Jogibärle: posts big blind $3
*** HOLE CARDS ***
xwriatis13: raises $3 to $6
Jogibärle: calls $3
*** FLOP *** [Kc 6h 8c]
Jogibärle: checks
xwriatis13: bets $3
Jogibärle: calls $3
*** TURN *** [Kc 6h 8c] [Qs]
Jogibärle: checks
xwriatis13: checks
*** RIVER *** [Kc 6h 8c Qs] [Jd]
Jogibärle: bets $6
xwriatis13: folds
Uncalled bet ($6) returned to Jogibärle
Krillbjörn joins the table at seat #2
Jogibärle collected $17.64 from pot
Jogibärle: doesn't show hand
*** SUMMARY ***
Total pot $18 | Rake $0.36
Board [Kc 6h 8c Qs Jd]
Seat 3: xwriatis13 (button) (small blind) folded on the River
Seat 5: Jogibärle (big blind) collected ($17.64)


PokerStars Hand #145974284544:  Hold'em Limit ($3/$6 USD) - 2015/12/26 18:55:14 ET
Table 'Steina' 6-max Seat #5 is the button
Seat 3: xwriatis13 ($149.96 in chips)
Seat 5: Jogibärle ($152.50 in chips)
Jogibärle: posts small blind $1
xwriatis13: posts big blind $3
*** HOLE CARDS ***
Jogibärle: folds
Uncalled bet ($2) returned to xwriatis13
xwriatis13 collected $2 from pot
xwriatis13: doesn't show hand
*** SUMMARY ***
Total pot $2 | Rake $0
Seat 3: xwriatis13 (big blind) collected ($2)
Seat 5: Jogibärle (button) (small blind) folded before Flop


PokerStars Hand #145974370573:  Hold'em Limit ($3/$6 USD) - 2015/12/26 18:57:31 ET
Table 'Steina' 6-max Seat #3 is the button
Seat 3: xwriatis13 ($114.16 in chips)
Seat 5: Jogibärle ($143.85 in chips)
xwriatis13: posts small blind $1
Jogibärle: posts big blind $3
*** HOLE CARDS ***
xwriatis13: calls $2
Joker4691 joins the table at seat #6
Jogibärle: checks
*** FLOP *** [Kc 8h 6c]
Jogibärle: checks
xwriatis13: checks
*** TURN *** [Kc 8h 6c] [6d]
Jogibärle: checks
xwriatis13: bets $6
Jogibärle: folds
Uncalled bet ($6) returned to xwriatis13
xwriatis13 collected $5.88 from pot
xwriatis13: doesn't show hand
*** SUMMARY ***
Total pot $6 | Rake $0.12
Board [Kc 8h 6c 6d]
Seat 3: xwriatis13 (button) (small blind) collected ($5.88)
Seat 5: Jogibärle (big blind) folded on the Turn


