PokerStars Hand #168975616424:  Hold'em Limit ($3/$6 USD) - 2017/04/13 9:07:15 ET
Table 'Steina II' 6-max Seat #1 is the button
Seat 1: bandita747 ($103.59 in chips)
Seat 3: AzureCaper ($72 in chips)
bandita747: posts small blind $1
sim5sim5: is sitting out
sim5sim5 leaves the table
AzureCaper: posts big blind $3
*** HOLE CARDS ***
bandita747: raises $3 to $6
AzureCaper: folds
Uncalled bet ($3) returned to bandita747
bandita747 collected $6 from pot
*** SUMMARY ***
Total pot $6 | Rake $0
Seat 1: bandita747 (button) (small blind) collected ($6)
Seat 3: AzureCaper (big blind) folded before Flop


PokerStars Hand #168975656964:  Hold'em Limit ($3/$6 USD) - 2017/04/13 9:08:26 ET
Table 'Steina II' 6-max Seat #1 is the button
Seat 1: bandita747 ($129.09 in chips)
Seat 3: AzureCaper ($72 in chips)
bandita747: posts small blind $1
AzureCaper: posts big blind $3
*** HOLE CARDS ***
bandita747: calls $2
AzureCaper: checks
*** FLOP *** [6c 4h Qs]
AzureCaper: bets $3
bandita747: folds
Uncalled bet ($3) returned to AzureCaper
AzureCaper collected $5.88 from pot
AzureCaper: doesn't show hand
*** SUMMARY ***
Total pot $6 | Rake $0.12
Board [6c 4h Qs]
Seat 1: bandita747 (button) (small blind) folded on the Flop
Seat 3: AzureCaper (big blind) collected ($5.88)


PokerStars Hand #168975631711:  Hold'em Limit ($3/$6 USD) - 2017/04/13 9:07:41 ET
Table 'Steina II' 6-max Seat #1 is the button
Seat 1: bandita747 ($107.59 in chips)
Seat 3: AzureCaper ($72 in chips)
bandita747: posts small blind $1
AzureCaper: posts big blind $3
*** HOLE CARDS ***
bandita747: folds
Uncalled bet ($2) returned to AzureCaper
AzureCaper collected $2 from pot
AzureCaper: doesn't show hand
*** SUMMARY ***
Total pot $2 | Rake $0
Seat 1: bandita747 (button) (small blind) folded before Flop
Seat 3: AzureCaper (big blind) collected ($2)


PokerStars Hand #168975628706:  Hold'em Limit ($3/$6 USD) - 2017/04/13 9:07:36 ET
Table 'Steina II' 6-max Seat #3 is the button
Seat 1: bandita747 ($106.59 in chips)
Seat 3: AzureCaper ($72 in chips)
AzureCaper: posts small blind $1
bandita747: posts big blind $3
*** HOLE CARDS ***
AzureCaper: folds
Uncalled bet ($2) returned to bandita747
bandita747 collected $2 from pot
*** SUMMARY ***
Total pot $2 | Rake $0
Seat 1: bandita747 (big blind) collected ($2)
Seat 3: AzureCaper (button) (small blind) folded before Flop


PokerStars Hand #168975635319:  Hold'em Limit ($3/$6 USD) - 2017/04/13 9:07:48 ET
Table 'Steina II' 6-max Seat #3 is the button
Seat 1: bandita747 ($106.59 in chips)
Seat 3: AzureCaper ($73 in chips)
AzureCaper: posts small blind $1
bandita747: posts big blind $3
*** HOLE CARDS ***
AzureCaper: folds
Uncalled bet ($2) returned to bandita747
bandita747 collected $2 from pot
*** SUMMARY ***
Total pot $2 | Rake $0
Seat 1: bandita747 (big blind) collected ($2)
Seat 3: AzureCaper (button) (small blind) folded before Flop


PokerStars Hand #168975638677:  Hold'em Limit ($3/$6 USD) - 2017/04/13 9:07:54 ET
Table 'Steina II' 6-max Seat #1 is the button
Seat 1: bandita747 ($107.59 in chips)
Seat 3: AzureCaper ($72 in chips)
bandita747: posts small blind $1
AzureCaper: posts big blind $3
*** HOLE CARDS ***
bandita747: raises $3 to $6
AzureCaper: calls $3
*** FLOP *** [Jc 3h 5h]
AzureCaper: bets $3
bandita747: calls $3
*** TURN *** [Jc 3h 5h] [Td]
AzureCaper: bets $6
bandita747: calls $6
*** RIVER *** [Jc 3h 5h Td] [3s]
AzureCaper: bets $6
bandita747: calls $6
*** SHOW DOWN ***
AzureCaper: shows [8d 8c] (two pair, Eights and Threes)
bandita747: shows [Kc Tc] (two pair, Tens and Threes)
bandita747 collected $41.50 from pot
*** SUMMARY ***
Total pot $42 | Rake $0.50
Board [Jc 3h 5h Td 3s]
Seat 1: bandita747 (button) (small blind) showed [Kc Tc] and won ($41.50) with two pair, Tens and Threes
Seat 3: AzureCaper (big blind) showed [8d 8c] and lost with two pair, Eights and Threes


PokerStars Hand #168975653620:  Hold'em Limit ($3/$6 USD) - 2017/04/13 9:08:20 ET
Table 'Steina II' 6-max Seat #3 is the button
Seat 1: bandita747 ($128.09 in chips)
Seat 3: AzureCaper ($72 in chips)
AzureCaper: posts small blind $1
bandita747: posts big blind $3
*** HOLE CARDS ***
AzureCaper: folds
Uncalled bet ($2) returned to bandita747
bandita747 collected $2 from pot
*** SUMMARY ***
Total pot $2 | Rake $0
Seat 1: bandita747 (big blind) collected ($2)
Seat 3: AzureCaper (button) (small blind) folded before Flop


PokerStars Hand #168975664400:  Hold'em Limit ($3/$6 USD) - 2017/04/13 9:08:39 ET
Table 'Steina II' 6-max Seat #3 is the button
Seat 1: bandita747 ($126.09 in chips)
Seat 3: AzureCaper ($74.88 in chips)
AzureCaper: posts small blind $1
bandita747: posts big blind $3
*** HOLE CARDS ***
AzureCaper: folds
Uncalled bet ($2) returned to bandita747
bandita747 collected $2 from pot
*** SUMMARY ***
Total pot $2 | Rake $0
Seat 1: bandita747 (big blind) collected ($2)
Seat 3: AzureCaper (button) (small blind) folded before Flop


PokerStars Hand #168975667435:  Hold'em Limit ($3/$6 USD) - 2017/04/13 9:08:44 ET
Table 'Steina II' 6-max Seat #1 is the button
Seat 1: bandita747 ($127.09 in chips)
Seat 3: AzureCaper ($73.88 in chips)
bandita747: posts small blind $1
AzureCaper: posts big blind $3
*** HOLE CARDS ***
bandita747: raises $3 to $6
AzureCaper: raises $3 to $9
bandita747: calls $3
*** FLOP *** [7d 8d 7c]
AzureCaper: bets $3
bandita747: calls $3
*** TURN *** [7d 8d 7c] [9c]
AzureCaper: bets $6
bandita747: calls $6
*** RIVER *** [7d 8d 7c 9c] [3d]
AzureCaper: checks
bandita747: checks
*** SHOW DOWN ***
AzureCaper: shows [Qd As] (a pair of Sevens)
bandita747: shows [Js 8s] (two pair, Eights and Sevens)
bandita747 collected $35.50 from pot
*** SUMMARY ***
Total pot $36 | Rake $0.50
Board [7d 8d 7c 9c 3d]
Seat 1: bandita747 (button) (small blind) showed [Js 8s] and won ($35.50) with two pair, Eights and Sevens
Seat 3: AzureCaper (big blind) showed [Qd As] and lost with a pair of Sevens


PokerStars Hand #168975677842:  Hold'em Limit ($3/$6 USD) - 2017/04/13 9:09:03 ET
Table 'Steina II' 6-max Seat #3 is the button
Seat 1: bandita747 ($144.59 in chips)
Seat 3: AzureCaper ($72 in chips)
AzureCaper: posts small blind $1
bandita747: posts big blind $3
*** HOLE CARDS ***
AzureCaper: raises $3 to $6
bandita747: calls $3
*** FLOP *** [7d 3d Qs]
bandita747: checks
AzureCaper: bets $3
bandita747: folds
Uncalled bet ($3) returned to AzureCaper
AzureCaper collected $11.76 from pot
AzureCaper: doesn't show hand
*** SUMMARY ***
Total pot $12 | Rake $0.24
Board [7d 3d Qs]
Seat 1: bandita747 (big blind) folded on the Flop
Seat 3: AzureCaper (button) (small blind) collected ($11.76)


PokerStars Hand #168975686597:  Hold'em Limit ($3/$6 USD) - 2017/04/13 9:09:19 ET
Table 'Steina II' 6-max Seat #1 is the button
Seat 1: bandita747 ($138.59 in chips)
Seat 3: AzureCaper ($77.76 in chips)
bandita747: posts small blind $1
AzureCaper: posts big blind $3
*** HOLE CARDS ***
bandita747: calls $2
AzureCaper: checks
*** FLOP *** [Qs 8s 2s]
AzureCaper: checks
bandita747: checks
*** TURN *** [Qs 8s 2s] [3h]
AzureCaper: bets $6
bandita747: folds
Uncalled bet ($6) returned to AzureCaper
MTails joins the table at seat #6
AzureCaper collected $5.88 from pot
AzureCaper: doesn't show hand
*** SUMMARY ***
Total pot $6 | Rake $0.12
Board [Qs 8s 2s 3h]
Seat 1: bandita747 (button) (small blind) folded on the Turn
Seat 3: AzureCaper (big blind) collected ($5.88)


