PokerStars Hand #144694879971:  Hold'em Limit ($3/$6 USD) - 2015/12/01 23:58:59 ET
Table 'Stentor II' 2-max Seat #1 is the button
Seat 1: ct-650 ($161.52 in chips)
Seat 2: jl45259071 ($140 in chips)
ct-650: posts small blind $1
jl45259071: posts big blind $3
*** HOLE CARDS ***
ct-650: raises $3 to $6
jl45259071: folds
Uncalled bet ($3) returned to ct-650
ct-650 collected $6 from pot
*** SUMMARY ***
Total pot $6 | Rake $0
Seat 1: ct-650 (button) (small blind) collected ($6)
Seat 2: jl45259071 (big blind) folded before Flop


PokerStars Hand #144694872371:  Hold'em Limit ($3/$6 USD) - 2015/12/01 23:58:25 ET
Table 'Stentor II' 2-max Seat #2 is the button
Seat 1: ct-650 ($150 in chips)
Seat 2: jl45259071 ($152 in chips)
jl45259071: posts small blind $1
ct-650: posts big blind $3
*** HOLE CARDS ***
jl45259071: calls $2
ct-650: checks
*** FLOP *** [3h 2c 7c]
ct-650: bets $3
jl45259071: calls $3
*** TURN *** [3h 2c 7c] [As]
ct-650: bets $6
jl45259071: calls $6
*** RIVER *** [3h 2c 7c As] [6h]
ct-650: bets $6
jl45259071: folds
Uncalled bet ($6) returned to ct-650
ct-650 collected $23.52 from pot
*** SUMMARY ***
Total pot $24 | Rake $0.48
Board [3h 2c 7c As 6h]
Seat 1: ct-650 (big blind) collected ($23.52)
Seat 2: jl45259071 (button) (small blind) folded on the River


PokerStars Hand #144694894144:  Hold'em Limit ($3/$6 USD) - 2015/12/02 0:00:02 ET
Table 'Stentor II' 2-max Seat #1 is the button
Seat 1: ct-650 ($156.28 in chips)
Seat 2: jl45259071 ($144.52 in chips)
ct-650: posts small blind $1
jl45259071: posts big blind $3
*** HOLE CARDS ***
ct-650: folds
Uncalled bet ($2) returned to jl45259071
jl45259071 collected $2 from pot
jl45259071: doesn't show hand
*** SUMMARY ***
Total pot $2 | Rake $0
Seat 1: ct-650 (button) (small blind) folded before Flop
Seat 2: jl45259071 (big blind) collected ($2)


PokerStars Hand #144694888993:  Hold'em Limit ($3/$6 USD) - 2015/12/01 23:59:40 ET
Table 'Stentor II' 2-max Seat #2 is the button
Seat 1: ct-650 ($162.28 in chips)
Seat 2: jl45259071 ($138.76 in chips)
jl45259071: posts small blind $1
ct-650: posts big blind $3
*** HOLE CARDS ***
jl45259071: calls $2
ct-650: checks
*** FLOP *** [3c Kc Kh]
ct-650: checks
jl45259071: bets $3
ct-650: calls $3
*** TURN *** [3c Kc Kh] [4h]
ct-650: checks
jl45259071: bets $6
ct-650: folds
Uncalled bet ($6) returned to jl45259071
jl45259071 collected $11.76 from pot
jl45259071: doesn't show hand
*** SUMMARY ***
Total pot $12 | Rake $0.24
Board [3c Kc Kh 4h]
Seat 1: ct-650 (big blind) folded on the Turn
Seat 2: jl45259071 (button) (small blind) collected ($11.76)


PokerStars Hand #144694885239:  Hold'em Limit ($3/$6 USD) - 2015/12/01 23:59:23 ET
Table 'Stentor II' 2-max Seat #2 is the button
Seat 1: ct-650 ($169.28 in chips)
Seat 2: jl45259071 ($132 in chips)
jl45259071: posts small blind $1
ct-650: posts big blind $3
*** HOLE CARDS ***
jl45259071: raises $3 to $6
ct-650: calls $3
*** FLOP *** [4h 4c 3h]
ct-650: checks
jl45259071: bets $3
ct-650: folds
Uncalled bet ($3) returned to jl45259071
jl45259071 collected $11.76 from pot
jl45259071: doesn't show hand
*** SUMMARY ***
Total pot $12 | Rake $0.24
Board [4h 4c 3h]
Seat 1: ct-650 (big blind) folded on the Flop
Seat 2: jl45259071 (button) (small blind) collected ($11.76)


PokerStars Hand #144694884013:  Hold'em Limit ($3/$6 USD) - 2015/12/01 23:59:17 ET
Table 'Stentor II' 2-max Seat #1 is the button
Seat 1: ct-650 ($170.28 in chips)
Seat 2: jl45259071 ($131 in chips)
ct-650: posts small blind $1
jl45259071: posts big blind $3
*** HOLE CARDS ***
ct-650: folds
Uncalled bet ($2) returned to jl45259071
jl45259071 collected $2 from pot
jl45259071: doesn't show hand
*** SUMMARY ***
Total pot $2 | Rake $0
Seat 1: ct-650 (button) (small blind) folded before Flop
Seat 2: jl45259071 (big blind) collected ($2)


PokerStars Hand #144694881551:  Hold'em Limit ($3/$6 USD) - 2015/12/01 23:59:06 ET
Table 'Stentor II' 2-max Seat #2 is the button
Seat 1: ct-650 ($164.52 in chips)
Seat 2: jl45259071 ($137 in chips)
jl45259071: posts small blind $1
ct-650: posts big blind $3
*** HOLE CARDS ***
jl45259071: calls $2
ct-650: checks
*** FLOP *** [2s 9c 4d]
ct-650: bets $3
jl45259071: calls $3
*** TURN *** [2s 9c 4d] [Qd]
ct-650: bets $6
jl45259071: folds
Uncalled bet ($6) returned to ct-650
ct-650 collected $11.76 from pot
*** SUMMARY ***
Total pot $12 | Rake $0.24
Board [2s 9c 4d Qd]
Seat 1: ct-650 (big blind) collected ($11.76)
Seat 2: jl45259071 (button) (small blind) folded on the Turn


PokerStars Hand #144694887481:  Hold'em Limit ($3/$6 USD) - 2015/12/01 23:59:33 ET
Table 'Stentor II' 2-max Seat #1 is the button
Seat 1: ct-650 ($163.28 in chips)
Seat 2: jl45259071 ($137.76 in chips)
ct-650: posts small blind $1
jl45259071: posts big blind $3
*** HOLE CARDS ***
ct-650: folds
Uncalled bet ($2) returned to jl45259071
jl45259071 collected $2 from pot
jl45259071: doesn't show hand
*** SUMMARY ***
Total pot $2 | Rake $0
Seat 1: ct-650 (button) (small blind) folded before Flop
Seat 2: jl45259071 (big blind) collected ($2)


PokerStars Hand #144694904490:  Hold'em Limit ($3/$6 USD) - 2015/12/02 0:00:47 ET
Table 'Stentor II' 2-max Seat #1 is the button
Seat 1: ct-650 ($160.92 in chips)
Seat 2: jl45259071 ($139.40 in chips)
ct-650: posts small blind $1
jl45259071: posts big blind $3
*** HOLE CARDS ***
ct-650: raises $3 to $6
jl45259071: calls $3
*** FLOP *** [Qd 3c 7d]
jl45259071: checks
ct-650: bets $3
jl45259071: calls $3
*** TURN *** [Qd 3c 7d] [9d]
jl45259071: checks
ct-650: checks
*** RIVER *** [Qd 3c 7d 9d] [3s]
jl45259071: bets $6
ct-650: folds
Uncalled bet ($6) returned to jl45259071
jl45259071 collected $17.64 from pot
jl45259071: doesn't show hand
*** SUMMARY ***
Total pot $18 | Rake $0.36
Board [Qd 3c 7d 9d 3s]
Seat 1: ct-650 (button) (small blind) folded on the River
Seat 2: jl45259071 (big blind) collected ($17.64)


PokerStars Hand #144694898108:  Hold'em Limit ($3/$6 USD) - 2015/12/02 0:00:20 ET
Table 'Stentor II' 2-max Seat #1 is the button
Seat 1: ct-650 ($158.16 in chips)
Seat 2: jl45259071 ($142.52 in chips)
ct-650: posts small blind $1
jl45259071: posts big blind $3
*** HOLE CARDS ***
ct-650: raises $3 to $6
jl45259071: calls $3
*** FLOP *** [Qs Qd Ah]
jl45259071: checks
ct-650: bets $3
jl45259071: folds
Uncalled bet ($3) returned to ct-650
ct-650 collected $11.76 from pot
*** SUMMARY ***
Total pot $12 | Rake $0.24
Board [Qs Qd Ah]
Seat 1: ct-650 (button) (small blind) collected ($11.76)
Seat 2: jl45259071 (big blind) folded on the Flop


PokerStars Hand #144694895229:  Hold'em Limit ($3/$6 USD) - 2015/12/02 0:00:07 ET
Table 'Stentor II' 2-max Seat #2 is the button
Seat 1: ct-650 ($155.28 in chips)
Seat 2: jl45259071 ($145.52 in chips)
jl45259071: posts small blind $1
ct-650: posts big blind $3
*** HOLE CARDS ***
jl45259071: calls $2
ct-650: checks
*** FLOP *** [2d Qc 6h]
ct-650: bets $3
jl45259071: folds
Uncalled bet ($3) returned to ct-650
ct-650 collected $5.88 from pot
*** SUMMARY ***
Total pot $6 | Rake $0.12
Board [2d Qc 6h]
Seat 1: ct-650 (big blind) collected ($5.88)
Seat 2: jl45259071 (button) (small blind) folded on the Flop


PokerStars Hand #144694901960:  Hold'em Limit ($3/$6 USD) - 2015/12/02 0:00:37 ET
Table 'Stentor II' 2-max Seat #2 is the button
Seat 1: ct-650 ($163.92 in chips)
Seat 2: jl45259071 ($136.52 in chips)
jl45259071: posts small blind $1
ct-650: posts big blind $3
*** HOLE CARDS ***
jl45259071: calls $2
ct-650: checks
*** FLOP *** [3s 7d 7h]
ct-650: checks
jl45259071: bets $3
ct-650: folds
Uncalled bet ($3) returned to jl45259071
jl45259071 collected $5.88 from pot
jl45259071: doesn't show hand
*** SUMMARY ***
Total pot $6 | Rake $0.12
Board [3s 7d 7h]
Seat 1: ct-650 (big blind) folded on the Flop
Seat 2: jl45259071 (button) (small blind) collected ($5.88)


PokerStars Hand #144694911728:  Hold'em Limit ($3/$6 USD) - 2015/12/02 0:01:17 ET
Table 'Stentor II' 2-max Seat #1 is the button
Seat 1: ct-650 ($154.80 in chips)
Seat 2: jl45259071 ($145.04 in chips)
ct-650: posts small blind $1
jl45259071: posts big blind $3
*** HOLE CARDS ***
ct-650: raises $3 to $6
jl45259071: raises $3 to $9
ct-650: calls $3
*** FLOP *** [4s Ac Ts]
jl45259071: bets $3
ct-650: calls $3
*** TURN *** [4s Ac Ts] [3d]
jl45259071: checks
ct-650: bets $6
jl45259071: calls $6
*** RIVER *** [4s Ac Ts 3d] [Tc]
jl45259071: checks
ct-650: bets $6
jl45259071: folds
Uncalled bet ($6) returned to ct-650
ct-650 collected $35.50 from pot
*** SUMMARY ***
Total pot $36 | Rake $0.50
Board [4s Ac Ts 3d Tc]
Seat 1: ct-650 (button) (small blind) collected ($35.50)
Seat 2: jl45259071 (big blind) folded on the River


PokerStars Hand #144694920449:  Hold'em Limit ($3/$6 USD) - 2015/12/02 0:01:52 ET
Table 'Stentor II' 2-max Seat #1 is the button
Seat 1: ct-650 ($178.06 in chips)
Seat 2: jl45259071 ($121.04 in chips)
ct-650: posts small blind $1
jl45259071: posts big blind $3
*** HOLE CARDS ***
ct-650: raises $3 to $6
jl45259071: raises $3 to $9
ct-650: calls $3
*** FLOP *** [Qc Th 7h]
jl45259071: bets $3
ct-650: folds
Uncalled bet ($3) returned to jl45259071
jl45259071 collected $17.64 from pot
jl45259071: doesn't show hand
*** SUMMARY ***
Total pot $18 | Rake $0.36
Board [Qc Th 7h]
Seat 1: ct-650 (button) (small blind) folded on the Flop
Seat 2: jl45259071 (big blind) collected ($17.64)


PokerStars Hand #144694909270:  Hold'em Limit ($3/$6 USD) - 2015/12/02 0:01:07 ET
Table 'Stentor II' 2-max Seat #2 is the button
Seat 1: ct-650 ($151.92 in chips)
Seat 2: jl45259071 ($148.04 in chips)
jl45259071: posts small blind $1
ct-650: posts big blind $3
*** HOLE CARDS ***
jl45259071: calls $2
ct-650: checks
*** FLOP *** [6s Ks Qd]
ct-650: bets $3
jl45259071: folds
Uncalled bet ($3) returned to ct-650
ct-650 collected $5.88 from pot
*** SUMMARY ***
Total pot $6 | Rake $0.12
Board [6s Ks Qd]
Seat 1: ct-650 (big blind) collected ($5.88)
Seat 2: jl45259071 (button) (small blind) folded on the Flop


PokerStars Hand #144694916249:  Hold'em Limit ($3/$6 USD) - 2015/12/02 0:01:35 ET
Table 'Stentor II' 2-max Seat #2 is the button
Seat 1: ct-650 ($172.30 in chips)
Seat 2: jl45259071 ($127.04 in chips)
jl45259071: posts small blind $1
ct-650: posts big blind $3
*** HOLE CARDS ***
jl45259071: calls $2
ct-650: checks
*** FLOP *** [3d Qc Ah]
ct-650: bets $3
jl45259071: calls $3
*** TURN *** [3d Qc Ah] [Tc]
ct-650: checks
jl45259071: checks
*** RIVER *** [3d Qc Ah Tc] [4c]
ct-650: checks
jl45259071: checks
*** SHOW DOWN ***
ct-650: shows [4d Jh] (a pair of Fours)
jl45259071: mucks hand
ct-650 collected $11.76 from pot
*** SUMMARY ***
Total pot $12 | Rake $0.24
Board [3d Qc Ah Tc 4c]
Seat 1: ct-650 (big blind) showed [4d Jh] and won ($11.76) with a pair of Fours
Seat 2: jl45259071 (button) (small blind) mucked


PokerStars Hand #144694931085:  Hold'em Limit ($3/$6 USD) - 2015/12/02 0:02:35 ET
Table 'Stentor II' 2-max Seat #1 is the button
Seat 1: ct-650 ($165.70 in chips)
Seat 2: jl45259071 ($132.20 in chips)
ct-650: posts small blind $1
jl45259071: posts big blind $3
*** HOLE CARDS ***
ct-650: raises $3 to $6
jl45259071: calls $3
*** FLOP *** [7h 4d 8s]
jl45259071: bets $3
ct-650: folds
Uncalled bet ($3) returned to jl45259071
jl45259071 collected $11.76 from pot
jl45259071: doesn't show hand
*** SUMMARY ***
Total pot $12 | Rake $0.24
Board [7h 4d 8s]
Seat 1: ct-650 (button) (small blind) folded on the Flop
Seat 2: jl45259071 (big blind) collected ($11.76)


PokerStars Hand #144694928464:  Hold'em Limit ($3/$6 USD) - 2015/12/02 0:02:24 ET
Table 'Stentor II' 2-max Seat #2 is the button
Seat 1: ct-650 ($162.82 in chips)
Seat 2: jl45259071 ($135.20 in chips)
jl45259071: posts small blind $1
ct-650: posts big blind $3
*** HOLE CARDS ***
jl45259071: calls $2
ct-650: checks
*** FLOP *** [Jc 2s 7d]
ct-650: bets $3
jl45259071: folds
Uncalled bet ($3) returned to ct-650
ct-650 collected $5.88 from pot
*** SUMMARY ***
Total pot $6 | Rake $0.12
Board [Jc 2s 7d]
Seat 1: ct-650 (big blind) collected ($5.88)
Seat 2: jl45259071 (button) (small blind) folded on the Flop


PokerStars Hand #144694925626:  Hold'em Limit ($3/$6 USD) - 2015/12/02 0:02:13 ET
Table 'Stentor II' 2-max Seat #1 is the button
Seat 1: ct-650 ($174.82 in chips)
Seat 2: jl45259071 ($123.68 in chips)
ct-650: posts small blind $1
jl45259071: posts big blind $3
*** HOLE CARDS ***
ct-650: raises $3 to $6
jl45259071: raises $3 to $9
ct-650: calls $3
*** FLOP *** [Ts 2s 3d]
jl45259071: bets $3
ct-650: calls $3
*** TURN *** [Ts 2s 3d] [Jh]
jl45259071: bets $6
ct-650: folds
Uncalled bet ($6) returned to jl45259071
jl45259071 collected $23.52 from pot
jl45259071: doesn't show hand
*** SUMMARY ***
Total pot $24 | Rake $0.48
Board [Ts 2s 3d Jh]
Seat 1: ct-650 (button) (small blind) folded on the Turn
Seat 2: jl45259071 (big blind) collected ($23.52)


PokerStars Hand #144694923274:  Hold'em Limit ($3/$6 USD) - 2015/12/02 0:02:03 ET
Table 'Stentor II' 2-max Seat #2 is the button
Seat 1: ct-650 ($169.06 in chips)
Seat 2: jl45259071 ($129.68 in chips)
jl45259071: posts small blind $1
ct-650: posts big blind $3
*** HOLE CARDS ***
jl45259071: calls $2
ct-650: raises $3 to $6
jl45259071: calls $3
*** FLOP *** [Ts Ad Kh]
ct-650: bets $3
jl45259071: folds
Uncalled bet ($3) returned to ct-650
ct-650 collected $11.76 from pot
*** SUMMARY ***
Total pot $12 | Rake $0.24
Board [Ts Ad Kh]
Seat 1: ct-650 (big blind) collected ($11.76)
Seat 2: jl45259071 (button) (small blind) folded on the Flop


PokerStars Hand #144694933230:  Hold'em Limit ($3/$6 USD) - 2015/12/02 0:02:43 ET
Table 'Stentor II' 2-max Seat #2 is the button
Seat 1: ct-650 ($159.70 in chips)
Seat 2: jl45259071 ($137.96 in chips)
jl45259071: posts small blind $1
ct-650: posts big blind $3
*** HOLE CARDS ***
jl45259071: calls $2
ct-650: raises $3 to $6
jl45259071: calls $3
*** FLOP *** [Ac Kh 7h]
ct-650: bets $3
jl45259071: calls $3
*** TURN *** [Ac Kh 7h] [Qs]
ct-650: bets $6
jl45259071: calls $6
*** RIVER *** [Ac Kh 7h Qs] [3d]
ct-650: bets $6
jl45259071: folds
Uncalled bet ($6) returned to ct-650
ct-650 collected $29.50 from pot
*** SUMMARY ***
Total pot $30 | Rake $0.50
Board [Ac Kh 7h Qs 3d]
Seat 1: ct-650 (big blind) collected ($29.50)
Seat 2: jl45259071 (button) (small blind) folded on the River


PokerStars Hand #144694946151:  Hold'em Limit ($3/$6 USD) - 2015/12/02 0:03:34 ET
Table 'Stentor II' 2-max Seat #1 is the button
Seat 1: ct-650 ($215.20 in chips)
Seat 2: jl45259071 ($80.96 in chips)
ct-650: posts small blind $1
jl45259071: posts big blind $3
*** HOLE CARDS ***
ct-650: raises $3 to $6
jl45259071: raises $3 to $9
ct-650: calls $3
*** FLOP *** [Jc 2c Ac]
jl45259071: bets $3
ct-650: folds
Uncalled bet ($3) returned to jl45259071
jl45259071 collected $17.64 from pot
jl45259071: doesn't show hand
*** SUMMARY ***
Total pot $18 | Rake $0.36
Board [Jc 2c Ac]
Seat 1: ct-650 (button) (small blind) folded on the Flop
Seat 2: jl45259071 (big blind) collected ($17.64)


PokerStars Hand #144694941640:  Hold'em Limit ($3/$6 USD) - 2015/12/02 0:03:17 ET
Table 'Stentor II' 2-max Seat #2 is the button
Seat 1: ct-650 ($197.70 in chips)
Seat 2: jl45259071 ($98.96 in chips)
jl45259071: posts small blind $1
ct-650: posts big blind $3
*** HOLE CARDS ***
jl45259071: calls $2
ct-650: checks
*** FLOP *** [6c Jc 3d]
ct-650: bets $3
jl45259071: calls $3
*** TURN *** [6c Jc 3d] [5d]
ct-650: checks
jl45259071: bets $6
ct-650: raises $6 to $12
jl45259071: calls $6
*** RIVER *** [6c Jc 3d 5d] [2h]
ct-650: bets $6
jl45259071: folds
Uncalled bet ($6) returned to ct-650
ct-650 collected $35.50 from pot
*** SUMMARY ***
Total pot $36 | Rake $0.50
Board [6c Jc 3d 5d 2h]
Seat 1: ct-650 (big blind) collected ($35.50)
Seat 2: jl45259071 (button) (small blind) folded on the River


PokerStars Hand #144694949801:  Hold'em Limit ($3/$6 USD) - 2015/12/02 0:03:48 ET
Table 'Stentor II' 2-max Seat #2 is the button
Seat 1: ct-650 ($206.20 in chips)
Seat 2: jl45259071 ($89.60 in chips)
jl45259071: posts small blind $1
ct-650: posts big blind $3
*** HOLE CARDS ***
jl45259071: calls $2
ct-650: checks
*** FLOP *** [Qh Qd 2h]
ct-650: checks
jl45259071: checks
*** TURN *** [Qh Qd 2h] [2d]
ct-650: bets $6
jl45259071: folds
Uncalled bet ($6) returned to ct-650
ct-650 collected $5.88 from pot
*** SUMMARY ***
Total pot $6 | Rake $0.12
Board [Qh Qd 2h 2d]
Seat 1: ct-650 (big blind) collected ($5.88)
Seat 2: jl45259071 (button) (small blind) folded on the Turn


PokerStars Hand #144694962945:  Hold'em Limit ($3/$6 USD) - 2015/12/02 0:04:39 ET
Table 'Stentor II' 2-max Seat #1 is the button
Seat 1: ct-650 ($184.84 in chips)
Seat 2: jl45259071 ($110.10 in chips)
ct-650: posts small blind $1
jl45259071: posts big blind $3
*** HOLE CARDS ***
ct-650: raises $3 to $6
jl45259071: calls $3
*** FLOP *** [Qh 8d 6h]
jl45259071: checks
ct-650: bets $3
jl45259071: calls $3
*** TURN *** [Qh 8d 6h] [6d]
jl45259071: checks
ct-650: bets $6
jl45259071: calls $6
*** RIVER *** [Qh 8d 6h 6d] [Tc]
jl45259071: checks
ct-650: bets $6
jl45259071: calls $6
*** SHOW DOWN ***
ct-650: shows [Kh 6s] (three of a kind, Sixes)
jl45259071: mucks hand
ct-650 collected $41.50 from pot
*** SUMMARY ***
Total pot $42 | Rake $0.50
Board [Qh 8d 6h 6d Tc]
Seat 1: ct-650 (button) (small blind) showed [Kh 6s] and won ($41.50) with three of a kind, Sixes
Seat 2: jl45259071 (big blind) mucked


PokerStars Hand #144694967312:  Hold'em Limit ($3/$6 USD) - 2015/12/02 0:04:56 ET
Table 'Stentor II' 2-max Seat #2 is the button
Seat 1: ct-650 ($205.34 in chips)
Seat 2: jl45259071 ($89.10 in chips)
jl45259071: posts small blind $1
ct-650: posts big blind $3
*** HOLE CARDS ***
jl45259071: calls $2
ct-650: checks
*** FLOP *** [Jc 5s 8h]
ct-650: bets $3
jl45259071: folds
Uncalled bet ($3) returned to ct-650
ct-650 collected $5.88 from pot
*** SUMMARY ***
Total pot $6 | Rake $0.12
Board [Jc 5s 8h]
Seat 1: ct-650 (big blind) collected ($5.88)
Seat 2: jl45259071 (button) (small blind) folded on the Flop


PokerStars Hand #144694956076:  Hold'em Limit ($3/$6 USD) - 2015/12/02 0:04:12 ET
Table 'Stentor II' 2-max Seat #2 is the button
Seat 1: ct-650 ($214.84 in chips)
Seat 2: jl45259071 ($80.60 in chips)
jl45259071: posts small blind $1
ct-650: posts big blind $3
*** HOLE CARDS ***
jl45259071: raises $3 to $6
ct-650: calls $3
*** FLOP *** [Th Ah 7c]
ct-650: checks
jl45259071: bets $3
ct-650: raises $3 to $6
jl45259071: calls $3
*** TURN *** [Th Ah 7c] [Kc]
ct-650: bets $6
jl45259071: raises $6 to $12
ct-650: calls $6
*** RIVER *** [Th Ah 7c Kc] [2s]
ct-650: checks
jl45259071: bets $6
ct-650: calls $6
*** SHOW DOWN ***
jl45259071: shows [Tc Kd] (two pair, Kings and Tens)
ct-650: mucks hand
jl45259071 collected $59.50 from pot
*** SUMMARY ***
Total pot $60 | Rake $0.50
Board [Th Ah 7c Kc 2s]
Seat 1: ct-650 (big blind) mucked
Seat 2: jl45259071 (button) (small blind) showed [Tc Kd] and won ($59.50) with two pair, Kings and Tens


PokerStars Hand #144694953547:  Hold'em Limit ($3/$6 USD) - 2015/12/02 0:04:03 ET
Table 'Stentor II' 2-max Seat #1 is the button
Seat 1: ct-650 ($209.08 in chips)
Seat 2: jl45259071 ($86.60 in chips)
ct-650: posts small blind $1
jl45259071: posts big blind $3
*** HOLE CARDS ***
ct-650: raises $3 to $6
jl45259071: calls $3
*** FLOP *** [4c Kc Jh]
jl45259071: checks
ct-650: bets $3
jl45259071: folds
Uncalled bet ($3) returned to ct-650
ct-650 collected $11.76 from pot
*** SUMMARY ***
Total pot $12 | Rake $0.24
Board [4c Kc Jh]
Seat 1: ct-650 (button) (small blind) collected ($11.76)
Seat 2: jl45259071 (big blind) folded on the Flop


PokerStars Hand #144694983815:  Hold'em Limit ($3/$6 USD) - 2015/12/02 0:06:00 ET
Table 'Stentor II' 2-max Seat #2 is the button
Seat 1: ct-650 ($200.74 in chips)
Seat 2: jl45259071 ($92.60 in chips)
jl45259071: posts small blind $1
ct-650: posts big blind $3
*** HOLE CARDS ***
jl45259071: raises $3 to $6
ct-650: folds
Uncalled bet ($3) returned to jl45259071
jl45259071 collected $6 from pot
jl45259071: doesn't show hand
*** SUMMARY ***
Total pot $6 | Rake $0
Seat 1: ct-650 (big blind) folded before Flop
Seat 2: jl45259071 (button) (small blind) collected ($6)


PokerStars Hand #144694969671:  Hold'em Limit ($3/$6 USD) - 2015/12/02 0:05:05 ET
Table 'Stentor II' 2-max Seat #1 is the button
Seat 1: ct-650 ($208.22 in chips)
Seat 2: jl45259071 ($86.10 in chips)
ct-650: posts small blind $1
jl45259071: posts big blind $3
*** HOLE CARDS ***
ct-650: raises $3 to $6
jl45259071: calls $3
*** FLOP *** [Ah 4h 7h]
jl45259071: checks
ct-650: bets $3
jl45259071: raises $3 to $6
ct-650: calls $3
*** TURN *** [Ah 4h 7h] [8d]
jl45259071: bets $6
ct-650: calls $6
*** RIVER *** [Ah 4h 7h 8d] [6s]
jl45259071: bets $6
ct-650: folds
Uncalled bet ($6) returned to jl45259071
jl45259071 collected $35.50 from pot
*** SUMMARY ***
Total pot $36 | Rake $0.50
Board [Ah 4h 7h 8d 6s]
Seat 1: ct-650 (button) (small blind) folded on the River
Seat 2: jl45259071 (big blind) collected ($35.50)


PokerStars Hand #144694982174:  Hold'em Limit ($3/$6 USD) - 2015/12/02 0:05:54 ET
Table 'Stentor II' 2-max Seat #1 is the button
Seat 1: ct-650 ($201.74 in chips)
Seat 2: jl45259071 ($91.60 in chips)
ct-650: posts small blind $1
jl45259071: posts big blind $3
*** HOLE CARDS ***
ct-650: folds
Uncalled bet ($2) returned to jl45259071
jl45259071 collected $2 from pot
jl45259071: doesn't show hand
*** SUMMARY ***
Total pot $2 | Rake $0
Seat 1: ct-650 (button) (small blind) folded before Flop
Seat 2: jl45259071 (big blind) collected ($2)


PokerStars Hand #144694988931:  Hold'em Limit ($3/$6 USD) - 2015/12/02 0:06:20 ET
Table 'Stentor II' 2-max Seat #2 is the button
Seat 1: ct-650 ($188.74 in chips)
Seat 2: jl45259071 ($104.24 in chips)
jl45259071: posts small blind $1
ct-650: posts big blind $3
*** HOLE CARDS ***
jl45259071: calls $2
ct-650: raises $3 to $6
jl45259071: calls $3
*** FLOP *** [6c 8h Qd]
ct-650: bets $3
jl45259071: calls $3
*** TURN *** [6c 8h Qd] [2c]
ct-650: bets $6
jl45259071: calls $6
*** RIVER *** [6c 8h Qd 2c] [7h]
ct-650: bets $6
jl45259071: folds
Uncalled bet ($6) returned to ct-650
ct-650 collected $29.50 from pot
*** SUMMARY ***
Total pot $30 | Rake $0.50
Board [6c 8h Qd 2c 7h]
Seat 1: ct-650 (big blind) collected ($29.50)
Seat 2: jl45259071 (button) (small blind) folded on the River


PokerStars Hand #144694985297:  Hold'em Limit ($3/$6 USD) - 2015/12/02 0:06:06 ET
Table 'Stentor II' 2-max Seat #1 is the button
Seat 1: ct-650 ($197.74 in chips)
Seat 2: jl45259071 ($95.60 in chips)
ct-650: posts small blind $1
jl45259071: posts big blind $3
*** HOLE CARDS ***
ct-650: raises $3 to $6
jl45259071: raises $3 to $9
ct-650: calls $3
*** FLOP *** [Jc 5c Tc]
jl45259071: bets $3
ct-650: folds
Uncalled bet ($3) returned to jl45259071
jl45259071 collected $17.64 from pot
*** SUMMARY ***
Total pot $18 | Rake $0.36
Board [Jc 5c Tc]
Seat 1: ct-650 (button) (small blind) folded on the Flop
Seat 2: jl45259071 (big blind) collected ($17.64)


PokerStars Hand #144694998376:  Hold'em Limit ($3/$6 USD) - 2015/12/02 0:06:57 ET
Table 'Stentor II' 2-max Seat #1 is the button
Seat 1: ct-650 ($203.24 in chips)
Seat 2: jl45259071 ($89.24 in chips)
ct-650: posts small blind $1
jl45259071: posts big blind $3
*** HOLE CARDS ***
ct-650: raises $3 to $6
jl45259071: calls $3
*** FLOP *** [Qd 4s 4c]
jl45259071: bets $3
ct-650: calls $3
*** TURN *** [Qd 4s 4c] [As]
jl45259071: bets $6
ct-650: folds
Uncalled bet ($6) returned to jl45259071
jl45259071 collected $17.64 from pot
jl45259071: doesn't show hand
*** SUMMARY ***
Total pot $18 | Rake $0.36
Board [Qd 4s 4c As]
Seat 1: ct-650 (button) (small blind) folded on the Turn
Seat 2: jl45259071 (big blind) collected ($17.64)


PokerStars Hand #144695007982:  Hold'em Limit ($3/$6 USD) - 2015/12/02 0:07:35 ET
Table 'Stentor II' 2-max Seat #2 is the button
Seat 1: ct-650 ($197 in chips)
Seat 2: jl45259071 ($94.76 in chips)
jl45259071: posts small blind $1
ct-650: posts big blind $3
*** HOLE CARDS ***
jl45259071: calls $2
ct-650: checks
*** FLOP *** [Qs 8h 6h]
ct-650: checks
jl45259071: bets $3
ct-650: folds
Uncalled bet ($3) returned to jl45259071
jl45259071 collected $5.88 from pot
jl45259071: doesn't show hand
*** SUMMARY ***
Total pot $6 | Rake $0.12
Board [Qs 8h 6h]
Seat 1: ct-650 (big blind) folded on the Flop
Seat 2: jl45259071 (button) (small blind) collected ($5.88)


PokerStars Hand #144695012277:  Hold'em Limit ($3/$6 USD) - 2015/12/02 0:07:52 ET
Table 'Stentor II' 2-max Seat #1 is the button
Seat 1: ct-650 ($194 in chips)
Seat 2: jl45259071 ($97.64 in chips)
ct-650: posts small blind $1
jl45259071: posts big blind $3
*** HOLE CARDS ***
ct-650: raises $3 to $6
jl45259071: calls $3
*** FLOP *** [8s 2s 2d]
jl45259071: checks
ct-650: checks
*** TURN *** [8s 2s 2d] [7c]
jl45259071: bets $6
ct-650: folds
Uncalled bet ($6) returned to jl45259071
jl45259071 collected $11.76 from pot
jl45259071: doesn't show hand
*** SUMMARY ***
Total pot $12 | Rake $0.24
Board [8s 2s 2d 7c]
Seat 1: ct-650 (button) (small blind) folded on the Turn
Seat 2: jl45259071 (big blind) collected ($11.76)


PokerStars Hand #144695004214:  Hold'em Limit ($3/$6 USD) - 2015/12/02 0:07:20 ET
Table 'Stentor II' 2-max Seat #1 is the button
Seat 1: ct-650 ($191.24 in chips)
Seat 2: jl45259071 ($100.76 in chips)
ct-650: posts small blind $1
jl45259071: posts big blind $3
*** HOLE CARDS ***
ct-650: raises $3 to $6
jl45259071: calls $3
*** FLOP *** [Jh Qd Js]
jl45259071: checks
ct-650: bets $3
jl45259071: folds
Uncalled bet ($3) returned to ct-650
ct-650 collected $11.76 from pot
*** SUMMARY ***
Total pot $12 | Rake $0.24
Board [Jh Qd Js]
Seat 1: ct-650 (button) (small blind) collected ($11.76)
Seat 2: jl45259071 (big blind) folded on the Flop


PokerStars Hand #144695020561:  Hold'em Limit ($3/$6 USD) - 2015/12/02 0:08:24 ET
Table 'Stentor II' 2-max Seat #2 is the button
Seat 1: ct-650 ($192.76 in chips)
Seat 2: jl45259071 ($98.40 in chips)
jl45259071: posts small blind $1
ct-650: posts big blind $3
*** HOLE CARDS ***
jl45259071: raises $3 to $6
ct-650: raises $3 to $9
jl45259071: calls $3
*** FLOP *** [Qc Jc Td]
ct-650: bets $3
jl45259071: calls $3
*** TURN *** [Qc Jc Td] [Tc]
ct-650: checks
jl45259071: checks
*** RIVER *** [Qc Jc Td Tc] [6s]
ct-650: checks
jl45259071: bets $6
ct-650: folds
Uncalled bet ($6) returned to jl45259071
jl45259071 collected $23.52 from pot
jl45259071: doesn't show hand
*** SUMMARY ***
Total pot $24 | Rake $0.48
Board [Qc Jc Td Tc 6s]
Seat 1: ct-650 (big blind) folded on the River
Seat 2: jl45259071 (button) (small blind) collected ($23.52)


PokerStars Hand #144695024961:  Hold'em Limit ($3/$6 USD) - 2015/12/02 0:08:41 ET
Table 'Stentor II' 2-max Seat #1 is the button
Seat 1: ct-650 ($180.76 in chips)
Seat 2: jl45259071 ($109.92 in chips)
ct-650: posts small blind $1
jl45259071: posts big blind $3
*** HOLE CARDS ***
ct-650: raises $3 to $6
jl45259071: calls $3
*** FLOP *** [Jc Qd 2s]
jl45259071: bets $3
ct-650: calls $3
*** TURN *** [Jc Qd 2s] [5h]
jl45259071: checks
ct-650: bets $6
jl45259071: folds
Uncalled bet ($6) returned to ct-650
ct-650 collected $17.64 from pot
*** SUMMARY ***
Total pot $18 | Rake $0.36
Board [Jc Qd 2s 5h]
Seat 1: ct-650 (button) (small blind) collected ($17.64)
Seat 2: jl45259071 (big blind) folded on the Turn


PokerStars Hand #144695028455:  Hold'em Limit ($3/$6 USD) - 2015/12/02 0:08:55 ET
Table 'Stentor II' 2-max Seat #2 is the button
Seat 1: ct-650 ($189.40 in chips)
Seat 2: jl45259071 ($100.92 in chips)
jl45259071: posts small blind $1
ct-650: posts big blind $3
*** HOLE CARDS ***
jl45259071: raises $3 to $6
ct-650: calls $3
*** FLOP *** [6s 5c Js]
ct-650: checks
jl45259071: bets $3
ct-650: folds
Uncalled bet ($3) returned to jl45259071
jl45259071 collected $11.76 from pot
jl45259071: doesn't show hand
*** SUMMARY ***
Total pot $12 | Rake $0.24
Board [6s 5c Js]
Seat 1: ct-650 (big blind) folded on the Flop
Seat 2: jl45259071 (button) (small blind) collected ($11.76)


PokerStars Hand #144695016089:  Hold'em Limit ($3/$6 USD) - 2015/12/02 0:08:07 ET
Table 'Stentor II' 2-max Seat #2 is the button
Seat 1: ct-650 ($188 in chips)
Seat 2: jl45259071 ($103.40 in chips)
jl45259071: posts small blind $1
ct-650: posts big blind $3
*** HOLE CARDS ***
jl45259071: calls $2
ct-650: checks
*** FLOP *** [9d Jc Js]
ct-650: bets $3
jl45259071: calls $3
*** TURN *** [9d Jc Js] [4c]
ct-650: bets $6
jl45259071: folds
Uncalled bet ($6) returned to ct-650
ct-650 collected $11.76 from pot
*** SUMMARY ***
Total pot $12 | Rake $0.24
Board [9d Jc Js 4c]
Seat 1: ct-650 (big blind) collected ($11.76)
Seat 2: jl45259071 (button) (small blind) folded on the Turn


PokerStars Hand #144695037402:  Hold'em Limit ($3/$6 USD) - 2015/12/02 0:09:30 ET
Table 'Stentor II' 2-max Seat #2 is the button
Seat 1: ct-650 ($162.40 in chips)
Seat 2: jl45259071 ($127.18 in chips)
jl45259071: posts small blind $1
ct-650: posts big blind $3
*** HOLE CARDS ***
jl45259071: calls $2
ct-650: checks
*** FLOP *** [8s 9d 7h]
ct-650: bets $3
jl45259071: calls $3
*** TURN *** [8s 9d 7h] [Kh]
ct-650: bets $6
jl45259071: calls $6
*** RIVER *** [8s 9d 7h Kh] [6h]
ct-650: bets $6
jl45259071: raises $6 to $12
ct-650: folds
Uncalled bet ($6) returned to jl45259071
jl45259071 collected $35.50 from pot
jl45259071: doesn't show hand
*** SUMMARY ***
Total pot $36 | Rake $0.50
Board [8s 9d 7h Kh 6h]
Seat 1: ct-650 (big blind) folded on the River
Seat 2: jl45259071 (button) (small blind) collected ($35.50)


PokerStars Hand #144695043947:  Hold'em Limit ($3/$6 USD) - 2015/12/02 0:09:56 ET
Table 'Stentor II' 2-max Seat #1 is the button
Seat 1: ct-650 ($144.40 in chips)
Seat 2: jl45259071 ($144.68 in chips)
ct-650: posts small blind $1
jl45259071: posts big blind $3
*** HOLE CARDS ***
ct-650: raises $3 to $6
jl45259071: raises $3 to $9
ct-650: calls $3
*** FLOP *** [4c 3c Qh]
jl45259071: bets $3
ct-650: calls $3
*** TURN *** [4c 3c Qh] [Td]
jl45259071: bets $6
ct-650: calls $6
*** RIVER *** [4c 3c Qh Td] [Tc]
jl45259071: bets $6
ct-650: calls $6
*** SHOW DOWN ***
jl45259071: shows [5h 5d] (two pair, Tens and Fives)
ct-650: shows [7h 7c] (two pair, Tens and Sevens)
ct-650 collected $47.50 from pot
*** SUMMARY ***
Total pot $48 | Rake $0.50
Board [4c 3c Qh Td Tc]
Seat 1: ct-650 (button) (small blind) showed [7h 7c] and won ($47.50) with two pair, Tens and Sevens
Seat 2: jl45259071 (big blind) showed [5h 5d] and lost with two pair, Tens and Fives


PokerStars Hand #144695032513:  Hold'em Limit ($3/$6 USD) - 2015/12/02 0:09:11 ET
Table 'Stentor II' 2-max Seat #1 is the button
Seat 1: ct-650 ($183.40 in chips)
Seat 2: jl45259071 ($106.68 in chips)
ct-650: posts small blind $1
jl45259071: posts big blind $3
*** HOLE CARDS ***
ct-650: raises $3 to $6
jl45259071: calls $3
*** FLOP *** [3h Qs 2h]
jl45259071: checks
ct-650: bets $3
jl45259071: calls $3
*** TURN *** [3h Qs 2h] [5h]
jl45259071: checks
ct-650: bets $6
jl45259071: raises $6 to $12
ct-650: calls $6
*** RIVER *** [3h Qs 2h 5h] [3c]
jl45259071: bets $6
ct-650: folds
Uncalled bet ($6) returned to jl45259071
jl45259071 collected $41.50 from pot
jl45259071: doesn't show hand
*** SUMMARY ***
Total pot $42 | Rake $0.50
Board [3h Qs 2h 5h 3c]
Seat 1: ct-650 (button) (small blind) folded on the River
Seat 2: jl45259071 (big blind) collected ($41.50)


PokerStars Hand #144695047952:  Hold'em Limit ($3/$6 USD) - 2015/12/02 0:10:12 ET
Table 'Stentor II' 2-max Seat #2 is the button
Seat 1: ct-650 ($167.90 in chips)
Seat 2: jl45259071 ($120.68 in chips)
jl45259071: posts small blind $1
ct-650: posts big blind $3
*** HOLE CARDS ***
jl45259071: calls $2
ct-650: checks
*** FLOP *** [Kc 9s Qc]
ct-650: checks
jl45259071: bets $3
ct-650: folds
Uncalled bet ($3) returned to jl45259071
jl45259071 collected $5.88 from pot
jl45259071: doesn't show hand
*** SUMMARY ***
Total pot $6 | Rake $0.12
Board [Kc 9s Qc]
Seat 1: ct-650 (big blind) folded on the Flop
Seat 2: jl45259071 (button) (small blind) collected ($5.88)


PokerStars Hand #144695050424:  Hold'em Limit ($3/$6 USD) - 2015/12/02 0:10:22 ET
Table 'Stentor II' 2-max Seat #1 is the button
Seat 1: ct-650 ($164.90 in chips)
Seat 2: jl45259071 ($123.56 in chips)
ct-650: posts small blind $1
jl45259071: posts big blind $3
*** HOLE CARDS ***
ct-650: raises $3 to $6
jl45259071: calls $3
*** FLOP *** [9s Jh Tc]
jl45259071: checks
ct-650: checks
*** TURN *** [9s Jh Tc] [7h]
jl45259071: checks
ct-650: checks
*** RIVER *** [9s Jh Tc 7h] [7c]
jl45259071: bets $6
ct-650: folds
Uncalled bet ($6) returned to jl45259071
jl45259071 collected $11.76 from pot
jl45259071: doesn't show hand
*** SUMMARY ***
Total pot $12 | Rake $0.24
Board [9s Jh Tc 7h 7c]
Seat 1: ct-650 (button) (small blind) folded on the River
Seat 2: jl45259071 (big blind) collected ($11.76)


PokerStars Hand #144695053398:  Hold'em Limit ($3/$6 USD) - 2015/12/02 0:10:34 ET
Table 'Stentor II' 2-max Seat #2 is the button
Seat 1: ct-650 ($158.90 in chips)
Seat 2: jl45259071 ($129.32 in chips)
jl45259071: posts small blind $1
ct-650: posts big blind $3
*** HOLE CARDS ***
jl45259071: raises $3 to $6
ct-650: calls $3
*** FLOP *** [8d 5h Jd]
ct-650: checks
jl45259071: bets $3
ct-650: raises $3 to $6
jl45259071: calls $3
*** TURN *** [8d 5h Jd] [9c]
ct-650: bets $6
jl45259071: calls $6
*** RIVER *** [8d 5h Jd 9c] [9h]
ct-650: bets $6
jl45259071: folds
Uncalled bet ($6) returned to ct-650
ct-650 collected $35.50 from pot
*** SUMMARY ***
Total pot $36 | Rake $0.50
Board [8d 5h Jd 9c 9h]
Seat 1: ct-650 (big blind) collected ($35.50)
Seat 2: jl45259071 (button) (small blind) folded on the River


PokerStars Hand #144695057291:  Hold'em Limit ($3/$6 USD) - 2015/12/02 0:10:49 ET
Table 'Stentor II' 2-max Seat #1 is the button
Seat 1: ct-650 ($176.40 in chips)
Seat 2: jl45259071 ($111.32 in chips)
ct-650: posts small blind $1
jl45259071: posts big blind $3
*** HOLE CARDS ***
ct-650: raises $3 to $6
jl45259071: calls $3
*** FLOP *** [Ks 6s Kc]
jl45259071: checks
ct-650: bets $3
jl45259071: raises $3 to $6
ct-650: calls $3
*** TURN *** [Ks 6s Kc] [Jd]
jl45259071: bets $6
ct-650: calls $6
*** RIVER *** [Ks 6s Kc Jd] [2h]
jl45259071: bets $6
ct-650: folds
Uncalled bet ($6) returned to jl45259071
jl45259071 collected $35.50 from pot
jl45259071: doesn't show hand
*** SUMMARY ***
Total pot $36 | Rake $0.50
Board [Ks 6s Kc Jd 2h]
Seat 1: ct-650 (button) (small blind) folded on the River
Seat 2: jl45259071 (big blind) collected ($35.50)


PokerStars Hand #144695083377:  Hold'em Limit ($3/$6 USD) - 2015/12/02 0:12:31 ET
Table 'Stentor II' 2-max Seat #1 is the button
Seat 1: ct-650 ($183.28 in chips)
Seat 2: jl45259071 ($102.32 in chips)
ct-650: posts small blind $1
jl45259071: posts big blind $3
*** HOLE CARDS ***
ct-650: raises $3 to $6
jl45259071: raises $3 to $9
ct-650: calls $3
*** FLOP *** [5d 9s 2d]
jl45259071: bets $3
ct-650: calls $3
*** TURN *** [5d 9s 2d] [9h]
jl45259071: bets $6
ct-650: calls $6
*** RIVER *** [5d 9s 2d 9h] [Jd]
jl45259071: bets $6
ct-650: raises $6 to $12
jl45259071: folds
Uncalled bet ($6) returned to ct-650
ct-650 collected $47.50 from pot
*** SUMMARY ***
Total pot $48 | Rake $0.50
Board [5d 9s 2d 9h Jd]
Seat 1: ct-650 (button) (small blind) collected ($47.50)
Seat 2: jl45259071 (big blind) folded on the River


PokerStars Hand #144695079055:  Hold'em Limit ($3/$6 USD) - 2015/12/02 0:12:14 ET
Table 'Stentor II' 2-max Seat #1 is the button
Seat 1: ct-650 ($181.40 in chips)
Seat 2: jl45259071 ($104.32 in chips)
ct-650: posts small blind $1
jl45259071: posts big blind $3
*** HOLE CARDS ***
ct-650: folds
Uncalled bet ($2) returned to jl45259071
jl45259071 collected $2 from pot
jl45259071: doesn't show hand
*** SUMMARY ***
Total pot $2 | Rake $0
Seat 1: ct-650 (button) (small blind) folded before Flop
Seat 2: jl45259071 (big blind) collected ($2)


PokerStars Hand #144695074785:  Hold'em Limit ($3/$6 USD) - 2015/12/02 0:11:57 ET
Table 'Stentor II' 2-max Seat #2 is the button
Seat 1: ct-650 ($163.90 in chips)
Seat 2: jl45259071 ($122.32 in chips)
jl45259071: posts small blind $1
ct-650: posts big blind $3
*** HOLE CARDS ***
jl45259071: calls $2
ct-650: checks
*** FLOP *** [6s 2h 8h]
ct-650: bets $3
jl45259071: calls $3
*** TURN *** [6s 2h 8h] [5d]
ct-650: bets $6
jl45259071: calls $6
*** RIVER *** [6s 2h 8h 5d] [Jc]
ct-650: bets $6
jl45259071: calls $6
*** SHOW DOWN ***
ct-650: shows [8s 4c] (a pair of Eights)
jl45259071: mucks hand
ct-650 collected $35.50 from pot
*** SUMMARY ***
Total pot $36 | Rake $0.50
Board [6s 2h 8h 5d Jc]
Seat 1: ct-650 (big blind) showed [8s 4c] and won ($35.50) with a pair of Eights
Seat 2: jl45259071 (button) (small blind) mucked


PokerStars Hand #144695080396:  Hold'em Limit ($3/$6 USD) - 2015/12/02 0:12:19 ET
Table 'Stentor II' 2-max Seat #2 is the button
Seat 1: ct-650 ($180.40 in chips)
Seat 2: jl45259071 ($105.32 in chips)
jl45259071: posts small blind $1
ct-650: posts big blind $3
*** HOLE CARDS ***
jl45259071: calls $2
ct-650: checks
*** FLOP *** [6d Ks 2d]
ct-650: bets $3
jl45259071: folds
Uncalled bet ($3) returned to ct-650
ct-650 collected $5.88 from pot
*** SUMMARY ***
Total pot $6 | Rake $0.12
Board [6d Ks 2d]
Seat 1: ct-650 (big blind) collected ($5.88)
Seat 2: jl45259071 (button) (small blind) folded on the Flop


PokerStars Hand #144695089314:  Hold'em Limit ($3/$6 USD) - 2015/12/02 0:12:54 ET
Table 'Stentor II' 2-max Seat #1 is the button
Seat 1: ct-650 ($203.78 in chips)
Seat 2: jl45259071 ($81.32 in chips)
ct-650: posts small blind $1
jl45259071: posts big blind $3
*** HOLE CARDS ***
ct-650: raises $3 to $6
jl45259071: calls $3
*** FLOP *** [6c Kc Jh]
jl45259071: checks
ct-650: bets $3
jl45259071: folds
Uncalled bet ($3) returned to ct-650
ct-650 collected $11.76 from pot
*** SUMMARY ***
Total pot $12 | Rake $0.24
Board [6c Kc Jh]
Seat 1: ct-650 (button) (small blind) collected ($11.76)
Seat 2: jl45259071 (big blind) folded on the Flop


PokerStars Hand #144695087862:  Hold'em Limit ($3/$6 USD) - 2015/12/02 0:12:48 ET
Table 'Stentor II' 2-max Seat #2 is the button
Seat 1: ct-650 ($206.78 in chips)
Seat 2: jl45259071 ($78.32 in chips)
jl45259071: posts small blind $1
ct-650: posts big blind $3
*** HOLE CARDS ***
jl45259071: raises $3 to $6
ct-650: folds
Uncalled bet ($3) returned to jl45259071
jl45259071 collected $6 from pot
jl45259071: doesn't show hand
*** SUMMARY ***
Total pot $6 | Rake $0
Seat 1: ct-650 (big blind) folded before Flop
Seat 2: jl45259071 (button) (small blind) collected ($6)


PokerStars Hand #144695092099:  Hold'em Limit ($3/$6 USD) - 2015/12/02 0:13:05 ET
Table 'Stentor II' 2-max Seat #2 is the button
Seat 1: ct-650 ($209.54 in chips)
Seat 2: jl45259071 ($75.32 in chips)
jl45259071: posts small blind $1
ct-650: posts big blind $3
*** HOLE CARDS ***
jl45259071: calls $2
ct-650: checks
*** FLOP *** [Jd As Qh]
ct-650: bets $3
jl45259071: calls $3
*** TURN *** [Jd As Qh] [4h]
ct-650: checks
jl45259071: bets $6
ct-650: calls $6
*** RIVER *** [Jd As Qh 4h] [Kh]
ct-650: checks
jl45259071: checks
*** SHOW DOWN ***
ct-650: shows [6s Jh] (a pair of Jacks)
jl45259071: shows [Qd 4c] (two pair, Queens and Fours)
jl45259071 collected $23.52 from pot
*** SUMMARY ***
Total pot $24 | Rake $0.48
Board [Jd As Qh 4h Kh]
Seat 1: ct-650 (big blind) showed [6s Jh] and lost with a pair of Jacks
Seat 2: jl45259071 (button) (small blind) showed [Qd 4c] and won ($23.52) with two pair, Queens and Fours


PokerStars Hand #144695096811:  Hold'em Limit ($3/$6 USD) - 2015/12/02 0:13:24 ET
Table 'Stentor II' 2-max Seat #1 is the button
Seat 1: ct-650 ($197.54 in chips)
Seat 2: jl45259071 ($91.84 in chips)
ct-650: posts small blind $1
jl45259071: posts big blind $3
*** HOLE CARDS ***
ct-650: raises $3 to $6
jl45259071: calls $3
*** FLOP *** [6s Ts 4d]
jl45259071: checks
ct-650: bets $3
jl45259071: calls $3
*** TURN *** [6s Ts 4d] [7c]
jl45259071: checks
ct-650: checks
*** RIVER *** [6s Ts 4d 7c] [4c]
jl45259071: bets $6
ct-650: folds
Uncalled bet ($6) returned to jl45259071
jl45259071 collected $17.64 from pot
jl45259071: doesn't show hand
*** SUMMARY ***
Total pot $18 | Rake $0.36
Board [6s Ts 4d 7c 4c]
Seat 1: ct-650 (button) (small blind) folded on the River
Seat 2: jl45259071 (big blind) collected ($17.64)


PokerStars Hand #144695101617:  Hold'em Limit ($3/$6 USD) - 2015/12/02 0:13:44 ET
Table 'Stentor II' 2-max Seat #2 is the button
Seat 1: ct-650 ($188.54 in chips)
Seat 2: jl45259071 ($100.48 in chips)
jl45259071: posts small blind $1
ct-650: posts big blind $3
*** HOLE CARDS ***
jl45259071: raises $3 to $6
ct-650: calls $3
*** FLOP *** [9h 4c Ts]
ct-650: checks
jl45259071: bets $3
ct-650: folds
Uncalled bet ($3) returned to jl45259071
jl45259071 collected $11.76 from pot
jl45259071: doesn't show hand
*** SUMMARY ***
Total pot $12 | Rake $0.24
Board [9h 4c Ts]
Seat 1: ct-650 (big blind) folded on the Flop
Seat 2: jl45259071 (button) (small blind) collected ($11.76)


PokerStars Hand #144695111869:  Hold'em Limit ($3/$6 USD) - 2015/12/02 0:14:23 ET
Table 'Stentor II' 2-max Seat #2 is the button
Seat 1: ct-650 ($173.54 in chips)
Seat 2: jl45259071 ($114.88 in chips)
jl45259071: posts small blind $1
ct-650: posts big blind $3
*** HOLE CARDS ***
jl45259071: raises $3 to $6
ct-650: folds
Uncalled bet ($3) returned to jl45259071
jl45259071 collected $6 from pot
jl45259071: doesn't show hand
*** SUMMARY ***
Total pot $6 | Rake $0
Seat 1: ct-650 (big blind) folded before Flop
Seat 2: jl45259071 (button) (small blind) collected ($6)


PokerStars Hand #144695107644:  Hold'em Limit ($3/$6 USD) - 2015/12/02 0:14:07 ET
Table 'Stentor II' 2-max Seat #1 is the button
Seat 1: ct-650 ($182.54 in chips)
Seat 2: jl45259071 ($106.24 in chips)
ct-650: posts small blind $1
jl45259071: posts big blind $3
*** HOLE CARDS ***
ct-650: raises $3 to $6
jl45259071: calls $3
*** FLOP *** [3c Th 5s]
jl45259071: checks
ct-650: bets $3
jl45259071: calls $3
*** TURN *** [3c Th 5s] [Ts]
jl45259071: checks
ct-650: checks
*** RIVER *** [3c Th 5s Ts] [5h]
jl45259071: bets $6
ct-650: folds
Uncalled bet ($6) returned to jl45259071
jl45259071 collected $17.64 from pot
jl45259071: doesn't show hand
*** SUMMARY ***
Total pot $18 | Rake $0.36
Board [3c Th 5s Ts 5h]
Seat 1: ct-650 (button) (small blind) folded on the River
Seat 2: jl45259071 (big blind) collected ($17.64)


PokerStars Hand #144695120602:  Hold'em Limit ($3/$6 USD) - 2015/12/02 0:14:58 ET
Table 'Stentor II' 2-max Seat #1 is the button
Seat 1: ct-650 ($167.30 in chips)
Seat 2: jl45259071 ($120.52 in chips)
ct-650: posts small blind $1
jl45259071: posts big blind $3
*** HOLE CARDS ***
ct-650: folds
Uncalled bet ($2) returned to jl45259071
jl45259071 collected $2 from pot
jl45259071: doesn't show hand
*** SUMMARY ***
Total pot $2 | Rake $0
Seat 1: ct-650 (button) (small blind) folded before Flop
Seat 2: jl45259071 (big blind) collected ($2)


PokerStars Hand #144695116319:  Hold'em Limit ($3/$6 USD) - 2015/12/02 0:14:42 ET
Table 'Stentor II' 2-max Seat #2 is the button
Seat 1: ct-650 ($176.30 in chips)
Seat 2: jl45259071 ($111.88 in chips)
jl45259071: posts small blind $1
ct-650: posts big blind $3
*** HOLE CARDS ***
jl45259071: raises $3 to $6
ct-650: calls $3
*** FLOP *** [4c 7d 3d]
ct-650: checks
jl45259071: bets $3
ct-650: calls $3
*** TURN *** [4c 7d 3d] [7h]
ct-650: checks
jl45259071: checks
*** RIVER *** [4c 7d 3d 7h] [5c]
ct-650: checks
jl45259071: checks
*** SHOW DOWN ***
ct-650: shows [9d Js] (a pair of Sevens)
jl45259071: shows [Jh Ac] (a pair of Sevens - Ace kicker)
jl45259071 collected $17.64 from pot
*** SUMMARY ***
Total pot $18 | Rake $0.36
Board [4c 7d 3d 7h 5c]
Seat 1: ct-650 (big blind) showed [9d Js] and lost with a pair of Sevens
Seat 2: jl45259071 (button) (small blind) showed [Jh Ac] and won ($17.64) with a pair of Sevens


PokerStars Hand #144695113158:  Hold'em Limit ($3/$6 USD) - 2015/12/02 0:14:29 ET
Table 'Stentor II' 2-max Seat #1 is the button
Seat 1: ct-650 ($170.54 in chips)
Seat 2: jl45259071 ($117.88 in chips)
ct-650: posts small blind $1
jl45259071: posts big blind $3
*** HOLE CARDS ***
ct-650: raises $3 to $6
jl45259071: calls $3
*** FLOP *** [7d Ks 2h]
jl45259071: checks
ct-650: bets $3
jl45259071: folds
Uncalled bet ($3) returned to ct-650
ct-650 collected $11.76 from pot
*** SUMMARY ***
Total pot $12 | Rake $0.24
Board [7d Ks 2h]
Seat 1: ct-650 (button) (small blind) collected ($11.76)
Seat 2: jl45259071 (big blind) folded on the Flop


PokerStars Hand #144695121806:  Hold'em Limit ($3/$6 USD) - 2015/12/02 0:15:03 ET
Table 'Stentor II' 2-max Seat #2 is the button
Seat 1: ct-650 ($166.30 in chips)
Seat 2: jl45259071 ($121.52 in chips)
jl45259071: posts small blind $1
ct-650: posts big blind $3
*** HOLE CARDS ***
jl45259071: calls $2
ct-650: raises $3 to $6
jl45259071: calls $3
*** FLOP *** [Th Qh 9h]
ct-650: bets $3
jl45259071: calls $3
*** TURN *** [Th Qh 9h] [Jh]
ct-650: checks
jl45259071: bets $6
ct-650: folds
Uncalled bet ($6) returned to jl45259071
jl45259071 collected $17.64 from pot
jl45259071: doesn't show hand
*** SUMMARY ***
Total pot $18 | Rake $0.36
Board [Th Qh 9h Jh]
Seat 1: ct-650 (big blind) folded on the Turn
Seat 2: jl45259071 (button) (small blind) collected ($17.64)


PokerStars Hand #144695126512:  Hold'em Limit ($3/$6 USD) - 2015/12/02 0:15:22 ET
Table 'Stentor II' 2-max Seat #1 is the button
Seat 1: ct-650 ($157.30 in chips)
Seat 2: jl45259071 ($130.16 in chips)
ct-650: posts small blind $1
jl45259071: posts big blind $3
*** HOLE CARDS ***
ct-650: folds
Uncalled bet ($2) returned to jl45259071
jl45259071 collected $2 from pot
jl45259071: doesn't show hand
*** SUMMARY ***
Total pot $2 | Rake $0
Seat 1: ct-650 (button) (small blind) folded before Flop
Seat 2: jl45259071 (big blind) collected ($2)


PokerStars Hand #144695128188:  Hold'em Limit ($3/$6 USD) - 2015/12/02 0:15:29 ET
Table 'Stentor II' 2-max Seat #2 is the button
Seat 1: ct-650 ($156.30 in chips)
Seat 2: jl45259071 ($131.16 in chips)
jl45259071: posts small blind $1
ct-650: posts big blind $3
*** HOLE CARDS ***
jl45259071: calls $2
ct-650: checks
*** FLOP *** [2h 6h Js]
ct-650: checks
jl45259071: checks
*** TURN *** [2h 6h Js] [Ts]
ct-650: checks
jl45259071: checks
*** RIVER *** [2h 6h Js Ts] [5c]
ct-650: checks
jl45259071: checks
*** SHOW DOWN ***
ct-650: shows [8h 4d] (high card Jack)
jl45259071: shows [Kh 7s] (high card King)
jl45259071 collected $5.88 from pot
*** SUMMARY ***
Total pot $6 | Rake $0.12
Board [2h 6h Js Ts 5c]
Seat 1: ct-650 (big blind) showed [8h 4d] and lost with high card Jack
Seat 2: jl45259071 (button) (small blind) showed [Kh 7s] and won ($5.88) with high card King


PokerStars Hand #144695132439:  Hold'em Limit ($3/$6 USD) - 2015/12/02 0:15:45 ET
Table 'Stentor II' 2-max Seat #1 is the button
Seat 1: ct-650 ($153.30 in chips)
Seat 2: jl45259071 ($134.04 in chips)
ct-650: posts small blind $1
jl45259071: posts big blind $3
*** HOLE CARDS ***
ct-650: raises $3 to $6
jl45259071: calls $3
*** FLOP *** [6h Ts Qd]
jl45259071: checks
ct-650: bets $3
jl45259071: calls $3
*** TURN *** [6h Ts Qd] [8h]
jl45259071: checks
ct-650: bets $6
jl45259071: calls $6
*** RIVER *** [6h Ts Qd 8h] [As]
jl45259071: checks
ct-650: checks
*** SHOW DOWN ***
jl45259071: shows [6s Jh] (a pair of Sixes)
ct-650: shows [8c 9s] (a pair of Eights)
ct-650 collected $29.50 from pot
*** SUMMARY ***
Total pot $30 | Rake $0.50
Board [6h Ts Qd 8h As]
Seat 1: ct-650 (button) (small blind) showed [8c 9s] and won ($29.50) with a pair of Eights
Seat 2: jl45259071 (big blind) showed [6s Jh] and lost with a pair of Sixes


PokerStars Hand #144695136327:  Hold'em Limit ($3/$6 USD) - 2015/12/02 0:16:01 ET
Table 'Stentor II' 2-max Seat #2 is the button
Seat 1: ct-650 ($167.80 in chips)
Seat 2: jl45259071 ($119.04 in chips)
jl45259071: posts small blind $1
ct-650: posts big blind $3
*** HOLE CARDS ***
jl45259071: calls $2
ct-650: checks
*** FLOP *** [Kc Ah Qh]
ct-650: bets $3
jl45259071: raises $3 to $6
ct-650: folds
Uncalled bet ($3) returned to jl45259071
jl45259071 collected $11.76 from pot
jl45259071: doesn't show hand
*** SUMMARY ***
Total pot $12 | Rake $0.24
Board [Kc Ah Qh]
Seat 1: ct-650 (big blind) folded on the Flop
Seat 2: jl45259071 (button) (small blind) collected ($11.76)


PokerStars Hand #144695145491:  Hold'em Limit ($3/$6 USD) - 2015/12/02 0:16:37 ET
Table 'Stentor II' 2-max Seat #2 is the button
Seat 1: ct-650 ($152.80 in chips)
Seat 2: jl45259071 ($133.44 in chips)
jl45259071: posts small blind $1
ct-650: posts big blind $3
*** HOLE CARDS ***
jl45259071: calls $2
ct-650: checks
*** FLOP *** [9c 7d Qs]
ct-650: checks
jl45259071: bets $3
ct-650: folds
Uncalled bet ($3) returned to jl45259071
jl45259071 collected $5.88 from pot
jl45259071: doesn't show hand
*** SUMMARY ***
Total pot $6 | Rake $0.12
Board [9c 7d Qs]
Seat 1: ct-650 (big blind) folded on the Flop
Seat 2: jl45259071 (button) (small blind) collected ($5.88)


PokerStars Hand #144695148740:  Hold'em Limit ($3/$6 USD) - 2015/12/02 0:16:50 ET
Table 'Stentor II' 2-max Seat #1 is the button
Seat 1: ct-650 ($149.80 in chips)
Seat 2: jl45259071 ($136.32 in chips)
ct-650: posts small blind $1
jl45259071: posts big blind $3
*** HOLE CARDS ***
ct-650: raises $3 to $6
jl45259071: calls $3
*** FLOP *** [Qd 6c As]
jl45259071: checks
ct-650: bets $3
jl45259071: folds
Uncalled bet ($3) returned to ct-650
ct-650 collected $11.76 from pot
*** SUMMARY ***
Total pot $12 | Rake $0.24
Board [Qd 6c As]
Seat 1: ct-650 (button) (small blind) collected ($11.76)
Seat 2: jl45259071 (big blind) folded on the Flop


PokerStars Hand #144695139724:  Hold'em Limit ($3/$6 USD) - 2015/12/02 0:16:14 ET
Table 'Stentor II' 2-max Seat #1 is the button
Seat 1: ct-650 ($161.80 in chips)
Seat 2: jl45259071 ($124.80 in chips)
ct-650: posts small blind $1
jl45259071: posts big blind $3
*** HOLE CARDS ***
ct-650: raises $3 to $6
jl45259071: calls $3
*** FLOP *** [Jd Ad Kh]
jl45259071: checks
ct-650: bets $3
jl45259071: calls $3
*** TURN *** [Jd Ad Kh] [6h]
jl45259071: checks
ct-650: checks
*** RIVER *** [Jd Ad Kh 6h] [3h]
jl45259071: bets $6
ct-650: folds
Uncalled bet ($6) returned to jl45259071
jl45259071 collected $17.64 from pot
jl45259071: doesn't show hand
*** SUMMARY ***
Total pot $18 | Rake $0.36
Board [Jd Ad Kh 6h 3h]
Seat 1: ct-650 (button) (small blind) folded on the River
Seat 2: jl45259071 (big blind) collected ($17.64)


PokerStars Hand #144695158739:  Hold'em Limit ($3/$6 USD) - 2015/12/02 0:17:30 ET
Table 'Stentor II' 2-max Seat #2 is the button
Seat 1: ct-650 ($152.44 in chips)
Seat 2: jl45259071 ($133.08 in chips)
jl45259071: posts small blind $1
ct-650: posts big blind $3
*** HOLE CARDS ***
jl45259071: calls $2
ct-650: raises $3 to $6
jl45259071: calls $3
*** FLOP *** [6c Ad Jd]
ct-650: bets $3
jl45259071: folds
Uncalled bet ($3) returned to ct-650
ct-650 collected $11.76 from pot
*** SUMMARY ***
Total pot $12 | Rake $0.24
Board [6c Ad Jd]
Seat 1: ct-650 (big blind) collected ($11.76)
Seat 2: jl45259071 (button) (small blind) folded on the Flop


PokerStars Hand #144695161729:  Hold'em Limit ($3/$6 USD) - 2015/12/02 0:17:42 ET
Table 'Stentor II' 2-max Seat #1 is the button
Seat 1: ct-650 ($158.20 in chips)
Seat 2: jl45259071 ($127.08 in chips)
ct-650: posts small blind $1
jl45259071: posts big blind $3
*** HOLE CARDS ***
ct-650: raises $3 to $6
jl45259071: calls $3
*** FLOP *** [7h Kd 8s]
jl45259071: checks
ct-650: bets $3
jl45259071: calls $3
*** TURN *** [7h Kd 8s] [9s]
jl45259071: checks
ct-650: checks
*** RIVER *** [7h Kd 8s 9s] [4d]
jl45259071: bets $6
ct-650: folds
Uncalled bet ($6) returned to jl45259071
jl45259071 collected $17.64 from pot
jl45259071: doesn't show hand
*** SUMMARY ***
Total pot $18 | Rake $0.36
Board [7h Kd 8s 9s 4d]
Seat 1: ct-650 (button) (small blind) folded on the River
Seat 2: jl45259071 (big blind) collected ($17.64)


PokerStars Hand #144695155707:  Hold'em Limit ($3/$6 USD) - 2015/12/02 0:17:18 ET
Table 'Stentor II' 2-max Seat #1 is the button
Seat 1: ct-650 ($158.44 in chips)
Seat 2: jl45259071 ($127.32 in chips)
ct-650: posts small blind $1
jl45259071: posts big blind $3
*** HOLE CARDS ***
ct-650: raises $3 to $6
jl45259071: calls $3
*** FLOP *** [Qd Ts 6d]
jl45259071: bets $3
ct-650: folds
Uncalled bet ($3) returned to jl45259071
jl45259071 collected $11.76 from pot
jl45259071: doesn't show hand
*** SUMMARY ***
Total pot $12 | Rake $0.24
Board [Qd Ts 6d]
Seat 1: ct-650 (button) (small blind) folded on the Flop
Seat 2: jl45259071 (big blind) collected ($11.76)


PokerStars Hand #144695175041:  Hold'em Limit ($3/$6 USD) - 2015/12/02 0:18:35 ET
Table 'Stentor II' 2-max Seat #2 is the button
Seat 1: ct-650 ($113.20 in chips)
Seat 2: jl45259071 ($170.74 in chips)
jl45259071: posts small blind $1
ct-650: posts big blind $3
*** HOLE CARDS ***
jl45259071: calls $2
ct-650: raises $3 to $6
jl45259071: calls $3
*** FLOP *** [6c 2s Jd]
ct-650: bets $3
jl45259071: calls $3
*** TURN *** [6c 2s Jd] [8h]
ct-650: checks
jl45259071: checks
*** RIVER *** [6c 2s Jd 8h] [Qh]
ct-650: bets $6
jl45259071: calls $6
*** SHOW DOWN ***
ct-650: shows [Th Qs] (a pair of Queens)
jl45259071: mucks hand
ct-650 collected $29.50 from pot
*** SUMMARY ***
Total pot $30 | Rake $0.50
Board [6c 2s Jd 8h Qh]
Seat 1: ct-650 (big blind) showed [Th Qs] and won ($29.50) with a pair of Queens
Seat 2: jl45259071 (button) (small blind) mucked


PokerStars Hand #144695178647:  Hold'em Limit ($3/$6 USD) - 2015/12/02 0:18:49 ET
Table 'Stentor II' 2-max Seat #1 is the button
Seat 1: ct-650 ($127.70 in chips)
Seat 2: jl45259071 ($155.74 in chips)
ct-650: posts small blind $1
jl45259071: posts big blind $3
*** HOLE CARDS ***
ct-650: raises $3 to $6
jl45259071: calls $3
*** FLOP *** [Ah 8s Qc]
jl45259071: checks
ct-650: bets $3
jl45259071: folds
Uncalled bet ($3) returned to ct-650
ct-650 collected $11.76 from pot
*** SUMMARY ***
Total pot $12 | Rake $0.24
Board [Ah 8s Qc]
Seat 1: ct-650 (button) (small blind) collected ($11.76)
Seat 2: jl45259071 (big blind) folded on the Flop


PokerStars Hand #144695181218:  Hold'em Limit ($3/$6 USD) - 2015/12/02 0:19:00 ET
Table 'Stentor II' 2-max Seat #2 is the button
Seat 1: ct-650 ($133.46 in chips)
Seat 2: jl45259071 ($149.74 in chips)
jl45259071: posts small blind $1
ct-650: posts big blind $3
*** HOLE CARDS ***
jl45259071: calls $2
ct-650: checks
*** FLOP *** [Ts 5s 7h]
ct-650: checks
jl45259071: checks
*** TURN *** [Ts 5s 7h] [8c]
ct-650: checks
jl45259071: bets $6
ct-650: folds
Uncalled bet ($6) returned to jl45259071
jl45259071 collected $5.88 from pot
jl45259071: doesn't show hand
*** SUMMARY ***
Total pot $6 | Rake $0.12
Board [Ts 5s 7h 8c]
Seat 1: ct-650 (big blind) folded on the Turn
Seat 2: jl45259071 (button) (small blind) collected ($5.88)


PokerStars Hand #144695166479:  Hold'em Limit ($3/$6 USD) - 2015/12/02 0:18:01 ET
Table 'Stentor II' 2-max Seat #2 is the button
Seat 1: ct-650 ($149.20 in chips)
Seat 2: jl45259071 ($135.72 in chips)
jl45259071: posts small blind $1
ct-650: posts big blind $3
*** HOLE CARDS ***
jl45259071: calls $2
ct-650: checks
*** FLOP *** [3d Qd 2h]
ct-650: bets $3
jl45259071: calls $3
*** TURN *** [3d Qd 2h] [Tc]
ct-650: bets $6
jl45259071: raises $6 to $12
ct-650: calls $6
*** RIVER *** [3d Qd 2h Tc] [Kc]
ct-650: checks
jl45259071: bets $6
ct-650: calls $6
*** SHOW DOWN ***
jl45259071: shows [Th 2c] (two pair, Tens and Deuces)
ct-650: mucks hand
jl45259071 collected $47.50 from pot
*** SUMMARY ***
Total pot $48 | Rake $0.50
Board [3d Qd 2h Tc Kc]
Seat 1: ct-650 (big blind) mucked
Seat 2: jl45259071 (button) (small blind) showed [Th 2c] and won ($47.50) with two pair, Tens and Deuces


PokerStars Hand #144695171374:  Hold'em Limit ($3/$6 USD) - 2015/12/02 0:18:20 ET
Table 'Stentor II' 2-max Seat #1 is the button
Seat 1: ct-650 ($125.20 in chips)
Seat 2: jl45259071 ($159.22 in chips)
ct-650: posts small blind $1
jl45259071: posts big blind $3
*** HOLE CARDS ***
ct-650: raises $3 to $6
jl45259071: calls $3
*** FLOP *** [9s Qs 5c]
jl45259071: checks
ct-650: bets $3
jl45259071: raises $3 to $6
ct-650: calls $3
*** TURN *** [9s Qs 5c] [Ad]
jl45259071: bets $6
ct-650: folds
Uncalled bet ($6) returned to jl45259071
jl45259071 collected $23.52 from pot
jl45259071: doesn't show hand
*** SUMMARY ***
Total pot $24 | Rake $0.48
Board [9s Qs 5c Ad]
Seat 1: ct-650 (button) (small blind) folded on the Turn
Seat 2: jl45259071 (big blind) collected ($23.52)


PokerStars Hand #144695188343:  Hold'em Limit ($3/$6 USD) - 2015/12/02 0:19:28 ET
Table 'Stentor II' 2-max Seat #2 is the button
Seat 1: ct-650 ($150.96 in chips)
Seat 2: jl45259071 ($131.62 in chips)
jl45259071: posts small blind $1
ct-650: posts big blind $3
*** HOLE CARDS ***
jl45259071: raises $3 to $6
ct-650: folds
Uncalled bet ($3) returned to jl45259071
jl45259071 collected $6 from pot
jl45259071: doesn't show hand
*** SUMMARY ***
Total pot $6 | Rake $0
Seat 1: ct-650 (big blind) folded before Flop
Seat 2: jl45259071 (button) (small blind) collected ($6)


PokerStars Hand #144695192784:  Hold'em Limit ($3/$6 USD) - 2015/12/02 0:19:46 ET
Table 'Stentor II' 2-max Seat #2 is the button
Seat 1: ct-650 ($156.60 in chips)
Seat 2: jl45259071 ($125.62 in chips)
jl45259071: posts small blind $1
ct-650: posts big blind $3
*** HOLE CARDS ***
jl45259071: folds
Uncalled bet ($2) returned to ct-650
ct-650 collected $2 from pot
*** SUMMARY ***
Total pot $2 | Rake $0
Seat 1: ct-650 (big blind) collected ($2)
Seat 2: jl45259071 (button) (small blind) folded before Flop


PokerStars Hand #144695189623:  Hold'em Limit ($3/$6 USD) - 2015/12/02 0:19:33 ET
Table 'Stentor II' 2-max Seat #1 is the button
Seat 1: ct-650 ($147.96 in chips)
Seat 2: jl45259071 ($134.62 in chips)
ct-650: posts small blind $1
jl45259071: posts big blind $3
*** HOLE CARDS ***
ct-650: raises $3 to $6
jl45259071: calls $3
*** FLOP *** [Jc 5h Ah]
jl45259071: checks
ct-650: bets $3
jl45259071: calls $3
*** TURN *** [Jc 5h Ah] [4s]
jl45259071: checks
ct-650: bets $6
jl45259071: folds
Uncalled bet ($6) returned to ct-650
ct-650 collected $17.64 from pot
*** SUMMARY ***
Total pot $18 | Rake $0.36
Board [Jc 5h Ah 4s]
Seat 1: ct-650 (button) (small blind) collected ($17.64)
Seat 2: jl45259071 (big blind) folded on the Turn


PokerStars Hand #144695197668:  Hold'em Limit ($3/$6 USD) - 2015/12/02 0:20:06 ET
Table 'Stentor II' 2-max Seat #2 is the button
Seat 1: ct-650 ($172.10 in chips)
Seat 2: jl45259071 ($109.62 in chips)
jl45259071: posts small blind $1
ct-650: posts big blind $3
*** HOLE CARDS ***
jl45259071: calls $2
ct-650: raises $3 to $6
jl45259071: calls $3
*** FLOP *** [2s 6d 7d]
ct-650: bets $3
jl45259071: calls $3
*** TURN *** [2s 6d 7d] [8c]
ct-650: checks
jl45259071: checks
*** RIVER *** [2s 6d 7d 8c] [7h]
ct-650: checks
jl45259071: bets $6
ct-650: folds
Uncalled bet ($6) returned to jl45259071
jl45259071 collected $17.64 from pot
jl45259071: doesn't show hand
*** SUMMARY ***
Total pot $18 | Rake $0.36
Board [2s 6d 7d 8c 7h]
Seat 1: ct-650 (big blind) folded on the River
Seat 2: jl45259071 (button) (small blind) collected ($17.64)


PokerStars Hand #144695205216:  Hold'em Limit ($3/$6 USD) - 2015/12/02 0:20:37 ET
Table 'Stentor II' 2-max Seat #1 is the button
Seat 1: ct-650 ($158.10 in chips)
Seat 2: jl45259071 ($123.02 in chips)
ct-650: posts small blind $1
jl45259071: posts big blind $3
*** HOLE CARDS ***
ct-650: raises $3 to $6
jl45259071: raises $3 to $9
ct-650: calls $3
*** FLOP *** [9d Jh 3s]
jl45259071: bets $3
ct-650: folds
Uncalled bet ($3) returned to jl45259071
jl45259071 collected $17.64 from pot
jl45259071: doesn't show hand
*** SUMMARY ***
Total pot $18 | Rake $0.36
Board [9d Jh 3s]
Seat 1: ct-650 (button) (small blind) folded on the Flop
Seat 2: jl45259071 (big blind) collected ($17.64)


PokerStars Hand #144695201268:  Hold'em Limit ($3/$6 USD) - 2015/12/02 0:20:21 ET
Table 'Stentor II' 2-max Seat #1 is the button
Seat 1: ct-650 ($163.10 in chips)
Seat 2: jl45259071 ($118.26 in chips)
ct-650: posts small blind $1
jl45259071: posts big blind $3
*** HOLE CARDS ***
ct-650: raises $3 to $6
jl45259071: calls $3
*** FLOP *** [As 3h 6c]
jl45259071: bets $3
ct-650: folds
Uncalled bet ($3) returned to jl45259071
jl45259071 collected $11.76 from pot
jl45259071: doesn't show hand
*** SUMMARY ***
Total pot $12 | Rake $0.24
Board [As 3h 6c]
Seat 1: ct-650 (button) (small blind) folded on the Flop
Seat 2: jl45259071 (big blind) collected ($11.76)


PokerStars Hand #144695203852:  Hold'em Limit ($3/$6 USD) - 2015/12/02 0:20:32 ET
Table 'Stentor II' 2-max Seat #2 is the button
Seat 1: ct-650 ($157.10 in chips)
Seat 2: jl45259071 ($124.02 in chips)
jl45259071: posts small blind $1
ct-650: posts big blind $3
*** HOLE CARDS ***
jl45259071: folds
Uncalled bet ($2) returned to ct-650
ct-650 collected $2 from pot
*** SUMMARY ***
Total pot $2 | Rake $0
Seat 1: ct-650 (big blind) collected ($2)
Seat 2: jl45259071 (button) (small blind) folded before Flop


PokerStars Hand #144695215010:  Hold'em Limit ($3/$6 USD) - 2015/12/02 0:21:16 ET
Table 'Stentor II' 2-max Seat #2 is the button
Seat 1: ct-650 ($116.10 in chips)
Seat 2: jl45259071 ($164.04 in chips)
jl45259071: posts small blind $1
ct-650: posts big blind $3
*** HOLE CARDS ***
jl45259071: calls $2
ct-650: raises $3 to $6
jl45259071: calls $3
*** FLOP *** [Jh Qc 7c]
ct-650: bets $3
jl45259071: calls $3
*** TURN *** [Jh Qc 7c] [4s]
ct-650: bets $6
jl45259071: calls $6
*** RIVER *** [Jh Qc 7c 4s] [Th]
ct-650: bets $6
jl45259071: calls $6
*** SHOW DOWN ***
ct-650: shows [8h 8d] (a pair of Eights)
jl45259071: shows [8c Qd] (a pair of Queens)
jl45259071 collected $41.50 from pot
*** SUMMARY ***
Total pot $42 | Rake $0.50
Board [Jh Qc 7c 4s Th]
Seat 1: ct-650 (big blind) showed [8h 8d] and lost with a pair of Eights
Seat 2: jl45259071 (button) (small blind) showed [8c Qd] and won ($41.50) with a pair of Queens


PokerStars Hand #144695223049:  Hold'em Limit ($3/$6 USD) - 2015/12/02 0:21:49 ET
Table 'Stentor II' 2-max Seat #1 is the button
Seat 1: ct-650 ($99.86 in chips)
Seat 2: jl45259071 ($179.54 in chips)
ct-650: posts small blind $1
jl45259071: posts big blind $3
*** HOLE CARDS ***
ct-650: raises $3 to $6
jl45259071: calls $3
*** FLOP *** [6d 7s 2s]
jl45259071: checks
ct-650: bets $3
jl45259071: calls $3
*** TURN *** [6d 7s 2s] [Th]
jl45259071: checks
ct-650: checks
*** RIVER *** [6d 7s 2s Th] [As]
jl45259071: checks
ct-650: bets $6
jl45259071: folds
Uncalled bet ($6) returned to ct-650
ct-650 collected $17.64 from pot
*** SUMMARY ***
Total pot $18 | Rake $0.36
Board [6d 7s 2s Th As]
Seat 1: ct-650 (button) (small blind) collected ($17.64)
Seat 2: jl45259071 (big blind) folded on the River


PokerStars Hand #144695218826:  Hold'em Limit ($3/$6 USD) - 2015/12/02 0:21:32 ET
Table 'Stentor II' 2-max Seat #1 is the button
Seat 1: ct-650 ($95.10 in chips)
Seat 2: jl45259071 ($184.54 in chips)
ct-650: posts small blind $1
jl45259071: posts big blind $3
*** HOLE CARDS ***
ct-650: folds
Uncalled bet ($2) returned to jl45259071
jl45259071 collected $2 from pot
jl45259071: doesn't show hand
*** SUMMARY ***
Total pot $2 | Rake $0
Seat 1: ct-650 (button) (small blind) folded before Flop
Seat 2: jl45259071 (big blind) collected ($2)


PokerStars Hand #144695220469:  Hold'em Limit ($3/$6 USD) - 2015/12/02 0:21:39 ET
Table 'Stentor II' 2-max Seat #2 is the button
Seat 1: ct-650 ($94.10 in chips)
Seat 2: jl45259071 ($185.54 in chips)
jl45259071: posts small blind $1
ct-650: posts big blind $3
*** HOLE CARDS ***
jl45259071: calls $2
ct-650: raises $3 to $6
jl45259071: calls $3
*** FLOP *** [Jc 4c 2d]
ct-650: bets $3
jl45259071: folds
Uncalled bet ($3) returned to ct-650
ct-650 collected $11.76 from pot
*** SUMMARY ***
Total pot $12 | Rake $0.24
Board [Jc 4c 2d]
Seat 1: ct-650 (big blind) collected ($11.76)
Seat 2: jl45259071 (button) (small blind) folded on the Flop


PokerStars Hand #144695210647:  Hold'em Limit ($3/$6 USD) - 2015/12/02 0:20:59 ET
Table 'Stentor II' 2-max Seat #1 is the button
Seat 1: ct-650 ($146.10 in chips)
Seat 2: jl45259071 ($134.54 in chips)
ct-650: posts small blind $1
jl45259071: posts big blind $3
*** HOLE CARDS ***
ct-650: raises $3 to $6
jl45259071: raises $3 to $9
ct-650: calls $3
*** FLOP *** [Ac Js 6s]
jl45259071: bets $3
ct-650: calls $3
*** TURN *** [Ac Js 6s] [5c]
jl45259071: bets $6
ct-650: raises $6 to $12
jl45259071: calls $6
*** RIVER *** [Ac Js 6s 5c] [9s]
jl45259071: bets $6
ct-650: calls $6
*** SHOW DOWN ***
jl45259071: shows [Qs As] (a flush, Ace high)
ct-650: mucks hand
jl45259071 collected $59.50 from pot
*** SUMMARY ***
Total pot $60 | Rake $0.50
Board [Ac Js 6s 5c 9s]
Seat 1: ct-650 (button) (small blind) mucked
Seat 2: jl45259071 (big blind) showed [Qs As] and won ($59.50) with a flush, Ace high


PokerStars Hand #144695228142:  Hold'em Limit ($3/$6 USD) - 2015/12/02 0:22:10 ET
Table 'Stentor II' 2-max Seat #2 is the button
Seat 1: ct-650 ($108.50 in chips)
Seat 2: jl45259071 ($170.54 in chips)
jl45259071: posts small blind $1
ct-650: posts big blind $3
*** HOLE CARDS ***
jl45259071: calls $2
ct-650: checks
*** FLOP *** [2c 7d 3c]
ct-650: bets $3
jl45259071: calls $3
*** TURN *** [2c 7d 3c] [Kh]
ct-650: bets $6
jl45259071: calls $6
*** RIVER *** [2c 7d 3c Kh] [Jd]
ct-650: bets $6
jl45259071: folds
Uncalled bet ($6) returned to ct-650
ct-650 collected $23.52 from pot
*** SUMMARY ***
Total pot $24 | Rake $0.48
Board [2c 7d 3c Kh Jd]
Seat 1: ct-650 (big blind) collected ($23.52)
Seat 2: jl45259071 (button) (small blind) folded on the River


PokerStars Hand #144695233692:  Hold'em Limit ($3/$6 USD) - 2015/12/02 0:22:32 ET
Table 'Stentor II' 2-max Seat #1 is the button
Seat 1: ct-650 ($120.02 in chips)
Seat 2: jl45259071 ($158.54 in chips)
ct-650: posts small blind $1
jl45259071: posts big blind $3
*** HOLE CARDS ***
ct-650: raises $3 to $6
jl45259071: calls $3
*** FLOP *** [8d 2c 3d]
jl45259071: bets $3
ct-650: calls $3
*** TURN *** [8d 2c 3d] [Td]
jl45259071: bets $6
ct-650: calls $6
*** RIVER *** [8d 2c 3d Td] [Ts]
jl45259071: bets $6
ct-650: calls $6
*** SHOW DOWN ***
jl45259071: shows [8h 4d] (two pair, Tens and Eights)
ct-650: shows [9h 8c] (two pair, Tens and Eights - Nine kicker)
ct-650 collected $41.50 from pot
*** SUMMARY ***
Total pot $42 | Rake $0.50
Board [8d 2c 3d Td Ts]
Seat 1: ct-650 (button) (small blind) showed [9h 8c] and won ($41.50) with two pair, Tens and Eights
Seat 2: jl45259071 (big blind) showed [8h 4d] and lost with two pair, Tens and Eights


PokerStars Hand #144695245200:  Hold'em Limit ($3/$6 USD) - 2015/12/02 0:23:19 ET
Table 'Stentor II' 2-max Seat #1 is the button
Seat 1: ct-650 ($137.52 in chips)
Seat 2: jl45259071 ($140.42 in chips)
ct-650: posts small blind $1
jl45259071: posts big blind $3
*** HOLE CARDS ***
ct-650: raises $3 to $6
jl45259071: calls $3
*** FLOP *** [5s 2d 9h]
jl45259071: bets $3
ct-650: calls $3
*** TURN *** [5s 2d 9h] [3h]
jl45259071: bets $6
ct-650: raises $6 to $12
jl45259071: calls $6
*** RIVER *** [5s 2d 9h 3h] [6d]
jl45259071: checks
ct-650: bets $6
jl45259071: calls $6
*** SHOW DOWN ***
ct-650: shows [Jh Jc] (a pair of Jacks)
jl45259071: mucks hand
ct-650 collected $53.50 from pot
*** SUMMARY ***
Total pot $54 | Rake $0.50
Board [5s 2d 9h 3h 6d]
Seat 1: ct-650 (button) (small blind) showed [Jh Jc] and won ($53.50) with a pair of Jacks
Seat 2: jl45259071 (big blind) mucked


PokerStars Hand #144695242225:  Hold'em Limit ($3/$6 USD) - 2015/12/02 0:23:07 ET
Table 'Stentor II' 2-max Seat #2 is the button
Seat 1: ct-650 ($140.52 in chips)
Seat 2: jl45259071 ($137.54 in chips)
jl45259071: posts small blind $1
ct-650: posts big blind $3
*** HOLE CARDS ***
jl45259071: calls $2
ct-650: checks
*** FLOP *** [5d Kd Jd]
ct-650: checks
jl45259071: bets $3
ct-650: folds
Uncalled bet ($3) returned to jl45259071
jl45259071 collected $5.88 from pot
jl45259071: doesn't show hand
*** SUMMARY ***
Total pot $6 | Rake $0.12
Board [5d Kd Jd]
Seat 1: ct-650 (big blind) folded on the Flop
Seat 2: jl45259071 (button) (small blind) collected ($5.88)


PokerStars Hand #144695250838:  Hold'em Limit ($3/$6 USD) - 2015/12/02 0:23:42 ET
Table 'Stentor II' 2-max Seat #2 is the button
Seat 1: ct-650 ($164.02 in chips)
Seat 2: jl45259071 ($113.42 in chips)
jl45259071: posts small blind $1
ct-650: posts big blind $3
*** HOLE CARDS ***
jl45259071: calls $2
ct-650: raises $3 to $6
jl45259071: calls $3
*** FLOP *** [7s 8d 8s]
ct-650: checks
jl45259071: bets $3
ct-650: calls $3
*** TURN *** [7s 8d 8s] [2h]
ct-650: checks
jl45259071: bets $6
ct-650: folds
Uncalled bet ($6) returned to jl45259071
jl45259071 collected $17.64 from pot
jl45259071: doesn't show hand
*** SUMMARY ***
Total pot $18 | Rake $0.36
Board [7s 8d 8s 2h]
Seat 1: ct-650 (big blind) folded on the Turn
Seat 2: jl45259071 (button) (small blind) collected ($17.64)


PokerStars Hand #144695264896:  Hold'em Limit ($3/$6 USD) - 2015/12/02 0:24:39 ET
Table 'Stentor II' 2-max Seat #1 is the button
Seat 1: ct-650 ($151.02 in chips)
Seat 2: jl45259071 ($125.94 in chips)
ct-650: posts small blind $1
jl45259071: posts big blind $3
*** HOLE CARDS ***
ct-650: folds
Uncalled bet ($2) returned to jl45259071
jl45259071 collected $2 from pot
jl45259071: doesn't show hand
*** SUMMARY ***
Total pot $2 | Rake $0
Seat 1: ct-650 (button) (small blind) folded before Flop
Seat 2: jl45259071 (big blind) collected ($2)


PokerStars Hand #144695259692:  Hold'em Limit ($3/$6 USD) - 2015/12/02 0:24:18 ET
Table 'Stentor II' 2-max Seat #2 is the button
Seat 1: ct-650 ($154.02 in chips)
Seat 2: jl45259071 ($123.06 in chips)
jl45259071: posts small blind $1
ct-650: posts big blind $3
*** HOLE CARDS ***
jl45259071: calls $2
ct-650: checks
*** FLOP *** [2s 4h 5d]
ct-650: checks
jl45259071: bets $3
ct-650: folds
Uncalled bet ($3) returned to jl45259071
jl45259071 collected $5.88 from pot
jl45259071: doesn't show hand
*** SUMMARY ***
Total pot $6 | Rake $0.12
Board [2s 4h 5d]
Seat 1: ct-650 (big blind) folded on the Flop
Seat 2: jl45259071 (button) (small blind) collected ($5.88)


PokerStars Hand #144695258572:  Hold'em Limit ($3/$6 USD) - 2015/12/02 0:24:14 ET
Table 'Stentor II' 2-max Seat #1 is the button
Seat 1: ct-650 ($155.02 in chips)
Seat 2: jl45259071 ($122.06 in chips)
ct-650: posts small blind $1
jl45259071: posts big blind $3
*** HOLE CARDS ***
ct-650: folds
Uncalled bet ($2) returned to jl45259071
jl45259071 collected $2 from pot
jl45259071: doesn't show hand
*** SUMMARY ***
Total pot $2 | Rake $0
Seat 1: ct-650 (button) (small blind) folded before Flop
Seat 2: jl45259071 (big blind) collected ($2)


PokerStars Hand #144695266028:  Hold'em Limit ($3/$6 USD) - 2015/12/02 0:24:44 ET
Table 'Stentor II' 2-max Seat #2 is the button
Seat 1: ct-650 ($150.02 in chips)
Seat 2: jl45259071 ($126.94 in chips)
jl45259071: posts small blind $1
ct-650: posts big blind $3
*** HOLE CARDS ***
jl45259071: raises $3 to $6
ct-650: raises $3 to $9
jl45259071: calls $3
*** FLOP *** [Jc Td 5d]
ct-650: bets $3
jl45259071: calls $3
*** TURN *** [Jc Td 5d] [6s]
ct-650: bets $6
jl45259071: raises $6 to $12
ct-650: folds
Uncalled bet ($6) returned to jl45259071
jl45259071 collected $35.50 from pot
jl45259071: doesn't show hand
*** SUMMARY ***
Total pot $36 | Rake $0.50
Board [Jc Td 5d 6s]
Seat 1: ct-650 (big blind) folded on the Turn
Seat 2: jl45259071 (button) (small blind) collected ($35.50)


PokerStars Hand #144695270695:  Hold'em Limit ($3/$6 USD) - 2015/12/02 0:25:03 ET
Table 'Stentor II' 2-max Seat #1 is the button
Seat 1: ct-650 ($132.02 in chips)
Seat 2: jl45259071 ($144.44 in chips)
ct-650: posts small blind $1
jl45259071: posts big blind $3
*** HOLE CARDS ***
ct-650: folds
Uncalled bet ($2) returned to jl45259071
jl45259071 collected $2 from pot
jl45259071: doesn't show hand
*** SUMMARY ***
Total pot $2 | Rake $0
Seat 1: ct-650 (button) (small blind) folded before Flop
Seat 2: jl45259071 (big blind) collected ($2)


PokerStars Hand #144695286569:  Hold'em Limit ($3/$6 USD) - 2015/12/02 0:26:08 ET
Table 'Stentor II' 2-max Seat #1 is the button
Seat 1: ct-650 ($130.02 in chips)
Seat 2: jl45259071 ($144.94 in chips)
ct-650: posts small blind $1
jl45259071: posts big blind $3
*** HOLE CARDS ***
ct-650: raises $3 to $6
jl45259071: calls $3
*** FLOP *** [Qc 6h 7s]
jl45259071: checks
ct-650: bets $3
jl45259071: folds
Uncalled bet ($3) returned to ct-650
ct-650 collected $11.76 from pot
*** SUMMARY ***
Total pot $12 | Rake $0.24
Board [Qc 6h 7s]
Seat 1: ct-650 (button) (small blind) collected ($11.76)
Seat 2: jl45259071 (big blind) folded on the Flop


PokerStars Hand #144695282959:  Hold'em Limit ($3/$6 USD) - 2015/12/02 0:25:53 ET
Table 'Stentor II' 2-max Seat #2 is the button
Seat 1: ct-650 ($109.52 in chips)
Seat 2: jl45259071 ($165.94 in chips)
jl45259071: posts small blind $1
ct-650: posts big blind $3
*** HOLE CARDS ***
jl45259071: calls $2
ct-650: raises $3 to $6
jl45259071: calls $3
*** FLOP *** [4c Qh 2c]
ct-650: bets $3
jl45259071: calls $3
*** TURN *** [4c Qh 2c] [Kc]
ct-650: bets $6
jl45259071: calls $6
*** RIVER *** [4c Qh 2c Kc] [Jc]
ct-650: bets $6
jl45259071: calls $6
*** SHOW DOWN ***
ct-650: shows [Qc Kd] (a flush, King high)
jl45259071: mucks hand
ct-650 collected $41.50 from pot
*** SUMMARY ***
Total pot $42 | Rake $0.50
Board [4c Qh 2c Kc Jc]
Seat 1: ct-650 (big blind) showed [Qc Kd] and won ($41.50) with a flush, King high
Seat 2: jl45259071 (button) (small blind) mucked


PokerStars Hand #144695276371:  Hold'em Limit ($3/$6 USD) - 2015/12/02 0:25:26 ET
Table 'Stentor II' 2-max Seat #1 is the button
Seat 1: ct-650 ($145.52 in chips)
Seat 2: jl45259071 ($130.44 in chips)
ct-650: posts small blind $1
jl45259071: posts big blind $3
*** HOLE CARDS ***
ct-650: raises $3 to $6
jl45259071: raises $3 to $9
ct-650: calls $3
*** FLOP *** [4s Ts 2c]
jl45259071: bets $3
ct-650: calls $3
*** TURN *** [4s Ts 2c] [Jc]
jl45259071: bets $6
ct-650: raises $6 to $12
jl45259071: raises $6 to $18
ct-650: calls $6
*** RIVER *** [4s Ts 2c Jc] [7s]
jl45259071: bets $6
ct-650: calls $6
*** SHOW DOWN ***
jl45259071: shows [Js Jh] (three of a kind, Jacks)
ct-650: mucks hand
jl45259071 collected $71.50 from pot
*** SUMMARY ***
Total pot $72 | Rake $0.50
Board [4s Ts 2c Jc 7s]
Seat 1: ct-650 (button) (small blind) mucked
Seat 2: jl45259071 (big blind) showed [Js Jh] and won ($71.50) with three of a kind, Jacks


PokerStars Hand #144695271815:  Hold'em Limit ($3/$6 USD) - 2015/12/02 0:25:07 ET
Table 'Stentor II' 2-max Seat #2 is the button
Seat 1: ct-650 ($131.02 in chips)
Seat 2: jl45259071 ($145.44 in chips)
jl45259071: posts small blind $1
ct-650: posts big blind $3
*** HOLE CARDS ***
jl45259071: calls $2
ct-650: raises $3 to $6
jl45259071: calls $3
*** FLOP *** [4d 7s 3s]
ct-650: bets $3
jl45259071: calls $3
*** TURN *** [4d 7s 3s] [5d]
ct-650: bets $6
jl45259071: calls $6
*** RIVER *** [4d 7s 3s 5d] [Qh]
ct-650: bets $6
jl45259071: folds
Uncalled bet ($6) returned to ct-650
ct-650 collected $29.50 from pot
*** SUMMARY ***
Total pot $30 | Rake $0.50
Board [4d 7s 3s 5d Qh]
Seat 1: ct-650 (big blind) collected ($29.50)
Seat 2: jl45259071 (button) (small blind) folded on the River


PokerStars Hand #144695295949:  Hold'em Limit ($3/$6 USD) - 2015/12/02 0:26:46 ET
Table 'Stentor II' 2-max Seat #1 is the button
Seat 1: ct-650 ($112.78 in chips)
Seat 2: jl45259071 ($161.08 in chips)
ct-650: posts small blind $1
jl45259071: posts big blind $3
*** HOLE CARDS ***
ct-650: raises $3 to $6
jl45259071: calls $3
*** FLOP *** [Js Kh Ac]
jl45259071: checks
ct-650: bets $3
jl45259071: calls $3
*** TURN *** [Js Kh Ac] [9c]
jl45259071: checks
ct-650: bets $6
jl45259071: calls $6
*** RIVER *** [Js Kh Ac 9c] [8c]
jl45259071: checks
ct-650: checks
*** SHOW DOWN ***
jl45259071: shows [6d Tc] (high card Ace)
ct-650: shows [9s 6c] (a pair of Nines)
ct-650 collected $29.50 from pot
*** SUMMARY ***
Total pot $30 | Rake $0.50
Board [Js Kh Ac 9c 8c]
Seat 1: ct-650 (button) (small blind) showed [9s 6c] and won ($29.50) with a pair of Nines
Seat 2: jl45259071 (big blind) showed [6d Tc] and lost with high card Ace


PokerStars Hand #144695294649:  Hold'em Limit ($3/$6 USD) - 2015/12/02 0:26:41 ET
Table 'Stentor II' 2-max Seat #2 is the button
Seat 1: ct-650 ($111.78 in chips)
Seat 2: jl45259071 ($162.08 in chips)
jl45259071: posts small blind $1
ct-650: posts big blind $3
*** HOLE CARDS ***
jl45259071: folds
Uncalled bet ($2) returned to ct-650
ct-650 collected $2 from pot
*** SUMMARY ***
Total pot $2 | Rake $0
Seat 1: ct-650 (big blind) collected ($2)
Seat 2: jl45259071 (button) (small blind) folded before Flop


PokerStars Hand #144695292530:  Hold'em Limit ($3/$6 USD) - 2015/12/02 0:26:32 ET
Table 'Stentor II' 2-max Seat #1 is the button
Seat 1: ct-650 ($120.78 in chips)
Seat 2: jl45259071 ($153.44 in chips)
ct-650: posts small blind $1
jl45259071: posts big blind $3
*** HOLE CARDS ***
ct-650: raises $3 to $6
jl45259071: raises $3 to $9
ct-650: calls $3
*** FLOP *** [Qd 8d Kh]
jl45259071: bets $3
ct-650: folds
Uncalled bet ($3) returned to jl45259071
jl45259071 collected $17.64 from pot
jl45259071: doesn't show hand
*** SUMMARY ***
Total pot $18 | Rake $0.36
Board [Qd 8d Kh]
Seat 1: ct-650 (button) (small blind) folded on the Flop
Seat 2: jl45259071 (big blind) collected ($17.64)


PokerStars Hand #144695288733:  Hold'em Limit ($3/$6 USD) - 2015/12/02 0:26:17 ET
Table 'Stentor II' 2-max Seat #2 is the button
Seat 1: ct-650 ($135.78 in chips)
Seat 2: jl45259071 ($138.94 in chips)
jl45259071: posts small blind $1
ct-650: posts big blind $3
*** HOLE CARDS ***
jl45259071: raises $3 to $6
ct-650: raises $3 to $9
jl45259071: raises $3 to $12
Betting is capped
ct-650: calls $3
*** FLOP *** [4h 5c 7c]
ct-650: checks
jl45259071: bets $3
ct-650: calls $3
*** TURN *** [4h 5c 7c] [Qs]
ct-650: checks
jl45259071: bets $6
ct-650: folds
Uncalled bet ($6) returned to jl45259071
jl45259071 collected $29.50 from pot
jl45259071: doesn't show hand
*** SUMMARY ***
Total pot $30 | Rake $0.50
Board [4h 5c 7c Qs]
Seat 1: ct-650 (big blind) folded on the Turn
Seat 2: jl45259071 (button) (small blind) collected ($29.50)


PokerStars Hand #144695314558:  Hold'em Limit ($3/$6 USD) - 2015/12/02 0:28:01 ET
Table 'Stentor II' 2-max Seat #1 is the button
Seat 1: ct-650 ($161.16 in chips)
Seat 2: jl45259071 ($111.08 in chips)
ct-650: posts small blind $1
jl45259071: posts big blind $3
*** HOLE CARDS ***
ct-650: raises $3 to $6
jl45259071: raises $3 to $9
ct-650: calls $3
*** FLOP *** [3h Jd 5s]
jl45259071: bets $3
ct-650: calls $3
*** TURN *** [3h Jd 5s] [7s]
jl45259071: bets $6
ct-650: raises $6 to $12
jl45259071: calls $6
*** RIVER *** [3h Jd 5s 7s] [7d]
jl45259071: checks
ct-650: bets $6
jl45259071: folds
Uncalled bet ($6) returned to ct-650
ct-650 collected $47.50 from pot
*** SUMMARY ***
Total pot $48 | Rake $0.50
Board [3h Jd 5s 7s 7d]
Seat 1: ct-650 (button) (small blind) collected ($47.50)
Seat 2: jl45259071 (big blind) folded on the River


PokerStars Hand #144695313077:  Hold'em Limit ($3/$6 USD) - 2015/12/02 0:27:55 ET
Table 'Stentor II' 2-max Seat #2 is the button
Seat 1: ct-650 ($164.16 in chips)
Seat 2: jl45259071 ($108.08 in chips)
jl45259071: posts small blind $1
ct-650: posts big blind $3
*** HOLE CARDS ***
jl45259071: raises $3 to $6
ct-650: folds
Uncalled bet ($3) returned to jl45259071
jl45259071 collected $6 from pot
*** SUMMARY ***
Total pot $6 | Rake $0
Seat 1: ct-650 (big blind) folded before Flop
Seat 2: jl45259071 (button) (small blind) collected ($6)


PokerStars Hand #144695307921:  Hold'em Limit ($3/$6 USD) - 2015/12/02 0:27:35 ET
Table 'Stentor II' 2-max Seat #1 is the button
Seat 1: ct-650 ($143.66 in chips)
Seat 2: jl45259071 ($129.08 in chips)
ct-650: posts small blind $1
jl45259071: posts big blind $3
*** HOLE CARDS ***
ct-650: raises $3 to $6
jl45259071: calls $3
*** FLOP *** [8s Kd 6h]
jl45259071: checks
ct-650: bets $3
jl45259071: calls $3
*** TURN *** [8s Kd 6h] [5h]
jl45259071: checks
ct-650: bets $6
jl45259071: raises $6 to $12
ct-650: calls $6
*** RIVER *** [8s Kd 6h 5h] [5c]
jl45259071: checks
ct-650: checks
*** SHOW DOWN ***
jl45259071: shows [Jh 7s] (a pair of Fives)
ct-650: shows [Ad 7h] (a pair of Fives - Ace kicker)
ct-650 collected $41.50 from pot
*** SUMMARY ***
Total pot $42 | Rake $0.50
Board [8s Kd 6h 5h 5c]
Seat 1: ct-650 (button) (small blind) showed [Ad 7h] and won ($41.50) with a pair of Fives
Seat 2: jl45259071 (big blind) showed [Jh 7s] and lost with a pair of Fives


PokerStars Hand #144695303640:  Hold'em Limit ($3/$6 USD) - 2015/12/02 0:27:17 ET
Table 'Stentor II' 2-max Seat #1 is the button
Seat 1: ct-650 ($141.78 in chips)
Seat 2: jl45259071 ($131.08 in chips)
ct-650: posts small blind $1
jl45259071: posts big blind $3
*** HOLE CARDS ***
ct-650: folds
Uncalled bet ($2) returned to jl45259071
jl45259071 collected $2 from pot
*** SUMMARY ***
Total pot $2 | Rake $0
Seat 1: ct-650 (button) (small blind) folded before Flop
Seat 2: jl45259071 (big blind) collected ($2)


PokerStars Hand #144695299495:  Hold'em Limit ($3/$6 USD) - 2015/12/02 0:27:01 ET
Table 'Stentor II' 2-max Seat #2 is the button
Seat 1: ct-650 ($127.28 in chips)
Seat 2: jl45259071 ($146.08 in chips)
jl45259071: posts small blind $1
ct-650: posts big blind $3
*** HOLE CARDS ***
jl45259071: calls $2
ct-650: checks
*** FLOP *** [Kd 4s Kh]
ct-650: checks
jl45259071: bets $3
ct-650: raises $3 to $6
jl45259071: calls $3
*** TURN *** [Kd 4s Kh] [Ah]
ct-650: bets $6
jl45259071: calls $6
*** RIVER *** [Kd 4s Kh Ah] [9s]
ct-650: bets $6
jl45259071: folds
Uncalled bet ($6) returned to ct-650
ct-650 collected $29.50 from pot
*** SUMMARY ***
Total pot $30 | Rake $0.50
Board [Kd 4s Kh Ah 9s]
Seat 1: ct-650 (big blind) collected ($29.50)
Seat 2: jl45259071 (button) (small blind) folded on the River


PokerStars Hand #144695327377:  Hold'em Limit ($3/$6 USD) - 2015/12/02 0:28:54 ET
Table 'Stentor II' 2-max Seat #2 is the button
Seat 1: ct-650 ($187.30 in chips)
Seat 2: jl45259071 ($83.84 in chips)
jl45259071: posts small blind $1
ct-650: posts big blind $3
*** HOLE CARDS ***
jl45259071: calls $2
ct-650: raises $3 to $6
jl45259071: calls $3
*** FLOP *** [7d 2h Qd]
ct-650: bets $3
jl45259071: calls $3
*** TURN *** [7d 2h Qd] [2c]
ct-650: checks
jl45259071: bets $6
ct-650: folds
Uncalled bet ($6) returned to jl45259071
jl45259071 collected $17.64 from pot
jl45259071: doesn't show hand
*** SUMMARY ***
Total pot $18 | Rake $0.36
Board [7d 2h Qd 2c]
Seat 1: ct-650 (big blind) folded on the Turn
Seat 2: jl45259071 (button) (small blind) collected ($17.64)


PokerStars Hand #144695322125:  Hold'em Limit ($3/$6 USD) - 2015/12/02 0:28:32 ET
Table 'Stentor II' 2-max Seat #1 is the button
Seat 1: ct-650 ($178.66 in chips)
Seat 2: jl45259071 ($92.84 in chips)
ct-650: posts small blind $1
jl45259071: posts big blind $3
*** HOLE CARDS ***
ct-650: raises $3 to $6
jl45259071: calls $3
*** FLOP *** [Js Ts 3d]
jl45259071: checks
ct-650: bets $3
jl45259071: calls $3
*** TURN *** [Js Ts 3d] [6h]
jl45259071: checks
ct-650: checks
*** RIVER *** [Js Ts 3d 6h] [8s]
jl45259071: checks
ct-650: checks
*** SHOW DOWN ***
jl45259071: shows [3c 2d] (a pair of Threes)
ct-650: shows [3h Qs] (a pair of Threes - Queen kicker)
ct-650 collected $17.64 from pot
*** SUMMARY ***
Total pot $18 | Rake $0.36
Board [Js Ts 3d 6h 8s]
Seat 1: ct-650 (button) (small blind) showed [3h Qs] and won ($17.64) with a pair of Threes
Seat 2: jl45259071 (big blind) showed [3c 2d] and lost with a pair of Threes


PokerStars Hand #144695318543:  Hold'em Limit ($3/$6 USD) - 2015/12/02 0:28:17 ET
Table 'Stentor II' 2-max Seat #2 is the button
Seat 1: ct-650 ($184.66 in chips)
Seat 2: jl45259071 ($87.08 in chips)
jl45259071: posts small blind $1
ct-650: posts big blind $3
*** HOLE CARDS ***
jl45259071: raises $3 to $6
ct-650: calls $3
*** FLOP *** [Ac As Qh]
ct-650: checks
jl45259071: bets $3
ct-650: folds
Uncalled bet ($3) returned to jl45259071
jl45259071 collected $11.76 from pot
jl45259071: doesn't show hand
*** SUMMARY ***
Total pot $12 | Rake $0.24
Board [Ac As Qh]
Seat 1: ct-650 (big blind) folded on the Flop
Seat 2: jl45259071 (button) (small blind) collected ($11.76)


PokerStars Hand #144695340243:  Hold'em Limit ($3/$6 USD) - 2015/12/02 0:29:47 ET
Table 'Stentor II' 2-max Seat #1 is the button
Seat 1: ct-650 ($189.80 in chips)
Seat 2: jl45259071 ($80.12 in chips)
ct-650: posts small blind $1
jl45259071: posts big blind $3
*** HOLE CARDS ***
ct-650: raises $3 to $6
jl45259071: calls $3
*** FLOP *** [As 6s Jd]
jl45259071: checks
ct-650: bets $3
jl45259071: calls $3
*** TURN *** [As 6s Jd] [Td]
jl45259071: checks
ct-650: bets $6
jl45259071: calls $6
*** RIVER *** [As 6s Jd Td] [5d]
jl45259071: checks
ct-650: checks
*** SHOW DOWN ***
jl45259071: shows [6d 9s] (a pair of Sixes)
ct-650: shows [Th 4h] (a pair of Tens)
ct-650 collected $29.50 from pot
*** SUMMARY ***
Total pot $30 | Rake $0.50
Board [As 6s Jd Td 5d]
Seat 1: ct-650 (button) (small blind) showed [Th 4h] and won ($29.50) with a pair of Tens
Seat 2: jl45259071 (big blind) showed [6d 9s] and lost with a pair of Sixes


PokerStars Hand #144695344363:  Hold'em Limit ($3/$6 USD) - 2015/12/02 0:30:04 ET
Table 'Stentor II' 2-max Seat #2 is the button
Seat 1: ct-650 ($204.30 in chips)
Seat 2: jl45259071 ($65.12 in chips)
jl45259071: posts small blind $1
ct-650: posts big blind $3
*** HOLE CARDS ***
jl45259071: calls $2
ct-650: raises $3 to $6
jl45259071: calls $3
*** FLOP *** [Ad Jh 6h]
ct-650: bets $3
jl45259071: folds
Uncalled bet ($3) returned to ct-650
ct-650 collected $11.76 from pot
*** SUMMARY ***
Total pot $12 | Rake $0.24
Board [Ad Jh 6h]
Seat 1: ct-650 (big blind) collected ($11.76)
Seat 2: jl45259071 (button) (small blind) folded on the Flop


PokerStars Hand #144695335776:  Hold'em Limit ($3/$6 USD) - 2015/12/02 0:29:29 ET
Table 'Stentor II' 2-max Seat #2 is the button
Seat 1: ct-650 ($198.80 in chips)
Seat 2: jl45259071 ($71.48 in chips)
jl45259071: posts small blind $1
ct-650: posts big blind $3
*** HOLE CARDS ***
jl45259071: calls $2
ct-650: raises $3 to $6
jl45259071: calls $3
*** FLOP *** [3h 2h Qs]
ct-650: bets $3
jl45259071: calls $3
*** TURN *** [3h 2h Qs] [8c]
ct-650: checks
jl45259071: bets $6
ct-650: folds
Uncalled bet ($6) returned to jl45259071
jl45259071 collected $17.64 from pot
jl45259071: doesn't show hand
*** SUMMARY ***
Total pot $18 | Rake $0.36
Board [3h 2h Qs 8c]
Seat 1: ct-650 (big blind) folded on the Turn
Seat 2: jl45259071 (button) (small blind) collected ($17.64)


PokerStars Hand #144695331506:  Hold'em Limit ($3/$6 USD) - 2015/12/02 0:29:11 ET
Table 'Stentor II' 2-max Seat #1 is the button
Seat 1: ct-650 ($178.30 in chips)
Seat 2: jl45259071 ($92.48 in chips)
ct-650: posts small blind $1
jl45259071: posts big blind $3
*** HOLE CARDS ***
ct-650: raises $3 to $6
jl45259071: calls $3
*** FLOP *** [4h 9h 5d]
jl45259071: checks
ct-650: bets $3
jl45259071: calls $3
*** TURN *** [4h 9h 5d] [2s]
jl45259071: checks
ct-650: bets $6
jl45259071: calls $6
*** RIVER *** [4h 9h 5d 2s] [Ks]
jl45259071: checks
ct-650: bets $6
jl45259071: calls $6
*** SHOW DOWN ***
ct-650: shows [Jh 9d] (a pair of Nines)
jl45259071: mucks hand
ct-650 collected $41.50 from pot
*** SUMMARY ***
Total pot $42 | Rake $0.50
Board [4h 9h 5d 2s Ks]
Seat 1: ct-650 (button) (small blind) showed [Jh 9d] and won ($41.50) with a pair of Nines
Seat 2: jl45259071 (big blind) mucked


PokerStars Hand #144695353231:  Hold'em Limit ($3/$6 USD) - 2015/12/02 0:30:39 ET
Table 'Stentor II' 2-max Seat #2 is the button
Seat 1: ct-650 ($186.06 in chips)
Seat 2: jl45259071 ($82.62 in chips)
jl45259071: posts small blind $1
ct-650: posts big blind $3
*** HOLE CARDS ***
jl45259071: calls $2
ct-650: checks
*** FLOP *** [Qc Kh Ad]
ct-650: checks
jl45259071: bets $3
ct-650: folds
Uncalled bet ($3) returned to jl45259071
jl45259071 collected $5.88 from pot
jl45259071: doesn't show hand
*** SUMMARY ***
Total pot $6 | Rake $0.12
Board [Qc Kh Ad]
Seat 1: ct-650 (big blind) folded on the Flop
Seat 2: jl45259071 (button) (small blind) collected ($5.88)


PokerStars Hand #144695347003:  Hold'em Limit ($3/$6 USD) - 2015/12/02 0:30:14 ET
Table 'Stentor II' 2-max Seat #1 is the button
Seat 1: ct-650 ($210.06 in chips)
Seat 2: jl45259071 ($59.12 in chips)
ct-650: posts small blind $1
jl45259071: posts big blind $3
*** HOLE CARDS ***
ct-650: raises $3 to $6
jl45259071: raises $3 to $9
ct-650: calls $3
*** FLOP *** [Ac Kh 9s]
jl45259071: bets $3
ct-650: calls $3
*** TURN *** [Ac Kh 9s] [Jh]
jl45259071: bets $6
ct-650: calls $6
*** RIVER *** [Ac Kh 9s Jh] [5c]
jl45259071: bets $6
ct-650: calls $6
*** SHOW DOWN ***
jl45259071: shows [Qc Td] (a straight, Ten to Ace)
ct-650: mucks hand
jl45259071 collected $47.50 from pot
*** SUMMARY ***
Total pot $48 | Rake $0.50
Board [Ac Kh 9s Jh 5c]
Seat 1: ct-650 (button) (small blind) mucked
Seat 2: jl45259071 (big blind) showed [Qc Td] and won ($47.50) with a straight, Ten to Ace


PokerStars Hand #144695376198:  Hold'em Limit ($3/$6 USD) - 2015/12/02 0:32:10 ET
Table 'Stentor II' 2-max Seat #2 is the button
Seat 1: ct-650 ($197.20 in chips)
Seat 2: jl45259071 ($70.14 in chips)
jl45259071: posts small blind $1
ct-650: posts big blind $3
*** HOLE CARDS ***
jl45259071: folds
Uncalled bet ($2) returned to ct-650
ct-650 collected $2 from pot
*** SUMMARY ***
Total pot $2 | Rake $0
Seat 1: ct-650 (big blind) collected ($2)
Seat 2: jl45259071 (button) (small blind) folded before Flop


PokerStars Hand #144695374883:  Hold'em Limit ($3/$6 USD) - 2015/12/02 0:32:05 ET
Table 'Stentor II' 2-max Seat #1 is the button
Seat 1: ct-650 ($198.20 in chips)
Seat 2: jl45259071 ($69.14 in chips)
ct-650: posts small blind $1
jl45259071: posts big blind $3
*** HOLE CARDS ***
ct-650: folds
Uncalled bet ($2) returned to jl45259071
jl45259071 collected $2 from pot
jl45259071: doesn't show hand
*** SUMMARY ***
Total pot $2 | Rake $0
Seat 1: ct-650 (button) (small blind) folded before Flop
Seat 2: jl45259071 (big blind) collected ($2)


PokerStars Hand #144695359611:  Hold'em Limit ($3/$6 USD) - 2015/12/02 0:31:04 ET
Table 'Stentor II' 2-max Seat #1 is the button
Seat 1: ct-650 ($183.06 in chips)
Seat 2: jl45259071 ($85.50 in chips)
ct-650: posts small blind $1
jl45259071: posts big blind $3
*** HOLE CARDS ***
ct-650: raises $3 to $6
jl45259071: calls $3
*** FLOP *** [8c As 2s]
jl45259071: checks
ct-650: bets $3
jl45259071: calls $3
*** TURN *** [8c As 2s] [8s]
jl45259071: checks
ct-650: bets $6
jl45259071: calls $6
*** RIVER *** [8c As 2s 8s] [6d]
jl45259071: checks
ct-650: bets $6
jl45259071: folds
Uncalled bet ($6) returned to ct-650
ct-650 collected $29.50 from pot
*** SUMMARY ***
Total pot $30 | Rake $0.50
Board [8c As 2s 8s 6d]
Seat 1: ct-650 (button) (small blind) collected ($29.50)
Seat 2: jl45259071 (big blind) folded on the River


PokerStars Hand #144695373390:  Hold'em Limit ($3/$6 USD) - 2015/12/02 0:31:59 ET
Table 'Stentor II' 2-max Seat #2 is the button
Seat 1: ct-650 ($197.20 in chips)
Seat 2: jl45259071 ($70.14 in chips)
jl45259071: posts small blind $1
ct-650: posts big blind $3
*** HOLE CARDS ***
jl45259071: folds
Uncalled bet ($2) returned to ct-650
ct-650 collected $2 from pot
*** SUMMARY ***
Total pot $2 | Rake $0
Seat 1: ct-650 (big blind) collected ($2)
Seat 2: jl45259071 (button) (small blind) folded before Flop


PokerStars Hand #144695370191:  Hold'em Limit ($3/$6 USD) - 2015/12/02 0:31:46 ET
Table 'Stentor II' 2-max Seat #1 is the button
Seat 1: ct-650 ($188.56 in chips)
Seat 2: jl45259071 ($79.14 in chips)
ct-650: posts small blind $1
jl45259071: posts big blind $3
*** HOLE CARDS ***
ct-650: raises $3 to $6
jl45259071: calls $3
*** FLOP *** [Js 7s 4c]
jl45259071: checks
ct-650: bets $3
jl45259071: calls $3
*** TURN *** [Js 7s 4c] [Jh]
jl45259071: checks
ct-650: bets $6
jl45259071: folds
Uncalled bet ($6) returned to ct-650
ct-650 collected $17.64 from pot
*** SUMMARY ***
Total pot $18 | Rake $0.36
Board [Js 7s 4c Jh]
Seat 1: ct-650 (button) (small blind) collected ($17.64)
Seat 2: jl45259071 (big blind) folded on the Turn


PokerStars Hand #144695382782:  Hold'em Limit ($3/$6 USD) - 2015/12/02 0:32:36 ET
Table 'Stentor II' 2-max Seat #1 is the button
Seat 1: ct-650 ($188.20 in chips)
Seat 2: jl45259071 ($78.78 in chips)
ct-650: posts small blind $1
jl45259071: posts big blind $3
*** HOLE CARDS ***
ct-650: raises $3 to $6
jl45259071: calls $3
*** FLOP *** [3c 8d Kh]
jl45259071: checks
ct-650: bets $3
jl45259071: folds
Uncalled bet ($3) returned to ct-650
ct-650 collected $11.76 from pot
*** SUMMARY ***
Total pot $12 | Rake $0.24
Board [3c 8d Kh]
Seat 1: ct-650 (button) (small blind) collected ($11.76)
Seat 2: jl45259071 (big blind) folded on the Flop


PokerStars Hand #144695378832:  Hold'em Limit ($3/$6 USD) - 2015/12/02 0:32:20 ET
Table 'Stentor II' 2-max Seat #2 is the button
Seat 1: ct-650 ($197.20 in chips)
Seat 2: jl45259071 ($70.14 in chips)
jl45259071: posts small blind $1
ct-650: posts big blind $3
*** HOLE CARDS ***
jl45259071: calls $2
ct-650: raises $3 to $6
jl45259071: calls $3
*** FLOP *** [4s As 2c]
ct-650: bets $3
jl45259071: calls $3
*** TURN *** [4s As 2c] [Jd]
ct-650: checks
jl45259071: checks
*** RIVER *** [4s As 2c Jd] [8h]
ct-650: checks
jl45259071: bets $6
ct-650: folds
Uncalled bet ($6) returned to jl45259071
jl45259071 collected $17.64 from pot
jl45259071: doesn't show hand
*** SUMMARY ***
Total pot $18 | Rake $0.36
Board [4s As 2c Jd 8h]
Seat 1: ct-650 (big blind) folded on the River
Seat 2: jl45259071 (button) (small blind) collected ($17.64)


PokerStars Hand #144695377561:  Hold'em Limit ($3/$6 USD) - 2015/12/02 0:32:15 ET
Table 'Stentor II' 2-max Seat #1 is the button
Seat 1: ct-650 ($198.20 in chips)
Seat 2: jl45259071 ($69.14 in chips)
ct-650: posts small blind $1
jl45259071: posts big blind $3
*** HOLE CARDS ***
ct-650: folds
Uncalled bet ($2) returned to jl45259071
jl45259071 collected $2 from pot
jl45259071: doesn't show hand
*** SUMMARY ***
Total pot $2 | Rake $0
Seat 1: ct-650 (button) (small blind) folded before Flop
Seat 2: jl45259071 (big blind) collected ($2)


PokerStars Hand #144695389844:  Hold'em Limit ($3/$6 USD) - 2015/12/02 0:33:04 ET
Table 'Stentor II' 2-max Seat #1 is the button
Seat 1: ct-650 ($172.96 in chips)
Seat 2: jl45259071 ($93.28 in chips)
ct-650: posts small blind $1
jl45259071: posts big blind $3
*** HOLE CARDS ***
ct-650: folds
Uncalled bet ($2) returned to jl45259071
jl45259071 collected $2 from pot
jl45259071: doesn't show hand
*** SUMMARY ***
Total pot $2 | Rake $0
Seat 1: ct-650 (button) (small blind) folded before Flop
Seat 2: jl45259071 (big blind) collected ($2)


PokerStars Hand #144695384804:  Hold'em Limit ($3/$6 USD) - 2015/12/02 0:32:44 ET
Table 'Stentor II' 2-max Seat #2 is the button
Seat 1: ct-650 ($193.96 in chips)
Seat 2: jl45259071 ($72.78 in chips)
jl45259071: posts small blind $1
ct-650: posts big blind $3
*** HOLE CARDS ***
jl45259071: calls $2
ct-650: raises $3 to $6
jl45259071: calls $3
*** FLOP *** [Ad Td As]
ct-650: bets $3
jl45259071: calls $3
*** TURN *** [Ad Td As] [3c]
ct-650: bets $6
jl45259071: calls $6
*** RIVER *** [Ad Td As 3c] [2s]
ct-650: checks
jl45259071: bets $6
ct-650: calls $6
*** SHOW DOWN ***
jl45259071: shows [Th 9h] (two pair, Aces and Tens)
ct-650: mucks hand
jl45259071 collected $41.50 from pot
*** SUMMARY ***
Total pot $42 | Rake $0.50
Board [Ad Td As 3c 2s]
Seat 1: ct-650 (big blind) mucked
Seat 2: jl45259071 (button) (small blind) showed [Th 9h] and won ($41.50) with two pair, Aces and Tens


PokerStars Hand #144695401388:  Hold'em Limit ($3/$6 USD) - 2015/12/02 0:33:50 ET
Table 'Stentor II' 2-max Seat #2 is the button
Seat 1: ct-650 ($147.96 in chips)
Seat 2: jl45259071 ($117.42 in chips)
jl45259071: posts small blind $1
ct-650: posts big blind $3
*** HOLE CARDS ***
jl45259071: folds
Uncalled bet ($2) returned to ct-650
ct-650 collected $2 from pot
*** SUMMARY ***
Total pot $2 | Rake $0
Seat 1: ct-650 (big blind) collected ($2)
Seat 2: jl45259071 (button) (small blind) folded before Flop


PokerStars Hand #144695394284:  Hold'em Limit ($3/$6 USD) - 2015/12/02 0:33:22 ET
Table 'Stentor II' 2-max Seat #1 is the button
Seat 1: ct-650 ($162.96 in chips)
Seat 2: jl45259071 ($102.92 in chips)
ct-650: posts small blind $1
jl45259071: posts big blind $3
*** HOLE CARDS ***
ct-650: raises $3 to $6
jl45259071: calls $3
*** FLOP *** [3h Qh 4d]
jl45259071: checks
ct-650: bets $3
jl45259071: calls $3
*** TURN *** [3h Qh 4d] [8h]
jl45259071: checks
ct-650: bets $6
jl45259071: calls $6
*** RIVER *** [3h Qh 4d 8h] [4s]
jl45259071: checks
ct-650: checks
*** SHOW DOWN ***
jl45259071: shows [2c 4c] (three of a kind, Fours)
ct-650: mucks hand
jl45259071 collected $29.50 from pot
*** SUMMARY ***
Total pot $30 | Rake $0.50
Board [3h Qh 4d 8h 4s]
Seat 1: ct-650 (button) (small blind) mucked
Seat 2: jl45259071 (big blind) showed [2c 4c] and won ($29.50) with three of a kind, Fours


PokerStars Hand #144695391135:  Hold'em Limit ($3/$6 USD) - 2015/12/02 0:33:09 ET
Table 'Stentor II' 2-max Seat #2 is the button
Seat 1: ct-650 ($171.96 in chips)
Seat 2: jl45259071 ($94.28 in chips)
jl45259071: posts small blind $1
ct-650: posts big blind $3
*** HOLE CARDS ***
jl45259071: calls $2
ct-650: raises $3 to $6
jl45259071: raises $3 to $9
ct-650: calls $3
*** FLOP *** [7d 8d 3d]
ct-650: checks
jl45259071: bets $3
ct-650: folds
Uncalled bet ($3) returned to jl45259071
jl45259071 collected $17.64 from pot
jl45259071: doesn't show hand
*** SUMMARY ***
Total pot $18 | Rake $0.36
Board [7d 8d 3d]
Seat 1: ct-650 (big blind) folded on the Flop
Seat 2: jl45259071 (button) (small blind) collected ($17.64)


PokerStars Hand #144695407161:  Hold'em Limit ($3/$6 USD) - 2015/12/02 0:34:14 ET
Table 'Stentor II' 2-max Seat #2 is the button
Seat 1: ct-650 ($147.96 in chips)
Seat 2: jl45259071 ($117.42 in chips)
jl45259071: posts small blind $1
ct-650: posts big blind $3
*** HOLE CARDS ***
jl45259071: folds
Uncalled bet ($2) returned to ct-650
ct-650 collected $2 from pot
*** SUMMARY ***
Total pot $2 | Rake $0
Seat 1: ct-650 (big blind) collected ($2)
Seat 2: jl45259071 (button) (small blind) folded before Flop


PokerStars Hand #144695405734:  Hold'em Limit ($3/$6 USD) - 2015/12/02 0:34:08 ET
Table 'Stentor II' 2-max Seat #1 is the button
Seat 1: ct-650 ($148.96 in chips)
Seat 2: jl45259071 ($116.42 in chips)
ct-650: posts small blind $1
jl45259071: posts big blind $3
*** HOLE CARDS ***
ct-650: folds
Uncalled bet ($2) returned to jl45259071
jl45259071 collected $2 from pot
jl45259071: doesn't show hand
*** SUMMARY ***
Total pot $2 | Rake $0
Seat 1: ct-650 (button) (small blind) folded before Flop
Seat 2: jl45259071 (big blind) collected ($2)


PokerStars Hand #144695404386:  Hold'em Limit ($3/$6 USD) - 2015/12/02 0:34:03 ET
Table 'Stentor II' 2-max Seat #2 is the button
Seat 1: ct-650 ($147.96 in chips)
Seat 2: jl45259071 ($117.42 in chips)
jl45259071: posts small blind $1
ct-650: posts big blind $3
*** HOLE CARDS ***
jl45259071: folds
Uncalled bet ($2) returned to ct-650
ct-650 collected $2 from pot
*** SUMMARY ***
Total pot $2 | Rake $0
Seat 1: ct-650 (big blind) collected ($2)
Seat 2: jl45259071 (button) (small blind) folded before Flop


PokerStars Hand #144695402687:  Hold'em Limit ($3/$6 USD) - 2015/12/02 0:33:56 ET
Table 'Stentor II' 2-max Seat #1 is the button
Seat 1: ct-650 ($148.96 in chips)
Seat 2: jl45259071 ($116.42 in chips)
ct-650: posts small blind $1
jl45259071: posts big blind $3
*** HOLE CARDS ***
ct-650: folds
Uncalled bet ($2) returned to jl45259071
jl45259071 collected $2 from pot
jl45259071: doesn't show hand
*** SUMMARY ***
Total pot $2 | Rake $0
Seat 1: ct-650 (button) (small blind) folded before Flop
Seat 2: jl45259071 (big blind) collected ($2)


PokerStars Hand #144695417648:  Hold'em Limit ($3/$6 USD) - 2015/12/02 0:34:57 ET
Table 'Stentor II' 2-max Seat #1 is the button
Seat 1: ct-650 ($160.46 in chips)
Seat 2: jl45259071 ($104.30 in chips)
ct-650: posts small blind $1
jl45259071: posts big blind $3
*** HOLE CARDS ***
ct-650: folds
Uncalled bet ($2) returned to jl45259071
jl45259071 collected $2 from pot
jl45259071: doesn't show hand
*** SUMMARY ***
Total pot $2 | Rake $0
Seat 1: ct-650 (button) (small blind) folded before Flop
Seat 2: jl45259071 (big blind) collected ($2)


PokerStars Hand #144695421955:  Hold'em Limit ($3/$6 USD) - 2015/12/02 0:35:14 ET
Table 'Stentor II' 2-max Seat #1 is the button
Seat 1: ct-650 ($156.46 in chips)
Seat 2: jl45259071 ($108.18 in chips)
ct-650: posts small blind $1
jl45259071: posts big blind $3
*** HOLE CARDS ***
ct-650: folds
Uncalled bet ($2) returned to jl45259071
jl45259071 collected $2 from pot
jl45259071: doesn't show hand
*** SUMMARY ***
Total pot $2 | Rake $0
Seat 1: ct-650 (button) (small blind) folded before Flop
Seat 2: jl45259071 (big blind) collected ($2)


PokerStars Hand #144695418771:  Hold'em Limit ($3/$6 USD) - 2015/12/02 0:35:01 ET
Table 'Stentor II' 2-max Seat #2 is the button
Seat 1: ct-650 ($159.46 in chips)
Seat 2: jl45259071 ($105.30 in chips)
jl45259071: posts small blind $1
ct-650: posts big blind $3
*** HOLE CARDS ***
jl45259071: calls $2
ct-650: checks
*** FLOP *** [7c Ad 8h]
ct-650: checks
jl45259071: bets $3
ct-650: folds
Uncalled bet ($3) returned to jl45259071
jl45259071 collected $5.88 from pot
jl45259071: doesn't show hand
*** SUMMARY ***
Total pot $6 | Rake $0.12
Board [7c Ad 8h]
Seat 1: ct-650 (big blind) folded on the Flop
Seat 2: jl45259071 (button) (small blind) collected ($5.88)


PokerStars Hand #144695408470:  Hold'em Limit ($3/$6 USD) - 2015/12/02 0:34:20 ET
Table 'Stentor II' 2-max Seat #1 is the button
Seat 1: ct-650 ($148.96 in chips)
Seat 2: jl45259071 ($116.42 in chips)
ct-650: posts small blind $1
jl45259071: posts big blind $3
*** HOLE CARDS ***
ct-650: raises $3 to $6
jl45259071: calls $3
*** FLOP *** [9c 2c Qd]
jl45259071: checks
ct-650: bets $3
jl45259071: calls $3
*** TURN *** [9c 2c Qd] [9d]
jl45259071: checks
ct-650: bets $6
jl45259071: calls $6
*** RIVER *** [9c 2c Qd 9d] [5s]
jl45259071: checks
ct-650: bets $6
jl45259071: folds
Uncalled bet ($6) returned to ct-650
ct-650 collected $29.50 from pot
*** SUMMARY ***
Total pot $30 | Rake $0.50
Board [9c 2c Qd 9d 5s]
Seat 1: ct-650 (button) (small blind) collected ($29.50)
Seat 2: jl45259071 (big blind) folded on the River


PokerStars Hand #144695413171:  Hold'em Limit ($3/$6 USD) - 2015/12/02 0:34:39 ET
Table 'Stentor II' 2-max Seat #2 is the button
Seat 1: ct-650 ($163.46 in chips)
Seat 2: jl45259071 ($101.42 in chips)
jl45259071: posts small blind $1
ct-650: posts big blind $3
*** HOLE CARDS ***
jl45259071: calls $2
ct-650: checks
*** FLOP *** [Tc Ad 5s]
ct-650: checks
jl45259071: bets $3
ct-650: folds
Uncalled bet ($3) returned to jl45259071
jl45259071 collected $5.88 from pot
jl45259071: doesn't show hand
*** SUMMARY ***
Total pot $6 | Rake $0.12
Board [Tc Ad 5s]
Seat 1: ct-650 (big blind) folded on the Flop
Seat 2: jl45259071 (button) (small blind) collected ($5.88)


PokerStars Hand #144695433501:  Hold'em Limit ($3/$6 USD) - 2015/12/02 0:36:02 ET
Table 'Stentor II' 2-max Seat #1 is the button
Seat 1: ct-650 ($178.72 in chips)
Seat 2: jl45259071 ($85.06 in chips)
ct-650: posts small blind $1
jl45259071: posts big blind $3
*** HOLE CARDS ***
ct-650: folds
Uncalled bet ($2) returned to jl45259071
jl45259071 collected $2 from pot
jl45259071 leaves the table
*** SUMMARY ***
Total pot $2 | Rake $0
Seat 1: ct-650 (button) (small blind) folded before Flop
Seat 2: jl45259071 (big blind) collected ($2)


PokerStars Hand #144695423268:  Hold'em Limit ($3/$6 USD) - 2015/12/02 0:35:20 ET
Table 'Stentor II' 2-max Seat #2 is the button
Seat 1: ct-650 ($155.46 in chips)
Seat 2: jl45259071 ($109.18 in chips)
jl45259071: posts small blind $1
ct-650: posts big blind $3
*** HOLE CARDS ***
jl45259071: calls $2
ct-650: checks
*** FLOP *** [3c Qh Td]
ct-650: checks
jl45259071: bets $3
ct-650: folds
Uncalled bet ($3) returned to jl45259071
jl45259071 collected $5.88 from pot
jl45259071: doesn't show hand
*** SUMMARY ***
Total pot $6 | Rake $0.12
Board [3c Qh Td]
Seat 1: ct-650 (big blind) folded on the Flop
Seat 2: jl45259071 (button) (small blind) collected ($5.88)


PokerStars Hand #144695426390:  Hold'em Limit ($3/$6 USD) - 2015/12/02 0:35:33 ET
Table 'Stentor II' 2-max Seat #1 is the button
Seat 1: ct-650 ($152.46 in chips)
Seat 2: jl45259071 ($112.06 in chips)
ct-650: posts small blind $1
jl45259071: posts big blind $3
*** HOLE CARDS ***
ct-650: raises $3 to $6
jl45259071: calls $3
*** FLOP *** [Jd Js Tc]
jl45259071: checks
ct-650: bets $3
jl45259071: folds
Uncalled bet ($3) returned to ct-650
ct-650 collected $11.76 from pot
*** SUMMARY ***
Total pot $12 | Rake $0.24
Board [Jd Js Tc]
Seat 1: ct-650 (button) (small blind) collected ($11.76)
Seat 2: jl45259071 (big blind) folded on the Flop


PokerStars Hand #144695429058:  Hold'em Limit ($3/$6 USD) - 2015/12/02 0:35:44 ET
Table 'Stentor II' 2-max Seat #2 is the button
Seat 1: ct-650 ($158.22 in chips)
Seat 2: jl45259071 ($106.06 in chips)
jl45259071: posts small blind $1
ct-650: posts big blind $3
*** HOLE CARDS ***
jl45259071: calls $2
ct-650: raises $3 to $6
jl45259071: calls $3
*** FLOP *** [Qs Kh 2c]
ct-650: bets $3
jl45259071: calls $3
*** TURN *** [Qs Kh 2c] [6c]
ct-650: bets $6
jl45259071: calls $6
*** RIVER *** [Qs Kh 2c 6c] [4h]
ct-650: bets $6
jl45259071: calls $6
*** SHOW DOWN ***
ct-650: shows [6s As] (a pair of Sixes)
jl45259071: mucks hand
ct-650 collected $41.50 from pot
*** SUMMARY ***
Total pot $42 | Rake $0.50
Board [Qs Kh 2c 6c 4h]
Seat 1: ct-650 (big blind) showed [6s As] and won ($41.50) with a pair of Sixes
Seat 2: jl45259071 (button) (small blind) mucked


