PokerStars Hand #152312773431:  Hold'em Limit ($3/$6 USD) - 2016/04/23 1:35:52 ET
Table 'Stentor II' 10-max Seat #1 is the button
Seat 1: LifeisagameX ($52 in chips)
Seat 5: Mizt3r X ($69.29 in chips)
LifeisagameX: posts small blind $1
Mizt3r X: posts big blind $3
*** HOLE CARDS ***
SirRomanov joins the table at seat #6
LifeisagameX: raises $3 to $6
Mizt3r X: raises $3 to $9
LifeisagameX: calls $3
*** FLOP *** [5c Th Ks]
Mizt3r X: bets $3
LifeisagameX: calls $3
*** TURN *** [5c Th Ks] [2d]
Mizt3r X: bets $6
LifeisagameX: folds
Uncalled bet ($6) returned to Mizt3r X
Mizt3r X collected $23.52 from pot
*** SUMMARY ***
Total pot $24 | Rake $0.48
Board [5c Th Ks 2d]
Seat 1: LifeisagameX (button) (small blind) folded on the Turn
Seat 5: Mizt3r X (big blind) collected ($23.52)


PokerStars Hand #152312771866:  Hold'em Limit ($3/$6 USD) - 2016/04/23 1:35:46 ET
Table 'Stentor II' 10-max Seat #5 is the button
Seat 1: LifeisagameX ($51 in chips)
Seat 5: Mizt3r X ($70.29 in chips)
Mizt3r X: posts small blind $1
LifeisagameX: posts big blind $3
*** HOLE CARDS ***
Mizt3r X: folds
Uncalled bet ($2) returned to LifeisagameX
LifeisagameX collected $2 from pot
LifeisagameX: doesn't show hand
*** SUMMARY ***
Total pot $2 | Rake $0
Seat 1: LifeisagameX (big blind) collected ($2)
Seat 5: Mizt3r X (button) (small blind) folded before Flop


PokerStars Hand #152312760731:  Hold'em Limit ($3/$6 USD) - 2016/04/23 1:35:06 ET
Table 'Stentor II' 10-max Seat #1 is the button
Seat 1: LifeisagameX ($60 in chips)
Seat 5: Mizt3r X ($61.65 in chips)
LifeisagameX: posts small blind $1
Mizt3r X: posts big blind $3
*** HOLE CARDS ***
LifeisagameX: raises $3 to $6
Mizt3r X: calls $3
*** FLOP *** [5d Jc Qs]
Mizt3r X: checks
LifeisagameX: bets $3
Mizt3r X: raises $3 to $6
LifeisagameX: folds
Uncalled bet ($3) returned to Mizt3r X
Mizt3r X collected $17.64 from pot
*** SUMMARY ***
Total pot $18 | Rake $0.36
Board [5d Jc Qs]
Seat 1: LifeisagameX (button) (small blind) folded on the Flop
Seat 5: Mizt3r X (big blind) collected ($17.64)


PokerStars Hand #152312890215:  Hold'em Limit ($3/$6 USD) - 2016/04/23 1:42:50 ET
Table 'Stentor II' 10-max Seat #6 is the button
Seat 5: Mizt3r X ($121.39 in chips)
Seat 6: SirRomanov ($81.19 in chips)
SirRomanov: posts small blind $1
Mizt3r X: posts big blind $3
*** HOLE CARDS ***
SirRomanov: raises $3 to $6
Mizt3r X: calls $3
*** FLOP *** [Ah Td 6h]
Mizt3r X: checks
SirRomanov: bets $3
Mizt3r X: calls $3
*** TURN *** [Ah Td 6h] [Qd]
Mizt3r X: checks
SirRomanov: checks
*** RIVER *** [Ah Td 6h Qd] [9c]
Mizt3r X: bets $6
SirRomanov: folds
Uncalled bet ($6) returned to Mizt3r X
Mizt3r X collected $17.64 from pot
*** SUMMARY ***
Total pot $18 | Rake $0.36
Board [Ah Td 6h Qd 9c]
Seat 5: Mizt3r X (big blind) collected ($17.64)
Seat 6: SirRomanov (button) (small blind) folded on the River


PokerStars Hand #152312895611:  Hold'em Limit ($3/$6 USD) - 2016/04/23 1:43:09 ET
Table 'Stentor II' 10-max Seat #5 is the button
Seat 5: Mizt3r X ($130.03 in chips)
Seat 6: SirRomanov ($72.19 in chips)
Mizt3r X: posts small blind $1
SirRomanov: posts big blind $3
*** HOLE CARDS ***
Mizt3r X: raises $3 to $6
SirRomanov: folds
Uncalled bet ($3) returned to Mizt3r X
Mizt3r X collected $6 from pot
*** SUMMARY ***
Total pot $6 | Rake $0
Seat 5: Mizt3r X (button) (small blind) collected ($6)
Seat 6: SirRomanov (big blind) folded before Flop


PokerStars Hand #152312909291:  Hold'em Limit ($3/$6 USD) - 2016/04/23 1:43:57 ET
Table 'Stentor II' 10-max Seat #6 is the button
Seat 5: Mizt3r X ($116.79 in chips)
Seat 6: SirRomanov ($93.16 in chips)
SirRomanov: posts small blind $1
Mizt3r X: posts big blind $3
*** HOLE CARDS ***
SirRomanov: raises $3 to $6
Mizt3r X: raises $3 to $9
SirRomanov: calls $3
*** FLOP *** [4s Jh As]
Mizt3r X: bets $3
SirRomanov: calls $3
*** TURN *** [4s Jh As] [7c]
Mizt3r X: bets $6
SirRomanov: calls $6
*** RIVER *** [4s Jh As 7c] [Ts]
Mizt3r X: bets $6
SirRomanov: calls $6
*** SHOW DOWN ***
Mizt3r X: shows [Kc Qd] (a straight, Ten to Ace)
SirRomanov: mucks hand
Mizt3r X collected $47.50 from pot
*** SUMMARY ***
Total pot $48 | Rake $0.50
Board [4s Jh As 7c Ts]
Seat 5: Mizt3r X (big blind) showed [Kc Qd] and won ($47.50) with a straight, Ten to Ace
Seat 6: SirRomanov (button) (small blind) mucked


PokerStars Hand #152312900539:  Hold'em Limit ($3/$6 USD) - 2016/04/23 1:43:26 ET
Table 'Stentor II' 10-max Seat #5 is the button
Seat 5: Mizt3r X ($138.79 in chips)
Seat 6: SirRomanov ($72 in chips)
Mizt3r X: posts small blind $1
SirRomanov: posts big blind $3
*** HOLE CARDS ***
Mizt3r X: folds
Uncalled bet ($2) returned to SirRomanov
SirRomanov collected $2 from pot
SirRomanov: doesn't show hand
*** SUMMARY ***
Total pot $2 | Rake $0
Seat 5: Mizt3r X (button) (small blind) folded before Flop
Seat 6: SirRomanov (big blind) collected ($2)


PokerStars Hand #152312897152:  Hold'em Limit ($3/$6 USD) - 2016/04/23 1:43:14 ET
Table 'Stentor II' 10-max Seat #6 is the button
Seat 5: Mizt3r X ($133.03 in chips)
Seat 6: SirRomanov ($72 in chips)
SirRomanov: posts small blind $1
Mizt3r X: posts big blind $3
*** HOLE CARDS ***
SirRomanov: raises $3 to $6
Mizt3r X: calls $3
*** FLOP *** [8s Ts Jh]
Mizt3r X: checks
SirRomanov: checks
*** TURN *** [8s Ts Jh] [As]
Mizt3r X: bets $6
SirRomanov: folds
Uncalled bet ($6) returned to Mizt3r X
Mizt3r X collected $11.76 from pot
*** SUMMARY ***
Total pot $12 | Rake $0.24
Board [8s Ts Jh As]
Seat 5: Mizt3r X (big blind) collected ($11.76)
Seat 6: SirRomanov (button) (small blind) folded on the Turn


PokerStars Hand #152312901770:  Hold'em Limit ($3/$6 USD) - 2016/04/23 1:43:30 ET
Table 'Stentor II' 10-max Seat #6 is the button
Seat 5: Mizt3r X ($137.79 in chips)
Seat 6: SirRomanov ($73 in chips)
SirRomanov: posts small blind $1
Mizt3r X: posts big blind $3
*** HOLE CARDS ***
SirRomanov: raises $3 to $6
Mizt3r X: raises $3 to $9
SirRomanov: calls $3
*** FLOP *** [9d 4c 8h]
Mizt3r X: checks
SirRomanov: bets $3
Mizt3r X: calls $3
*** TURN *** [9d 4c 8h] [Td]
Mizt3r X: checks
SirRomanov: bets $6
Mizt3r X: folds
Uncalled bet ($6) returned to SirRomanov
SirRomanov collected $23.52 from pot
SirRomanov: doesn't show hand
*** SUMMARY ***
Total pot $24 | Rake $0.48
Board [9d 4c 8h Td]
Seat 5: Mizt3r X (big blind) folded on the Turn
Seat 6: SirRomanov (button) (small blind) collected ($23.52)


PokerStars Hand #152312906770:  Hold'em Limit ($3/$6 USD) - 2016/04/23 1:43:48 ET
Table 'Stentor II' 10-max Seat #5 is the button
Seat 5: Mizt3r X ($125.79 in chips)
Seat 6: SirRomanov ($84.52 in chips)
Mizt3r X: posts small blind $1
SirRomanov: posts big blind $3
*** HOLE CARDS ***
Mizt3r X: raises $3 to $6
SirRomanov: raises $3 to $9
Mizt3r X: calls $3
*** FLOP *** [4h 9d 6d]
SirRomanov: bets $3
Mizt3r X: folds
Uncalled bet ($3) returned to SirRomanov
SirRomanov collected $17.64 from pot
SirRomanov: doesn't show hand
*** SUMMARY ***
Total pot $18 | Rake $0.36
Board [4h 9d 6d]
Seat 5: Mizt3r X (button) (small blind) folded on the Flop
Seat 6: SirRomanov (big blind) collected ($17.64)


PokerStars Hand #152312916220:  Hold'em Limit ($3/$6 USD) - 2016/04/23 1:44:21 ET
Table 'Stentor II' 10-max Seat #6 is the button
Seat 5: Mizt3r X ($143.29 in chips)
Seat 6: SirRomanov ($72 in chips)
SirRomanov: posts small blind $1
Mizt3r X: posts big blind $3
*** HOLE CARDS ***
SirRomanov: raises $3 to $6
Mizt3r X: raises $3 to $9
SirRomanov: calls $3
*** FLOP *** [8c 5s Qc]
Mizt3r X: bets $3
SirRomanov: calls $3
*** TURN *** [8c 5s Qc] [Td]
Mizt3r X: bets $6
SirRomanov: folds
Uncalled bet ($6) returned to Mizt3r X
Mizt3r X collected $23.52 from pot
*** SUMMARY ***
Total pot $24 | Rake $0.48
Board [8c 5s Qc Td]
Seat 5: Mizt3r X (big blind) collected ($23.52)
Seat 6: SirRomanov (button) (small blind) folded on the Turn


PokerStars Hand #152312914601:  Hold'em Limit ($3/$6 USD) - 2016/04/23 1:44:16 ET
Table 'Stentor II' 10-max Seat #5 is the button
Seat 5: Mizt3r X ($140.29 in chips)
Seat 6: SirRomanov ($72 in chips)
Mizt3r X: posts small blind $1
SirRomanov: posts big blind $3
*** HOLE CARDS ***
Mizt3r X: raises $3 to $6
SirRomanov: folds
Uncalled bet ($3) returned to Mizt3r X
Mizt3r X collected $6 from pot
*** SUMMARY ***
Total pot $6 | Rake $0
Seat 5: Mizt3r X (button) (small blind) collected ($6)
Seat 6: SirRomanov (big blind) folded before Flop


PokerStars Hand #152312930982:  Hold'em Limit ($3/$6 USD) - 2016/04/23 1:45:01 ET
Table 'Stentor II' 10-max Seat #6 is the button
Seat 5: Mizt3r X ($115.81 in chips)
Seat 6: SirRomanov ($110.50 in chips)
SirRomanov: posts small blind $1
Mizt3r X: posts big blind $3
*** HOLE CARDS ***
SirRomanov: raises $3 to $6
Mizt3r X: calls $3
*** FLOP *** [Td Ac 4s]
Mizt3r X: checks
SirRomanov: bets $3
Mizt3r X: folds
Uncalled bet ($3) returned to SirRomanov
SirRomanov collected $11.76 from pot
SirRomanov: doesn't show hand
*** SUMMARY ***
Total pot $12 | Rake $0.24
Board [Td Ac 4s]
Seat 5: Mizt3r X (big blind) folded on the Flop
Seat 6: SirRomanov (button) (small blind) collected ($11.76)


PokerStars Hand #152312920390:  Hold'em Limit ($3/$6 USD) - 2016/04/23 1:44:36 ET
Table 'Stentor II' 10-max Seat #5 is the button
Seat 5: Mizt3r X ($154.81 in chips)
Seat 6: SirRomanov ($72 in chips)
Mizt3r X: posts small blind $1
SirRomanov: posts big blind $3
*** HOLE CARDS ***
Mizt3r X: raises $3 to $6
SirRomanov: calls $3
*** FLOP *** [9s 5d Qd]
SirRomanov: checks
Mizt3r X: bets $3
SirRomanov: calls $3
*** TURN *** [9s 5d Qd] [2d]
SirRomanov: checks
Mizt3r X: bets $6
SirRomanov: raises $6 to $12
Mizt3r X: raises $6 to $18
SirRomanov: raises $6 to $24
Betting is capped
Mizt3r X: calls $6
*** RIVER *** [9s 5d Qd 2d] [Jh]
SirRomanov: bets $6
Mizt3r X: calls $6
*** SHOW DOWN ***
SirRomanov: shows [7d Jd] (a flush, Queen high)
Mizt3r X: mucks hand
SirRomanov collected $77.50 from pot
*** SUMMARY ***
Total pot $78 | Rake $0.50
Board [9s 5d Qd 2d Jh]
Seat 5: Mizt3r X (button) (small blind) mucked
Seat 6: SirRomanov (big blind) showed [7d Jd] and won ($77.50) with a flush, Queen high


PokerStars Hand #152312945582:  Hold'em Limit ($3/$6 USD) - 2016/04/23 1:45:52 ET
Table 'Stentor II' 10-max Seat #6 is the button
Seat 5: Mizt3r X ($94.57 in chips)
Seat 6: SirRomanov ($130.76 in chips)
SirRomanov: posts small blind $1
Mizt3r X: posts big blind $3
*** HOLE CARDS ***
SirRomanov: folds
Uncalled bet ($2) returned to Mizt3r X
Mizt3r X collected $2 from pot
*** SUMMARY ***
Total pot $2 | Rake $0
Seat 5: Mizt3r X (big blind) collected ($2)
Seat 6: SirRomanov (button) (small blind) folded before Flop


PokerStars Hand #152312941318:  Hold'em Limit ($3/$6 USD) - 2016/04/23 1:45:37 ET
Table 'Stentor II' 10-max Seat #5 is the button
Seat 5: Mizt3r X ($112.57 in chips)
Seat 6: SirRomanov ($113.26 in chips)
Mizt3r X: posts small blind $1
SirRomanov: posts big blind $3
*** HOLE CARDS ***
Mizt3r X: raises $3 to $6
SirRomanov: raises $3 to $9
Mizt3r X: calls $3
*** FLOP *** [2h Qc Ac]
SirRomanov: bets $3
Mizt3r X: calls $3
*** TURN *** [2h Qc Ac] [2d]
SirRomanov: bets $6
Mizt3r X: calls $6
*** RIVER *** [2h Qc Ac 2d] [Kd]
SirRomanov: bets $6
Mizt3r X: folds
Uncalled bet ($6) returned to SirRomanov
SirRomanov collected $35.50 from pot
SirRomanov: doesn't show hand
*** SUMMARY ***
Total pot $36 | Rake $0.50
Board [2h Qc Ac 2d Kd]
Seat 5: Mizt3r X (button) (small blind) folded on the River
Seat 6: SirRomanov (big blind) collected ($35.50)


PokerStars Hand #152312940035:  Hold'em Limit ($3/$6 USD) - 2016/04/23 1:45:32 ET
Table 'Stentor II' 10-max Seat #6 is the button
Seat 5: Mizt3r X ($115.57 in chips)
Seat 6: SirRomanov ($110.26 in chips)
SirRomanov: posts small blind $1
Mizt3r X: posts big blind $3
*** HOLE CARDS ***
SirRomanov: raises $3 to $6
Mizt3r X: folds
Uncalled bet ($3) returned to SirRomanov
SirRomanov collected $6 from pot
SirRomanov: doesn't show hand
*** SUMMARY ***
Total pot $6 | Rake $0
Seat 5: Mizt3r X (big blind) folded before Flop
Seat 6: SirRomanov (button) (small blind) collected ($6)


PokerStars Hand #152312936406:  Hold'em Limit ($3/$6 USD) - 2016/04/23 1:45:19 ET
Table 'Stentor II' 10-max Seat #5 is the button
Seat 5: Mizt3r X ($109.81 in chips)
Seat 6: SirRomanov ($116.26 in chips)
Mizt3r X: posts small blind $1
SirRomanov: posts big blind $3
*** HOLE CARDS ***
Mizt3r X: raises $3 to $6
SirRomanov: calls $3
*** FLOP *** [Jc Kh 8s]
SirRomanov: checks
Mizt3r X: checks
*** TURN *** [Jc Kh 8s] [6h]
SirRomanov: checks
Mizt3r X: bets $6
SirRomanov: folds
Uncalled bet ($6) returned to Mizt3r X
Mizt3r X collected $11.76 from pot
*** SUMMARY ***
Total pot $12 | Rake $0.24
Board [Jc Kh 8s 6h]
Seat 5: Mizt3r X (button) (small blind) collected ($11.76)
Seat 6: SirRomanov (big blind) folded on the Turn


PokerStars Hand #152312963466:  Hold'em Limit ($3/$6 USD) - 2016/04/23 1:46:55 ET
Table 'Stentor II' 10-max Seat #5 is the button
Seat 5: Mizt3r X ($99.07 in chips)
Seat 6: SirRomanov ($125.16 in chips)
Mizt3r X: posts small blind $1
SirRomanov: posts big blind $3
*** HOLE CARDS ***
Mizt3r X: raises $3 to $6
SirRomanov: calls $3
*** FLOP *** [8h 3s 2c]
SirRomanov: checks
Mizt3r X: bets $3
SirRomanov: calls $3
*** TURN *** [8h 3s 2c] [4d]
SirRomanov: checks
Mizt3r X: bets $6
SirRomanov: calls $6
*** RIVER *** [8h 3s 2c 4d] [9d]
SirRomanov: checks
Mizt3r X: bets $6
SirRomanov: calls $6
*** SHOW DOWN ***
Mizt3r X: shows [Th Td] (a pair of Tens)
SirRomanov: mucks hand
Mizt3r X collected $41.50 from pot
*** SUMMARY ***
Total pot $42 | Rake $0.50
Board [8h 3s 2c 4d 9d]
Seat 5: Mizt3r X (button) (small blind) showed [Th Td] and won ($41.50) with a pair of Tens
Seat 6: SirRomanov (big blind) mucked


PokerStars Hand #152312954595:  Hold'em Limit ($3/$6 USD) - 2016/04/23 1:46:24 ET
Table 'Stentor II' 10-max Seat #6 is the button
Seat 5: Mizt3r X ($89.57 in chips)
Seat 6: SirRomanov ($135.52 in chips)
SirRomanov: posts small blind $1
Mizt3r X: posts big blind $3
*** HOLE CARDS ***
SirRomanov: folds
Uncalled bet ($2) returned to Mizt3r X
Mizt3r X collected $2 from pot
*** SUMMARY ***
Total pot $2 | Rake $0
Seat 5: Mizt3r X (big blind) collected ($2)
Seat 6: SirRomanov (button) (small blind) folded before Flop


PokerStars Hand #152312946794:  Hold'em Limit ($3/$6 USD) - 2016/04/23 1:45:56 ET
Table 'Stentor II' 10-max Seat #5 is the button
Seat 5: Mizt3r X ($95.57 in chips)
Seat 6: SirRomanov ($129.76 in chips)
Mizt3r X: posts small blind $1
SirRomanov: posts big blind $3
*** HOLE CARDS ***
Mizt3r X: raises $3 to $6
SirRomanov: calls $3
*** FLOP *** [Qc 7c Jh]
SirRomanov: checks
Mizt3r X: checks
*** TURN *** [Qc 7c Jh] [6h]
SirRomanov: checks
Mizt3r X: checks
*** RIVER *** [Qc 7c Jh 6h] [Js]
SirRomanov: bets $6
Mizt3r X: folds
Uncalled bet ($6) returned to SirRomanov
SirRomanov collected $11.76 from pot
SirRomanov: doesn't show hand
*** SUMMARY ***
Total pot $12 | Rake $0.24
Board [Qc 7c Jh 6h Js]
Seat 5: Mizt3r X (button) (small blind) folded on the River
Seat 6: SirRomanov (big blind) collected ($11.76)


PokerStars Hand #152312955840:  Hold'em Limit ($3/$6 USD) - 2016/04/23 1:46:28 ET
Table 'Stentor II' 10-max Seat #5 is the button
Seat 5: Mizt3r X ($90.57 in chips)
Seat 6: SirRomanov ($134.52 in chips)
Mizt3r X: posts small blind $1
SirRomanov: posts big blind $3
*** HOLE CARDS ***
Mizt3r X: raises $3 to $6
SirRomanov: raises $3 to $9
Mizt3r X: calls $3
*** FLOP *** [Qs 3c 8d]
SirRomanov: bets $3
Mizt3r X: folds
Uncalled bet ($3) returned to SirRomanov
SirRomanov collected $17.64 from pot
SirRomanov: doesn't show hand
*** SUMMARY ***
Total pot $18 | Rake $0.36
Board [Qs 3c 8d]
Seat 5: Mizt3r X (button) (small blind) folded on the Flop
Seat 6: SirRomanov (big blind) collected ($17.64)


PokerStars Hand #152312958462:  Hold'em Limit ($3/$6 USD) - 2016/04/23 1:46:38 ET
Table 'Stentor II' 10-max Seat #6 is the button
Seat 5: Mizt3r X ($81.57 in chips)
Seat 6: SirRomanov ($143.16 in chips)
SirRomanov: posts small blind $1
Mizt3r X: posts big blind $3
*** HOLE CARDS ***
SirRomanov: raises $3 to $6
Mizt3r X: raises $3 to $9
SirRomanov: calls $3
*** FLOP *** [9h Qs 9s]
Mizt3r X: bets $3
SirRomanov: calls $3
*** TURN *** [9h Qs 9s] [4d]
Mizt3r X: bets $6
SirRomanov: calls $6
*** RIVER *** [9h Qs 9s 4d] [5c]
Mizt3r X: checks
SirRomanov: checks
*** SHOW DOWN ***
Mizt3r X: shows [3c 3s] (two pair, Nines and Threes)
SirRomanov: mucks hand
Mizt3r X collected $35.50 from pot
*** SUMMARY ***
Total pot $36 | Rake $0.50
Board [9h Qs 9s 4d 5c]
Seat 5: Mizt3r X (big blind) showed [3c 3s] and won ($35.50) with two pair, Nines and Threes
Seat 6: SirRomanov (button) (small blind) mucked


PokerStars Hand #152312983391:  Hold'em Limit ($3/$6 USD) - 2016/04/23 1:48:06 ET
Table 'Stentor II' 10-max Seat #5 is the button
Seat 5: Mizt3r X ($111.09 in chips)
Seat 6: SirRomanov ($111.32 in chips)
Mizt3r X: posts small blind $1
SirRomanov: posts big blind $3
*** HOLE CARDS ***
Mizt3r X: raises $3 to $6
SirRomanov: folds
Uncalled bet ($3) returned to Mizt3r X
Mizt3r X collected $6 from pot
*** SUMMARY ***
Total pot $6 | Rake $0
Seat 5: Mizt3r X (button) (small blind) collected ($6)
Seat 6: SirRomanov (big blind) folded before Flop


PokerStars Hand #152312981743:  Hold'em Limit ($3/$6 USD) - 2016/04/23 1:48:00 ET
Table 'Stentor II' 10-max Seat #6 is the button
Seat 5: Mizt3r X ($110.09 in chips)
Seat 6: SirRomanov ($112.32 in chips)
SirRomanov: posts small blind $1
Mizt3r X: posts big blind $3
*** HOLE CARDS ***
SirRomanov: folds
Uncalled bet ($2) returned to Mizt3r X
Mizt3r X collected $2 from pot
*** SUMMARY ***
Total pot $2 | Rake $0
Seat 5: Mizt3r X (big blind) collected ($2)
Seat 6: SirRomanov (button) (small blind) folded before Flop


PokerStars Hand #152312967936:  Hold'em Limit ($3/$6 USD) - 2016/04/23 1:47:11 ET
Table 'Stentor II' 10-max Seat #6 is the button
Seat 5: Mizt3r X ($119.57 in chips)
Seat 6: SirRomanov ($104.16 in chips)
SirRomanov: posts small blind $1
Mizt3r X: posts big blind $3
*** HOLE CARDS ***
SirRomanov: raises $3 to $6
Mizt3r X: calls $3
*** FLOP *** [7c 8c 5d]
Mizt3r X: checks
SirRomanov: checks
*** TURN *** [7c 8c 5d] [Jh]
Mizt3r X: bets $6
SirRomanov: folds
Uncalled bet ($6) returned to Mizt3r X
Mizt3r X collected $11.76 from pot
*** SUMMARY ***
Total pot $12 | Rake $0.24
Board [7c 8c 5d Jh]
Seat 5: Mizt3r X (big blind) collected ($11.76)
Seat 6: SirRomanov (button) (small blind) folded on the Turn


PokerStars Hand #152312970999:  Hold'em Limit ($3/$6 USD) - 2016/04/23 1:47:22 ET
Table 'Stentor II' 10-max Seat #5 is the button
Seat 5: Mizt3r X ($125.33 in chips)
Seat 6: SirRomanov ($98.16 in chips)
Mizt3r X: posts small blind $1
SirRomanov: posts big blind $3
*** HOLE CARDS ***
Mizt3r X: raises $3 to $6
SirRomanov: calls $3
*** FLOP *** [9h Jh 2d]
SirRomanov: checks
Mizt3r X: checks
*** TURN *** [9h Jh 2d] [2s]
SirRomanov: checks
Mizt3r X: bets $6
SirRomanov: folds
Uncalled bet ($6) returned to Mizt3r X
Mizt3r X collected $11.76 from pot
*** SUMMARY ***
Total pot $12 | Rake $0.24
Board [9h Jh 2d 2s]
Seat 5: Mizt3r X (button) (small blind) collected ($11.76)
Seat 6: SirRomanov (big blind) folded on the Turn


PokerStars Hand #152312977704:  Hold'em Limit ($3/$6 USD) - 2016/04/23 1:47:46 ET
Table 'Stentor II' 10-max Seat #5 is the button
Seat 5: Mizt3r X ($119.09 in chips)
Seat 6: SirRomanov ($103.68 in chips)
Mizt3r X: posts small blind $1
SirRomanov: posts big blind $3
*** HOLE CARDS ***
Mizt3r X: raises $3 to $6
SirRomanov: calls $3
*** FLOP *** [Ah Qd 8d]
SirRomanov: checks
Mizt3r X: bets $3
SirRomanov: calls $3
*** TURN *** [Ah Qd 8d] [6h]
SirRomanov: checks
Mizt3r X: checks
*** RIVER *** [Ah Qd 8d 6h] [Tc]
SirRomanov: checks
Mizt3r X: checks
*** SHOW DOWN ***
SirRomanov: shows [Ks Td] (a pair of Tens)
Mizt3r X: mucks hand
SirRomanov collected $17.64 from pot
*** SUMMARY ***
Total pot $18 | Rake $0.36
Board [Ah Qd 8d 6h Tc]
Seat 5: Mizt3r X (button) (small blind) mucked
Seat 6: SirRomanov (big blind) showed [Ks Td] and won ($17.64) with a pair of Tens


PokerStars Hand #152312984720:  Hold'em Limit ($3/$6 USD) - 2016/04/23 1:48:10 ET
Table 'Stentor II' 10-max Seat #6 is the button
Seat 5: Mizt3r X ($114.09 in chips)
Seat 6: SirRomanov ($108.32 in chips)
SirRomanov: posts small blind $1
Mizt3r X: posts big blind $3
*** HOLE CARDS ***
SirRomanov: raises $3 to $6
Mizt3r X: folds
Uncalled bet ($3) returned to SirRomanov
SirRomanov collected $6 from pot
SirRomanov: doesn't show hand
*** SUMMARY ***
Total pot $6 | Rake $0
Seat 5: Mizt3r X (big blind) folded before Flop
Seat 6: SirRomanov (button) (small blind) collected ($6)


PokerStars Hand #152312974631:  Hold'em Limit ($3/$6 USD) - 2016/04/23 1:47:35 ET
Table 'Stentor II' 10-max Seat #6 is the button
Seat 5: Mizt3r X ($131.09 in chips)
Seat 6: SirRomanov ($92.16 in chips)
SirRomanov: posts small blind $1
Mizt3r X: posts big blind $3
*** HOLE CARDS ***
SirRomanov: raises $3 to $6
Mizt3r X: raises $3 to $9
SirRomanov: calls $3
*** FLOP *** [Jd 2s Td]
Mizt3r X: bets $3
SirRomanov: raises $3 to $6
Mizt3r X: folds
Uncalled bet ($3) returned to SirRomanov
SirRomanov collected $23.52 from pot
SirRomanov: doesn't show hand
*** SUMMARY ***
Total pot $24 | Rake $0.48
Board [Jd 2s Td]
Seat 5: Mizt3r X (big blind) folded on the Flop
Seat 6: SirRomanov (button) (small blind) collected ($23.52)


PokerStars Hand #152312986265:  Hold'em Limit ($3/$6 USD) - 2016/04/23 1:48:16 ET
Table 'Stentor II' 10-max Seat #5 is the button
Seat 5: Mizt3r X ($111.09 in chips)
Seat 6: SirRomanov ($111.32 in chips)
Mizt3r X: posts small blind $1
SirRomanov: posts big blind $3
*** HOLE CARDS ***
Mizt3r X: raises $3 to $6
SirRomanov: calls $3
*** FLOP *** [7h 7s Qs]
SirRomanov: checks
Mizt3r X: checks
*** TURN *** [7h 7s Qs] [3c]
SirRomanov: checks
Mizt3r X: bets $6
SirRomanov: folds
Uncalled bet ($6) returned to Mizt3r X
Mizt3r X collected $11.76 from pot
*** SUMMARY ***
Total pot $12 | Rake $0.24
Board [7h 7s Qs 3c]
Seat 5: Mizt3r X (button) (small blind) collected ($11.76)
Seat 6: SirRomanov (big blind) folded on the Turn


PokerStars Hand #152312989392:  Hold'em Limit ($3/$6 USD) - 2016/04/23 1:48:27 ET
Table 'Stentor II' 10-max Seat #6 is the button
Seat 5: Mizt3r X ($116.85 in chips)
Seat 6: SirRomanov ($105.32 in chips)
SirRomanov: posts small blind $1
Mizt3r X: posts big blind $3
*** HOLE CARDS ***
SirRomanov: raises $3 to $6
Mizt3r X: raises $3 to $9
SirRomanov: calls $3
*** FLOP *** [8h Tc Jc]
Mizt3r X: checks
SirRomanov: bets $3
Mizt3r X: calls $3
*** TURN *** [8h Tc Jc] [8s]
Mizt3r X: checks
SirRomanov: bets $6
Mizt3r X: raises $6 to $12
SirRomanov: calls $6
*** RIVER *** [8h Tc Jc 8s] [Ah]
Mizt3r X: bets $6
SirRomanov: calls $6
*** SHOW DOWN ***
Mizt3r X: shows [8d Kd] (three of a kind, Eights)
SirRomanov: mucks hand
Mizt3r X collected $59.50 from pot
*** SUMMARY ***
Total pot $60 | Rake $0.50
Board [8h Tc Jc 8s Ah]
Seat 5: Mizt3r X (big blind) showed [8d Kd] and won ($59.50) with three of a kind, Eights
Seat 6: SirRomanov (button) (small blind) mucked


PokerStars Hand #152313000905:  Hold'em Limit ($3/$6 USD) - 2016/04/23 1:49:07 ET
Table 'Stentor II' 10-max Seat #6 is the button
Seat 5: Mizt3r X ($166.85 in chips)
Seat 6: SirRomanov ($72 in chips)
SirRomanov: posts small blind $1
Mizt3r X: posts big blind $3
*** HOLE CARDS ***
SirRomanov: raises $3 to $6
Mizt3r X: folds
Uncalled bet ($3) returned to SirRomanov
SirRomanov collected $6 from pot
SirRomanov: doesn't show hand
*** SUMMARY ***
Total pot $6 | Rake $0
Seat 5: Mizt3r X (big blind) folded before Flop
Seat 6: SirRomanov (button) (small blind) collected ($6)


PokerStars Hand #152312995405:  Hold'em Limit ($3/$6 USD) - 2016/04/23 1:48:48 ET
Table 'Stentor II' 10-max Seat #5 is the button
Seat 5: Mizt3r X ($146.35 in chips)
Seat 6: SirRomanov ($75.32 in chips)
Mizt3r X: posts small blind $1
SirRomanov: posts big blind $3
*** HOLE CARDS ***
Mizt3r X: raises $3 to $6
SirRomanov: raises $3 to $9
Mizt3r X: raises $3 to $12
Betting is capped
SirRomanov: calls $3
*** FLOP *** [3s 5d Ah]
SirRomanov: checks
Mizt3r X: bets $3
SirRomanov: calls $3
*** TURN *** [3s 5d Ah] [4s]
SirRomanov: checks
Mizt3r X: bets $6
SirRomanov: calls $6
*** RIVER *** [3s 5d Ah 4s] [3d]
SirRomanov: checks
Mizt3r X: checks
*** SHOW DOWN ***
SirRomanov: shows [Js 8s] (a pair of Threes)
Mizt3r X: shows [6s 6c] (two pair, Sixes and Threes)
Mizt3r X collected $41.50 from pot
*** SUMMARY ***
Total pot $42 | Rake $0.50
Board [3s 5d Ah 4s 3d]
Seat 5: Mizt3r X (button) (small blind) showed [6s 6c] and won ($41.50) with two pair, Sixes and Threes
Seat 6: SirRomanov (big blind) showed [Js 8s] and lost with a pair of Threes


PokerStars Hand #152313004949:  Hold'em Limit ($3/$6 USD) - 2016/04/23 1:49:22 ET
Table 'Stentor II' 10-max Seat #6 is the button
Seat 5: Mizt3r X ($154.85 in chips)
Seat 6: SirRomanov ($83.64 in chips)
SirRomanov: posts small blind $1
Mizt3r X: posts big blind $3
*** HOLE CARDS ***
SirRomanov: raises $3 to $6
Mizt3r X: folds
Uncalled bet ($3) returned to SirRomanov
SirRomanov collected $6 from pot
SirRomanov: doesn't show hand
*** SUMMARY ***
Total pot $6 | Rake $0
Seat 5: Mizt3r X (big blind) folded before Flop
Seat 6: SirRomanov (button) (small blind) collected ($6)


PokerStars Hand #152313002375:  Hold'em Limit ($3/$6 USD) - 2016/04/23 1:49:13 ET
Table 'Stentor II' 10-max Seat #5 is the button
Seat 5: Mizt3r X ($163.85 in chips)
Seat 6: SirRomanov ($75 in chips)
Mizt3r X: posts small blind $1
SirRomanov: posts big blind $3
*** HOLE CARDS ***
Mizt3r X: raises $3 to $6
SirRomanov: raises $3 to $9
Mizt3r X: calls $3
*** FLOP *** [Tc Kh 8h]
SirRomanov: bets $3
Mizt3r X: folds
Uncalled bet ($3) returned to SirRomanov
SirRomanov collected $17.64 from pot
SirRomanov: doesn't show hand
*** SUMMARY ***
Total pot $18 | Rake $0.36
Board [Tc Kh 8h]
Seat 5: Mizt3r X (button) (small blind) folded on the Flop
Seat 6: SirRomanov (big blind) collected ($17.64)


PokerStars Hand #152313015812:  Hold'em Limit ($3/$6 USD) - 2016/04/23 1:50:01 ET
Table 'Stentor II' 10-max Seat #5 is the button
Seat 5: Mizt3r X ($133.60 in chips)
Seat 6: SirRomanov ($103.89 in chips)
Mizt3r X: posts small blind $1
SirRomanov: posts big blind $3
*** HOLE CARDS ***
Mizt3r X: raises $3 to $6
SirRomanov: folds
Uncalled bet ($3) returned to Mizt3r X
Mizt3r X collected $6 from pot
*** SUMMARY ***
Total pot $6 | Rake $0
Seat 5: Mizt3r X (button) (small blind) collected ($6)
Seat 6: SirRomanov (big blind) folded before Flop


PokerStars Hand #152313006341:  Hold'em Limit ($3/$6 USD) - 2016/04/23 1:49:27 ET
Table 'Stentor II' 10-max Seat #5 is the button
Seat 5: Mizt3r X ($151.85 in chips)
Seat 6: SirRomanov ($86.64 in chips)
Mizt3r X: posts small blind $1
SirRomanov: posts big blind $3
*** HOLE CARDS ***
Mizt3r X: raises $3 to $6
SirRomanov: calls $3
*** FLOP *** [6h Ah 5s]
SirRomanov: checks
Mizt3r X: bets $3
SirRomanov: raises $3 to $6
Mizt3r X: calls $3
*** TURN *** [6h Ah 5s] [9d]
SirRomanov: checks
Mizt3r X: checks
*** RIVER *** [6h Ah 5s 9d] [9h]
SirRomanov: bets $6
Mizt3r X: calls $6
*** SHOW DOWN ***
SirRomanov: shows [6c Th] (two pair, Nines and Sixes)
Mizt3r X: mucks hand
SirRomanov collected $35.50 from pot
*** SUMMARY ***
Total pot $36 | Rake $0.50
Board [6h Ah 5s 9d 9h]
Seat 5: Mizt3r X (button) (small blind) mucked
Seat 6: SirRomanov (big blind) showed [6c Th] and won ($35.50) with two pair, Nines and Sixes


PokerStars Hand #152313017430:  Hold'em Limit ($3/$6 USD) - 2016/04/23 1:50:06 ET
Table 'Stentor II' 10-max Seat #6 is the button
Seat 5: Mizt3r X ($136.60 in chips)
Seat 6: SirRomanov ($100.89 in chips)
SirRomanov: posts small blind $1
Mizt3r X: posts big blind $3
*** HOLE CARDS ***
SirRomanov: raises $3 to $6
Mizt3r X: raises $3 to $9
SirRomanov: calls $3
*** FLOP *** [Ks 6c Ad]
Mizt3r X: bets $3
SirRomanov: folds
Uncalled bet ($3) returned to Mizt3r X
Mizt3r X collected $17.64 from pot
*** SUMMARY ***
Total pot $18 | Rake $0.36
Board [Ks 6c Ad]
Seat 5: Mizt3r X (big blind) collected ($17.64)
Seat 6: SirRomanov (button) (small blind) folded on the Flop


PokerStars Hand #152313011348:  Hold'em Limit ($3/$6 USD) - 2016/04/23 1:49:45 ET
Table 'Stentor II' 10-max Seat #6 is the button
Seat 5: Mizt3r X ($133.85 in chips)
Seat 6: SirRomanov ($104.14 in chips)
SirRomanov: posts small blind $1
Mizt3r X: posts big blind $3
*** HOLE CARDS ***
SirRomanov: raises $3 to $6
Mizt3r X: raises $3 to $9
SirRomanov: calls $3
*** FLOP *** [Qd Qs 3s]
Mizt3r X: bets $3
SirRomanov: calls $3
*** TURN *** [Qd Qs 3s] [3h]
Mizt3r X: bets $6
SirRomanov: calls $6
*** RIVER *** [Qd Qs 3s 3h] [9h]
Mizt3r X: checks
SirRomanov: checks
*** SHOW DOWN ***
Mizt3r X: shows [8d As] (two pair, Queens and Threes)
SirRomanov: shows [4d Ah] (two pair, Queens and Threes)
Mizt3r X collected $17.75 from pot
SirRomanov collected $17.75 from pot
*** SUMMARY ***
Total pot $36 | Rake $0.50
Board [Qd Qs 3s 3h 9h]
Seat 5: Mizt3r X (big blind) showed [8d As] and won ($17.75) with two pair, Queens and Threes
Seat 6: SirRomanov (button) (small blind) showed [4d Ah] and won ($17.75) with two pair, Queens and Threes


PokerStars Hand #152313037159:  Hold'em Limit ($3/$6 USD) - 2016/04/23 1:51:17 ET
Table 'Stentor II' 10-max Seat #6 is the button
Seat 5: Mizt3r X ($112 in chips)
Seat 6: SirRomanov ($123.67 in chips)
SirRomanov: posts small blind $1
Mizt3r X: posts big blind $3
*** HOLE CARDS ***
SirRomanov: folds
Uncalled bet ($2) returned to Mizt3r X
Mizt3r X collected $2 from pot
*** SUMMARY ***
Total pot $2 | Rake $0
Seat 5: Mizt3r X (big blind) collected ($2)
Seat 6: SirRomanov (button) (small blind) folded before Flop


PokerStars Hand #152313034360:  Hold'em Limit ($3/$6 USD) - 2016/04/23 1:51:07 ET
Table 'Stentor II' 10-max Seat #5 is the button
Seat 5: Mizt3r X ($118 in chips)
Seat 6: SirRomanov ($117.91 in chips)
Mizt3r X: posts small blind $1
SirRomanov: posts big blind $3
*** HOLE CARDS ***
Mizt3r X: raises $3 to $6
SirRomanov: calls $3
*** FLOP *** [3h Jd 4h]
SirRomanov: bets $3
Mizt3r X: folds
Uncalled bet ($3) returned to SirRomanov
SirRomanov collected $11.76 from pot
SirRomanov: doesn't show hand
*** SUMMARY ***
Total pot $12 | Rake $0.24
Board [3h Jd 4h]
Seat 5: Mizt3r X (button) (small blind) folded on the Flop
Seat 6: SirRomanov (big blind) collected ($11.76)


PokerStars Hand #152313032994:  Hold'em Limit ($3/$6 USD) - 2016/04/23 1:51:02 ET
Table 'Stentor II' 10-max Seat #6 is the button
Seat 5: Mizt3r X ($121 in chips)
Seat 6: SirRomanov ($114.91 in chips)
SirRomanov: posts small blind $1
Mizt3r X: posts big blind $3
*** HOLE CARDS ***
SirRomanov: raises $3 to $6
Mizt3r X: folds
Uncalled bet ($3) returned to SirRomanov
SirRomanov collected $6 from pot
SirRomanov: doesn't show hand
*** SUMMARY ***
Total pot $6 | Rake $0
Seat 5: Mizt3r X (big blind) folded before Flop
Seat 6: SirRomanov (button) (small blind) collected ($6)


PokerStars Hand #152313030185:  Hold'em Limit ($3/$6 USD) - 2016/04/23 1:50:52 ET
Table 'Stentor II' 10-max Seat #5 is the button
Seat 5: Mizt3r X ($115.24 in chips)
Seat 6: SirRomanov ($120.91 in chips)
Mizt3r X: posts small blind $1
SirRomanov: posts big blind $3
*** HOLE CARDS ***
Mizt3r X: raises $3 to $6
SirRomanov: calls $3
*** FLOP *** [Ad 4h 5d]
SirRomanov: checks
Mizt3r X: bets $3
SirRomanov: folds
Uncalled bet ($3) returned to Mizt3r X
Mizt3r X collected $11.76 from pot
*** SUMMARY ***
Total pot $12 | Rake $0.24
Board [Ad 4h 5d]
Seat 5: Mizt3r X (button) (small blind) collected ($11.76)
Seat 6: SirRomanov (big blind) folded on the Flop


PokerStars Hand #152313020094:  Hold'em Limit ($3/$6 USD) - 2016/04/23 1:50:16 ET
Table 'Stentor II' 10-max Seat #5 is the button
Seat 5: Mizt3r X ($145.24 in chips)
Seat 6: SirRomanov ($91.89 in chips)
Mizt3r X: posts small blind $1
SirRomanov: posts big blind $3
*** HOLE CARDS ***
Mizt3r X: raises $3 to $6
SirRomanov: calls $3
*** FLOP *** [Ad Td 5c]
SirRomanov: checks
Mizt3r X: checks
*** TURN *** [Ad Td 5c] [6c]
SirRomanov: checks
Mizt3r X: bets $6
SirRomanov: calls $6
*** RIVER *** [Ad Td 5c 6c] [5d]
SirRomanov: checks
Mizt3r X: checks
*** SHOW DOWN ***
SirRomanov: shows [Jc Qc] (a pair of Fives)
Mizt3r X: mucks hand
SirRomanov collected $23.52 from pot
*** SUMMARY ***
Total pot $24 | Rake $0.48
Board [Ad Td 5c 6c 5d]
Seat 5: Mizt3r X (button) (small blind) mucked
Seat 6: SirRomanov (big blind) showed [Jc Qc] and won ($23.52) with a pair of Fives


PokerStars Hand #152313024584:  Hold'em Limit ($3/$6 USD) - 2016/04/23 1:50:32 ET
Table 'Stentor II' 10-max Seat #6 is the button
Seat 5: Mizt3r X ($133.24 in chips)
Seat 6: SirRomanov ($103.41 in chips)
SirRomanov: posts small blind $1
Mizt3r X: posts big blind $3
*** HOLE CARDS ***
SirRomanov: raises $3 to $6
Mizt3r X: raises $3 to $9
SirRomanov: calls $3
*** FLOP *** [7d 4s 7h]
Mizt3r X: bets $3
SirRomanov: calls $3
*** TURN *** [7d 4s 7h] [Qd]
Mizt3r X: checks
SirRomanov: checks
*** RIVER *** [7d 4s 7h Qd] [Jd]
Mizt3r X: checks
SirRomanov: bets $6
Mizt3r X: calls $6
*** SHOW DOWN ***
SirRomanov: shows [Jh 3h] (two pair, Jacks and Sevens)
Mizt3r X: mucks hand
SirRomanov collected $35.50 from pot
*** SUMMARY ***
Total pot $36 | Rake $0.50
Board [7d 4s 7h Qd Jd]
Seat 5: Mizt3r X (big blind) mucked
Seat 6: SirRomanov (button) (small blind) showed [Jh 3h] and won ($35.50) with two pair, Jacks and Sevens


PokerStars Hand #152313038210:  Hold'em Limit ($3/$6 USD) - 2016/04/23 1:51:20 ET
Table 'Stentor II' 10-max Seat #5 is the button
Seat 5: Mizt3r X ($113 in chips)
Seat 6: SirRomanov ($122.67 in chips)
Mizt3r X: posts small blind $1
SirRomanov: posts big blind $3
*** HOLE CARDS ***
Mizt3r X: raises $3 to $6
SirRomanov: calls $3
*** FLOP *** [8c Tc 6c]
SirRomanov: checks
Mizt3r X: bets $3
SirRomanov: calls $3
*** TURN *** [8c Tc 6c] [Qd]
SirRomanov: checks
Mizt3r X: bets $6
SirRomanov: calls $6
*** RIVER *** [8c Tc 6c Qd] [8h]
SirRomanov: checks
Mizt3r X: checks
*** SHOW DOWN ***
SirRomanov: shows [Jc 8s] (three of a kind, Eights)
Mizt3r X: mucks hand
SirRomanov collected $29.50 from pot
*** SUMMARY ***
Total pot $30 | Rake $0.50
Board [8c Tc 6c Qd 8h]
Seat 5: Mizt3r X (button) (small blind) mucked
Seat 6: SirRomanov (big blind) showed [Jc 8s] and won ($29.50) with three of a kind, Eights


PokerStars Hand #152313048719:  Hold'em Limit ($3/$6 USD) - 2016/04/23 1:51:58 ET
Table 'Stentor II' 10-max Seat #5 is the button
Seat 5: Mizt3r X ($110.64 in chips)
Seat 6: SirRomanov ($124.17 in chips)
Mizt3r X: posts small blind $1
SirRomanov: posts big blind $3
*** HOLE CARDS ***
Mizt3r X: raises $3 to $6
SirRomanov: folds
Uncalled bet ($3) returned to Mizt3r X
Mizt3r X collected $6 from pot
*** SUMMARY ***
Total pot $6 | Rake $0
Seat 5: Mizt3r X (button) (small blind) collected ($6)
Seat 6: SirRomanov (big blind) folded before Flop


PokerStars Hand #152313047526:  Hold'em Limit ($3/$6 USD) - 2016/04/23 1:51:53 ET
Table 'Stentor II' 10-max Seat #6 is the button
Seat 5: Mizt3r X ($109.64 in chips)
Seat 6: SirRomanov ($125.17 in chips)
SirRomanov: posts small blind $1
Mizt3r X: posts big blind $3
*** HOLE CARDS ***
SirRomanov: folds
Uncalled bet ($2) returned to Mizt3r X
Mizt3r X collected $2 from pot
*** SUMMARY ***
Total pot $2 | Rake $0
Seat 5: Mizt3r X (big blind) collected ($2)
Seat 6: SirRomanov (button) (small blind) folded before Flop


PokerStars Hand #152313045737:  Hold'em Limit ($3/$6 USD) - 2016/04/23 1:51:47 ET
Table 'Stentor II' 10-max Seat #5 is the button
Seat 5: Mizt3r X ($106.64 in chips)
Seat 6: SirRomanov ($128.17 in chips)
Mizt3r X: posts small blind $1
SirRomanov: posts big blind $3
*** HOLE CARDS ***
Mizt3r X: raises $3 to $6
SirRomanov: folds
Uncalled bet ($3) returned to Mizt3r X
Mizt3r X collected $6 from pot
*** SUMMARY ***
Total pot $6 | Rake $0
Seat 5: Mizt3r X (button) (small blind) collected ($6)
Seat 6: SirRomanov (big blind) folded before Flop


PokerStars Hand #152313042809:  Hold'em Limit ($3/$6 USD) - 2016/04/23 1:51:37 ET
Table 'Stentor II' 10-max Seat #6 is the button
Seat 5: Mizt3r X ($98 in chips)
Seat 6: SirRomanov ($137.17 in chips)
SirRomanov: posts small blind $1
Mizt3r X: posts big blind $3
*** HOLE CARDS ***
SirRomanov: raises $3 to $6
Mizt3r X: raises $3 to $9
SirRomanov: calls $3
*** FLOP *** [As 9d 4s]
Mizt3r X: bets $3
SirRomanov: folds
Uncalled bet ($3) returned to Mizt3r X
Mizt3r X collected $17.64 from pot
*** SUMMARY ***
Total pot $18 | Rake $0.36
Board [As 9d 4s]
Seat 5: Mizt3r X (big blind) collected ($17.64)
Seat 6: SirRomanov (button) (small blind) folded on the Flop


PokerStars Hand #152313057896:  Hold'em Limit ($3/$6 USD) - 2016/04/23 1:52:30 ET
Table 'Stentor II' 10-max Seat #6 is the button
Seat 5: Mizt3r X ($142.90 in chips)
Seat 6: SirRomanov ($91.17 in chips)
SirRomanov: posts small blind $1
Mizt3r X: posts big blind $3
*** HOLE CARDS ***
SirRomanov: raises $3 to $6
Mizt3r X: calls $3
*** FLOP *** [Ks 7h 6d]
Mizt3r X: checks
SirRomanov: bets $3
Mizt3r X: calls $3
*** TURN *** [Ks 7h 6d] [Qc]
Mizt3r X: checks
SirRomanov: checks
*** RIVER *** [Ks 7h 6d Qc] [3h]
Mizt3r X: bets $6
SirRomanov: calls $6
*** SHOW DOWN ***
Mizt3r X: shows [Kc 7c] (two pair, Kings and Sevens)
SirRomanov: mucks hand
Mizt3r X collected $29.50 from pot
*** SUMMARY ***
Total pot $30 | Rake $0.50
Board [Ks 7h 6d Qc 3h]
Seat 5: Mizt3r X (big blind) showed [Kc 7c] and won ($29.50) with two pair, Kings and Sevens
Seat 6: SirRomanov (button) (small blind) mucked


PokerStars Hand #152313050248:  Hold'em Limit ($3/$6 USD) - 2016/04/23 1:52:03 ET
Table 'Stentor II' 10-max Seat #6 is the button
Seat 5: Mizt3r X ($113.64 in chips)
Seat 6: SirRomanov ($121.17 in chips)
SirRomanov: posts small blind $1
Mizt3r X: posts big blind $3
*** HOLE CARDS ***
SirRomanov: raises $3 to $6
Mizt3r X: calls $3
*** FLOP *** [Ah 3d Kc]
Mizt3r X: checks
SirRomanov: checks
*** TURN *** [Ah 3d Kc] [9s]
Mizt3r X: checks
SirRomanov: bets $6
Mizt3r X: raises $6 to $12
SirRomanov: calls $6
*** RIVER *** [Ah 3d Kc 9s] [4s]
Mizt3r X: bets $6
SirRomanov: calls $6
*** SHOW DOWN ***
Mizt3r X: shows [3h Kh] (two pair, Kings and Threes)
SirRomanov: mucks hand
Mizt3r X collected $47.50 from pot
*** SUMMARY ***
Total pot $48 | Rake $0.50
Board [Ah 3d Kc 9s 4s]
Seat 5: Mizt3r X (big blind) showed [3h Kh] and won ($47.50) with two pair, Kings and Threes
Seat 6: SirRomanov (button) (small blind) mucked


PokerStars Hand #152313066504:  Hold'em Limit ($3/$6 USD) - 2016/04/23 1:53:01 ET
Table 'Stentor II' 10-max Seat #6 is the button
Seat 5: Mizt3r X ($160.40 in chips)
Seat 6: SirRomanov ($73.17 in chips)
SirRomanov: posts small blind $1
Mizt3r X: posts big blind $3
*** HOLE CARDS ***
SirRomanov: raises $3 to $6
Mizt3r X: calls $3
*** FLOP *** [Kh Qh Th]
Mizt3r X: checks
SirRomanov: bets $3
Mizt3r X: raises $3 to $6
SirRomanov: calls $3
*** TURN *** [Kh Qh Th] [6s]
Mizt3r X: bets $6
SirRomanov: calls $6
*** RIVER *** [Kh Qh Th 6s] [Kd]
Mizt3r X: bets $6
SirRomanov: calls $6
*** SHOW DOWN ***
Mizt3r X: shows [Jh 8d] (a pair of Kings)
SirRomanov: shows [Ts Qc] (two pair, Kings and Queens)
SirRomanov collected $47.50 from pot
*** SUMMARY ***
Total pot $48 | Rake $0.50
Board [Kh Qh Th 6s Kd]
Seat 5: Mizt3r X (big blind) showed [Jh 8d] and lost with a pair of Kings
Seat 6: SirRomanov (button) (small blind) showed [Ts Qc] and won ($47.50) with two pair, Kings and Queens


PokerStars Hand #152313065224:  Hold'em Limit ($3/$6 USD) - 2016/04/23 1:52:56 ET
Table 'Stentor II' 10-max Seat #5 is the button
Seat 5: Mizt3r X ($161.40 in chips)
Seat 6: SirRomanov ($72.17 in chips)
Mizt3r X: posts small blind $1
SirRomanov: posts big blind $3
*** HOLE CARDS ***
Mizt3r X: folds
Uncalled bet ($2) returned to SirRomanov
SirRomanov collected $2 from pot
SirRomanov: doesn't show hand
*** SUMMARY ***
Total pot $2 | Rake $0
Seat 5: Mizt3r X (button) (small blind) folded before Flop
Seat 6: SirRomanov (big blind) collected ($2)


PokerStars Hand #152313064105:  Hold'em Limit ($3/$6 USD) - 2016/04/23 1:52:52 ET
Table 'Stentor II' 10-max Seat #6 is the button
Seat 5: Mizt3r X ($160.40 in chips)
Seat 6: SirRomanov ($73.17 in chips)
SirRomanov: posts small blind $1
Mizt3r X: posts big blind $3
*** HOLE CARDS ***
SirRomanov: folds
Uncalled bet ($2) returned to Mizt3r X
Mizt3r X collected $2 from pot
*** SUMMARY ***
Total pot $2 | Rake $0
Seat 5: Mizt3r X (big blind) collected ($2)
Seat 6: SirRomanov (button) (small blind) folded before Flop


PokerStars Hand #152313062614:  Hold'em Limit ($3/$6 USD) - 2016/04/23 1:52:47 ET
Table 'Stentor II' 10-max Seat #5 is the button
Seat 5: Mizt3r X ($157.40 in chips)
Seat 6: SirRomanov ($76.17 in chips)
Mizt3r X: posts small blind $1
SirRomanov: posts big blind $3
*** HOLE CARDS ***
Mizt3r X: raises $3 to $6
SirRomanov: folds
Uncalled bet ($3) returned to Mizt3r X
Mizt3r X collected $6 from pot
*** SUMMARY ***
Total pot $6 | Rake $0
Seat 5: Mizt3r X (button) (small blind) collected ($6)
Seat 6: SirRomanov (big blind) folded before Flop


PokerStars Hand #152313087469:  Hold'em Limit ($3/$6 USD) - 2016/04/23 1:54:15 ET
Table 'Stentor II' 10-max Seat #6 is the button
Seat 5: Mizt3r X ($120.80 in chips)
Seat 6: SirRomanov ($111.17 in chips)
SirRomanov: posts small blind $1
Mizt3r X: posts big blind $3
*** HOLE CARDS ***
SirRomanov: raises $3 to $6
Mizt3r X: folds
Uncalled bet ($3) returned to SirRomanov
SirRomanov collected $6 from pot
SirRomanov: doesn't show hand
*** SUMMARY ***
Total pot $6 | Rake $0
Seat 5: Mizt3r X (big blind) folded before Flop
Seat 6: SirRomanov (button) (small blind) collected ($6)


PokerStars Hand #152313086215:  Hold'em Limit ($3/$6 USD) - 2016/04/23 1:54:11 ET
Table 'Stentor II' 10-max Seat #5 is the button
Seat 5: Mizt3r X ($121.80 in chips)
Seat 6: SirRomanov ($110.17 in chips)
Mizt3r X: posts small blind $1
SirRomanov: posts big blind $3
*** HOLE CARDS ***
Mizt3r X: folds
Uncalled bet ($2) returned to SirRomanov
SirRomanov collected $2 from pot
SirRomanov: doesn't show hand
*** SUMMARY ***
Total pot $2 | Rake $0
Seat 5: Mizt3r X (button) (small blind) folded before Flop
Seat 6: SirRomanov (big blind) collected ($2)


PokerStars Hand #152313071441:  Hold'em Limit ($3/$6 USD) - 2016/04/23 1:53:18 ET
Table 'Stentor II' 10-max Seat #5 is the button
Seat 5: Mizt3r X ($136.40 in chips)
Seat 6: SirRomanov ($96.67 in chips)
Mizt3r X: posts small blind $1
SirRomanov: posts big blind $3
*** HOLE CARDS ***
Mizt3r X: folds
Uncalled bet ($2) returned to SirRomanov
SirRomanov collected $2 from pot
SirRomanov: doesn't show hand
*** SUMMARY ***
Total pot $2 | Rake $0
Seat 5: Mizt3r X (button) (small blind) folded before Flop
Seat 6: SirRomanov (big blind) collected ($2)


PokerStars Hand #152313072668:  Hold'em Limit ($3/$6 USD) - 2016/04/23 1:53:23 ET
Table 'Stentor II' 10-max Seat #6 is the button
Seat 5: Mizt3r X ($135.40 in chips)
Seat 6: SirRomanov ($97.67 in chips)
SirRomanov: posts small blind $1
Mizt3r X: posts big blind $3
*** HOLE CARDS ***
SirRomanov: raises $3 to $6
Mizt3r X: raises $3 to $9
SirRomanov: calls $3
*** FLOP *** [Kh 3d Js]
Mizt3r X: bets $3
SirRomanov: calls $3
*** TURN *** [Kh 3d Js] [8h]
Mizt3r X: bets $6
SirRomanov: calls $6
*** RIVER *** [Kh 3d Js 8h] [Ac]
Mizt3r X: bets $6
SirRomanov: raises $6 to $12
Mizt3r X: calls $6
*** SHOW DOWN ***
SirRomanov: shows [Ad 8d] (two pair, Aces and Eights)
Mizt3r X: mucks hand
SirRomanov collected $59.50 from pot
*** SUMMARY ***
Total pot $60 | Rake $0.50
Board [Kh 3d Js 8h Ac]
Seat 5: Mizt3r X (big blind) mucked
Seat 6: SirRomanov (button) (small blind) showed [Ad 8d] and won ($59.50) with two pair, Aces and Eights


PokerStars Hand #152313080868:  Hold'em Limit ($3/$6 USD) - 2016/04/23 1:53:52 ET
Table 'Stentor II' 10-max Seat #6 is the button
Seat 5: Mizt3r X ($111.16 in chips)
Seat 6: SirRomanov ($121.17 in chips)
SirRomanov: posts small blind $1
Mizt3r X: posts big blind $3
*** HOLE CARDS ***
SirRomanov: folds
Uncalled bet ($2) returned to Mizt3r X
Mizt3r X collected $2 from pot
*** SUMMARY ***
Total pot $2 | Rake $0
Seat 5: Mizt3r X (big blind) collected ($2)
Seat 6: SirRomanov (button) (small blind) folded before Flop


PokerStars Hand #152313078412:  Hold'em Limit ($3/$6 USD) - 2016/04/23 1:53:43 ET
Table 'Stentor II' 10-max Seat #5 is the button
Seat 5: Mizt3r X ($105.40 in chips)
Seat 6: SirRomanov ($127.17 in chips)
Mizt3r X: posts small blind $1
SirRomanov: posts big blind $3
*** HOLE CARDS ***
Mizt3r X: raises $3 to $6
SirRomanov: calls $3
*** FLOP *** [8s 9h 6d]
SirRomanov: checks
Mizt3r X: bets $3
SirRomanov: folds
Uncalled bet ($3) returned to Mizt3r X
Mizt3r X collected $11.76 from pot
*** SUMMARY ***
Total pot $12 | Rake $0.24
Board [8s 9h 6d]
Seat 5: Mizt3r X (button) (small blind) collected ($11.76)
Seat 6: SirRomanov (big blind) folded on the Flop


PokerStars Hand #152313085153:  Hold'em Limit ($3/$6 USD) - 2016/04/23 1:54:07 ET
Table 'Stentor II' 10-max Seat #6 is the button
Seat 5: Mizt3r X ($120.80 in chips)
Seat 6: SirRomanov ($111.17 in chips)
SirRomanov: posts small blind $1
Mizt3r X: posts big blind $3
*** HOLE CARDS ***
SirRomanov: folds
Uncalled bet ($2) returned to Mizt3r X
Mizt3r X collected $2 from pot
*** SUMMARY ***
Total pot $2 | Rake $0
Seat 5: Mizt3r X (big blind) collected ($2)
Seat 6: SirRomanov (button) (small blind) folded before Flop


PokerStars Hand #152313082060:  Hold'em Limit ($3/$6 USD) - 2016/04/23 1:53:56 ET
Table 'Stentor II' 10-max Seat #5 is the button
Seat 5: Mizt3r X ($112.16 in chips)
Seat 6: SirRomanov ($120.17 in chips)
Mizt3r X: posts small blind $1
SirRomanov: posts big blind $3
*** HOLE CARDS ***
Mizt3r X: raises $3 to $6
SirRomanov: calls $3
*** FLOP *** [4h 2h 6d]
SirRomanov: checks
Mizt3r X: bets $3
SirRomanov: calls $3
*** TURN *** [4h 2h 6d] [3c]
SirRomanov: checks
Mizt3r X: bets $6
SirRomanov: folds
Uncalled bet ($6) returned to Mizt3r X
Mizt3r X collected $17.64 from pot
*** SUMMARY ***
Total pot $18 | Rake $0.36
Board [4h 2h 6d 3c]
Seat 5: Mizt3r X (button) (small blind) collected ($17.64)
Seat 6: SirRomanov (big blind) folded on the Turn


PokerStars Hand #152313098472:  Hold'em Limit ($3/$6 USD) - 2016/04/23 1:54:54 ET
Table 'Stentor II' 10-max Seat #5 is the button
Seat 5: Mizt3r X ($103.80 in chips)
Seat 6: SirRomanov ($127.67 in chips)
Mizt3r X: posts small blind $1
SirRomanov: posts big blind $3
*** HOLE CARDS ***
Mizt3r X: raises $3 to $6
SirRomanov: folds
Uncalled bet ($3) returned to Mizt3r X
Mizt3r X collected $6 from pot
*** SUMMARY ***
Total pot $6 | Rake $0
Seat 5: Mizt3r X (button) (small blind) collected ($6)
Seat 6: SirRomanov (big blind) folded before Flop


PokerStars Hand #152313096868:  Hold'em Limit ($3/$6 USD) - 2016/04/23 1:54:48 ET
Table 'Stentor II' 10-max Seat #6 is the button
Seat 5: Mizt3r X ($106.80 in chips)
Seat 6: SirRomanov ($124.67 in chips)
SirRomanov: posts small blind $1
Mizt3r X: posts big blind $3
*** HOLE CARDS ***
SirRomanov: raises $3 to $6
Mizt3r X: folds
Uncalled bet ($3) returned to SirRomanov
SirRomanov collected $6 from pot
SirRomanov: doesn't show hand
*** SUMMARY ***
Total pot $6 | Rake $0
Seat 5: Mizt3r X (big blind) folded before Flop
Seat 6: SirRomanov (button) (small blind) collected ($6)


PokerStars Hand #152313099869:  Hold'em Limit ($3/$6 USD) - 2016/04/23 1:54:59 ET
Table 'Stentor II' 10-max Seat #6 is the button
Seat 5: Mizt3r X ($106.80 in chips)
Seat 6: SirRomanov ($124.67 in chips)
SirRomanov: posts small blind $1
Mizt3r X: posts big blind $3
*** HOLE CARDS ***
SirRomanov: raises $3 to $6
Mizt3r X: folds
Uncalled bet ($3) returned to SirRomanov
SirRomanov collected $6 from pot
SirRomanov: doesn't show hand
*** SUMMARY ***
Total pot $6 | Rake $0
Seat 5: Mizt3r X (big blind) folded before Flop
Seat 6: SirRomanov (button) (small blind) collected ($6)


PokerStars Hand #152313101304:  Hold'em Limit ($3/$6 USD) - 2016/04/23 1:55:04 ET
Table 'Stentor II' 10-max Seat #5 is the button
Seat 5: Mizt3r X ($103.80 in chips)
Seat 6: SirRomanov ($127.67 in chips)
Mizt3r X: posts small blind $1
SirRomanov: posts big blind $3
*** HOLE CARDS ***
Mizt3r X: raises $3 to $6
SirRomanov: calls $3
*** FLOP *** [6d 2s As]
SirRomanov: checks
Mizt3r X: bets $3
SirRomanov: raises $3 to $6
Mizt3r X: calls $3
*** TURN *** [6d 2s As] [9h]
SirRomanov: bets $6
Mizt3r X: calls $6
*** RIVER *** [6d 2s As 9h] [Jc]
SirRomanov: checks
Mizt3r X: bets $6
SirRomanov: folds
Uncalled bet ($6) returned to Mizt3r X
Mizt3r X collected $35.50 from pot
*** SUMMARY ***
Total pot $36 | Rake $0.50
Board [6d 2s As 9h Jc]
Seat 5: Mizt3r X (button) (small blind) collected ($35.50)
Seat 6: SirRomanov (big blind) folded on the River


PokerStars Hand #152313090295:  Hold'em Limit ($3/$6 USD) - 2016/04/23 1:54:25 ET
Table 'Stentor II' 10-max Seat #6 is the button
Seat 5: Mizt3r X ($120.80 in chips)
Seat 6: SirRomanov ($111.17 in chips)
SirRomanov: posts small blind $1
Mizt3r X: posts big blind $3
*** HOLE CARDS ***
SirRomanov: folds
Uncalled bet ($2) returned to Mizt3r X
Mizt3r X collected $2 from pot
*** SUMMARY ***
Total pot $2 | Rake $0
Seat 5: Mizt3r X (big blind) collected ($2)
Seat 6: SirRomanov (button) (small blind) folded before Flop


PokerStars Hand #152313088851:  Hold'em Limit ($3/$6 USD) - 2016/04/23 1:54:20 ET
Table 'Stentor II' 10-max Seat #5 is the button
Seat 5: Mizt3r X ($117.80 in chips)
Seat 6: SirRomanov ($114.17 in chips)
Mizt3r X: posts small blind $1
SirRomanov: posts big blind $3
*** HOLE CARDS ***
Mizt3r X: raises $3 to $6
SirRomanov: folds
Uncalled bet ($3) returned to Mizt3r X
Mizt3r X collected $6 from pot
*** SUMMARY ***
Total pot $6 | Rake $0
Seat 5: Mizt3r X (button) (small blind) collected ($6)
Seat 6: SirRomanov (big blind) folded before Flop


PokerStars Hand #152313091465:  Hold'em Limit ($3/$6 USD) - 2016/04/23 1:54:29 ET
Table 'Stentor II' 10-max Seat #5 is the button
Seat 5: Mizt3r X ($121.80 in chips)
Seat 6: SirRomanov ($110.17 in chips)
Mizt3r X: posts small blind $1
SirRomanov: posts big blind $3
*** HOLE CARDS ***
Mizt3r X: raises $3 to $6
SirRomanov: calls $3
*** FLOP *** [3h Kc 9d]
SirRomanov: checks
Mizt3r X: bets $3
SirRomanov: calls $3
*** TURN *** [3h Kc 9d] [2d]
SirRomanov: checks
Mizt3r X: checks
*** RIVER *** [3h Kc 9d 2d] [4h]
SirRomanov: bets $6
Mizt3r X: calls $6
*** SHOW DOWN ***
SirRomanov: shows [4s 9s] (two pair, Nines and Fours)
Mizt3r X: mucks hand
SirRomanov collected $29.50 from pot
*** SUMMARY ***
Total pot $30 | Rake $0.50
Board [3h Kc 9d 2d 4h]
Seat 5: Mizt3r X (button) (small blind) mucked
Seat 6: SirRomanov (big blind) showed [4s 9s] and won ($29.50) with two pair, Nines and Fours


PokerStars Hand #152313115076:  Hold'em Limit ($3/$6 USD) - 2016/04/23 1:56:00 ET
Table 'Stentor II' 10-max Seat #6 is the button
Seat 5: Mizt3r X ($141.34 in chips)
Seat 6: SirRomanov ($88.67 in chips)
SirRomanov: posts small blind $1
Mizt3r X: posts big blind $3
*** HOLE CARDS ***
SirRomanov: folds
Uncalled bet ($2) returned to Mizt3r X
Mizt3r X collected $2 from pot
*** SUMMARY ***
Total pot $2 | Rake $0
Seat 5: Mizt3r X (big blind) collected ($2)
Seat 6: SirRomanov (button) (small blind) folded before Flop


PokerStars Hand #152313112385:  Hold'em Limit ($3/$6 USD) - 2016/04/23 1:55:49 ET
Table 'Stentor II' 10-max Seat #5 is the button
Seat 5: Mizt3r X ($135.58 in chips)
Seat 6: SirRomanov ($94.67 in chips)
Mizt3r X: posts small blind $1
SirRomanov: posts big blind $3
*** HOLE CARDS ***
Mizt3r X: raises $3 to $6
SirRomanov: calls $3
*** FLOP *** [9d 4d Kh]
SirRomanov: checks
Mizt3r X: checks
*** TURN *** [9d 4d Kh] [Js]
SirRomanov: checks
Mizt3r X: bets $6
SirRomanov: folds
Uncalled bet ($6) returned to Mizt3r X
Mizt3r X collected $11.76 from pot
*** SUMMARY ***
Total pot $12 | Rake $0.24
Board [9d 4d Kh Js]
Seat 5: Mizt3r X (button) (small blind) collected ($11.76)
Seat 6: SirRomanov (big blind) folded on the Turn


PokerStars Hand #152313109676:  Hold'em Limit ($3/$6 USD) - 2016/04/23 1:55:38 ET
Table 'Stentor II' 10-max Seat #6 is the button
Seat 5: Mizt3r X ($126.94 in chips)
Seat 6: SirRomanov ($103.67 in chips)
SirRomanov: posts small blind $1
Mizt3r X: posts big blind $3
*** HOLE CARDS ***
SirRomanov: raises $3 to $6
Mizt3r X: raises $3 to $9
SirRomanov: calls $3
*** FLOP *** [Ah 2c 3h]
Mizt3r X: bets $3
SirRomanov: folds
Uncalled bet ($3) returned to Mizt3r X
Mizt3r X collected $17.64 from pot
*** SUMMARY ***
Total pot $18 | Rake $0.36
Board [Ah 2c 3h]
Seat 5: Mizt3r X (big blind) collected ($17.64)
Seat 6: SirRomanov (button) (small blind) folded on the Flop


PokerStars Hand #152313106806:  Hold'em Limit ($3/$6 USD) - 2016/04/23 1:55:26 ET
Table 'Stentor II' 10-max Seat #5 is the button
Seat 5: Mizt3r X ($118.30 in chips)
Seat 6: SirRomanov ($112.67 in chips)
Mizt3r X: posts small blind $1
SirRomanov: posts big blind $3
*** HOLE CARDS ***
Mizt3r X: raises $3 to $6
SirRomanov: calls $3
*** FLOP *** [Jh 6c 7h]
SirRomanov: checks
Mizt3r X: bets $3
SirRomanov: calls $3
*** TURN *** [Jh 6c 7h] [2c]
SirRomanov: checks
Mizt3r X: bets $6
SirRomanov: folds
Uncalled bet ($6) returned to Mizt3r X
Mizt3r X collected $17.64 from pot
*** SUMMARY ***
Total pot $18 | Rake $0.36
Board [Jh 6c 7h 2c]
Seat 5: Mizt3r X (button) (small blind) collected ($17.64)
Seat 6: SirRomanov (big blind) folded on the Turn


PokerStars Hand #152313105605:  Hold'em Limit ($3/$6 USD) - 2016/04/23 1:55:22 ET
Table 'Stentor II' 10-max Seat #6 is the button
Seat 5: Mizt3r X ($121.30 in chips)
Seat 6: SirRomanov ($109.67 in chips)
SirRomanov: posts small blind $1
Mizt3r X: posts big blind $3
*** HOLE CARDS ***
SirRomanov: raises $3 to $6
Mizt3r X: folds
Uncalled bet ($3) returned to SirRomanov
SirRomanov collected $6 from pot
SirRomanov: doesn't show hand
*** SUMMARY ***
Total pot $6 | Rake $0
Seat 5: Mizt3r X (big blind) folded before Flop
Seat 6: SirRomanov (button) (small blind) collected ($6)


PokerStars Hand #152313119238:  Hold'em Limit ($3/$6 USD) - 2016/04/23 1:56:16 ET
Table 'Stentor II' 10-max Seat #6 is the button
Seat 5: Mizt3r X ($130.34 in chips)
Seat 6: SirRomanov ($99.19 in chips)
SirRomanov: posts small blind $1
Mizt3r X: posts big blind $3
*** HOLE CARDS ***
SirRomanov: folds
Uncalled bet ($2) returned to Mizt3r X
Mizt3r X collected $2 from pot
*** SUMMARY ***
Total pot $2 | Rake $0
Seat 5: Mizt3r X (big blind) collected ($2)
Seat 6: SirRomanov (button) (small blind) folded before Flop


PokerStars Hand #152313116185:  Hold'em Limit ($3/$6 USD) - 2016/04/23 1:56:04 ET
Table 'Stentor II' 10-max Seat #5 is the button
Seat 5: Mizt3r X ($142.34 in chips)
Seat 6: SirRomanov ($87.67 in chips)
Mizt3r X: posts small blind $1
SirRomanov: posts big blind $3
*** HOLE CARDS ***
Mizt3r X: raises $3 to $6
SirRomanov: calls $3
*** FLOP *** [4s 2c Kc]
SirRomanov: checks
Mizt3r X: bets $3
SirRomanov: raises $3 to $6
Mizt3r X: calls $3
*** TURN *** [4s 2c Kc] [9d]
SirRomanov: bets $6
Mizt3r X: folds
Uncalled bet ($6) returned to SirRomanov
SirRomanov collected $23.52 from pot
SirRomanov: doesn't show hand
*** SUMMARY ***
Total pot $24 | Rake $0.48
Board [4s 2c Kc 9d]
Seat 5: Mizt3r X (button) (small blind) folded on the Turn
Seat 6: SirRomanov (big blind) collected ($23.52)


PokerStars Hand #152313125243:  Hold'em Limit ($3/$6 USD) - 2016/04/23 1:56:40 ET
Table 'Stentor II' 10-max Seat #6 is the button
Seat 5: Mizt3r X ($110.34 in chips)
Seat 6: SirRomanov ($118.69 in chips)
SirRomanov: posts small blind $1
Mizt3r X: posts big blind $3
*** HOLE CARDS ***
SirRomanov: folds
Uncalled bet ($2) returned to Mizt3r X
Mizt3r X collected $2 from pot
*** SUMMARY ***
Total pot $2 | Rake $0
Seat 5: Mizt3r X (big blind) collected ($2)
Seat 6: SirRomanov (button) (small blind) folded before Flop


PokerStars Hand #152313128843:  Hold'em Limit ($3/$6 USD) - 2016/04/23 1:56:54 ET
Table 'Stentor II' 10-max Seat #6 is the button
Seat 5: Mizt3r X ($117.10 in chips)
Seat 6: SirRomanov ($111.69 in chips)
SirRomanov: posts small blind $1
Mizt3r X: posts big blind $3
*** HOLE CARDS ***
SirRomanov: raises $3 to $6
Mizt3r X: raises $3 to $9
SirRomanov: calls $3
*** FLOP *** [Ah 3d 6s]
Mizt3r X: bets $3
SirRomanov: calls $3
*** TURN *** [Ah 3d 6s] [Qc]
Mizt3r X: checks
SirRomanov: checks
*** RIVER *** [Ah 3d 6s Qc] [4h]
Mizt3r X: bets $6
SirRomanov: folds
Uncalled bet ($6) returned to Mizt3r X
Mizt3r X collected $23.52 from pot
*** SUMMARY ***
Total pot $24 | Rake $0.48
Board [Ah 3d 6s Qc 4h]
Seat 5: Mizt3r X (big blind) collected ($23.52)
Seat 6: SirRomanov (button) (small blind) folded on the River


PokerStars Hand #152313120231:  Hold'em Limit ($3/$6 USD) - 2016/04/23 1:56:20 ET
Table 'Stentor II' 10-max Seat #5 is the button
Seat 5: Mizt3r X ($131.34 in chips)
Seat 6: SirRomanov ($98.19 in chips)
Mizt3r X: posts small blind $1
SirRomanov: posts big blind $3
*** HOLE CARDS ***
Mizt3r X: raises $3 to $6
SirRomanov: raises $3 to $9
Mizt3r X: raises $3 to $12
Betting is capped
SirRomanov: calls $3
*** FLOP *** [7c 6s 5h]
SirRomanov: checks
Mizt3r X: bets $3
SirRomanov: calls $3
*** TURN *** [7c 6s 5h] [9d]
SirRomanov: checks
Mizt3r X: checks
*** RIVER *** [7c 6s 5h 9d] [2s]
SirRomanov: bets $6
Mizt3r X: calls $6
*** SHOW DOWN ***
SirRomanov: shows [Ks Ah] (high card Ace)
Mizt3r X: mucks hand
SirRomanov collected $41.50 from pot
*** SUMMARY ***
Total pot $42 | Rake $0.50
Board [7c 6s 5h 9d 2s]
Seat 5: Mizt3r X (button) (small blind) mucked
Seat 6: SirRomanov (big blind) showed [Ks Ah] and won ($41.50) with high card Ace


PokerStars Hand #152313149289:  Hold'em Limit ($3/$6 USD) - 2016/04/23 1:58:15 ET
Table 'Stentor II' 10-max Seat #6 is the button
Seat 5: Mizt3r X ($103.14 in chips)
Seat 6: SirRomanov ($123.69 in chips)
SirRomanov: posts small blind $1
Mizt3r X: posts big blind $3
*** HOLE CARDS ***
SirRomanov: folds
Uncalled bet ($2) returned to Mizt3r X
Mizt3r X collected $2 from pot
*** SUMMARY ***
Total pot $2 | Rake $0
Seat 5: Mizt3r X (big blind) collected ($2)
Seat 6: SirRomanov (button) (small blind) folded before Flop


PokerStars Hand #152313136252:  Hold'em Limit ($3/$6 USD) - 2016/04/23 1:57:24 ET
Table 'Stentor II' 10-max Seat #5 is the button
Seat 5: Mizt3r X ($135.38 in chips)
Seat 6: SirRomanov ($92.69 in chips)
Mizt3r X: posts small blind $1
SirRomanov: posts big blind $3
*** HOLE CARDS ***
Mizt3r X: raises $3 to $6
SirRomanov: calls $3
*** FLOP *** [2c 9d 6h]
SirRomanov: checks
Mizt3r X: checks
*** TURN *** [2c 9d 6h] [9s]
SirRomanov: bets $6
Mizt3r X: calls $6
*** RIVER *** [2c 9d 6h 9s] [5d]
SirRomanov: bets $6
Mizt3r X: calls $6
*** SHOW DOWN ***
SirRomanov: shows [2h Qh] (two pair, Nines and Deuces)
Mizt3r X: mucks hand
SirRomanov collected $35.50 from pot
*** SUMMARY ***
Total pot $36 | Rake $0.50
Board [2c 9d 6h 9s 5d]
Seat 5: Mizt3r X (button) (small blind) mucked
Seat 6: SirRomanov (big blind) showed [2h Qh] and won ($35.50) with two pair, Nines and Deuces


PokerStars Hand #152313135290:  Hold'em Limit ($3/$6 USD) - 2016/04/23 1:57:20 ET
Table 'Stentor II' 10-max Seat #6 is the button
Seat 5: Mizt3r X ($134.38 in chips)
Seat 6: SirRomanov ($93.69 in chips)
SirRomanov: posts small blind $1
Mizt3r X: posts big blind $3
*** HOLE CARDS ***
SirRomanov: folds
Uncalled bet ($2) returned to Mizt3r X
Mizt3r X collected $2 from pot
*** SUMMARY ***
Total pot $2 | Rake $0
Seat 5: Mizt3r X (big blind) collected ($2)
Seat 6: SirRomanov (button) (small blind) folded before Flop


PokerStars Hand #152313139574:  Hold'em Limit ($3/$6 USD) - 2016/04/23 1:57:37 ET
Table 'Stentor II' 10-max Seat #6 is the button
Seat 5: Mizt3r X ($117.38 in chips)
Seat 6: SirRomanov ($110.19 in chips)
SirRomanov: posts small blind $1
Mizt3r X: posts big blind $3
*** HOLE CARDS ***
SirRomanov: raises $3 to $6
Mizt3r X: folds
Uncalled bet ($3) returned to SirRomanov
SirRomanov collected $6 from pot
SirRomanov: doesn't show hand
*** SUMMARY ***
Total pot $6 | Rake $0
Seat 5: Mizt3r X (big blind) folded before Flop
Seat 6: SirRomanov (button) (small blind) collected ($6)


PokerStars Hand #152313141390:  Hold'em Limit ($3/$6 USD) - 2016/04/23 1:57:44 ET
Table 'Stentor II' 10-max Seat #5 is the button
Seat 5: Mizt3r X ($114.38 in chips)
Seat 6: SirRomanov ($113.19 in chips)
Mizt3r X: posts small blind $1
SirRomanov: posts big blind $3
*** HOLE CARDS ***
Mizt3r X: raises $3 to $6
SirRomanov: raises $3 to $9
Mizt3r X: calls $3
*** FLOP *** [2s Jc 9c]
SirRomanov: bets $3
Mizt3r X: calls $3
*** TURN *** [2s Jc 9c] [5h]
SirRomanov: checks
Mizt3r X: checks
*** RIVER *** [2s Jc 9c 5h] [Jd]
SirRomanov: checks
Mizt3r X: bets $6
SirRomanov: calls $6
*** SHOW DOWN ***
Mizt3r X: shows [8d Qs] (a pair of Jacks)
SirRomanov: shows [3s As] (a pair of Jacks - Ace kicker)
SirRomanov collected $35.50 from pot
*** SUMMARY ***
Total pot $36 | Rake $0.50
Board [2s Jc 9c 5h Jd]
Seat 5: Mizt3r X (button) (small blind) showed [8d Qs] and lost with a pair of Jacks
Seat 6: SirRomanov (big blind) showed [3s As] and won ($35.50) with a pair of Jacks


PokerStars Hand #152313145937:  Hold'em Limit ($3/$6 USD) - 2016/04/23 1:58:02 ET
Table 'Stentor II' 10-max Seat #6 is the button
Seat 5: Mizt3r X ($96.38 in chips)
Seat 6: SirRomanov ($130.69 in chips)
SirRomanov: posts small blind $1
Mizt3r X: posts big blind $3
*** HOLE CARDS ***
SirRomanov: folds
Uncalled bet ($2) returned to Mizt3r X
Mizt3r X collected $2 from pot
*** SUMMARY ***
Total pot $2 | Rake $0
Seat 5: Mizt3r X (big blind) collected ($2)
Seat 6: SirRomanov (button) (small blind) folded before Flop


PokerStars Hand #152313156749:  Hold'em Limit ($3/$6 USD) - 2016/04/23 1:58:45 ET
Table 'Stentor II' 10-max Seat #5 is the button
Seat 5: Mizt3r X ($133.40 in chips)
Seat 6: SirRomanov ($92.69 in chips)
Mizt3r X: posts small blind $1
SirRomanov: posts big blind $3
*** HOLE CARDS ***
Mizt3r X: raises $3 to $6
SirRomanov: folds
Uncalled bet ($3) returned to Mizt3r X
Mizt3r X collected $6 from pot
*** SUMMARY ***
Total pot $6 | Rake $0
Seat 5: Mizt3r X (button) (small blind) collected ($6)
Seat 6: SirRomanov (big blind) folded before Flop


PokerStars Hand #152313152704:  Hold'em Limit ($3/$6 USD) - 2016/04/23 1:58:29 ET
Table 'Stentor II' 10-max Seat #6 is the button
Seat 5: Mizt3r X ($109.90 in chips)
Seat 6: SirRomanov ($116.69 in chips)
SirRomanov: posts small blind $1
Mizt3r X: posts big blind $3
*** HOLE CARDS ***
SirRomanov: raises $3 to $6
Mizt3r X: calls $3
*** FLOP *** [Tc 3s 2d]
Mizt3r X: checks
SirRomanov: bets $3
Mizt3r X: raises $3 to $6
SirRomanov: calls $3
*** TURN *** [Tc 3s 2d] [Ac]
Mizt3r X: bets $6
SirRomanov: calls $6
*** RIVER *** [Tc 3s 2d Ac] [4c]
Mizt3r X: bets $6
SirRomanov: calls $6
*** SHOW DOWN ***
Mizt3r X: shows [3c Jc] (a flush, Ace high)
SirRomanov: mucks hand
Mizt3r X collected $47.50 from pot
*** SUMMARY ***
Total pot $48 | Rake $0.50
Board [Tc 3s 2d Ac 4c]
Seat 5: Mizt3r X (big blind) showed [3c Jc] and won ($47.50) with a flush, Ace high
Seat 6: SirRomanov (button) (small blind) mucked


PokerStars Hand #152313150513:  Hold'em Limit ($3/$6 USD) - 2016/04/23 1:58:20 ET
Table 'Stentor II' 10-max Seat #5 is the button
Seat 5: Mizt3r X ($104.14 in chips)
Seat 6: SirRomanov ($122.69 in chips)
Mizt3r X: posts small blind $1
SirRomanov: posts big blind $3
*** HOLE CARDS ***
Mizt3r X: raises $3 to $6
SirRomanov: calls $3
*** FLOP *** [Td As Ad]
SirRomanov: checks
Mizt3r X: bets $3
SirRomanov: folds
Uncalled bet ($3) returned to Mizt3r X
Mizt3r X collected $11.76 from pot
*** SUMMARY ***
Total pot $12 | Rake $0.24
Board [Td As Ad]
Seat 5: Mizt3r X (button) (small blind) collected ($11.76)
Seat 6: SirRomanov (big blind) folded on the Flop


PokerStars Hand #152313162638:  Hold'em Limit ($3/$6 USD) - 2016/04/23 1:59:08 ET
Table 'Stentor II' 10-max Seat #5 is the button
Seat 5: Mizt3r X ($125.40 in chips)
Seat 6: SirRomanov ($100.33 in chips)
Mizt3r X: posts small blind $1
SirRomanov: posts big blind $3
*** HOLE CARDS ***
Mizt3r X: folds
Uncalled bet ($2) returned to SirRomanov
SirRomanov collected $2 from pot
SirRomanov: doesn't show hand
*** SUMMARY ***
Total pot $2 | Rake $0
Seat 5: Mizt3r X (button) (small blind) folded before Flop
Seat 6: SirRomanov (big blind) collected ($2)


PokerStars Hand #152313159240:  Hold'em Limit ($3/$6 USD) - 2016/04/23 1:58:55 ET
Table 'Stentor II' 10-max Seat #5 is the button
Seat 5: Mizt3r X ($133.40 in chips)
Seat 6: SirRomanov ($92.69 in chips)
Mizt3r X: posts small blind $1
SirRomanov: posts big blind $3
*** HOLE CARDS ***
Mizt3r X: raises $3 to $6
SirRomanov: raises $3 to $9
Mizt3r X: calls $3
*** FLOP *** [6d Ts 6h]
SirRomanov: bets $3
Mizt3r X: folds
Uncalled bet ($3) returned to SirRomanov
SirRomanov collected $17.64 from pot
SirRomanov: doesn't show hand
*** SUMMARY ***
Total pot $18 | Rake $0.36
Board [6d Ts 6h]
Seat 5: Mizt3r X (button) (small blind) folded on the Flop
Seat 6: SirRomanov (big blind) collected ($17.64)


PokerStars Hand #152313157963:  Hold'em Limit ($3/$6 USD) - 2016/04/23 1:58:50 ET
Table 'Stentor II' 10-max Seat #6 is the button
Seat 5: Mizt3r X ($136.40 in chips)
Seat 6: SirRomanov ($89.69 in chips)
SirRomanov: posts small blind $1
Mizt3r X: posts big blind $3
*** HOLE CARDS ***
SirRomanov: raises $3 to $6
Mizt3r X: folds
Uncalled bet ($3) returned to SirRomanov
SirRomanov collected $6 from pot
SirRomanov: doesn't show hand
*** SUMMARY ***
Total pot $6 | Rake $0
Seat 5: Mizt3r X (big blind) folded before Flop
Seat 6: SirRomanov (button) (small blind) collected ($6)


PokerStars Hand #152313176476:  Hold'em Limit ($3/$6 USD) - 2016/04/23 2:00:03 ET
Table 'Stentor II' 10-max Seat #6 is the button
Seat 5: Mizt3r X ($151.54 in chips)
Seat 6: SirRomanov ($73.09 in chips)
SirRomanov: posts small blind $1
Mizt3r X: posts big blind $3
*** HOLE CARDS ***
SirRomanov: raises $3 to $6
Mizt3r X: folds
Uncalled bet ($3) returned to SirRomanov
SirRomanov collected $6 from pot
SirRomanov: doesn't show hand
*** SUMMARY ***
Total pot $6 | Rake $0
Seat 5: Mizt3r X (big blind) folded before Flop
Seat 6: SirRomanov (button) (small blind) collected ($6)


PokerStars Hand #152313175286:  Hold'em Limit ($3/$6 USD) - 2016/04/23 1:59:58 ET
Table 'Stentor II' 10-max Seat #5 is the button
Seat 5: Mizt3r X ($152.54 in chips)
Seat 6: SirRomanov ($72.09 in chips)
Mizt3r X: posts small blind $1
SirRomanov: posts big blind $3
*** HOLE CARDS ***
Mizt3r X: folds
Uncalled bet ($2) returned to SirRomanov
SirRomanov collected $2 from pot
SirRomanov: doesn't show hand
*** SUMMARY ***
Total pot $2 | Rake $0
Seat 5: Mizt3r X (button) (small blind) folded before Flop
Seat 6: SirRomanov (big blind) collected ($2)


PokerStars Hand #152313173065:  Hold'em Limit ($3/$6 USD) - 2016/04/23 1:59:49 ET
Table 'Stentor II' 10-max Seat #6 is the button
Seat 5: Mizt3r X ($143.90 in chips)
Seat 6: SirRomanov ($81.09 in chips)
SirRomanov: posts small blind $1
Mizt3r X: posts big blind $3
*** HOLE CARDS ***
SirRomanov: raises $3 to $6
Mizt3r X: raises $3 to $9
SirRomanov: calls $3
*** FLOP *** [As 3s Jd]
Mizt3r X: bets $3
SirRomanov: folds
Uncalled bet ($3) returned to Mizt3r X
Mizt3r X collected $17.64 from pot
*** SUMMARY ***
Total pot $18 | Rake $0.36
Board [As 3s Jd]
Seat 5: Mizt3r X (big blind) collected ($17.64)
Seat 6: SirRomanov (button) (small blind) folded on the Flop


PokerStars Hand #152313171624:  Hold'em Limit ($3/$6 USD) - 2016/04/23 1:59:43 ET
Table 'Stentor II' 10-max Seat #5 is the button
Seat 5: Mizt3r X ($140.90 in chips)
Seat 6: SirRomanov ($84.09 in chips)
Mizt3r X: posts small blind $1
SirRomanov: posts big blind $3
*** HOLE CARDS ***
Mizt3r X: raises $3 to $6
SirRomanov: folds
Uncalled bet ($3) returned to Mizt3r X
Mizt3r X collected $6 from pot
*** SUMMARY ***
Total pot $6 | Rake $0
Seat 5: Mizt3r X (button) (small blind) collected ($6)
Seat 6: SirRomanov (big blind) folded before Flop


PokerStars Hand #152313169412:  Hold'em Limit ($3/$6 USD) - 2016/04/23 1:59:35 ET
Table 'Stentor II' 10-max Seat #6 is the button
Seat 5: Mizt3r X ($146.90 in chips)
Seat 6: SirRomanov ($78.33 in chips)
SirRomanov: posts small blind $1
Mizt3r X: posts big blind $3
*** HOLE CARDS ***
SirRomanov: raises $3 to $6
Mizt3r X: calls $3
*** FLOP *** [3d Ks Kh]
Mizt3r X: checks
SirRomanov: bets $3
Mizt3r X: folds
Uncalled bet ($3) returned to SirRomanov
SirRomanov collected $11.76 from pot
SirRomanov: doesn't show hand
*** SUMMARY ***
Total pot $12 | Rake $0.24
Board [3d Ks Kh]
Seat 5: Mizt3r X (big blind) folded on the Flop
Seat 6: SirRomanov (button) (small blind) collected ($11.76)


PokerStars Hand #152313178051:  Hold'em Limit ($3/$6 USD) - 2016/04/23 2:00:09 ET
Table 'Stentor II' 10-max Seat #5 is the button
Seat 5: Mizt3r X ($148.54 in chips)
Seat 6: SirRomanov ($76.09 in chips)
Mizt3r X: posts small blind $1
SirRomanov: posts big blind $3
*** HOLE CARDS ***
Mizt3r X: raises $3 to $6
SirRomanov: raises $3 to $9
Mizt3r X: calls $3
*** FLOP *** [Kc Kd Ah]
SirRomanov: bets $3
Mizt3r X: folds
Uncalled bet ($3) returned to SirRomanov
SirRomanov collected $17.64 from pot
SirRomanov: doesn't show hand
*** SUMMARY ***
Total pot $18 | Rake $0.36
Board [Kc Kd Ah]
Seat 5: Mizt3r X (button) (small blind) folded on the Flop
Seat 6: SirRomanov (big blind) collected ($17.64)


PokerStars Hand #152313163805:  Hold'em Limit ($3/$6 USD) - 2016/04/23 1:59:13 ET
Table 'Stentor II' 10-max Seat #6 is the button
Seat 5: Mizt3r X ($124.40 in chips)
Seat 6: SirRomanov ($101.33 in chips)
SirRomanov: posts small blind $1
Mizt3r X: posts big blind $3
*** HOLE CARDS ***
SirRomanov: raises $3 to $6
Mizt3r X: raises $3 to $9
SirRomanov: calls $3
*** FLOP *** [Td 4d 3h]
Mizt3r X: bets $3
SirRomanov: calls $3
*** TURN *** [Td 4d 3h] [Kh]
Mizt3r X: bets $6
SirRomanov: calls $6
*** RIVER *** [Td 4d 3h Kh] [3c]
Mizt3r X: bets $6
SirRomanov: calls $6
*** SHOW DOWN ***
Mizt3r X: shows [Ks 2h] (two pair, Kings and Threes)
SirRomanov: mucks hand
Mizt3r X collected $47.50 from pot
*** SUMMARY ***
Total pot $48 | Rake $0.50
Board [Td 4d 3h Kh 3c]
Seat 5: Mizt3r X (big blind) showed [Ks 2h] and won ($47.50) with two pair, Kings and Threes
Seat 6: SirRomanov (button) (small blind) mucked


PokerStars Hand #152313168276:  Hold'em Limit ($3/$6 USD) - 2016/04/23 1:59:30 ET
Table 'Stentor II' 10-max Seat #5 is the button
Seat 5: Mizt3r X ($147.90 in chips)
Seat 6: SirRomanov ($77.33 in chips)
Mizt3r X: posts small blind $1
SirRomanov: posts big blind $3
*** HOLE CARDS ***
Mizt3r X: folds
Uncalled bet ($2) returned to SirRomanov
SirRomanov collected $2 from pot
SirRomanov: doesn't show hand
*** SUMMARY ***
Total pot $2 | Rake $0
Seat 5: Mizt3r X (button) (small blind) folded before Flop
Seat 6: SirRomanov (big blind) collected ($2)


PokerStars Hand #152313189708:  Hold'em Limit ($3/$6 USD) - 2016/04/23 2:00:54 ET
Table 'Stentor II' 10-max Seat #6 is the button
Seat 5: Mizt3r X ($166.04 in chips)
Seat 6: SirRomanov ($72 in chips)
SirRomanov: posts small blind $1
Mizt3r X: posts big blind $3
*** HOLE CARDS ***
SirRomanov: raises $3 to $6
Mizt3r X: raises $3 to $9
SirRomanov: calls $3
*** FLOP *** [Qd 9c Kc]
Mizt3r X: bets $3
SirRomanov: folds
Uncalled bet ($3) returned to Mizt3r X
Mizt3r X collected $17.64 from pot
*** SUMMARY ***
Total pot $18 | Rake $0.36
Board [Qd 9c Kc]
Seat 5: Mizt3r X (big blind) collected ($17.64)
Seat 6: SirRomanov (button) (small blind) folded on the Flop


PokerStars Hand #152313186693:  Hold'em Limit ($3/$6 USD) - 2016/04/23 2:00:42 ET
Table 'Stentor II' 10-max Seat #5 is the button
Seat 5: Mizt3r X ($163.04 in chips)
Seat 6: SirRomanov ($72 in chips)
Mizt3r X: posts small blind $1
SirRomanov: posts big blind $3
*** HOLE CARDS ***
Mizt3r X: raises $3 to $6
SirRomanov: folds
Uncalled bet ($3) returned to Mizt3r X
Mizt3r X collected $6 from pot
*** SUMMARY ***
Total pot $6 | Rake $0
Seat 5: Mizt3r X (button) (small blind) collected ($6)
Seat 6: SirRomanov (big blind) folded before Flop


PokerStars Hand #152313185600:  Hold'em Limit ($3/$6 USD) - 2016/04/23 2:00:38 ET
Table 'Stentor II' 10-max Seat #6 is the button
Seat 5: Mizt3r X ($162.04 in chips)
Seat 6: SirRomanov ($73 in chips)
SirRomanov: posts small blind $1
Mizt3r X: posts big blind $3
*** HOLE CARDS ***
SirRomanov: folds
Uncalled bet ($2) returned to Mizt3r X
Mizt3r X collected $2 from pot
*** SUMMARY ***
Total pot $2 | Rake $0
Seat 5: Mizt3r X (big blind) collected ($2)
Seat 6: SirRomanov (button) (small blind) folded before Flop


PokerStars Hand #152313184315:  Hold'em Limit ($3/$6 USD) - 2016/04/23 2:00:33 ET
Table 'Stentor II' 10-max Seat #5 is the button
Seat 5: Mizt3r X ($163.04 in chips)
Seat 6: SirRomanov ($72 in chips)
Mizt3r X: posts small blind $1
SirRomanov: posts big blind $3
*** HOLE CARDS ***
Mizt3r X: folds
Uncalled bet ($2) returned to SirRomanov
SirRomanov collected $2 from pot
SirRomanov: doesn't show hand
*** SUMMARY ***
Total pot $2 | Rake $0
Seat 5: Mizt3r X (button) (small blind) folded before Flop
Seat 6: SirRomanov (big blind) collected ($2)


PokerStars Hand #152313180496:  Hold'em Limit ($3/$6 USD) - 2016/04/23 2:00:18 ET
Table 'Stentor II' 10-max Seat #6 is the button
Seat 5: Mizt3r X ($139.54 in chips)
Seat 6: SirRomanov ($84.73 in chips)
SirRomanov: posts small blind $1
Mizt3r X: posts big blind $3
*** HOLE CARDS ***
SirRomanov: raises $3 to $6
Mizt3r X: raises $3 to $9
SirRomanov: calls $3
*** FLOP *** [Td 4h 6c]
Mizt3r X: bets $3
SirRomanov: calls $3
*** TURN *** [Td 4h 6c] [Qd]
Mizt3r X: bets $6
SirRomanov: calls $6
*** RIVER *** [Td 4h 6c Qd] [9d]
Mizt3r X: bets $6
SirRomanov: calls $6
*** SHOW DOWN ***
Mizt3r X: shows [7s 8h] (a straight, Six to Ten)
SirRomanov: mucks hand
Mizt3r X collected $47.50 from pot
*** SUMMARY ***
Total pot $48 | Rake $0.50
Board [Td 4h 6c Qd 9d]
Seat 5: Mizt3r X (big blind) showed [7s 8h] and won ($47.50) with a straight, Six to Ten
Seat 6: SirRomanov (button) (small blind) mucked


PokerStars Hand #152313191847:  Hold'em Limit ($3/$6 USD) - 2016/04/23 2:01:02 ET
Table 'Stentor II' 10-max Seat #5 is the button
Seat 5: Mizt3r X ($174.68 in chips)
Seat 6: SirRomanov ($72 in chips)
Mizt3r X: posts small blind $1
SirRomanov: posts big blind $3
*** HOLE CARDS ***
Mizt3r X: raises $3 to $6
SirRomanov: calls $3
*** FLOP *** [2c Ac 6h]
SirRomanov: checks
Mizt3r X: checks
*** TURN *** [2c Ac 6h] [5h]
SirRomanov: checks
Mizt3r X: bets $6
SirRomanov: folds
Uncalled bet ($6) returned to Mizt3r X
Mizt3r X collected $11.76 from pot
*** SUMMARY ***
Total pot $12 | Rake $0.24
Board [2c Ac 6h 5h]
Seat 5: Mizt3r X (button) (small blind) collected ($11.76)
Seat 6: SirRomanov (big blind) folded on the Turn


PokerStars Hand #152313194689:  Hold'em Limit ($3/$6 USD) - 2016/04/23 2:01:12 ET
Table 'Stentor II' 10-max Seat #6 is the button
Seat 5: Mizt3r X ($180.44 in chips)
Seat 6: SirRomanov ($72 in chips)
SirRomanov: posts small blind $1
Mizt3r X: posts big blind $3
*** HOLE CARDS ***
SirRomanov: raises $3 to $6
Mizt3r X: folds
Uncalled bet ($3) returned to SirRomanov
SirRomanov collected $6 from pot
SirRomanov: doesn't show hand
*** SUMMARY ***
Total pot $6 | Rake $0
Seat 5: Mizt3r X (big blind) folded before Flop
Seat 6: SirRomanov (button) (small blind) collected ($6)


PokerStars Hand #152313195975:  Hold'em Limit ($3/$6 USD) - 2016/04/23 2:01:17 ET
Table 'Stentor II' 10-max Seat #5 is the button
Seat 5: Mizt3r X ($177.44 in chips)
Seat 6: SirRomanov ($75 in chips)
Mizt3r X: posts small blind $1
SirRomanov: posts big blind $3
*** HOLE CARDS ***
Mizt3r X: raises $3 to $6
SirRomanov: raises $3 to $9
Mizt3r X: calls $3
*** FLOP *** [Qs 2c 8c]
SirRomanov: bets $3
Mizt3r X: calls $3
*** TURN *** [Qs 2c 8c] [Qc]
SirRomanov: bets $6
Mizt3r X: calls $6
*** RIVER *** [Qs 2c 8c Qc] [6c]
SirRomanov: bets $6
Mizt3r X: folds
Uncalled bet ($6) returned to SirRomanov
SirRomanov collected $35.50 from pot
SirRomanov: doesn't show hand
*** SUMMARY ***
Total pot $36 | Rake $0.50
Board [Qs 2c 8c Qc 6c]
Seat 5: Mizt3r X (button) (small blind) folded on the River
Seat 6: SirRomanov (big blind) collected ($35.50)


PokerStars Hand #152313205083:  Hold'em Limit ($3/$6 USD) - 2016/04/23 2:01:49 ET
Table 'Stentor II' 10-max Seat #6 is the button
Seat 5: Mizt3r X ($177.94 in chips)
Seat 6: SirRomanov ($73.50 in chips)
SirRomanov: posts small blind $1
Mizt3r X: posts big blind $3
*** HOLE CARDS ***
SirRomanov: raises $3 to $6
Mizt3r X: calls $3
*** FLOP *** [9s 3d Th]
Mizt3r X: checks
SirRomanov: bets $3
Mizt3r X: calls $3
*** TURN *** [9s 3d Th] [2c]
Mizt3r X: checks
SirRomanov: bets $6
Mizt3r X: raises $6 to $12
SirRomanov: calls $6
*** RIVER *** [9s 3d Th 2c] [8h]
Mizt3r X: bets $6
SirRomanov: calls $6
*** SHOW DOWN ***
Mizt3r X: shows [Kc 6h] (high card King)
SirRomanov: shows [9h Qc] (a pair of Nines)
SirRomanov collected $53.50 from pot
*** SUMMARY ***
Total pot $54 | Rake $0.50
Board [9s 3d Th 2c 8h]
Seat 5: Mizt3r X (big blind) showed [Kc 6h] and lost with high card King
Seat 6: SirRomanov (button) (small blind) showed [9h Qc] and won ($53.50) with a pair of Nines


PokerStars Hand #152313200020:  Hold'em Limit ($3/$6 USD) - 2016/04/23 2:01:31 ET
Table 'Stentor II' 10-max Seat #6 is the button
Seat 5: Mizt3r X ($159.44 in chips)
Seat 6: SirRomanov ($92.50 in chips)
SirRomanov: posts small blind $1
Mizt3r X: posts big blind $3
*** HOLE CARDS ***
SirRomanov: folds
Uncalled bet ($2) returned to Mizt3r X
Mizt3r X collected $2 from pot
*** SUMMARY ***
Total pot $2 | Rake $0
Seat 5: Mizt3r X (big blind) collected ($2)
Seat 6: SirRomanov (button) (small blind) folded before Flop


PokerStars Hand #152313201064:  Hold'em Limit ($3/$6 USD) - 2016/04/23 2:01:35 ET
Table 'Stentor II' 10-max Seat #5 is the button
Seat 5: Mizt3r X ($160.44 in chips)
Seat 6: SirRomanov ($91.50 in chips)
Mizt3r X: posts small blind $1
SirRomanov: posts big blind $3
*** HOLE CARDS ***
Mizt3r X: raises $3 to $6
SirRomanov: calls $3
*** FLOP *** [Ts 2s Jh]
SirRomanov: checks
Mizt3r X: checks
*** TURN *** [Ts 2s Jh] [Jc]
SirRomanov: checks
Mizt3r X: bets $6
SirRomanov: calls $6
*** RIVER *** [Ts 2s Jh Jc] [Qh]
SirRomanov: checks
Mizt3r X: bets $6
SirRomanov: calls $6
*** SHOW DOWN ***
Mizt3r X: shows [Qd 3c] (two pair, Queens and Jacks)
SirRomanov: mucks hand
Mizt3r X collected $35.50 from pot
*** SUMMARY ***
Total pot $36 | Rake $0.50
Board [Ts 2s Jh Jc Qh]
Seat 5: Mizt3r X (button) (small blind) showed [Qd 3c] and won ($35.50) with two pair, Queens and Jacks
Seat 6: SirRomanov (big blind) mucked


PokerStars Hand #152313215233:  Hold'em Limit ($3/$6 USD) - 2016/04/23 2:02:25 ET
Table 'Stentor II' 10-max Seat #6 is the button
Seat 5: Mizt3r X ($141.94 in chips)
Seat 6: SirRomanov ($108.64 in chips)
SirRomanov: posts small blind $1
Mizt3r X: posts big blind $3
*** HOLE CARDS ***
SirRomanov: raises $3 to $6
Mizt3r X: calls $3
*** FLOP *** [9c Tc Qc]
Mizt3r X: checks
SirRomanov: checks
*** TURN *** [9c Tc Qc] [Td]
Mizt3r X: bets $6
SirRomanov: calls $6
*** RIVER *** [9c Tc Qc Td] [3s]
Mizt3r X: checks
SirRomanov: checks
*** SHOW DOWN ***
Mizt3r X: shows [Kc 7d] (a pair of Tens)
SirRomanov: shows [3d Jd] (two pair, Tens and Threes)
SirRomanov collected $23.52 from pot
*** SUMMARY ***
Total pot $24 | Rake $0.48
Board [9c Tc Qc Td 3s]
Seat 5: Mizt3r X (big blind) showed [Kc 7d] and lost with a pair of Tens
Seat 6: SirRomanov (button) (small blind) showed [3d Jd] and won ($23.52) with two pair, Tens and Threes


PokerStars Hand #152313224741:  Hold'em Limit ($3/$6 USD) - 2016/04/23 2:02:59 ET
Table 'Stentor II' 10-max Seat #6 is the button
Seat 5: Mizt3r X ($129.94 in chips)
Seat 6: SirRomanov ($119.92 in chips)
SirRomanov: posts small blind $1
Mizt3r X: posts big blind $3
*** HOLE CARDS ***
SirRomanov: raises $3 to $6
Mizt3r X: raises $3 to $9
SirRomanov: calls $3
*** FLOP *** [6c 5d 9h]
Mizt3r X: bets $3
SirRomanov: calls $3
*** TURN *** [6c 5d 9h] [Ad]
Mizt3r X: bets $6
SirRomanov: calls $6
*** RIVER *** [6c 5d 9h Ad] [6d]
Mizt3r X: checks
SirRomanov: checks
*** SHOW DOWN ***
Mizt3r X: shows [5s 8s] (two pair, Sixes and Fives)
SirRomanov: shows [Kc 5c] (two pair, Sixes and Fives)
Mizt3r X collected $17.75 from pot
SirRomanov collected $17.75 from pot
*** SUMMARY ***
Total pot $36 | Rake $0.50
Board [6c 5d 9h Ad 6d]
Seat 5: Mizt3r X (big blind) showed [5s 8s] and won ($17.75) with two pair, Sixes and Fives
Seat 6: SirRomanov (button) (small blind) showed [Kc 5c] and won ($17.75) with two pair, Sixes and Fives


PokerStars Hand #152313219090:  Hold'em Limit ($3/$6 USD) - 2016/04/23 2:02:39 ET
Table 'Stentor II' 10-max Seat #5 is the button
Seat 5: Mizt3r X ($129.94 in chips)
Seat 6: SirRomanov ($120.16 in chips)
Mizt3r X: posts small blind $1
SirRomanov: posts big blind $3
*** HOLE CARDS ***
Mizt3r X: raises $3 to $6
SirRomanov: folds
Uncalled bet ($3) returned to Mizt3r X
Mizt3r X collected $6 from pot
*** SUMMARY ***
Total pot $6 | Rake $0
Seat 5: Mizt3r X (button) (small blind) collected ($6)
Seat 6: SirRomanov (big blind) folded before Flop


PokerStars Hand #152313223240:  Hold'em Limit ($3/$6 USD) - 2016/04/23 2:02:54 ET
Table 'Stentor II' 10-max Seat #5 is the button
Seat 5: Mizt3r X ($126.94 in chips)
Seat 6: SirRomanov ($122.92 in chips)
Mizt3r X: posts small blind $1
SirRomanov: posts big blind $3
*** HOLE CARDS ***
Mizt3r X: raises $3 to $6
SirRomanov: folds
Uncalled bet ($3) returned to Mizt3r X
Mizt3r X collected $6 from pot
*** SUMMARY ***
Total pot $6 | Rake $0
Seat 5: Mizt3r X (button) (small blind) collected ($6)
Seat 6: SirRomanov (big blind) folded before Flop


PokerStars Hand #152313220640:  Hold'em Limit ($3/$6 USD) - 2016/04/23 2:02:44 ET
Table 'Stentor II' 10-max Seat #6 is the button
Seat 5: Mizt3r X ($132.94 in chips)
Seat 6: SirRomanov ($117.16 in chips)
SirRomanov: posts small blind $1
Mizt3r X: posts big blind $3
*** HOLE CARDS ***
SirRomanov: raises $3 to $6
Mizt3r X: calls $3
*** FLOP *** [Tc 6c As]
Mizt3r X: checks
SirRomanov: bets $3
Mizt3r X: folds
Uncalled bet ($3) returned to SirRomanov
SirRomanov collected $11.76 from pot
SirRomanov: doesn't show hand
*** SUMMARY ***
Total pot $12 | Rake $0.24
Board [Tc 6c As]
Seat 5: Mizt3r X (big blind) folded on the Flop
Seat 6: SirRomanov (button) (small blind) collected ($11.76)


PokerStars Hand #152313242680:  Hold'em Limit ($3/$6 USD) - 2016/04/23 2:04:02 ET
Table 'Stentor II' 10-max Seat #6 is the button
Seat 5: Mizt3r X ($132.19 in chips)
Seat 6: SirRomanov ($116.17 in chips)
SirRomanov: posts small blind $1
Mizt3r X: posts big blind $3
*** HOLE CARDS ***
SirRomanov: folds
Uncalled bet ($2) returned to Mizt3r X
Mizt3r X collected $2 from pot
*** SUMMARY ***
Total pot $2 | Rake $0
Seat 5: Mizt3r X (big blind) collected ($2)
Seat 6: SirRomanov (button) (small blind) folded before Flop


PokerStars Hand #152313236398:  Hold'em Limit ($3/$6 USD) - 2016/04/23 2:03:40 ET
Table 'Stentor II' 10-max Seat #6 is the button
Seat 5: Mizt3r X ($153.19 in chips)
Seat 6: SirRomanov ($95.67 in chips)
SirRomanov: posts small blind $1
Mizt3r X: posts big blind $3
*** HOLE CARDS ***
SirRomanov: raises $3 to $6
Mizt3r X: folds
Uncalled bet ($3) returned to SirRomanov
SirRomanov collected $6 from pot
SirRomanov: doesn't show hand
*** SUMMARY ***
Total pot $6 | Rake $0
Seat 5: Mizt3r X (big blind) folded before Flop
Seat 6: SirRomanov (button) (small blind) collected ($6)


PokerStars Hand #152313243927:  Hold'em Limit ($3/$6 USD) - 2016/04/23 2:04:06 ET
Table 'Stentor II' 10-max Seat #5 is the button
Seat 5: Mizt3r X ($133.19 in chips)
Seat 6: SirRomanov ($115.17 in chips)
Mizt3r X: posts small blind $1
SirRomanov: posts big blind $3
*** HOLE CARDS ***
Mizt3r X: raises $3 to $6
SirRomanov: raises $3 to $9
Mizt3r X: calls $3
*** FLOP *** [2c Js 6h]
SirRomanov: bets $3
Mizt3r X: calls $3
*** TURN *** [2c Js 6h] [Jh]
SirRomanov: checks
Mizt3r X: checks
*** RIVER *** [2c Js 6h Jh] [8s]
SirRomanov: checks
Mizt3r X: bets $6
SirRomanov: calls $6
*** SHOW DOWN ***
Mizt3r X: shows [2s Kh] (two pair, Jacks and Deuces)
SirRomanov: mucks hand
Mizt3r X collected $35.50 from pot
*** SUMMARY ***
Total pot $36 | Rake $0.50
Board [2c Js 6h Jh 8s]
Seat 5: Mizt3r X (button) (small blind) showed [2s Kh] and won ($35.50) with two pair, Jacks and Deuces
Seat 6: SirRomanov (big blind) mucked


PokerStars Hand #152313237984:  Hold'em Limit ($3/$6 USD) - 2016/04/23 2:03:46 ET
Table 'Stentor II' 10-max Seat #5 is the button
Seat 5: Mizt3r X ($150.19 in chips)
Seat 6: SirRomanov ($98.67 in chips)
Mizt3r X: posts small blind $1
SirRomanov: posts big blind $3
*** HOLE CARDS ***
Mizt3r X: raises $3 to $6
SirRomanov: calls $3
*** FLOP *** [5c Tc Jd]
SirRomanov: checks
Mizt3r X: checks
*** TURN *** [5c Tc Jd] [Qs]
SirRomanov: checks
Mizt3r X: bets $6
SirRomanov: calls $6
*** RIVER *** [5c Tc Jd Qs] [4c]
SirRomanov: checks
Mizt3r X: bets $6
SirRomanov: calls $6
*** SHOW DOWN ***
Mizt3r X: shows [9h 3c] (high card Queen)
SirRomanov: shows [Ts 3s] (a pair of Tens)
SirRomanov collected $35.50 from pot
*** SUMMARY ***
Total pot $36 | Rake $0.50
Board [5c Tc Jd Qs 4c]
Seat 5: Mizt3r X (button) (small blind) showed [9h 3c] and lost with high card Queen
Seat 6: SirRomanov (big blind) showed [Ts 3s] and won ($35.50) with a pair of Tens


PokerStars Hand #152313230054:  Hold'em Limit ($3/$6 USD) - 2016/04/23 2:03:18 ET
Table 'Stentor II' 10-max Seat #5 is the button
Seat 5: Mizt3r X ($129.69 in chips)
Seat 6: SirRomanov ($119.67 in chips)
Mizt3r X: posts small blind $1
SirRomanov: posts big blind $3
*** HOLE CARDS ***
Mizt3r X: raises $3 to $6
SirRomanov: raises $3 to $9
Mizt3r X: calls $3
*** FLOP *** [As 5c 7d]
SirRomanov: bets $3
Mizt3r X: calls $3
*** TURN *** [As 5c 7d] [Tc]
SirRomanov: bets $6
Mizt3r X: calls $6
*** RIVER *** [As 5c 7d Tc] [7c]
SirRomanov: checks
Mizt3r X: bets $6
SirRomanov: calls $6
*** SHOW DOWN ***
Mizt3r X: shows [Ad 6s] (two pair, Aces and Sevens)
SirRomanov: mucks hand
Mizt3r X collected $47.50 from pot
*** SUMMARY ***
Total pot $48 | Rake $0.50
Board [As 5c 7d Tc 7c]
Seat 5: Mizt3r X (button) (small blind) showed [Ad 6s] and won ($47.50) with two pair, Aces and Sevens
Seat 6: SirRomanov (big blind) mucked


PokerStars Hand #152313262687:  Hold'em Limit ($3/$6 USD) - 2016/04/23 2:05:12 ET
Table 'Stentor II' 10-max Seat #5 is the button
Seat 5: Mizt3r X ($103.69 in chips)
Seat 6: SirRomanov ($143.17 in chips)
Mizt3r X: posts small blind $1
SirRomanov: posts big blind $3
*** HOLE CARDS ***
Mizt3r X: raises $3 to $6
SirRomanov: calls $3
*** FLOP *** [2s Ad 7d]
SirRomanov: checks
Mizt3r X: bets $3
SirRomanov: folds
Uncalled bet ($3) returned to Mizt3r X
Mizt3r X collected $11.76 from pot
*** SUMMARY ***
Total pot $12 | Rake $0.24
Board [2s Ad 7d]
Seat 5: Mizt3r X (button) (small blind) collected ($11.76)
Seat 6: SirRomanov (big blind) folded on the Flop


PokerStars Hand #152313248047:  Hold'em Limit ($3/$6 USD) - 2016/04/23 2:04:21 ET
Table 'Stentor II' 10-max Seat #6 is the button
Seat 5: Mizt3r X ($150.69 in chips)
Seat 6: SirRomanov ($97.17 in chips)
SirRomanov: posts small blind $1
Mizt3r X: posts big blind $3
*** HOLE CARDS ***
SirRomanov: folds
Uncalled bet ($2) returned to Mizt3r X
Mizt3r X collected $2 from pot
*** SUMMARY ***
Total pot $2 | Rake $0
Seat 5: Mizt3r X (big blind) collected ($2)
Seat 6: SirRomanov (button) (small blind) folded before Flop


PokerStars Hand #152313257053:  Hold'em Limit ($3/$6 USD) - 2016/04/23 2:04:52 ET
Table 'Stentor II' 10-max Seat #6 is the button
Seat 5: Mizt3r X ($127.69 in chips)
Seat 6: SirRomanov ($119.67 in chips)
SirRomanov: posts small blind $1
Mizt3r X: posts big blind $3
*** HOLE CARDS ***
SirRomanov: raises $3 to $6
Mizt3r X: raises $3 to $9
SirRomanov: calls $3
*** FLOP *** [Qc 2d 4h]
Mizt3r X: bets $3
SirRomanov: calls $3
*** TURN *** [Qc 2d 4h] [Kh]
Mizt3r X: bets $6
SirRomanov: calls $6
*** RIVER *** [Qc 2d 4h Kh] [5s]
Mizt3r X: checks
SirRomanov: bets $6
Mizt3r X: calls $6
*** SHOW DOWN ***
SirRomanov: shows [8c Kc] (a pair of Kings)
Mizt3r X: mucks hand
SirRomanov collected $47.50 from pot
*** SUMMARY ***
Total pot $48 | Rake $0.50
Board [Qc 2d 4h Kh 5s]
Seat 5: Mizt3r X (big blind) mucked
Seat 6: SirRomanov (button) (small blind) showed [8c Kc] and won ($47.50) with a pair of Kings


PokerStars Hand #152313255763:  Hold'em Limit ($3/$6 USD) - 2016/04/23 2:04:48 ET
Table 'Stentor II' 10-max Seat #5 is the button
Seat 5: Mizt3r X ($128.69 in chips)
Seat 6: SirRomanov ($118.67 in chips)
Mizt3r X: posts small blind $1
SirRomanov: posts big blind $3
*** HOLE CARDS ***
Mizt3r X: folds
Uncalled bet ($2) returned to SirRomanov
SirRomanov collected $2 from pot
SirRomanov: doesn't show hand
*** SUMMARY ***
Total pot $2 | Rake $0
Seat 5: Mizt3r X (button) (small blind) folded before Flop
Seat 6: SirRomanov (big blind) collected ($2)


PokerStars Hand #152313254685:  Hold'em Limit ($3/$6 USD) - 2016/04/23 2:04:44 ET
Table 'Stentor II' 10-max Seat #6 is the button
Seat 5: Mizt3r X ($127.69 in chips)
Seat 6: SirRomanov ($119.67 in chips)
SirRomanov: posts small blind $1
Mizt3r X: posts big blind $3
*** HOLE CARDS ***
SirRomanov: folds
Uncalled bet ($2) returned to Mizt3r X
Mizt3r X collected $2 from pot
*** SUMMARY ***
Total pot $2 | Rake $0
Seat 5: Mizt3r X (big blind) collected ($2)
Seat 6: SirRomanov (button) (small blind) folded before Flop


PokerStars Hand #152313249164:  Hold'em Limit ($3/$6 USD) - 2016/04/23 2:04:25 ET
Table 'Stentor II' 10-max Seat #5 is the button
Seat 5: Mizt3r X ($151.69 in chips)
Seat 6: SirRomanov ($96.17 in chips)
Mizt3r X: posts small blind $1
SirRomanov: posts big blind $3
*** HOLE CARDS ***
Mizt3r X: raises $3 to $6
SirRomanov: raises $3 to $9
Mizt3r X: calls $3
*** FLOP *** [Jh 6c 8h]
SirRomanov: bets $3
Mizt3r X: calls $3
*** TURN *** [Jh 6c 8h] [6d]
SirRomanov: checks
Mizt3r X: bets $6
SirRomanov: calls $6
*** RIVER *** [Jh 6c 8h 6d] [Kc]
SirRomanov: checks
Mizt3r X: bets $6
SirRomanov: calls $6
*** SHOW DOWN ***
Mizt3r X: shows [5d 7c] (a pair of Sixes)
SirRomanov: shows [Ks Tc] (two pair, Kings and Sixes)
SirRomanov collected $47.50 from pot
*** SUMMARY ***
Total pot $48 | Rake $0.50
Board [Jh 6c 8h 6d Kc]
Seat 5: Mizt3r X (button) (small blind) showed [5d 7c] and lost with a pair of Sixes
Seat 6: SirRomanov (big blind) showed [Ks Tc] and won ($47.50) with two pair, Kings and Sixes


PokerStars Hand #152313269273:  Hold'em Limit ($3/$6 USD) - 2016/04/23 2:05:35 ET
Table 'Stentor II' 10-max Seat #5 is the button
Seat 5: Mizt3r X ($120.97 in chips)
Seat 6: SirRomanov ($125.17 in chips)
Mizt3r X: posts small blind $1
SirRomanov: posts big blind $3
*** HOLE CARDS ***
Mizt3r X: raises $3 to $6
SirRomanov: folds
Uncalled bet ($3) returned to Mizt3r X
Mizt3r X collected $6 from pot
*** SUMMARY ***
Total pot $6 | Rake $0
Seat 5: Mizt3r X (button) (small blind) collected ($6)
Seat 6: SirRomanov (big blind) folded before Flop


PokerStars Hand #152313265311:  Hold'em Limit ($3/$6 USD) - 2016/04/23 2:05:21 ET
Table 'Stentor II' 10-max Seat #6 is the button
Seat 5: Mizt3r X ($109.45 in chips)
Seat 6: SirRomanov ($137.17 in chips)
SirRomanov: posts small blind $1
Mizt3r X: posts big blind $3
*** HOLE CARDS ***
SirRomanov: raises $3 to $6
Mizt3r X: raises $3 to $9
SirRomanov: calls $3
*** FLOP *** [8s 4c 5c]
Mizt3r X: bets $3
SirRomanov: calls $3
*** TURN *** [8s 4c 5c] [Ah]
Mizt3r X: bets $6
SirRomanov: folds
Uncalled bet ($6) returned to Mizt3r X
Mizt3r X collected $23.52 from pot
*** SUMMARY ***
Total pot $24 | Rake $0.48
Board [8s 4c 5c Ah]
Seat 5: Mizt3r X (big blind) collected ($23.52)
Seat 6: SirRomanov (button) (small blind) folded on the Turn


PokerStars Hand #152313271074:  Hold'em Limit ($3/$6 USD) - 2016/04/23 2:05:41 ET
Table 'Stentor II' 10-max Seat #6 is the button
Seat 5: Mizt3r X ($123.97 in chips)
Seat 6: SirRomanov ($122.17 in chips)
SirRomanov: posts small blind $1
Mizt3r X: posts big blind $3
*** HOLE CARDS ***
SirRomanov: raises $3 to $6
Mizt3r X: folds
Uncalled bet ($3) returned to SirRomanov
SirRomanov collected $6 from pot
SirRomanov: doesn't show hand
*** SUMMARY ***
Total pot $6 | Rake $0
Seat 5: Mizt3r X (big blind) folded before Flop
Seat 6: SirRomanov (button) (small blind) collected ($6)


PokerStars Hand #152313284889:  Hold'em Limit ($3/$6 USD) - 2016/04/23 2:06:01 ET
Table 'Stentor II' 10-max Seat #5 is the button
Seat 5: Mizt3r X ($115.97 in chips)
Seat 6: SirRomanov ($129.93 in chips)
Mizt3r X: posts small blind $1
SirRomanov: posts big blind $3
*** HOLE CARDS ***
Mizt3r X: raises $3 to $6
SirRomanov: calls $3
*** FLOP *** [Tc Ac 4s]
SirRomanov: checks
Mizt3r X: bets $3
SirRomanov: folds
Uncalled bet ($3) returned to Mizt3r X
Mizt3r X collected $11.76 from pot
*** SUMMARY ***
Total pot $12 | Rake $0.24
Board [Tc Ac 4s]
Seat 5: Mizt3r X (button) (small blind) collected ($11.76)
Seat 6: SirRomanov (big blind) folded on the Flop


PokerStars Hand #152313280762:  Hold'em Limit ($3/$6 USD) - 2016/04/23 2:05:46 ET
Table 'Stentor II' 10-max Seat #5 is the button
Seat 5: Mizt3r X ($120.97 in chips)
Seat 6: SirRomanov ($125.17 in chips)
Mizt3r X: posts small blind $1
SirRomanov: posts big blind $3
*** HOLE CARDS ***
Mizt3r X: raises $3 to $6
SirRomanov: calls $3
*** FLOP *** [2d Qs 3c]
SirRomanov: bets $3
Mizt3r X: folds
Uncalled bet ($3) returned to SirRomanov
SirRomanov collected $11.76 from pot
SirRomanov: doesn't show hand
*** SUMMARY ***
Total pot $12 | Rake $0.24
Board [2d Qs 3c]
Seat 5: Mizt3r X (button) (small blind) folded on the Flop
Seat 6: SirRomanov (big blind) collected ($11.76)


PokerStars Hand #152313292690:  Hold'em Limit ($3/$6 USD) - 2016/04/23 2:06:28 ET
Table 'Stentor II' 10-max Seat #5 is the button
Seat 5: Mizt3r X ($130.37 in chips)
Seat 6: SirRomanov ($114.93 in chips)
Mizt3r X: posts small blind $1
SirRomanov: posts big blind $3
*** HOLE CARDS ***
Mizt3r X: raises $3 to $6
SirRomanov: calls $3
*** FLOP *** [3s 6h Qh]
SirRomanov: checks
Mizt3r X: checks
*** TURN *** [3s 6h Qh] [9s]
SirRomanov: bets $6
Mizt3r X: calls $6
*** RIVER *** [3s 6h Qh 9s] [8c]
SirRomanov: bets $6
Mizt3r X: calls $6
*** SHOW DOWN ***
SirRomanov: shows [Jc Qd] (a pair of Queens)
Mizt3r X: mucks hand
SirRomanov collected $35.50 from pot
*** SUMMARY ***
Total pot $36 | Rake $0.50
Board [3s 6h Qh 9s 8c]
Seat 5: Mizt3r X (button) (small blind) mucked
Seat 6: SirRomanov (big blind) showed [Jc Qd] and won ($35.50) with a pair of Queens


PokerStars Hand #152313296713:  Hold'em Limit ($3/$6 USD) - 2016/04/23 2:06:43 ET
Table 'Stentor II' 10-max Seat #6 is the button
Seat 5: Mizt3r X ($112.37 in chips)
Seat 6: SirRomanov ($132.43 in chips)
SirRomanov: posts small blind $1
Mizt3r X: posts big blind $3
*** HOLE CARDS ***
SirRomanov: folds
Uncalled bet ($2) returned to Mizt3r X
Mizt3r X collected $2 from pot
*** SUMMARY ***
Total pot $2 | Rake $0
Seat 5: Mizt3r X (big blind) collected ($2)
Seat 6: SirRomanov (button) (small blind) folded before Flop


PokerStars Hand #152313302325:  Hold'em Limit ($3/$6 USD) - 2016/04/23 2:07:03 ET
Table 'Stentor II' 10-max Seat #6 is the button
Seat 5: Mizt3r X ($136.87 in chips)
Seat 6: SirRomanov ($107.43 in chips)
SirRomanov: posts small blind $1
Mizt3r X: posts big blind $3
*** HOLE CARDS ***
SirRomanov: raises $3 to $6
Mizt3r X: raises $3 to $9
SirRomanov: calls $3
*** FLOP *** [5h 5c 3h]
Mizt3r X: bets $3
SirRomanov: calls $3
*** TURN *** [5h 5c 3h] [Kh]
Mizt3r X: bets $6
SirRomanov: calls $6
*** RIVER *** [5h 5c 3h Kh] [2s]
Mizt3r X: checks
SirRomanov: bets $6
Mizt3r X: calls $6
*** SHOW DOWN ***
SirRomanov: shows [2c 2d] (a full house, Deuces full of Fives)
Mizt3r X: mucks hand
SirRomanov collected $47.50 from pot
*** SUMMARY ***
Total pot $48 | Rake $0.50
Board [5h 5c 3h Kh 2s]
Seat 5: Mizt3r X (big blind) mucked
Seat 6: SirRomanov (button) (small blind) showed [2c 2d] and won ($47.50) with a full house, Deuces full of Fives


PokerStars Hand #152313322760:  Hold'em Limit ($3/$6 USD) - 2016/04/23 2:08:15 ET
Table 'Stentor II' 10-max Seat #5 is the button
Seat 5: Mizt3r X ($114.37 in chips)
Seat 6: SirRomanov ($128.43 in chips)
Mizt3r X: posts small blind $1
SirRomanov: posts big blind $3
*** HOLE CARDS ***
Mizt3r X: folds
Uncalled bet ($2) returned to SirRomanov
SirRomanov collected $2 from pot
SirRomanov: doesn't show hand
*** SUMMARY ***
Total pot $2 | Rake $0
Seat 5: Mizt3r X (button) (small blind) folded before Flop
Seat 6: SirRomanov (big blind) collected ($2)


PokerStars Hand #152313316466:  Hold'em Limit ($3/$6 USD) - 2016/04/23 2:07:53 ET
Table 'Stentor II' 10-max Seat #6 is the button
Seat 5: Mizt3r X ($96.87 in chips)
Seat 6: SirRomanov ($146.43 in chips)
SirRomanov: posts small blind $1
Mizt3r X: posts big blind $3
*** HOLE CARDS ***
SirRomanov: raises $3 to $6
Mizt3r X: raises $3 to $9
SirRomanov: calls $3
*** FLOP *** [8c 8d 3d]
Mizt3r X: bets $3
SirRomanov: calls $3
*** TURN *** [8c 8d 3d] [Kc]
Mizt3r X: bets $6
SirRomanov: calls $6
*** RIVER *** [8c 8d 3d Kc] [Ts]
Mizt3r X: checks
SirRomanov: checks
*** SHOW DOWN ***
Mizt3r X: shows [7d 7h] (two pair, Eights and Sevens)
SirRomanov: mucks hand
Mizt3r X collected $35.50 from pot
*** SUMMARY ***
Total pot $36 | Rake $0.50
Board [8c 8d 3d Kc Ts]
Seat 5: Mizt3r X (big blind) showed [7d 7h] and won ($35.50) with two pair, Eights and Sevens
Seat 6: SirRomanov (button) (small blind) mucked


PokerStars Hand #152313315198:  Hold'em Limit ($3/$6 USD) - 2016/04/23 2:07:48 ET
Table 'Stentor II' 10-max Seat #5 is the button
Seat 5: Mizt3r X ($97.87 in chips)
Seat 6: SirRomanov ($145.43 in chips)
Mizt3r X: posts small blind $1
SirRomanov: posts big blind $3
*** HOLE CARDS ***
Mizt3r X: folds
Uncalled bet ($2) returned to SirRomanov
SirRomanov collected $2 from pot
SirRomanov: doesn't show hand
*** SUMMARY ***
Total pot $2 | Rake $0
Seat 5: Mizt3r X (button) (small blind) folded before Flop
Seat 6: SirRomanov (big blind) collected ($2)


PokerStars Hand #152313309586:  Hold'em Limit ($3/$6 USD) - 2016/04/23 2:07:28 ET
Table 'Stentor II' 10-max Seat #6 is the button
Seat 5: Mizt3r X ($115.87 in chips)
Seat 6: SirRomanov ($127.93 in chips)
SirRomanov: posts small blind $1
Mizt3r X: posts big blind $3
*** HOLE CARDS ***
SirRomanov: raises $3 to $6
Mizt3r X: raises $3 to $9
SirRomanov: calls $3
*** FLOP *** [3d As 9s]
Mizt3r X: bets $3
SirRomanov: calls $3
*** TURN *** [3d As 9s] [Qs]
Mizt3r X: bets $6
SirRomanov: calls $6
*** RIVER *** [3d As 9s Qs] [4h]
Mizt3r X: checks
SirRomanov: bets $6
Mizt3r X: folds
Uncalled bet ($6) returned to SirRomanov
SirRomanov collected $35.50 from pot
SirRomanov: doesn't show hand
*** SUMMARY ***
Total pot $36 | Rake $0.50
Board [3d As 9s Qs 4h]
Seat 5: Mizt3r X (big blind) folded on the River
Seat 6: SirRomanov (button) (small blind) collected ($35.50)


PokerStars Hand #152313307705:  Hold'em Limit ($3/$6 USD) - 2016/04/23 2:07:22 ET
Table 'Stentor II' 10-max Seat #5 is the button
Seat 5: Mizt3r X ($112.87 in chips)
Seat 6: SirRomanov ($130.93 in chips)
Mizt3r X: posts small blind $1
SirRomanov: posts big blind $3
*** HOLE CARDS ***
Mizt3r X: raises $3 to $6
SirRomanov: folds
Uncalled bet ($3) returned to Mizt3r X
Mizt3r X collected $6 from pot
*** SUMMARY ***
Total pot $6 | Rake $0
Seat 5: Mizt3r X (button) (small blind) collected ($6)
Seat 6: SirRomanov (big blind) folded before Flop


PokerStars Hand #152313334397:  Hold'em Limit ($3/$6 USD) - 2016/04/23 2:08:56 ET
Table 'Stentor II' 10-max Seat #5 is the button
Seat 5: Mizt3r X ($147.51 in chips)
Seat 6: SirRomanov ($94.43 in chips)
Mizt3r X: posts small blind $1
SirRomanov: posts big blind $3
*** HOLE CARDS ***
Mizt3r X: raises $3 to $6
SirRomanov: calls $3
*** FLOP *** [6h 9h 5s]
SirRomanov: checks
Mizt3r X: bets $3
SirRomanov: calls $3
*** TURN *** [6h 9h 5s] [3h]
SirRomanov: checks
Mizt3r X: bets $6
SirRomanov: calls $6
*** RIVER *** [6h 9h 5s 3h] [4c]
SirRomanov: checks
Mizt3r X: bets $6
SirRomanov: calls $6
*** SHOW DOWN ***
Mizt3r X: shows [Js Jc] (a pair of Jacks)
SirRomanov: shows [2s Ad] (a straight, Deuce to Six)
SirRomanov collected $41.50 from pot
*** SUMMARY ***
Total pot $42 | Rake $0.50
Board [6h 9h 5s 3h 4c]
Seat 5: Mizt3r X (button) (small blind) showed [Js Jc] and lost with a pair of Jacks
Seat 6: SirRomanov (big blind) showed [2s Ad] and won ($41.50) with a straight, Deuce to Six


PokerStars Hand #152313331854:  Hold'em Limit ($3/$6 USD) - 2016/04/23 2:08:47 ET
Table 'Stentor II' 10-max Seat #5 is the button
Seat 5: Mizt3r X ($143.51 in chips)
Seat 6: SirRomanov ($98.43 in chips)
Mizt3r X: posts small blind $1
SirRomanov: posts big blind $3
*** HOLE CARDS ***
Mizt3r X: raises $3 to $6
SirRomanov: folds
Uncalled bet ($3) returned to Mizt3r X
Mizt3r X collected $6 from pot
*** SUMMARY ***
Total pot $6 | Rake $0
Seat 5: Mizt3r X (button) (small blind) collected ($6)
Seat 6: SirRomanov (big blind) folded before Flop


PokerStars Hand #152313328885:  Hold'em Limit ($3/$6 USD) - 2016/04/23 2:08:36 ET
Table 'Stentor II' 10-max Seat #6 is the button
Seat 5: Mizt3r X ($134.87 in chips)
Seat 6: SirRomanov ($107.43 in chips)
SirRomanov: posts small blind $1
Mizt3r X: posts big blind $3
*** HOLE CARDS ***
SirRomanov: raises $3 to $6
Mizt3r X: calls $3
*** FLOP *** [4c 7h Qd]
Mizt3r X: checks
SirRomanov: bets $3
Mizt3r X: raises $3 to $6
SirRomanov: folds
Uncalled bet ($3) returned to Mizt3r X
Mizt3r X collected $17.64 from pot
*** SUMMARY ***
Total pot $18 | Rake $0.36
Board [4c 7h Qd]
Seat 5: Mizt3r X (big blind) collected ($17.64)
Seat 6: SirRomanov (button) (small blind) folded on the Flop


PokerStars Hand #152313338028:  Hold'em Limit ($3/$6 USD) - 2016/04/23 2:09:08 ET
Table 'Stentor II' 10-max Seat #6 is the button
Seat 5: Mizt3r X ($126.51 in chips)
Seat 6: SirRomanov ($114.93 in chips)
SirRomanov: posts small blind $1
Mizt3r X: posts big blind $3
*** HOLE CARDS ***
SirRomanov: raises $3 to $6
Mizt3r X: raises $3 to $9
SirRomanov: calls $3
*** FLOP *** [Jd 5c 9c]
Mizt3r X: bets $3
SirRomanov: calls $3
*** TURN *** [Jd 5c 9c] [Qs]
Mizt3r X: bets $6
SirRomanov: folds
Uncalled bet ($6) returned to Mizt3r X
Mizt3r X collected $23.52 from pot
*** SUMMARY ***
Total pot $24 | Rake $0.48
Board [Jd 5c 9c Qs]
Seat 5: Mizt3r X (big blind) collected ($23.52)
Seat 6: SirRomanov (button) (small blind) folded on the Turn


PokerStars Hand #152313325079:  Hold'em Limit ($3/$6 USD) - 2016/04/23 2:08:23 ET
Table 'Stentor II' 10-max Seat #5 is the button
Seat 5: Mizt3r X ($114.37 in chips)
Seat 6: SirRomanov ($128.43 in chips)
Mizt3r X: posts small blind $1
SirRomanov: posts big blind $3
*** HOLE CARDS ***
Mizt3r X: raises $3 to $6
SirRomanov: calls $3
*** FLOP *** [Js 8h Td]
SirRomanov: checks
Mizt3r X: bets $3
SirRomanov: calls $3
*** TURN *** [Js 8h Td] [5d]
SirRomanov: checks
Mizt3r X: bets $6
SirRomanov: calls $6
*** RIVER *** [Js 8h Td 5d] [4d]
SirRomanov: checks
Mizt3r X: bets $6
SirRomanov: calls $6
*** SHOW DOWN ***
Mizt3r X: shows [3d Jc] (a pair of Jacks)
SirRomanov: mucks hand
Mizt3r X collected $41.50 from pot
*** SUMMARY ***
Total pot $42 | Rake $0.50
Board [Js 8h Td 5d 4d]
Seat 5: Mizt3r X (button) (small blind) showed [3d Jc] and won ($41.50) with a pair of Jacks
Seat 6: SirRomanov (big blind) mucked


PokerStars Hand #152313345735:  Hold'em Limit ($3/$6 USD) - 2016/04/23 2:09:35 ET
Table 'Stentor II' 10-max Seat #6 is the button
Seat 5: Mizt3r X ($161.53 in chips)
Seat 6: SirRomanov ($78.93 in chips)
SirRomanov: posts small blind $1
Mizt3r X: posts big blind $3
*** HOLE CARDS ***
SirRomanov: folds
Uncalled bet ($2) returned to Mizt3r X
Mizt3r X collected $2 from pot
*** SUMMARY ***
Total pot $2 | Rake $0
Seat 5: Mizt3r X (big blind) collected ($2)
Seat 6: SirRomanov (button) (small blind) folded before Flop


PokerStars Hand #152313341618:  Hold'em Limit ($3/$6 USD) - 2016/04/23 2:09:21 ET
Table 'Stentor II' 10-max Seat #5 is the button
Seat 5: Mizt3r X ($138.03 in chips)
Seat 6: SirRomanov ($102.93 in chips)
Mizt3r X: posts small blind $1
SirRomanov: posts big blind $3
*** HOLE CARDS ***
Mizt3r X: raises $3 to $6
SirRomanov: raises $3 to $9
Mizt3r X: calls $3
*** FLOP *** [3h 6h Qd]
SirRomanov: bets $3
Mizt3r X: calls $3
*** TURN *** [3h 6h Qd] [5s]
SirRomanov: bets $6
Mizt3r X: calls $6
*** RIVER *** [3h 6h Qd 5s] [Td]
SirRomanov: bets $6
Mizt3r X: calls $6
*** SHOW DOWN ***
SirRomanov: shows [Jd Jc] (a pair of Jacks)
Mizt3r X: shows [Qc 9s] (a pair of Queens)
Mizt3r X collected $47.50 from pot
*** SUMMARY ***
Total pot $48 | Rake $0.50
Board [3h 6h Qd 5s Td]
Seat 5: Mizt3r X (button) (small blind) showed [Qc 9s] and won ($47.50) with a pair of Queens
Seat 6: SirRomanov (big blind) showed [Jd Jc] and lost with a pair of Jacks


PokerStars Hand #152313357879:  Hold'em Limit ($3/$6 USD) - 2016/04/23 2:10:17 ET
Table 'Stentor II' 10-max Seat #6 is the button
Seat 5: Mizt3r X ($191.55 in chips)
Seat 6: SirRomanov ($72 in chips)
SirRomanov: posts small blind $1
Mizt3r X: posts big blind $3
*** HOLE CARDS ***
SirRomanov: raises $3 to $6
Mizt3r X: folds
Uncalled bet ($3) returned to SirRomanov
SirRomanov collected $6 from pot
SirRomanov: doesn't show hand
*** SUMMARY ***
Total pot $6 | Rake $0
Seat 5: Mizt3r X (big blind) folded before Flop
Seat 6: SirRomanov (button) (small blind) collected ($6)


PokerStars Hand #152313354374:  Hold'em Limit ($3/$6 USD) - 2016/04/23 2:10:05 ET
Table 'Stentor II' 10-max Seat #5 is the button
Seat 5: Mizt3r X ($185.79 in chips)
Seat 6: SirRomanov ($72 in chips)
Mizt3r X: posts small blind $1
SirRomanov: posts big blind $3
*** HOLE CARDS ***
Mizt3r X: raises $3 to $6
SirRomanov: calls $3
*** FLOP *** [9h Ah 7c]
SirRomanov: checks
Mizt3r X: bets $3
SirRomanov: folds
Uncalled bet ($3) returned to Mizt3r X
Mizt3r X collected $11.76 from pot
*** SUMMARY ***
Total pot $12 | Rake $0.24
Board [9h Ah 7c]
Seat 5: Mizt3r X (button) (small blind) collected ($11.76)
Seat 6: SirRomanov (big blind) folded on the Flop


PokerStars Hand #152313349606:  Hold'em Limit ($3/$6 USD) - 2016/04/23 2:09:48 ET
Table 'Stentor II' 10-max Seat #6 is the button
Seat 5: Mizt3r X ($168.29 in chips)
Seat 6: SirRomanov ($72 in chips)
SirRomanov: posts small blind $1
Mizt3r X: posts big blind $3
*** HOLE CARDS ***
SirRomanov: raises $3 to $6
Mizt3r X: calls $3
*** FLOP *** [9d 9h 2s]
Mizt3r X: checks
SirRomanov: bets $3
Mizt3r X: raises $3 to $6
SirRomanov: calls $3
*** TURN *** [9d 9h 2s] [Qh]
Mizt3r X: bets $6
SirRomanov: calls $6
*** RIVER *** [9d 9h 2s Qh] [Jd]
Mizt3r X: checks
SirRomanov: checks
*** SHOW DOWN ***
Mizt3r X: shows [5c 2c] (two pair, Nines and Deuces)
SirRomanov: mucks hand
Mizt3r X collected $35.50 from pot
*** SUMMARY ***
Total pot $36 | Rake $0.50
Board [9d 9h 2s Qh Jd]
Seat 5: Mizt3r X (big blind) showed [5c 2c] and won ($35.50) with two pair, Nines and Deuces
Seat 6: SirRomanov (button) (small blind) mucked


PokerStars Hand #152313364293:  Hold'em Limit ($3/$6 USD) - 2016/04/23 2:10:39 ET
Table 'Stentor II' 10-max Seat #6 is the button
Seat 5: Mizt3r X ($173.55 in chips)
Seat 6: SirRomanov ($89.50 in chips)
SirRomanov: posts small blind $1
Mizt3r X: posts big blind $3
*** HOLE CARDS ***
SirRomanov: folds
Uncalled bet ($2) returned to Mizt3r X
Mizt3r X collected $2 from pot
*** SUMMARY ***
Total pot $2 | Rake $0
Seat 5: Mizt3r X (big blind) collected ($2)
Seat 6: SirRomanov (button) (small blind) folded before Flop


PokerStars Hand #152313359349:  Hold'em Limit ($3/$6 USD) - 2016/04/23 2:10:22 ET
Table 'Stentor II' 10-max Seat #5 is the button
Seat 5: Mizt3r X ($188.55 in chips)
Seat 6: SirRomanov ($75 in chips)
Mizt3r X: posts small blind $1
SirRomanov: posts big blind $3
*** HOLE CARDS ***
Mizt3r X: raises $3 to $6
SirRomanov: calls $3
*** FLOP *** [2d 6s 5c]
SirRomanov: bets $3
Mizt3r X: calls $3
*** TURN *** [2d 6s 5c] [As]
SirRomanov: checks
Mizt3r X: bets $6
SirRomanov: calls $6
*** RIVER *** [2d 6s 5c As] [6c]
SirRomanov: checks
Mizt3r X: checks
*** SHOW DOWN ***
SirRomanov: shows [2h 8h] (two pair, Sixes and Deuces)
Mizt3r X: mucks hand
SirRomanov collected $29.50 from pot
*** SUMMARY ***
Total pot $30 | Rake $0.50
Board [2d 6s 5c As 6c]
Seat 5: Mizt3r X (button) (small blind) mucked
Seat 6: SirRomanov (big blind) showed [2h 8h] and won ($29.50) with two pair, Sixes and Deuces


PokerStars Hand #152313365427:  Hold'em Limit ($3/$6 USD) - 2016/04/23 2:10:43 ET
Table 'Stentor II' 10-max Seat #5 is the button
Seat 5: Mizt3r X ($174.55 in chips)
Seat 6: SirRomanov ($88.50 in chips)
Mizt3r X: posts small blind $1
SirRomanov: posts big blind $3
*** HOLE CARDS ***
Mizt3r X: raises $3 to $6
SirRomanov: calls $3
*** FLOP *** [8h 8d 6d]
SirRomanov: checks
Mizt3r X: bets $3
SirRomanov: raises $3 to $6
Mizt3r X: calls $3
*** TURN *** [8h 8d 6d] [9d]
SirRomanov: bets $6
Mizt3r X: calls $6
*** RIVER *** [8h 8d 6d 9d] [9h]
SirRomanov: bets $6
Mizt3r X: calls $6
*** SHOW DOWN ***
SirRomanov: shows [9c Td] (a full house, Nines full of Eights)
Mizt3r X: mucks hand
SirRomanov collected $47.50 from pot
*** SUMMARY ***
Total pot $48 | Rake $0.50
Board [8h 8d 6d 9d 9h]
Seat 5: Mizt3r X (button) (small blind) mucked
Seat 6: SirRomanov (big blind) showed [9c Td] and won ($47.50) with a full house, Nines full of Eights


PokerStars Hand #152313370424:  Hold'em Limit ($3/$6 USD) - 2016/04/23 2:11:01 ET
Table 'Stentor II' 10-max Seat #6 is the button
Seat 5: Mizt3r X ($150.55 in chips)
Seat 6: SirRomanov ($112 in chips)
SirRomanov: posts small blind $1
Mizt3r X: posts big blind $3
*** HOLE CARDS ***
SirRomanov: folds
Uncalled bet ($2) returned to Mizt3r X
Mizt3r X collected $2 from pot
*** SUMMARY ***
Total pot $2 | Rake $0
Seat 5: Mizt3r X (big blind) collected ($2)
Seat 6: SirRomanov (button) (small blind) folded before Flop


PokerStars Hand #152313382717:  Hold'em Limit ($3/$6 USD) - 2016/04/23 2:11:44 ET
Table 'Stentor II' 10-max Seat #6 is the button
Seat 5: Mizt3r X ($163.05 in chips)
Seat 6: SirRomanov ($98.50 in chips)
SirRomanov: posts small blind $1
Mizt3r X: posts big blind $3
*** HOLE CARDS ***
SirRomanov: raises $3 to $6
Mizt3r X: raises $3 to $9
SirRomanov: calls $3
*** FLOP *** [Qc 4c 7d]
Mizt3r X: bets $3
SirRomanov: raises $3 to $6
Mizt3r X: calls $3
*** TURN *** [Qc 4c 7d] [7h]
Mizt3r X: checks
SirRomanov: bets $6
Mizt3r X: calls $6
*** RIVER *** [Qc 4c 7d 7h] [5s]
Mizt3r X: checks
SirRomanov: bets $6
Mizt3r X: calls $6
*** SHOW DOWN ***
SirRomanov: shows [7s Td] (three of a kind, Sevens)
Mizt3r X: mucks hand
SirRomanov collected $53.50 from pot
*** SUMMARY ***
Total pot $54 | Rake $0.50
Board [Qc 4c 7d 7h 5s]
Seat 5: Mizt3r X (big blind) mucked
Seat 6: SirRomanov (button) (small blind) showed [7s Td] and won ($53.50) with three of a kind, Sevens


PokerStars Hand #152313378819:  Hold'em Limit ($3/$6 USD) - 2016/04/23 2:11:30 ET
Table 'Stentor II' 10-max Seat #5 is the button
Seat 5: Mizt3r X ($181.05 in chips)
Seat 6: SirRomanov ($81 in chips)
Mizt3r X: posts small blind $1
SirRomanov: posts big blind $3
*** HOLE CARDS ***
Mizt3r X: raises $3 to $6
SirRomanov: calls $3
*** FLOP *** [7h 7d 9c]
SirRomanov: checks
Mizt3r X: bets $3
SirRomanov: raises $3 to $6
Mizt3r X: calls $3
*** TURN *** [7h 7d 9c] [Kc]
SirRomanov: bets $6
Mizt3r X: calls $6
*** RIVER *** [7h 7d 9c Kc] [2d]
SirRomanov: bets $6
Mizt3r X: folds
Uncalled bet ($6) returned to SirRomanov
SirRomanov collected $35.50 from pot
SirRomanov: doesn't show hand
*** SUMMARY ***
Total pot $36 | Rake $0.50
Board [7h 7d 9c Kc 2d]
Seat 5: Mizt3r X (button) (small blind) folded on the River
Seat 6: SirRomanov (big blind) collected ($35.50)


PokerStars Hand #152313392805:  Hold'em Limit ($3/$6 USD) - 2016/04/23 2:12:19 ET
Table 'Stentor II' 10-max Seat #6 is the button
Seat 5: Mizt3r X ($150.55 in chips)
Seat 6: SirRomanov ($110 in chips)
SirRomanov: posts small blind $1
Mizt3r X: posts big blind $3
*** HOLE CARDS ***
SirRomanov: folds
Uncalled bet ($2) returned to Mizt3r X
Mizt3r X collected $2 from pot
*** SUMMARY ***
Total pot $2 | Rake $0
Seat 5: Mizt3r X (big blind) collected ($2)
Seat 6: SirRomanov (button) (small blind) folded before Flop


PokerStars Hand #152313388022:  Hold'em Limit ($3/$6 USD) - 2016/04/23 2:12:02 ET
Table 'Stentor II' 10-max Seat #5 is the button
Seat 5: Mizt3r X ($136.05 in chips)
Seat 6: SirRomanov ($125 in chips)
Mizt3r X: posts small blind $1
SirRomanov: posts big blind $3
*** HOLE CARDS ***
Mizt3r X: raises $3 to $6
SirRomanov: calls $3
*** FLOP *** [5c Jc 7d]
SirRomanov: checks
Mizt3r X: bets $3
SirRomanov: calls $3
*** TURN *** [5c Jc 7d] [7h]
SirRomanov: checks
Mizt3r X: bets $6
SirRomanov: calls $6
*** RIVER *** [5c Jc 7d 7h] [2s]
SirRomanov: checks
Mizt3r X: checks
*** SHOW DOWN ***
SirRomanov: shows [Qc 4c] (a pair of Sevens)
Mizt3r X: shows [5d 6d] (two pair, Sevens and Fives)
Mizt3r X collected $29.50 from pot
*** SUMMARY ***
Total pot $30 | Rake $0.50
Board [5c Jc 7d 7h 2s]
Seat 5: Mizt3r X (button) (small blind) showed [5d 6d] and won ($29.50) with two pair, Sevens and Fives
Seat 6: SirRomanov (big blind) showed [Qc 4c] and lost with a pair of Sevens


PokerStars Hand #152313377413:  Hold'em Limit ($3/$6 USD) - 2016/04/23 2:11:25 ET
Table 'Stentor II' 10-max Seat #6 is the button
Seat 5: Mizt3r X ($184.05 in chips)
Seat 6: SirRomanov ($78 in chips)
SirRomanov: posts small blind $1
Mizt3r X: posts big blind $3
*** HOLE CARDS ***
SirRomanov: raises $3 to $6
Mizt3r X: folds
Uncalled bet ($3) returned to SirRomanov
SirRomanov collected $6 from pot
SirRomanov: doesn't show hand
*** SUMMARY ***
Total pot $6 | Rake $0
Seat 5: Mizt3r X (big blind) folded before Flop
Seat 6: SirRomanov (button) (small blind) collected ($6)


PokerStars Hand #152313371727:  Hold'em Limit ($3/$6 USD) - 2016/04/23 2:11:05 ET
Table 'Stentor II' 10-max Seat #5 is the button
Seat 5: Mizt3r X ($151.55 in chips)
Seat 6: SirRomanov ($111 in chips)
Mizt3r X: posts small blind $1
SirRomanov: posts big blind $3
*** HOLE CARDS ***
Mizt3r X: raises $3 to $6
SirRomanov: calls $3
*** FLOP *** [Ah 3h 3s]
SirRomanov: checks
Mizt3r X: bets $3
SirRomanov: calls $3
*** TURN *** [Ah 3h 3s] [Qs]
SirRomanov: checks
Mizt3r X: bets $6
SirRomanov: raises $6 to $12
Mizt3r X: calls $6
*** RIVER *** [Ah 3h 3s Qs] [Td]
SirRomanov: bets $6
Mizt3r X: raises $6 to $12
SirRomanov: calls $6
*** SHOW DOWN ***
Mizt3r X: shows [8d 3d] (three of a kind, Threes)
SirRomanov: mucks hand
Mizt3r X collected $65.50 from pot
*** SUMMARY ***
Total pot $66 | Rake $0.50
Board [Ah 3h 3s Qs Td]
Seat 5: Mizt3r X (button) (small blind) showed [8d 3d] and won ($65.50) with three of a kind, Threes
Seat 6: SirRomanov (big blind) mucked


PokerStars Hand #152313406240:  Hold'em Limit ($3/$6 USD) - 2016/04/23 2:13:06 ET
Table 'Stentor II' 10-max Seat #6 is the button
Seat 5: Mizt3r X ($195.55 in chips)
Seat 6: SirRomanov ($72 in chips)
SirRomanov: posts small blind $1
Mizt3r X: posts big blind $3
*** HOLE CARDS ***
SirRomanov: raises $3 to $6
Mizt3r X: folds
Uncalled bet ($3) returned to SirRomanov
SirRomanov collected $6 from pot
SirRomanov: doesn't show hand
*** SUMMARY ***
Total pot $6 | Rake $0
Seat 5: Mizt3r X (big blind) folded before Flop
Seat 6: SirRomanov (button) (small blind) collected ($6)


PokerStars Hand #152313409285:  Hold'em Limit ($3/$6 USD) - 2016/04/23 2:13:17 ET
Table 'Stentor II' 10-max Seat #6 is the button
Seat 5: Mizt3r X ($195.55 in chips)
Seat 6: SirRomanov ($72 in chips)
SirRomanov: posts small blind $1
Mizt3r X: posts big blind $3
*** HOLE CARDS ***
SirRomanov: raises $3 to $6
Mizt3r X: folds
Uncalled bet ($3) returned to SirRomanov
SirRomanov collected $6 from pot
SirRomanov: doesn't show hand
*** SUMMARY ***
Total pot $6 | Rake $0
Seat 5: Mizt3r X (big blind) folded before Flop
Seat 6: SirRomanov (button) (small blind) collected ($6)


PokerStars Hand #152313407673:  Hold'em Limit ($3/$6 USD) - 2016/04/23 2:13:11 ET
Table 'Stentor II' 10-max Seat #5 is the button
Seat 5: Mizt3r X ($192.55 in chips)
Seat 6: SirRomanov ($75 in chips)
Mizt3r X: posts small blind $1
SirRomanov: posts big blind $3
*** HOLE CARDS ***
Mizt3r X: raises $3 to $6
SirRomanov: folds
Uncalled bet ($3) returned to Mizt3r X
Mizt3r X collected $6 from pot
*** SUMMARY ***
Total pot $6 | Rake $0
Seat 5: Mizt3r X (button) (small blind) collected ($6)
Seat 6: SirRomanov (big blind) folded before Flop


PokerStars Hand #152313399447:  Hold'em Limit ($3/$6 USD) - 2016/04/23 2:12:42 ET
Table 'Stentor II' 10-max Seat #6 is the button
Seat 5: Mizt3r X ($178.05 in chips)
Seat 6: SirRomanov ($82 in chips)
SirRomanov: posts small blind $1
Mizt3r X: posts big blind $3
*** HOLE CARDS ***
SirRomanov: raises $3 to $6
Mizt3r X: folds
Uncalled bet ($3) returned to SirRomanov
SirRomanov collected $6 from pot
SirRomanov: doesn't show hand
*** SUMMARY ***
Total pot $6 | Rake $0
Seat 5: Mizt3r X (big blind) folded before Flop
Seat 6: SirRomanov (button) (small blind) collected ($6)


PokerStars Hand #152313393870:  Hold'em Limit ($3/$6 USD) - 2016/04/23 2:12:23 ET
Table 'Stentor II' 10-max Seat #5 is the button
Seat 5: Mizt3r X ($151.55 in chips)
Seat 6: SirRomanov ($109 in chips)
Mizt3r X: posts small blind $1
SirRomanov: posts big blind $3
*** HOLE CARDS ***
Mizt3r X: raises $3 to $6
SirRomanov: raises $3 to $9
Mizt3r X: calls $3
*** FLOP *** [8d 7d Td]
SirRomanov: bets $3
Mizt3r X: raises $3 to $6
SirRomanov: calls $3
*** TURN *** [8d 7d Td] [Ad]
SirRomanov: checks
Mizt3r X: bets $6
SirRomanov: calls $6
*** RIVER *** [8d 7d Td Ad] [5s]
SirRomanov: checks
Mizt3r X: bets $6
SirRomanov: calls $6
*** SHOW DOWN ***
Mizt3r X: shows [9d 7c] (a flush, Ace high)
SirRomanov: mucks hand
Mizt3r X collected $53.50 from pot
*** SUMMARY ***
Total pot $54 | Rake $0.50
Board [8d 7d Td Ad 5s]
Seat 5: Mizt3r X (button) (small blind) showed [9d 7c] and won ($53.50) with a flush, Ace high
Seat 6: SirRomanov (big blind) mucked


PokerStars Hand #152313419626:  Hold'em Limit ($3/$6 USD) - 2016/04/23 2:13:53 ET
Table 'Stentor II' 10-max Seat #5 is the button
Seat 5: Mizt3r X ($191.31 in chips)
Seat 6: SirRomanov ($79.64 in chips)
Mizt3r X: posts small blind $1
SirRomanov: posts big blind $3
*** HOLE CARDS ***
Mizt3r X: folds
Uncalled bet ($2) returned to SirRomanov
SirRomanov collected $2 from pot
SirRomanov: doesn't show hand
*** SUMMARY ***
Total pot $2 | Rake $0
Seat 5: Mizt3r X (button) (small blind) folded before Flop
Seat 6: SirRomanov (big blind) collected ($2)


PokerStars Hand #152313410866:  Hold'em Limit ($3/$6 USD) - 2016/04/23 2:13:22 ET
Table 'Stentor II' 10-max Seat #5 is the button
Seat 5: Mizt3r X ($192.55 in chips)
Seat 6: SirRomanov ($75 in chips)
Mizt3r X: posts small blind $1
SirRomanov: posts big blind $3
*** HOLE CARDS ***
Mizt3r X: raises $3 to $6
SirRomanov: calls $3
*** FLOP *** [4c 3c 9d]
SirRomanov: checks
Mizt3r X: checks
*** TURN *** [4c 3c 9d] [Qd]
SirRomanov: checks
Mizt3r X: bets $6
SirRomanov: folds
Uncalled bet ($6) returned to Mizt3r X
Mizt3r X collected $11.76 from pot
*** SUMMARY ***
Total pot $12 | Rake $0.24
Board [4c 3c 9d Qd]
Seat 5: Mizt3r X (button) (small blind) collected ($11.76)
Seat 6: SirRomanov (big blind) folded on the Turn


PokerStars Hand #152313413776:  Hold'em Limit ($3/$6 USD) - 2016/04/23 2:13:32 ET
Table 'Stentor II' 10-max Seat #6 is the button
Seat 5: Mizt3r X ($198.31 in chips)
Seat 6: SirRomanov ($72 in chips)
SirRomanov: posts small blind $1
Mizt3r X: posts big blind $3
*** HOLE CARDS ***
SirRomanov: folds
Uncalled bet ($2) returned to Mizt3r X
Mizt3r X collected $2 from pot
*** SUMMARY ***
Total pot $2 | Rake $0
Seat 5: Mizt3r X (big blind) collected ($2)
Seat 6: SirRomanov (button) (small blind) folded before Flop


PokerStars Hand #152313418116:  Hold'em Limit ($3/$6 USD) - 2016/04/23 2:13:48 ET
Table 'Stentor II' 10-max Seat #6 is the button
Seat 5: Mizt3r X ($190.31 in chips)
Seat 6: SirRomanov ($80.64 in chips)
SirRomanov: posts small blind $1
Mizt3r X: posts big blind $3
*** HOLE CARDS ***
SirRomanov: folds
Uncalled bet ($2) returned to Mizt3r X
Mizt3r X collected $2 from pot
*** SUMMARY ***
Total pot $2 | Rake $0
Seat 5: Mizt3r X (big blind) collected ($2)
Seat 6: SirRomanov (button) (small blind) folded before Flop


PokerStars Hand #152313415233:  Hold'em Limit ($3/$6 USD) - 2016/04/23 2:13:37 ET
Table 'Stentor II' 10-max Seat #5 is the button
Seat 5: Mizt3r X ($199.31 in chips)
Seat 6: SirRomanov ($72 in chips)
Mizt3r X: posts small blind $1
SirRomanov: posts big blind $3
*** HOLE CARDS ***
Mizt3r X: raises $3 to $6
SirRomanov: raises $3 to $9
Mizt3r X: calls $3
*** FLOP *** [Qs Qh Jc]
SirRomanov: bets $3
Mizt3r X: folds
Uncalled bet ($3) returned to SirRomanov
SirRomanov collected $17.64 from pot
SirRomanov: doesn't show hand
*** SUMMARY ***
Total pot $18 | Rake $0.36
Board [Qs Qh Jc]
Seat 5: Mizt3r X (button) (small blind) folded on the Flop
Seat 6: SirRomanov (big blind) collected ($17.64)


PokerStars Hand #152313430758:  Hold'em Limit ($3/$6 USD) - 2016/04/23 2:14:32 ET
Table 'Stentor II' 10-max Seat #6 is the button
Seat 5: Mizt3r X ($181.31 in chips)
Seat 6: SirRomanov ($89.16 in chips)
SirRomanov: posts small blind $1
Mizt3r X: posts big blind $3
*** HOLE CARDS ***
SirRomanov: raises $3 to $6
Mizt3r X: calls $3
*** FLOP *** [Js 4d 6s]
Mizt3r X: checks
SirRomanov: bets $3
Mizt3r X: calls $3
*** TURN *** [Js 4d 6s] [Kc]
Mizt3r X: checks
SirRomanov: bets $6
Mizt3r X: raises $6 to $12
SirRomanov: raises $6 to $18
Mizt3r X: calls $6
*** RIVER *** [Js 4d 6s Kc] [6d]
Mizt3r X: checks
SirRomanov: bets $6
Mizt3r X: raises $6 to $12
SirRomanov: calls $6
*** SHOW DOWN ***
Mizt3r X: shows [Jh 6h] (a full house, Sixes full of Jacks)
SirRomanov: mucks hand
Mizt3r X collected $77.50 from pot
*** SUMMARY ***
Total pot $78 | Rake $0.50
Board [Js 4d 6s Kc 6d]
Seat 5: Mizt3r X (big blind) showed [Jh 6h] and won ($77.50) with a full house, Sixes full of Jacks
Seat 6: SirRomanov (button) (small blind) mucked


PokerStars Hand #152313428947:  Hold'em Limit ($3/$6 USD) - 2016/04/23 2:14:26 ET
Table 'Stentor II' 10-max Seat #5 is the button
Seat 5: Mizt3r X ($178.31 in chips)
Seat 6: SirRomanov ($92.16 in chips)
Mizt3r X: posts small blind $1
SirRomanov: posts big blind $3
*** HOLE CARDS ***
Mizt3r X: raises $3 to $6
SirRomanov: folds
Uncalled bet ($3) returned to Mizt3r X
Mizt3r X collected $6 from pot
*** SUMMARY ***
Total pot $6 | Rake $0
Seat 5: Mizt3r X (button) (small blind) collected ($6)
Seat 6: SirRomanov (big blind) folded before Flop


PokerStars Hand #152313420883:  Hold'em Limit ($3/$6 USD) - 2016/04/23 2:13:57 ET
Table 'Stentor II' 10-max Seat #6 is the button
Seat 5: Mizt3r X ($190.31 in chips)
Seat 6: SirRomanov ($80.64 in chips)
SirRomanov: posts small blind $1
Mizt3r X: posts big blind $3
*** HOLE CARDS ***
SirRomanov: raises $3 to $6
Mizt3r X: raises $3 to $9
SirRomanov: raises $3 to $12
Betting is capped
Mizt3r X: calls $3
*** FLOP *** [5h 9s Js]
Mizt3r X: checks
SirRomanov: bets $3
Mizt3r X: folds
Uncalled bet ($3) returned to SirRomanov
SirRomanov collected $23.52 from pot
SirRomanov: doesn't show hand
*** SUMMARY ***
Total pot $24 | Rake $0.48
Board [5h 9s Js]
Seat 5: Mizt3r X (big blind) folded on the Flop
Seat 6: SirRomanov (button) (small blind) collected ($23.52)


PokerStars Hand #152313443837:  Hold'em Limit ($3/$6 USD) - 2016/04/23 2:15:18 ET
Table 'Stentor II' 10-max Seat #6 is the button
Seat 5: Mizt3r X ($213.81 in chips)
Seat 6: SirRomanov ($81 in chips)
SirRomanov: posts small blind $1
Mizt3r X: posts big blind $3
*** HOLE CARDS ***
SirRomanov: folds
Uncalled bet ($2) returned to Mizt3r X
Mizt3r X collected $2 from pot
*** SUMMARY ***
Total pot $2 | Rake $0
Seat 5: Mizt3r X (big blind) collected ($2)
Seat 6: SirRomanov (button) (small blind) folded before Flop


PokerStars Hand #152313441733:  Hold'em Limit ($3/$6 USD) - 2016/04/23 2:15:10 ET
Table 'Stentor II' 10-max Seat #5 is the button
Seat 5: Mizt3r X ($219.81 in chips)
Seat 6: SirRomanov ($75 in chips)
Mizt3r X: posts small blind $1
SirRomanov: posts big blind $3
*** HOLE CARDS ***
Mizt3r X: raises $3 to $6
SirRomanov: raises $3 to $9
Mizt3r X: folds
Uncalled bet ($3) returned to SirRomanov
SirRomanov collected $12 from pot
SirRomanov: doesn't show hand
*** SUMMARY ***
Total pot $12 | Rake $0
Seat 5: Mizt3r X (button) (small blind) folded before Flop
Seat 6: SirRomanov (big blind) collected ($12)


PokerStars Hand #152313440085:  Hold'em Limit ($3/$6 USD) - 2016/04/23 2:15:05 ET
Table 'Stentor II' 10-max Seat #6 is the button
Seat 5: Mizt3r X ($222.81 in chips)
Seat 6: SirRomanov ($72 in chips)
SirRomanov: posts small blind $1
Mizt3r X: posts big blind $3
*** HOLE CARDS ***
SirRomanov: raises $3 to $6
Mizt3r X: folds
Uncalled bet ($3) returned to SirRomanov
SirRomanov collected $6 from pot
SirRomanov: doesn't show hand
*** SUMMARY ***
Total pot $6 | Rake $0
Seat 5: Mizt3r X (big blind) folded before Flop
Seat 6: SirRomanov (button) (small blind) collected ($6)


PokerStars Hand #152313438506:  Hold'em Limit ($3/$6 USD) - 2016/04/23 2:14:59 ET
Table 'Stentor II' 10-max Seat #5 is the button
Seat 5: Mizt3r X ($219.81 in chips)
Seat 6: SirRomanov ($72 in chips)
Mizt3r X: posts small blind $1
SirRomanov: posts big blind $3
*** HOLE CARDS ***
Mizt3r X: raises $3 to $6
SirRomanov: folds
Uncalled bet ($3) returned to Mizt3r X
Mizt3r X collected $6 from pot
*** SUMMARY ***
Total pot $6 | Rake $0
Seat 5: Mizt3r X (button) (small blind) collected ($6)
Seat 6: SirRomanov (big blind) folded before Flop


PokerStars Hand #152313455109:  Hold'em Limit ($3/$6 USD) - 2016/04/23 2:15:58 ET
Table 'Stentor II' 10-max Seat #5 is the button
Seat 5: Mizt3r X ($193.57 in chips)
Seat 6: SirRomanov ($100.50 in chips)
Mizt3r X: posts small blind $1
SirRomanov: posts big blind $3
*** HOLE CARDS ***
Mizt3r X: raises $3 to $6
SirRomanov: folds
Uncalled bet ($3) returned to Mizt3r X
Mizt3r X collected $6 from pot
*** SUMMARY ***
Total pot $6 | Rake $0
Seat 5: Mizt3r X (button) (small blind) collected ($6)
Seat 6: SirRomanov (big blind) folded before Flop


PokerStars Hand #152313448673:  Hold'em Limit ($3/$6 USD) - 2016/04/23 2:15:35 ET
Table 'Stentor II' 10-max Seat #6 is the button
Seat 5: Mizt3r X ($220.57 in chips)
Seat 6: SirRomanov ($74 in chips)
SirRomanov: posts small blind $1
Mizt3r X: posts big blind $3
*** HOLE CARDS ***
SirRomanov: raises $3 to $6
Mizt3r X: calls $3
*** FLOP *** [3c Ac Td]
Mizt3r X: checks
SirRomanov: bets $3
Mizt3r X: calls $3
*** TURN *** [3c Ac Td] [7h]
Mizt3r X: bets $6
SirRomanov: raises $6 to $12
Mizt3r X: calls $6
*** RIVER *** [3c Ac Td 7h] [3s]
Mizt3r X: bets $6
SirRomanov: raises $6 to $12
Mizt3r X: folds
Uncalled bet ($6) returned to SirRomanov
SirRomanov collected $53.50 from pot
SirRomanov: doesn't show hand
*** SUMMARY ***
Total pot $54 | Rake $0.50
Board [3c Ac Td 7h 3s]
Seat 5: Mizt3r X (big blind) folded on the River
Seat 6: SirRomanov (button) (small blind) collected ($53.50)


PokerStars Hand #152313456667:  Hold'em Limit ($3/$6 USD) - 2016/04/23 2:16:03 ET
Table 'Stentor II' 10-max Seat #6 is the button
Seat 5: Mizt3r X ($196.57 in chips)
Seat 6: SirRomanov ($97.50 in chips)
SirRomanov: posts small blind $1
Mizt3r X: posts big blind $3
*** HOLE CARDS ***
SirRomanov: folds
Uncalled bet ($2) returned to Mizt3r X
Mizt3r X collected $2 from pot
*** SUMMARY ***
Total pot $2 | Rake $0
Seat 5: Mizt3r X (big blind) collected ($2)
Seat 6: SirRomanov (button) (small blind) folded before Flop


PokerStars Hand #152313445002:  Hold'em Limit ($3/$6 USD) - 2016/04/23 2:15:22 ET
Table 'Stentor II' 10-max Seat #5 is the button
Seat 5: Mizt3r X ($214.81 in chips)
Seat 6: SirRomanov ($80 in chips)
Mizt3r X: posts small blind $1
SirRomanov: posts big blind $3
*** HOLE CARDS ***
Mizt3r X: raises $3 to $6
SirRomanov: calls $3
*** FLOP *** [As Qc 4d]
SirRomanov: checks
Mizt3r X: bets $3
SirRomanov: folds
Uncalled bet ($3) returned to Mizt3r X
Mizt3r X collected $11.76 from pot
*** SUMMARY ***
Total pot $12 | Rake $0.24
Board [As Qc 4d]
Seat 5: Mizt3r X (button) (small blind) collected ($11.76)
Seat 6: SirRomanov (big blind) folded on the Flop


PokerStars Hand #152313457759:  Hold'em Limit ($3/$6 USD) - 2016/04/23 2:16:07 ET
Table 'Stentor II' 10-max Seat #5 is the button
Seat 5: Mizt3r X ($197.57 in chips)
Seat 6: SirRomanov ($96.50 in chips)
Mizt3r X: posts small blind $1
SirRomanov: posts big blind $3
*** HOLE CARDS ***
Mizt3r X: raises $3 to $6
SirRomanov: calls $3
*** FLOP *** [Qs 5d Jc]
SirRomanov: checks
Mizt3r X: bets $3
SirRomanov: calls $3
*** TURN *** [Qs 5d Jc] [5c]
SirRomanov: checks
Mizt3r X: bets $6
SirRomanov: calls $6
*** RIVER *** [Qs 5d Jc 5c] [3s]
SirRomanov: checks
Mizt3r X: bets $6
SirRomanov: calls $6
*** SHOW DOWN ***
Mizt3r X: shows [6c 5h] (three of a kind, Fives)
SirRomanov: mucks hand
Mizt3r X collected $41.50 from pot
*** SUMMARY ***
Total pot $42 | Rake $0.50
Board [Qs 5d Jc 5c 3s]
Seat 5: Mizt3r X (button) (small blind) showed [6c 5h] and won ($41.50) with three of a kind, Fives
Seat 6: SirRomanov (big blind) mucked


PokerStars Hand #152313463203:  Hold'em Limit ($3/$6 USD) - 2016/04/23 2:16:26 ET
Table 'Stentor II' 10-max Seat #5 is the button
Seat 5: Mizt3r X ($219.07 in chips)
Seat 6: SirRomanov ($74.50 in chips)
Mizt3r X: posts small blind $1
SirRomanov: posts big blind $3
*** HOLE CARDS ***
Mizt3r X: raises $3 to $6
SirRomanov: calls $3
*** FLOP *** [Qd 3s 6c]
SirRomanov: checks
Mizt3r X: bets $3
SirRomanov: raises $3 to $6
Mizt3r X: calls $3
*** TURN *** [Qd 3s 6c] [5d]
SirRomanov: bets $6
Mizt3r X: folds
Uncalled bet ($6) returned to SirRomanov
SirRomanov collected $23.52 from pot
SirRomanov: doesn't show hand
*** SUMMARY ***
Total pot $24 | Rake $0.48
Board [Qd 3s 6c 5d]
Seat 5: Mizt3r X (button) (small blind) folded on the Turn
Seat 6: SirRomanov (big blind) collected ($23.52)


PokerStars Hand #152313476382:  Hold'em Limit ($3/$6 USD) - 2016/04/23 2:17:13 ET
Table 'Stentor II' 10-max Seat #5 is the button
Seat 5: Mizt3r X ($208.07 in chips)
Seat 6: SirRomanov ($85.02 in chips)
Mizt3r X: posts small blind $1
SirRomanov: posts big blind $3
*** HOLE CARDS ***
Mizt3r X: raises $3 to $6
SirRomanov: raises $3 to $9
Mizt3r X: calls $3
*** FLOP *** [3s Jh 6d]
SirRomanov: bets $3
Mizt3r X: folds
Uncalled bet ($3) returned to SirRomanov
SirRomanov collected $17.64 from pot
SirRomanov: doesn't show hand
*** SUMMARY ***
Total pot $18 | Rake $0.36
Board [3s Jh 6d]
Seat 5: Mizt3r X (button) (small blind) folded on the Flop
Seat 6: SirRomanov (big blind) collected ($17.64)


PokerStars Hand #152313462005:  Hold'em Limit ($3/$6 USD) - 2016/04/23 2:16:22 ET
Table 'Stentor II' 10-max Seat #6 is the button
Seat 5: Mizt3r X ($218.07 in chips)
Seat 6: SirRomanov ($75.50 in chips)
SirRomanov: posts small blind $1
Mizt3r X: posts big blind $3
*** HOLE CARDS ***
SirRomanov: folds
Uncalled bet ($2) returned to Mizt3r X
Mizt3r X collected $2 from pot
*** SUMMARY ***
Total pot $2 | Rake $0
Seat 5: Mizt3r X (big blind) collected ($2)
Seat 6: SirRomanov (button) (small blind) folded before Flop


PokerStars Hand #152313472359:  Hold'em Limit ($3/$6 USD) - 2016/04/23 2:16:58 ET
Table 'Stentor II' 10-max Seat #5 is the button
Seat 5: Mizt3r X ($212.07 in chips)
Seat 6: SirRomanov ($81.02 in chips)
Mizt3r X: posts small blind $1
SirRomanov: posts big blind $3
*** HOLE CARDS ***
Mizt3r X: folds
Uncalled bet ($2) returned to SirRomanov
SirRomanov collected $2 from pot
SirRomanov: doesn't show hand
*** SUMMARY ***
Total pot $2 | Rake $0
Seat 5: Mizt3r X (button) (small blind) folded before Flop
Seat 6: SirRomanov (big blind) collected ($2)


PokerStars Hand #152313471285:  Hold'em Limit ($3/$6 USD) - 2016/04/23 2:16:55 ET
Table 'Stentor II' 10-max Seat #6 is the button
Seat 5: Mizt3r X ($211.07 in chips)
Seat 6: SirRomanov ($82.02 in chips)
SirRomanov: posts small blind $1
Mizt3r X: posts big blind $3
*** HOLE CARDS ***
SirRomanov: folds
Uncalled bet ($2) returned to Mizt3r X
Mizt3r X collected $2 from pot
*** SUMMARY ***
Total pot $2 | Rake $0
Seat 5: Mizt3r X (big blind) collected ($2)
Seat 6: SirRomanov (button) (small blind) folded before Flop


PokerStars Hand #152313469865:  Hold'em Limit ($3/$6 USD) - 2016/04/23 2:16:50 ET
Table 'Stentor II' 10-max Seat #5 is the button
Seat 5: Mizt3r X ($208.07 in chips)
Seat 6: SirRomanov ($85.02 in chips)
Mizt3r X: posts small blind $1
SirRomanov: posts big blind $3
*** HOLE CARDS ***
Mizt3r X: raises $3 to $6
SirRomanov: folds
Uncalled bet ($3) returned to Mizt3r X
Mizt3r X collected $6 from pot
*** SUMMARY ***
Total pot $6 | Rake $0
Seat 5: Mizt3r X (button) (small blind) collected ($6)
Seat 6: SirRomanov (big blind) folded before Flop


PokerStars Hand #152313491646:  Hold'em Limit ($3/$6 USD) - 2016/04/23 2:18:07 ET
Table 'Stentor II' 10-max Seat #6 is the button
Seat 5: Mizt3r X ($217.59 in chips)
Seat 6: SirRomanov ($74.66 in chips)
SirRomanov: posts small blind $1
Mizt3r X: posts big blind $3
*** HOLE CARDS ***
SirRomanov: folds
Uncalled bet ($2) returned to Mizt3r X
Mizt3r X collected $2 from pot
*** SUMMARY ***
Total pot $2 | Rake $0
Seat 5: Mizt3r X (big blind) collected ($2)
Seat 6: SirRomanov (button) (small blind) folded before Flop


PokerStars Hand #152313490120:  Hold'em Limit ($3/$6 USD) - 2016/04/23 2:18:01 ET
Table 'Stentor II' 10-max Seat #5 is the button
Seat 5: Mizt3r X ($214.59 in chips)
Seat 6: SirRomanov ($77.66 in chips)
Mizt3r X: posts small blind $1
SirRomanov: posts big blind $3
*** HOLE CARDS ***
Mizt3r X: raises $3 to $6
SirRomanov: folds
Uncalled bet ($3) returned to Mizt3r X
Mizt3r X collected $6 from pot
*** SUMMARY ***
Total pot $6 | Rake $0
Seat 5: Mizt3r X (button) (small blind) collected ($6)
Seat 6: SirRomanov (big blind) folded before Flop


PokerStars Hand #152313479299:  Hold'em Limit ($3/$6 USD) - 2016/04/23 2:17:23 ET
Table 'Stentor II' 10-max Seat #6 is the button
Seat 5: Mizt3r X ($199.07 in chips)
Seat 6: SirRomanov ($93.66 in chips)
SirRomanov: posts small blind $1
Mizt3r X: posts big blind $3
*** HOLE CARDS ***
SirRomanov: raises $3 to $6
Mizt3r X: raises $3 to $9
SirRomanov: calls $3
*** FLOP *** [2h 5c 6d]
Mizt3r X: bets $3
SirRomanov: calls $3
*** TURN *** [2h 5c 6d] [2d]
Mizt3r X: bets $6
SirRomanov: folds
Uncalled bet ($6) returned to Mizt3r X
Mizt3r X collected $23.52 from pot
*** SUMMARY ***
Total pot $24 | Rake $0.48
Board [2h 5c 6d 2d]
Seat 5: Mizt3r X (big blind) collected ($23.52)
Seat 6: SirRomanov (button) (small blind) folded on the Turn


PokerStars Hand #152313489055:  Hold'em Limit ($3/$6 USD) - 2016/04/23 2:17:58 ET
Table 'Stentor II' 10-max Seat #6 is the button
Seat 5: Mizt3r X ($213.59 in chips)
Seat 6: SirRomanov ($78.66 in chips)
SirRomanov: posts small blind $1
Mizt3r X: posts big blind $3
*** HOLE CARDS ***
SirRomanov: folds
Uncalled bet ($2) returned to Mizt3r X
Mizt3r X collected $2 from pot
*** SUMMARY ***
Total pot $2 | Rake $0
Seat 5: Mizt3r X (big blind) collected ($2)
Seat 6: SirRomanov (button) (small blind) folded before Flop


PokerStars Hand #152313487769:  Hold'em Limit ($3/$6 USD) - 2016/04/23 2:17:53 ET
Table 'Stentor II' 10-max Seat #5 is the button
Seat 5: Mizt3r X ($214.59 in chips)
Seat 6: SirRomanov ($77.66 in chips)
Mizt3r X: posts small blind $1
SirRomanov: posts big blind $3
*** HOLE CARDS ***
Mizt3r X: folds
Uncalled bet ($2) returned to SirRomanov
SirRomanov collected $2 from pot
SirRomanov: doesn't show hand
*** SUMMARY ***
Total pot $2 | Rake $0
Seat 5: Mizt3r X (button) (small blind) folded before Flop
Seat 6: SirRomanov (big blind) collected ($2)


PokerStars Hand #152313486593:  Hold'em Limit ($3/$6 USD) - 2016/04/23 2:17:49 ET
Table 'Stentor II' 10-max Seat #6 is the button
Seat 5: Mizt3r X ($213.59 in chips)
Seat 6: SirRomanov ($78.66 in chips)
SirRomanov: posts small blind $1
Mizt3r X: posts big blind $3
*** HOLE CARDS ***
SirRomanov: folds
Uncalled bet ($2) returned to Mizt3r X
Mizt3r X collected $2 from pot
*** SUMMARY ***
Total pot $2 | Rake $0
Seat 5: Mizt3r X (big blind) collected ($2)
Seat 6: SirRomanov (button) (small blind) folded before Flop


PokerStars Hand #152313483950:  Hold'em Limit ($3/$6 USD) - 2016/04/23 2:17:40 ET
Table 'Stentor II' 10-max Seat #5 is the button
Seat 5: Mizt3r X ($210.59 in chips)
Seat 6: SirRomanov ($81.66 in chips)
Mizt3r X: posts small blind $1
SirRomanov: posts big blind $3
*** HOLE CARDS ***
Mizt3r X: raises $3 to $6
SirRomanov: folds
Uncalled bet ($3) returned to Mizt3r X
Mizt3r X collected $6 from pot
*** SUMMARY ***
Total pot $6 | Rake $0
Seat 5: Mizt3r X (button) (small blind) collected ($6)
Seat 6: SirRomanov (big blind) folded before Flop


PokerStars Hand #152313505474:  Hold'em Limit ($3/$6 USD) - 2016/04/23 2:18:57 ET
Table 'Stentor II' 10-max Seat #5 is the button
Seat 5: Mizt3r X ($170.59 in chips)
Seat 6: SirRomanov ($120.66 in chips)
Mizt3r X: posts small blind $1
SirRomanov: posts big blind $3
*** HOLE CARDS ***
Mizt3r X: raises $3 to $6
SirRomanov: folds
Uncalled bet ($3) returned to Mizt3r X
Mizt3r X collected $6 from pot
*** SUMMARY ***
Total pot $6 | Rake $0
Seat 5: Mizt3r X (button) (small blind) collected ($6)
Seat 6: SirRomanov (big blind) folded before Flop


PokerStars Hand #152313503919:  Hold'em Limit ($3/$6 USD) - 2016/04/23 2:18:51 ET
Table 'Stentor II' 10-max Seat #6 is the button
Seat 5: Mizt3r X ($173.59 in chips)
Seat 6: SirRomanov ($117.66 in chips)
SirRomanov: posts small blind $1
Mizt3r X: posts big blind $3
*** HOLE CARDS ***
SirRomanov: raises $3 to $6
Mizt3r X: folds
Uncalled bet ($3) returned to SirRomanov
SirRomanov collected $6 from pot
SirRomanov: doesn't show hand
*** SUMMARY ***
Total pot $6 | Rake $0
Seat 5: Mizt3r X (big blind) folded before Flop
Seat 6: SirRomanov (button) (small blind) collected ($6)


PokerStars Hand #152313492785:  Hold'em Limit ($3/$6 USD) - 2016/04/23 2:18:11 ET
Table 'Stentor II' 10-max Seat #5 is the button
Seat 5: Mizt3r X ($218.59 in chips)
Seat 6: SirRomanov ($73.66 in chips)
Mizt3r X: posts small blind $1
SirRomanov: posts big blind $3
*** HOLE CARDS ***
Mizt3r X: raises $3 to $6
SirRomanov: raises $3 to $9
Mizt3r X: calls $3
*** FLOP *** [4d 6c 2h]
SirRomanov: bets $3
Mizt3r X: calls $3
*** TURN *** [4d 6c 2h] [7d]
SirRomanov: bets $6
Mizt3r X: calls $6
*** RIVER *** [4d 6c 2h 7d] [5c]
SirRomanov: bets $6
Mizt3r X: calls $6
*** SHOW DOWN ***
SirRomanov: shows [Td 7h] (a pair of Sevens)
Mizt3r X: mucks hand
SirRomanov collected $47.50 from pot
*** SUMMARY ***
Total pot $48 | Rake $0.50
Board [4d 6c 2h 7d 5c]
Seat 5: Mizt3r X (button) (small blind) mucked
Seat 6: SirRomanov (big blind) showed [Td 7h] and won ($47.50) with a pair of Sevens


PokerStars Hand #152313502249:  Hold'em Limit ($3/$6 USD) - 2016/04/23 2:18:45 ET
Table 'Stentor II' 10-max Seat #5 is the button
Seat 5: Mizt3r X ($170.59 in chips)
Seat 6: SirRomanov ($120.66 in chips)
Mizt3r X: posts small blind $1
SirRomanov: posts big blind $3
*** HOLE CARDS ***
Mizt3r X: raises $3 to $6
SirRomanov: folds
Uncalled bet ($3) returned to Mizt3r X
Mizt3r X collected $6 from pot
*** SUMMARY ***
Total pot $6 | Rake $0
Seat 5: Mizt3r X (button) (small blind) collected ($6)
Seat 6: SirRomanov (big blind) folded before Flop


PokerStars Hand #152313496751:  Hold'em Limit ($3/$6 USD) - 2016/04/23 2:18:25 ET
Table 'Stentor II' 10-max Seat #6 is the button
Seat 5: Mizt3r X ($194.59 in chips)
Seat 6: SirRomanov ($97.16 in chips)
SirRomanov: posts small blind $1
Mizt3r X: posts big blind $3
*** HOLE CARDS ***
SirRomanov: raises $3 to $6
Mizt3r X: raises $3 to $9
SirRomanov: calls $3
*** FLOP *** [6c Ah Ks]
Mizt3r X: bets $3
SirRomanov: calls $3
*** TURN *** [6c Ah Ks] [2h]
Mizt3r X: bets $6
SirRomanov: raises $6 to $12
Mizt3r X: calls $6
*** RIVER *** [6c Ah Ks 2h] [Jh]
Mizt3r X: checks
SirRomanov: bets $6
Mizt3r X: folds
Uncalled bet ($6) returned to SirRomanov
SirRomanov collected $47.50 from pot
SirRomanov: doesn't show hand
*** SUMMARY ***
Total pot $48 | Rake $0.50
Board [6c Ah Ks 2h Jh]
Seat 5: Mizt3r X (big blind) folded on the River
Seat 6: SirRomanov (button) (small blind) collected ($47.50)


PokerStars Hand #152313507082:  Hold'em Limit ($3/$6 USD) - 2016/04/23 2:19:02 ET
Table 'Stentor II' 10-max Seat #6 is the button
Seat 5: Mizt3r X ($173.59 in chips)
Seat 6: SirRomanov ($117.66 in chips)
SirRomanov: posts small blind $1
Mizt3r X: posts big blind $3
*** HOLE CARDS ***
SirRomanov: raises $3 to $6
Mizt3r X: folds
Uncalled bet ($3) returned to SirRomanov
SirRomanov collected $6 from pot
SirRomanov: doesn't show hand
*** SUMMARY ***
Total pot $6 | Rake $0
Seat 5: Mizt3r X (big blind) folded before Flop
Seat 6: SirRomanov (button) (small blind) collected ($6)


PokerStars Hand #152313508483:  Hold'em Limit ($3/$6 USD) - 2016/04/23 2:19:07 ET
Table 'Stentor II' 10-max Seat #5 is the button
Seat 5: Mizt3r X ($170.59 in chips)
Seat 6: SirRomanov ($120.66 in chips)
Mizt3r X: posts small blind $1
SirRomanov: posts big blind $3
*** HOLE CARDS ***
Mizt3r X: raises $3 to $6
SirRomanov: calls $3
*** FLOP *** [Kh Th 7d]
SirRomanov: checks
Mizt3r X: bets $3
SirRomanov: calls $3
*** TURN *** [Kh Th 7d] [8h]
SirRomanov: checks
Mizt3r X: bets $6
SirRomanov: calls $6
*** RIVER *** [Kh Th 7d 8h] [4h]
SirRomanov: bets $6
Mizt3r X: calls $6
*** SHOW DOWN ***
SirRomanov: shows [7h 6s] (a flush, King high)
Mizt3r X: shows [Jh 8d] (a flush, King high - Jack higher)
Mizt3r X collected $41.50 from pot
*** SUMMARY ***
Total pot $42 | Rake $0.50
Board [Kh Th 7d 8h 4h]
Seat 5: Mizt3r X (button) (small blind) showed [Jh 8d] and won ($41.50) with a flush, King high
Seat 6: SirRomanov (big blind) showed [7h 6s] and lost with a flush, King high


PokerStars Hand #152313514195:  Hold'em Limit ($3/$6 USD) - 2016/04/23 2:19:27 ET
Table 'Stentor II' 10-max Seat #6 is the button
Seat 5: Mizt3r X ($191.09 in chips)
Seat 6: SirRomanov ($99.66 in chips)
SirRomanov: posts small blind $1
Mizt3r X: posts big blind $3
*** HOLE CARDS ***
SirRomanov: raises $3 to $6
Mizt3r X: raises $3 to $9
SirRomanov: calls $3
*** FLOP *** [8s Kd 5h]
Mizt3r X: bets $3
SirRomanov: raises $3 to $6
Mizt3r X: raises $3 to $9
SirRomanov: calls $3
*** TURN *** [8s Kd 5h] [Jd]
Mizt3r X: bets $6
SirRomanov: folds
Uncalled bet ($6) returned to Mizt3r X
Mizt3r X collected $35.50 from pot
*** SUMMARY ***
Total pot $36 | Rake $0.50
Board [8s Kd 5h Jd]
Seat 5: Mizt3r X (big blind) collected ($35.50)
Seat 6: SirRomanov (button) (small blind) folded on the Turn


PokerStars Hand #152313522782:  Hold'em Limit ($3/$6 USD) - 2016/04/23 2:19:58 ET
Table 'Stentor II' 10-max Seat #6 is the button
Seat 5: Mizt3r X ($202.59 in chips)
Seat 6: SirRomanov ($87.42 in chips)
SirRomanov: posts small blind $1
Mizt3r X: posts big blind $3
*** HOLE CARDS ***
SirRomanov: raises $3 to $6
Mizt3r X: raises $3 to $9
SirRomanov: calls $3
*** FLOP *** [2d 5s 7d]
Mizt3r X: bets $3
SirRomanov: raises $3 to $6
Mizt3r X: calls $3
*** TURN *** [2d 5s 7d] [Jh]
Mizt3r X: checks
SirRomanov: bets $6
Mizt3r X: raises $6 to $12
SirRomanov: calls $6
*** RIVER *** [2d 5s 7d Jh] [2s]
Mizt3r X: bets $6
SirRomanov: calls $6
*** SHOW DOWN ***
Mizt3r X: shows [9h Jc] (two pair, Jacks and Deuces)
SirRomanov: mucks hand
Mizt3r X collected $65.50 from pot
*** SUMMARY ***
Total pot $66 | Rake $0.50
Board [2d 5s 7d Jh 2s]
Seat 5: Mizt3r X (big blind) showed [9h Jc] and won ($65.50) with two pair, Jacks and Deuces
Seat 6: SirRomanov (button) (small blind) mucked


PokerStars Hand #152313519812:  Hold'em Limit ($3/$6 USD) - 2016/04/23 2:19:47 ET
Table 'Stentor II' 10-max Seat #5 is the button
Seat 5: Mizt3r X ($208.59 in chips)
Seat 6: SirRomanov ($81.66 in chips)
Mizt3r X: posts small blind $1
SirRomanov: posts big blind $3
*** HOLE CARDS ***
Mizt3r X: raises $3 to $6
SirRomanov: calls $3
*** FLOP *** [9d 8d Qc]
SirRomanov: checks
Mizt3r X: checks
*** TURN *** [9d 8d Qc] [Jd]
SirRomanov: bets $6
Mizt3r X: folds
Uncalled bet ($6) returned to SirRomanov
SirRomanov collected $11.76 from pot
SirRomanov: doesn't show hand
*** SUMMARY ***
Total pot $12 | Rake $0.24
Board [9d 8d Qc Jd]
Seat 5: Mizt3r X (button) (small blind) folded on the Turn
Seat 6: SirRomanov (big blind) collected ($11.76)


PokerStars Hand #152313543184:  Hold'em Limit ($3/$6 USD) - 2016/04/23 2:21:09 ET
Table 'Stentor II' 10-max Seat #6 is the button
Seat 5: Mizt3r X ($182.09 in chips)
Seat 6: SirRomanov ($123.64 in chips)
SirRomanov: posts small blind $1
Mizt3r X: posts big blind $3
*** HOLE CARDS ***
SirRomanov: folds
Uncalled bet ($2) returned to Mizt3r X
Mizt3r X collected $2 from pot
*** SUMMARY ***
Total pot $2 | Rake $0
Seat 5: Mizt3r X (big blind) collected ($2)
Seat 6: SirRomanov (button) (small blind) folded before Flop


PokerStars Hand #152313537969:  Hold'em Limit ($3/$6 USD) - 2016/04/23 2:20:51 ET
Table 'Stentor II' 10-max Seat #5 is the button
Seat 5: Mizt3r X ($206.09 in chips)
Seat 6: SirRomanov ($100.14 in chips)
Mizt3r X: posts small blind $1
SirRomanov: posts big blind $3
*** HOLE CARDS ***
Mizt3r X: raises $3 to $6
SirRomanov: calls $3
*** FLOP *** [9d Kh Jh]
SirRomanov: checks
Mizt3r X: checks
*** TURN *** [9d Kh Jh] [8s]
SirRomanov: bets $6
Mizt3r X: raises $6 to $12
SirRomanov: calls $6
*** RIVER *** [9d Kh Jh 8s] [6d]
SirRomanov: checks
Mizt3r X: bets $6
SirRomanov: calls $6
*** SHOW DOWN ***
Mizt3r X: shows [4d 7d] (high card King)
SirRomanov: shows [Ah 8h] (a pair of Eights)
SirRomanov collected $47.50 from pot
*** SUMMARY ***
Total pot $48 | Rake $0.50
Board [9d Kh Jh 8s 6d]
Seat 5: Mizt3r X (button) (small blind) showed [4d 7d] and lost with high card King
Seat 6: SirRomanov (big blind) showed [Ah 8h] and won ($47.50) with a pair of Eights


PokerStars Hand #152313527929:  Hold'em Limit ($3/$6 USD) - 2016/04/23 2:20:16 ET
Table 'Stentor II' 10-max Seat #5 is the button
Seat 5: Mizt3r X ($235.09 in chips)
Seat 6: SirRomanov ($72 in chips)
Mizt3r X: posts small blind $1
SirRomanov: posts big blind $3
*** HOLE CARDS ***
Mizt3r X: raises $3 to $6
SirRomanov: raises $3 to $9
Mizt3r X: calls $3
*** FLOP *** [6h 2d 7s]
SirRomanov: bets $3
Mizt3r X: folds
Uncalled bet ($3) returned to SirRomanov
SirRomanov collected $17.64 from pot
SirRomanov: doesn't show hand
*** SUMMARY ***
Total pot $18 | Rake $0.36
Board [6h 2d 7s]
Seat 5: Mizt3r X (button) (small blind) folded on the Flop
Seat 6: SirRomanov (big blind) collected ($17.64)


PokerStars Hand #152313530686:  Hold'em Limit ($3/$6 USD) - 2016/04/23 2:20:25 ET
Table 'Stentor II' 10-max Seat #6 is the button
Seat 5: Mizt3r X ($226.09 in chips)
Seat 6: SirRomanov ($80.64 in chips)
SirRomanov: posts small blind $1
Mizt3r X: posts big blind $3
*** HOLE CARDS ***
SirRomanov: raises $3 to $6
Mizt3r X: raises $3 to $9
SirRomanov: calls $3
*** FLOP *** [9c 6d Kh]
Mizt3r X: bets $3
SirRomanov: calls $3
*** TURN *** [9c 6d Kh] [Qc]
Mizt3r X: bets $6
SirRomanov: calls $6
*** RIVER *** [9c 6d Kh Qc] [Jd]
Mizt3r X: bets $6
SirRomanov: raises $6 to $12
Mizt3r X: folds
Uncalled bet ($6) returned to SirRomanov
SirRomanov collected $47.50 from pot
SirRomanov: doesn't show hand
*** SUMMARY ***
Total pot $48 | Rake $0.50
Board [9c 6d Kh Qc Jd]
Seat 5: Mizt3r X (big blind) folded on the River
Seat 6: SirRomanov (button) (small blind) collected ($47.50)


PokerStars Hand #152313536903:  Hold'em Limit ($3/$6 USD) - 2016/04/23 2:20:47 ET
Table 'Stentor II' 10-max Seat #6 is the button
Seat 5: Mizt3r X ($205.09 in chips)
Seat 6: SirRomanov ($101.14 in chips)
SirRomanov: posts small blind $1
Mizt3r X: posts big blind $3
*** HOLE CARDS ***
SirRomanov: folds
Uncalled bet ($2) returned to Mizt3r X
Mizt3r X collected $2 from pot
*** SUMMARY ***
Total pot $2 | Rake $0
Seat 5: Mizt3r X (big blind) collected ($2)
Seat 6: SirRomanov (button) (small blind) folded before Flop


PokerStars Hand #152313535302:  Hold'em Limit ($3/$6 USD) - 2016/04/23 2:20:41 ET
Table 'Stentor II' 10-max Seat #5 is the button
Seat 5: Mizt3r X ($202.09 in chips)
Seat 6: SirRomanov ($104.14 in chips)
Mizt3r X: posts small blind $1
SirRomanov: posts big blind $3
*** HOLE CARDS ***
Mizt3r X: raises $3 to $6
SirRomanov: folds
Uncalled bet ($3) returned to Mizt3r X
Mizt3r X collected $6 from pot
*** SUMMARY ***
Total pot $6 | Rake $0
Seat 5: Mizt3r X (button) (small blind) collected ($6)
Seat 6: SirRomanov (big blind) folded before Flop


PokerStars Hand #152313544460:  Hold'em Limit ($3/$6 USD) - 2016/04/23 2:21:13 ET
Table 'Stentor II' 10-max Seat #5 is the button
Seat 5: Mizt3r X ($183.09 in chips)
Seat 6: SirRomanov ($122.64 in chips)
Mizt3r X: posts small blind $1
SirRomanov: posts big blind $3
*** HOLE CARDS ***
happyshine88 joins the table at seat #7
Mizt3r X: raises $3 to $6
SirRomanov: calls $3
*** FLOP *** [Ah Ts Qc]
SirRomanov: checks
Mizt3r X: bets $3
SirRomanov: calls $3
*** TURN *** [Ah Ts Qc] [Jh]
SirRomanov: checks
Mizt3r X: checks
*** RIVER *** [Ah Ts Qc Jh] [Ad]
SirRomanov: checks
Mizt3r X: bets $6
SirRomanov: calls $6
*** SHOW DOWN ***
Mizt3r X: shows [Tc As] (a full house, Aces full of Tens)
SirRomanov: mucks hand
Mizt3r X collected $29.50 from pot
*** SUMMARY ***
Total pot $30 | Rake $0.50
Board [Ah Ts Qc Jh Ad]
Seat 5: Mizt3r X (button) (small blind) showed [Tc As] and won ($29.50) with a full house, Aces full of Tens
Seat 6: SirRomanov (big blind) mucked


PokerStars Hand #152313565352:  Hold'em Limit ($3/$6 USD) - 2016/04/23 2:22:26 ET
Table 'Stentor II' 10-max Seat #7 is the button
Seat 6: SirRomanov ($140.48 in chips)
Seat 7: happyshine88 ($86 in chips)
happyshine88: posts small blind $1
SirRomanov: posts big blind $3
*** HOLE CARDS ***
happyshine88: folds
Uncalled bet ($2) returned to SirRomanov
SirRomanov collected $2 from pot
SirRomanov: doesn't show hand
Mizt3r X joins the table at seat #5
*** SUMMARY ***
Total pot $2 | Rake $0
Seat 6: SirRomanov (big blind) collected ($2)
Seat 7: happyshine88 (button) (small blind) folded before Flop


PokerStars Hand #152313567355:  Hold'em Limit ($3/$6 USD) - 2016/04/23 2:22:32 ET
Table 'Stentor II' 10-max Seat #6 is the button
Seat 6: SirRomanov ($141.48 in chips)
Seat 7: happyshine88 ($85 in chips)
SirRomanov: posts small blind $1
happyshine88: posts big blind $3
*** HOLE CARDS ***
SirRomanov: raises $3 to $6
happyshine88: folds
Uncalled bet ($3) returned to SirRomanov
SirRomanov collected $6 from pot
SirRomanov: doesn't show hand
*** SUMMARY ***
Total pot $6 | Rake $0
Seat 6: SirRomanov (button) (small blind) collected ($6)
Seat 7: happyshine88 (big blind) folded before Flop


PokerStars Hand #152313930469:  Hold'em Limit ($3/$6 USD) - 2016/04/23 2:43:16 ET
Table 'Stentor II' 10-max Seat #6 is the button
Seat 5: Mizt3r X ($199.27 in chips)
Seat 6: SirRomanov ($75.61 in chips)
SirRomanov: posts small blind $1
__P0o_P0o__: is sitting out
Mizt3r X: posts big blind $3
*** HOLE CARDS ***
__P0o_P0o__ leaves the table
SirRomanov: folds
Uncalled bet ($2) returned to Mizt3r X
Mizt3r X collected $2 from pot
*** SUMMARY ***
Total pot $2 | Rake $0
Seat 5: Mizt3r X (big blind) collected ($2)
Seat 6: SirRomanov (button) (small blind) folded before Flop


PokerStars Hand #152313932122:  Hold'em Limit ($3/$6 USD) - 2016/04/23 2:43:22 ET
Table 'Stentor II' 10-max Seat #5 is the button
Seat 5: Mizt3r X ($200.27 in chips)
Seat 6: SirRomanov ($74.61 in chips)
Mizt3r X: posts small blind $1
SirRomanov: posts big blind $3
*** HOLE CARDS ***
Mizt3r X: raises $3 to $6
SirRomanov: raises $3 to $9
Mizt3r X: raises $3 to $12
Betting is capped
SirRomanov: calls $3
*** FLOP *** [9h Ks 8c]
SirRomanov: checks
Mizt3r X: bets $3
SirRomanov: calls $3
*** TURN *** [9h Ks 8c] [Ah]
SirRomanov: bets $6
Mizt3r X: calls $6
*** RIVER *** [9h Ks 8c Ah] [7s]
SirRomanov: bets $6
Mizt3r X: calls $6
*** SHOW DOWN ***
SirRomanov: shows [8s As] (two pair, Aces and Eights)
Mizt3r X: mucks hand
SirRomanov collected $53.50 from pot
*** SUMMARY ***
Total pot $54 | Rake $0.50
Board [9h Ks 8c Ah 7s]
Seat 5: Mizt3r X (button) (small blind) mucked
Seat 6: SirRomanov (big blind) showed [8s As] and won ($53.50) with two pair, Aces and Eights


PokerStars Hand #152313940035:  Hold'em Limit ($3/$6 USD) - 2016/04/23 2:43:49 ET
Table 'Stentor II' 10-max Seat #5 is the button
Seat 5: Mizt3r X ($174.27 in chips)
Seat 6: SirRomanov ($100.11 in chips)
Mizt3r X: posts small blind $1
SirRomanov: posts big blind $3
*** HOLE CARDS ***
Mizt3r X: raises $3 to $6
SirRomanov: folds
Uncalled bet ($3) returned to Mizt3r X
Mizt3r X collected $6 from pot
*** SUMMARY ***
Total pot $6 | Rake $0
Seat 5: Mizt3r X (button) (small blind) collected ($6)
Seat 6: SirRomanov (big blind) folded before Flop


PokerStars Hand #152313938797:  Hold'em Limit ($3/$6 USD) - 2016/04/23 2:43:44 ET
Table 'Stentor II' 10-max Seat #6 is the button
Seat 5: Mizt3r X ($173.27 in chips)
Seat 6: SirRomanov ($101.11 in chips)
SirRomanov: posts small blind $1
Mizt3r X: posts big blind $3
*** HOLE CARDS ***
SirRomanov: folds
Uncalled bet ($2) returned to Mizt3r X
Mizt3r X collected $2 from pot
*** SUMMARY ***
Total pot $2 | Rake $0
Seat 5: Mizt3r X (big blind) collected ($2)
Seat 6: SirRomanov (button) (small blind) folded before Flop


PokerStars Hand #152313952797:  Hold'em Limit ($3/$6 USD) - 2016/04/23 2:44:32 ET
Table 'Stentor II' 10-max Seat #5 is the button
Seat 5: Mizt3r X ($165.27 in chips)
Seat 6: SirRomanov ($108.63 in chips)
Mizt3r X: posts small blind $1
SirRomanov: posts big blind $3
*** HOLE CARDS ***
Mizt3r X: folds
Uncalled bet ($2) returned to SirRomanov
SirRomanov collected $2 from pot
SirRomanov: doesn't show hand
*** SUMMARY ***
Total pot $2 | Rake $0
Seat 5: Mizt3r X (button) (small blind) folded before Flop
Seat 6: SirRomanov (big blind) collected ($2)


PokerStars Hand #152313942847:  Hold'em Limit ($3/$6 USD) - 2016/04/23 2:43:58 ET
Table 'Stentor II' 10-max Seat #6 is the button
Seat 5: Mizt3r X ($177.27 in chips)
Seat 6: SirRomanov ($97.11 in chips)
SirRomanov: posts small blind $1
Mizt3r X: posts big blind $3
*** HOLE CARDS ***
SirRomanov: raises $3 to $6
Mizt3r X: raises $3 to $9
SirRomanov: calls $3
*** FLOP *** [5c Js 9c]
Mizt3r X: checks
SirRomanov: bets $3
Mizt3r X: calls $3
*** TURN *** [5c Js 9c] [Qc]
Mizt3r X: checks
SirRomanov: checks
*** RIVER *** [5c Js 9c Qc] [2c]
Mizt3r X: checks
SirRomanov: checks
*** SHOW DOWN ***
Mizt3r X: shows [6s Ad] (high card Ace)
SirRomanov: shows [5d 2d] (two pair, Fives and Deuces)
SirRomanov collected $23.52 from pot
*** SUMMARY ***
Total pot $24 | Rake $0.48
Board [5c Js 9c Qc 2c]
Seat 5: Mizt3r X (big blind) showed [6s Ad] and lost with high card Ace
Seat 6: SirRomanov (button) (small blind) showed [5d 2d] and won ($23.52) with two pair, Fives and Deuces


PokerStars Hand #152313964715:  Hold'em Limit ($3/$6 USD) - 2016/04/23 2:45:12 ET
Table 'Stentor II' 10-max Seat #5 is the button
Seat 5: Mizt3r X ($140.27 in chips)
Seat 6: SirRomanov ($133.13 in chips)
Mizt3r X: posts small blind $1
SirRomanov: posts big blind $3
*** HOLE CARDS ***
Mizt3r X: raises $3 to $6
SirRomanov: calls $3
*** FLOP *** [7c Ks 7h]
SirRomanov: checks
Mizt3r X: bets $3
SirRomanov: folds
Uncalled bet ($3) returned to Mizt3r X
Mizt3r X collected $11.76 from pot
*** SUMMARY ***
Total pot $12 | Rake $0.24
Board [7c Ks 7h]
Seat 5: Mizt3r X (button) (small blind) collected ($11.76)
Seat 6: SirRomanov (big blind) folded on the Flop


PokerStars Hand #152313954117:  Hold'em Limit ($3/$6 USD) - 2016/04/23 2:44:36 ET
Table 'Stentor II' 10-max Seat #6 is the button
Seat 5: Mizt3r X ($164.27 in chips)
Seat 6: SirRomanov ($109.63 in chips)
SirRomanov: posts small blind $1
Mizt3r X: posts big blind $3
*** HOLE CARDS ***
SirRomanov: raises $3 to $6
Mizt3r X: raises $3 to $9
SirRomanov: calls $3
*** FLOP *** [4h Tc 7s]
Mizt3r X: checks
SirRomanov: bets $3
Mizt3r X: calls $3
*** TURN *** [4h Tc 7s] [Ks]
Mizt3r X: checks
SirRomanov: bets $6
Mizt3r X: calls $6
*** RIVER *** [4h Tc 7s Ks] [5c]
Mizt3r X: checks
SirRomanov: bets $6
Mizt3r X: calls $6
*** SHOW DOWN ***
SirRomanov: shows [Jh 7d] (a pair of Sevens)
Mizt3r X: mucks hand
SirRomanov collected $47.50 from pot
*** SUMMARY ***
Total pot $48 | Rake $0.50
Board [4h Tc 7s Ks 5c]
Seat 5: Mizt3r X (big blind) mucked
Seat 6: SirRomanov (button) (small blind) showed [Jh 7d] and won ($47.50) with a pair of Sevens


PokerStars Hand #152313970184:  Hold'em Limit ($3/$6 USD) - 2016/04/23 2:45:30 ET
Table 'Stentor II' 10-max Seat #5 is the button
Seat 5: Mizt3r X ($147.03 in chips)
Seat 6: SirRomanov ($126.13 in chips)
Mizt3r X: posts small blind $1
SirRomanov: posts big blind $3
*** HOLE CARDS ***
Mizt3r X: raises $3 to $6
SirRomanov: calls $3
*** FLOP *** [4d Ah Js]
SirRomanov: checks
Mizt3r X: checks
*** TURN *** [4d Ah Js] [4s]
SirRomanov: checks
Mizt3r X: bets $6
SirRomanov: calls $6
*** RIVER *** [4d Ah Js 4s] [As]
SirRomanov: checks
Mizt3r X: checks
*** SHOW DOWN ***
SirRomanov: shows [5s Jh] (two pair, Aces and Jacks)
Mizt3r X: mucks hand
SirRomanov collected $23.52 from pot
*** SUMMARY ***
Total pot $24 | Rake $0.48
Board [4d Ah Js 4s As]
Seat 5: Mizt3r X (button) (small blind) mucked
Seat 6: SirRomanov (big blind) showed [5s Jh] and won ($23.52) with two pair, Aces and Jacks


PokerStars Hand #152313976804:  Hold'em Limit ($3/$6 USD) - 2016/04/23 2:45:52 ET
Table 'Stentor II' 10-max Seat #6 is the button
Seat 5: Mizt3r X ($135.03 in chips)
Seat 6: SirRomanov ($137.65 in chips)
SirRomanov: posts small blind $1
Mizt3r X: posts big blind $3
*** HOLE CARDS ***
SirRomanov: raises $3 to $6
Mizt3r X: raises $3 to $9
SirRomanov: calls $3
*** FLOP *** [8s Ah 9s]
Mizt3r X: checks
SirRomanov: checks
*** TURN *** [8s Ah 9s] [7s]
Mizt3r X: bets $6
SirRomanov: folds
Uncalled bet ($6) returned to Mizt3r X
Mizt3r X collected $17.64 from pot
*** SUMMARY ***
Total pot $18 | Rake $0.36
Board [8s Ah 9s 7s]
Seat 5: Mizt3r X (big blind) collected ($17.64)
Seat 6: SirRomanov (button) (small blind) folded on the Turn


PokerStars Hand #152313968623:  Hold'em Limit ($3/$6 USD) - 2016/04/23 2:45:25 ET
Table 'Stentor II' 10-max Seat #6 is the button
Seat 5: Mizt3r X ($146.03 in chips)
Seat 6: SirRomanov ($127.13 in chips)
SirRomanov: posts small blind $1
Mizt3r X: posts big blind $3
*** HOLE CARDS ***
SirRomanov: folds
Uncalled bet ($2) returned to Mizt3r X
Mizt3r X collected $2 from pot
*** SUMMARY ***
Total pot $2 | Rake $0
Seat 5: Mizt3r X (big blind) collected ($2)
Seat 6: SirRomanov (button) (small blind) folded before Flop


PokerStars Hand #152313999578:  Hold'em Limit ($3/$6 USD) - 2016/04/23 2:47:09 ET
Table 'Stentor II' 10-max Seat #6 is the button
Seat 5: Mizt3r X ($188.69 in chips)
Seat 6: SirRomanov ($82.65 in chips)
SirRomanov: posts small blind $1
Mizt3r X: posts big blind $3
*** HOLE CARDS ***
SirRomanov: raises $3 to $6
Mizt3r X: calls $3
*** FLOP *** [Ah Qd Tc]
Mizt3r X: bets $3
SirRomanov: calls $3
*** TURN *** [Ah Qd Tc] [Kd]
Mizt3r X: bets $6
SirRomanov: folds
Uncalled bet ($6) returned to Mizt3r X
Mizt3r X collected $17.64 from pot
*** SUMMARY ***
Total pot $18 | Rake $0.36
Board [Ah Qd Tc Kd]
Seat 5: Mizt3r X (big blind) collected ($17.64)
Seat 6: SirRomanov (button) (small blind) folded on the Turn


PokerStars Hand #152313991481:  Hold'em Limit ($3/$6 USD) - 2016/04/23 2:46:42 ET
Table 'Stentor II' 10-max Seat #6 is the button
Seat 5: Mizt3r X ($155.19 in chips)
Seat 6: SirRomanov ($116.65 in chips)
SirRomanov: posts small blind $1
Mizt3r X: posts big blind $3
*** HOLE CARDS ***
SirRomanov: folds
Uncalled bet ($2) returned to Mizt3r X
Mizt3r X collected $2 from pot
*** SUMMARY ***
Total pot $2 | Rake $0
Seat 5: Mizt3r X (big blind) collected ($2)
Seat 6: SirRomanov (button) (small blind) folded before Flop


PokerStars Hand #152313982621:  Hold'em Limit ($3/$6 USD) - 2016/04/23 2:46:12 ET
Table 'Stentor II' 10-max Seat #5 is the button
Seat 5: Mizt3r X ($143.67 in chips)
Seat 6: SirRomanov ($128.65 in chips)
Mizt3r X: posts small blind $1
SirRomanov: posts big blind $3
*** HOLE CARDS ***
Mizt3r X: raises $3 to $6
SirRomanov: calls $3
*** FLOP *** [6d Kd As]
SirRomanov: checks
Mizt3r X: checks
*** TURN *** [6d Kd As] [9s]
SirRomanov: checks
Mizt3r X: bets $6
SirRomanov: calls $6
*** RIVER *** [6d Kd As 9s] [3s]
SirRomanov: checks
Mizt3r X: checks
*** SHOW DOWN ***
SirRomanov: shows [Jc 6h] (a pair of Sixes)
Mizt3r X: shows [9d 7c] (a pair of Nines)
Mizt3r X collected $23.52 from pot
*** SUMMARY ***
Total pot $24 | Rake $0.48
Board [6d Kd As 9s 3s]
Seat 5: Mizt3r X (button) (small blind) showed [9d 7c] and won ($23.52) with a pair of Nines
Seat 6: SirRomanov (big blind) showed [Jc 6h] and lost with a pair of Sixes


PokerStars Hand #152313992664:  Hold'em Limit ($3/$6 USD) - 2016/04/23 2:46:46 ET
Table 'Stentor II' 10-max Seat #5 is the button
Seat 5: Mizt3r X ($156.19 in chips)
Seat 6: SirRomanov ($115.65 in chips)
Mizt3r X: posts small blind $1
SirRomanov: posts big blind $3
*** HOLE CARDS ***
Mizt3r X: raises $3 to $6
SirRomanov: raises $3 to $9
Mizt3r X: raises $3 to $12
Betting is capped
SirRomanov: calls $3
*** FLOP *** [5s 4c Ks]
SirRomanov: bets $3
Mizt3r X: raises $3 to $6
SirRomanov: raises $3 to $9
Mizt3r X: calls $3
*** TURN *** [5s 4c Ks] [As]
SirRomanov: bets $6
Mizt3r X: calls $6
*** RIVER *** [5s 4c Ks As] [Jd]
SirRomanov: bets $6
Mizt3r X: raises $6 to $12
SirRomanov: folds
Uncalled bet ($6) returned to Mizt3r X
Mizt3r X collected $65.50 from pot
*** SUMMARY ***
Total pot $66 | Rake $0.50
Board [5s 4c Ks As Jd]
Seat 5: Mizt3r X (button) (small blind) collected ($65.50)
Seat 6: SirRomanov (big blind) folded on the River


PokerStars Hand #152314020921:  Hold'em Limit ($3/$6 USD) - 2016/04/23 2:48:21 ET
Table 'Stentor II' 10-max Seat #6 is the button
Seat 5: Mizt3r X ($170.33 in chips)
Seat 6: SirRomanov ($99.67 in chips)
SirRomanov: posts small blind $1
Mizt3r X: posts big blind $3
*** HOLE CARDS ***
SirRomanov: raises $3 to $6
Mizt3r X: folds
Uncalled bet ($3) returned to SirRomanov
SirRomanov collected $6 from pot
SirRomanov: doesn't show hand
*** SUMMARY ***
Total pot $6 | Rake $0
Seat 5: Mizt3r X (big blind) folded before Flop
Seat 6: SirRomanov (button) (small blind) collected ($6)


PokerStars Hand #152314018801:  Hold'em Limit ($3/$6 USD) - 2016/04/23 2:48:14 ET
Table 'Stentor II' 10-max Seat #5 is the button
Seat 5: Mizt3r X ($167.33 in chips)
Seat 6: SirRomanov ($102.67 in chips)
Mizt3r X: posts small blind $1
SirRomanov: posts big blind $3
*** HOLE CARDS ***
Mizt3r X: raises $3 to $6
SirRomanov: folds
Uncalled bet ($3) returned to Mizt3r X
Mizt3r X collected $6 from pot
*** SUMMARY ***
Total pot $6 | Rake $0
Seat 5: Mizt3r X (button) (small blind) collected ($6)
Seat 6: SirRomanov (big blind) folded before Flop


PokerStars Hand #152314003772:  Hold'em Limit ($3/$6 USD) - 2016/04/23 2:47:23 ET
Table 'Stentor II' 10-max Seat #5 is the button
Seat 5: Mizt3r X ($197.33 in chips)
Seat 6: SirRomanov ($73.65 in chips)
Mizt3r X: posts small blind $1
SirRomanov: posts big blind $3
*** HOLE CARDS ***
Mizt3r X: raises $3 to $6
SirRomanov: raises $3 to $9
Mizt3r X: calls $3
*** FLOP *** [6d 6h Js]
SirRomanov: bets $3
Mizt3r X: calls $3
*** TURN *** [6d 6h Js] [Jh]
SirRomanov: checks
Mizt3r X: checks
*** RIVER *** [6d 6h Js Jh] [5d]
SirRomanov: checks
Mizt3r X: checks
*** SHOW DOWN ***
SirRomanov: shows [9s Ks] (two pair, Jacks and Sixes)
Mizt3r X: mucks hand
SirRomanov collected $23.52 from pot
*** SUMMARY ***
Total pot $24 | Rake $0.48
Board [6d 6h Js Jh 5d]
Seat 5: Mizt3r X (button) (small blind) mucked
Seat 6: SirRomanov (big blind) showed [9s Ks] and won ($23.52) with two pair, Jacks and Sixes


PokerStars Hand #152314033172:  Hold'em Limit ($3/$6 USD) - 2016/04/23 2:49:02 ET
Table 'Stentor II' 10-max Seat #6 is the button
Seat 5: Mizt3r X ($141.33 in chips)
Seat 6: SirRomanov ($128.17 in chips)
SirRomanov: posts small blind $1
Mizt3r X: posts big blind $3
*** HOLE CARDS ***
SirRomanov: raises $3 to $6
Mizt3r X: folds
Uncalled bet ($3) returned to SirRomanov
SirRomanov collected $6 from pot
SirRomanov: doesn't show hand
*** SUMMARY ***
Total pot $6 | Rake $0
Seat 5: Mizt3r X (big blind) folded before Flop
Seat 6: SirRomanov (button) (small blind) collected ($6)


PokerStars Hand #152314031685:  Hold'em Limit ($3/$6 USD) - 2016/04/23 2:48:57 ET
Table 'Stentor II' 10-max Seat #5 is the button
Seat 5: Mizt3r X ($142.33 in chips)
Seat 6: SirRomanov ($127.17 in chips)
Mizt3r X: posts small blind $1
SirRomanov: posts big blind $3
*** HOLE CARDS ***
Mizt3r X: folds
Uncalled bet ($2) returned to SirRomanov
SirRomanov collected $2 from pot
SirRomanov: doesn't show hand
*** SUMMARY ***
Total pot $2 | Rake $0
Seat 5: Mizt3r X (button) (small blind) folded before Flop
Seat 6: SirRomanov (big blind) collected ($2)


PokerStars Hand #152314023127:  Hold'em Limit ($3/$6 USD) - 2016/04/23 2:48:28 ET
Table 'Stentor II' 10-max Seat #5 is the button
Seat 5: Mizt3r X ($167.33 in chips)
Seat 6: SirRomanov ($102.67 in chips)
Mizt3r X: posts small blind $1
SirRomanov: posts big blind $3
*** HOLE CARDS ***
Mizt3r X: folds
Uncalled bet ($2) returned to SirRomanov
SirRomanov collected $2 from pot
SirRomanov: doesn't show hand
*** SUMMARY ***
Total pot $2 | Rake $0
Seat 5: Mizt3r X (button) (small blind) folded before Flop
Seat 6: SirRomanov (big blind) collected ($2)


PokerStars Hand #152314025569:  Hold'em Limit ($3/$6 USD) - 2016/04/23 2:48:37 ET
Table 'Stentor II' 10-max Seat #6 is the button
Seat 5: Mizt3r X ($166.33 in chips)
Seat 6: SirRomanov ($103.67 in chips)
SirRomanov: posts small blind $1
Mizt3r X: posts big blind $3
*** HOLE CARDS ***
SirRomanov: raises $3 to $6
Mizt3r X: calls $3
*** FLOP *** [6d 2s Tc]
Mizt3r X: checks
SirRomanov: bets $3
Mizt3r X: raises $3 to $6
SirRomanov: calls $3
*** TURN *** [6d 2s Tc] [6h]
Mizt3r X: bets $6
SirRomanov: calls $6
*** RIVER *** [6d 2s Tc 6h] [9d]
Mizt3r X: bets $6
SirRomanov: calls $6
*** SHOW DOWN ***
Mizt3r X: shows [5c 4d] (a pair of Sixes)
SirRomanov: shows [8s Ah] (a pair of Sixes - Ace kicker)
SirRomanov collected $47.50 from pot
*** SUMMARY ***
Total pot $48 | Rake $0.50
Board [6d 2s Tc 6h 9d]
Seat 5: Mizt3r X (big blind) showed [5c 4d] and lost with a pair of Sixes
Seat 6: SirRomanov (button) (small blind) showed [8s Ah] and won ($47.50) with a pair of Sixes


PokerStars Hand #152314034711:  Hold'em Limit ($3/$6 USD) - 2016/04/23 2:49:07 ET
Table 'Stentor II' 10-max Seat #5 is the button
Seat 5: Mizt3r X ($138.33 in chips)
Seat 6: SirRomanov ($131.17 in chips)
Mizt3r X: posts small blind $1
SirRomanov: posts big blind $3
*** HOLE CARDS ***
Mizt3r X: raises $3 to $6
SirRomanov: raises $3 to $9
Mizt3r X: calls $3
*** FLOP *** [6d Kd 3d]
SirRomanov: bets $3
happyshine88 was removed from the table for failing to post
Mizt3r X: folds
Uncalled bet ($3) returned to SirRomanov
SirRomanov collected $17.64 from pot
SirRomanov: doesn't show hand
*** SUMMARY ***
Total pot $18 | Rake $0.36
Board [6d Kd 3d]
Seat 5: Mizt3r X (button) (small blind) folded on the Flop
Seat 6: SirRomanov (big blind) collected ($17.64)


PokerStars Hand #152314038981:  Hold'em Limit ($3/$6 USD) - 2016/04/23 2:49:21 ET
Table 'Stentor II' 10-max Seat #6 is the button
Seat 5: Mizt3r X ($129.33 in chips)
Seat 6: SirRomanov ($139.81 in chips)
SirRomanov: posts small blind $1
Mizt3r X: posts big blind $3
*** HOLE CARDS ***
SirRomanov: raises $3 to $6
Mizt3r X: raises $3 to $9
SirRomanov: calls $3
*** FLOP *** [6c Ac 3d]
Mizt3r X: bets $3
SirRomanov: calls $3
*** TURN *** [6c Ac 3d] [Jc]
Mizt3r X: bets $6
SirRomanov: folds
Uncalled bet ($6) returned to Mizt3r X
Mizt3r X collected $23.52 from pot
*** SUMMARY ***
Total pot $24 | Rake $0.48
Board [6c Ac 3d Jc]
Seat 5: Mizt3r X (big blind) collected ($23.52)
Seat 6: SirRomanov (button) (small blind) folded on the Turn


PokerStars Hand #152314044552:  Hold'em Limit ($3/$6 USD) - 2016/04/23 2:49:40 ET
Table 'Stentor II' 10-max Seat #6 is the button
Seat 5: Mizt3r X ($139.85 in chips)
Seat 6: SirRomanov ($128.81 in chips)
SirRomanov: posts small blind $1
Mizt3r X: posts big blind $3
*** HOLE CARDS ***
SirRomanov: raises $3 to $6
Mizt3r X: folds
Uncalled bet ($3) returned to SirRomanov
SirRomanov collected $6 from pot
SirRomanov: doesn't show hand
*** SUMMARY ***
Total pot $6 | Rake $0
Seat 5: Mizt3r X (big blind) folded before Flop
Seat 6: SirRomanov (button) (small blind) collected ($6)


PokerStars Hand #152314056337:  Hold'em Limit ($3/$6 USD) - 2016/04/23 2:50:20 ET
Table 'Stentor II' 10-max Seat #6 is the button
Seat 5: Mizt3r X ($109.85 in chips)
Seat 6: SirRomanov ($158.31 in chips)
SirRomanov: posts small blind $1
Mizt3r X: posts big blind $3
*** HOLE CARDS ***
SirRomanov: folds
Uncalled bet ($2) returned to Mizt3r X
Mizt3r X collected $2 from pot
*** SUMMARY ***
Total pot $2 | Rake $0
Seat 5: Mizt3r X (big blind) collected ($2)
Seat 6: SirRomanov (button) (small blind) folded before Flop


PokerStars Hand #152314047375:  Hold'em Limit ($3/$6 USD) - 2016/04/23 2:49:49 ET
Table 'Stentor II' 10-max Seat #5 is the button
Seat 5: Mizt3r X ($136.85 in chips)
Seat 6: SirRomanov ($131.81 in chips)
Mizt3r X: posts small blind $1
SirRomanov: posts big blind $3
*** HOLE CARDS ***
Mizt3r X: raises $3 to $6
SirRomanov: raises $3 to $9
Mizt3r X: raises $3 to $12
Betting is capped
SirRomanov: calls $3
*** FLOP *** [9c 4h Kc]
SirRomanov: checks
Mizt3r X: bets $3
SirRomanov: calls $3
*** TURN *** [9c 4h Kc] [8h]
SirRomanov: checks
Mizt3r X: bets $6
SirRomanov: calls $6
*** RIVER *** [9c 4h Kc 8h] [8d]
SirRomanov: checks
Mizt3r X: bets $6
SirRomanov: calls $6
*** SHOW DOWN ***
Mizt3r X: shows [4d 2d] (two pair, Eights and Fours)
SirRomanov: shows [9d Td] (two pair, Nines and Eights)
SirRomanov collected $53.50 from pot
*** SUMMARY ***
Total pot $54 | Rake $0.50
Board [9c 4h Kc 8h 8d]
Seat 5: Mizt3r X (button) (small blind) showed [4d 2d] and lost with two pair, Eights and Fours
Seat 6: SirRomanov (big blind) showed [9d Td] and won ($53.50) with two pair, Nines and Eights


PokerStars Hand #152314043277:  Hold'em Limit ($3/$6 USD) - 2016/04/23 2:49:36 ET
Table 'Stentor II' 10-max Seat #5 is the button
Seat 5: Mizt3r X ($140.85 in chips)
Seat 6: SirRomanov ($127.81 in chips)
Mizt3r X: posts small blind $1
SirRomanov: posts big blind $3
*** HOLE CARDS ***
Mizt3r X: folds
Uncalled bet ($2) returned to SirRomanov
SirRomanov collected $2 from pot
SirRomanov: doesn't show hand
*** SUMMARY ***
Total pot $2 | Rake $0
Seat 5: Mizt3r X (button) (small blind) folded before Flop
Seat 6: SirRomanov (big blind) collected ($2)


PokerStars Hand #152314064509:  Hold'em Limit ($3/$6 USD) - 2016/04/23 2:50:47 ET
Table 'Stentor II' 10-max Seat #6 is the button
Seat 5: Mizt3r X ($120.61 in chips)
Seat 6: SirRomanov ($147.31 in chips)
SirRomanov: posts small blind $1
Mizt3r X: posts big blind $3
*** HOLE CARDS ***
SirRomanov: raises $3 to $6
Mizt3r X: calls $3
*** FLOP *** [Ah 5h 8d]
Mizt3r X: checks
SirRomanov: bets $3
Mizt3r X: raises $3 to $6
SirRomanov: calls $3
*** TURN *** [Ah 5h 8d] [7h]
Mizt3r X: checks
SirRomanov: bets $6
Mizt3r X: calls $6
*** RIVER *** [Ah 5h 8d 7h] [Jh]
Mizt3r X: checks
SirRomanov: bets $6
Mizt3r X: calls $6
*** SHOW DOWN ***
SirRomanov: shows [Ad 2h] (a flush, Ace high)
Mizt3r X: shows [9h 7s] (a flush, Ace high - Nine higher)
Mizt3r X collected $47.50 from pot
*** SUMMARY ***
Total pot $48 | Rake $0.50
Board [Ah 5h 8d 7h Jh]
Seat 5: Mizt3r X (big blind) showed [9h 7s] and won ($47.50) with a flush, Ace high
Seat 6: SirRomanov (button) (small blind) showed [Ad 2h] and lost with a flush, Ace high


PokerStars Hand #152314071255:  Hold'em Limit ($3/$6 USD) - 2016/04/23 2:51:09 ET
Table 'Stentor II' 10-max Seat #5 is the button
Seat 5: Mizt3r X ($144.11 in chips)
Seat 6: SirRomanov ($123.31 in chips)
Mizt3r X: posts small blind $1
SirRomanov: posts big blind $3
*** HOLE CARDS ***
Mizt3r X: raises $3 to $6
SirRomanov: raises $3 to $9
Mizt3r X: calls $3
*** FLOP *** [Qd Kh 7s]
SirRomanov: bets $3
Mizt3r X: calls $3
*** TURN *** [Qd Kh 7s] [Th]
SirRomanov: checks
Mizt3r X: bets $6
SirRomanov: calls $6
*** RIVER *** [Qd Kh 7s Th] [5c]
SirRomanov: checks
Mizt3r X: checks
*** SHOW DOWN ***
SirRomanov: shows [Jc 7c] (a pair of Sevens)
Mizt3r X: shows [9c Td] (a pair of Tens)
Mizt3r X collected $35.50 from pot
*** SUMMARY ***
Total pot $36 | Rake $0.50
Board [Qd Kh 7s Th 5c]
Seat 5: Mizt3r X (button) (small blind) showed [9c Td] and won ($35.50) with a pair of Tens
Seat 6: SirRomanov (big blind) showed [Jc 7c] and lost with a pair of Sevens


PokerStars Hand #152314059896:  Hold'em Limit ($3/$6 USD) - 2016/04/23 2:50:31 ET
Table 'Stentor II' 10-max Seat #6 is the button
Seat 5: Mizt3r X ($113.85 in chips)
Seat 6: SirRomanov ($154.31 in chips)
SirRomanov: posts small blind $1
Mizt3r X: posts big blind $3
*** HOLE CARDS ***
SirRomanov: folds
Uncalled bet ($2) returned to Mizt3r X
Mizt3r X collected $2 from pot
*** SUMMARY ***
Total pot $2 | Rake $0
Seat 5: Mizt3r X (big blind) collected ($2)
Seat 6: SirRomanov (button) (small blind) folded before Flop


PokerStars Hand #152314057714:  Hold'em Limit ($3/$6 USD) - 2016/04/23 2:50:24 ET
Table 'Stentor II' 10-max Seat #5 is the button
Seat 5: Mizt3r X ($110.85 in chips)
Seat 6: SirRomanov ($157.31 in chips)
Mizt3r X: posts small blind $1
SirRomanov: posts big blind $3
*** HOLE CARDS ***
Mizt3r X: raises $3 to $6
SirRomanov: folds
Uncalled bet ($3) returned to Mizt3r X
Mizt3r X collected $6 from pot
*** SUMMARY ***
Total pot $6 | Rake $0
Seat 5: Mizt3r X (button) (small blind) collected ($6)
Seat 6: SirRomanov (big blind) folded before Flop


PokerStars Hand #152314061052:  Hold'em Limit ($3/$6 USD) - 2016/04/23 2:50:35 ET
Table 'Stentor II' 10-max Seat #5 is the button
Seat 5: Mizt3r X ($114.85 in chips)
Seat 6: SirRomanov ($153.31 in chips)
Mizt3r X: posts small blind $1
SirRomanov: posts big blind $3
*** HOLE CARDS ***
Mizt3r X: raises $3 to $6
SirRomanov: calls $3
*** FLOP *** [Ks 3d Td]
SirRomanov: checks
Mizt3r X: bets $3
SirRomanov: folds
Uncalled bet ($3) returned to Mizt3r X
Mizt3r X collected $11.76 from pot
*** SUMMARY ***
Total pot $12 | Rake $0.24
Board [Ks 3d Td]
Seat 5: Mizt3r X (button) (small blind) collected ($11.76)
Seat 6: SirRomanov (big blind) folded on the Flop


PokerStars Hand #152314086359:  Hold'em Limit ($3/$6 USD) - 2016/04/23 2:51:59 ET
Table 'Stentor II' 10-max Seat #5 is the button
Seat 5: Mizt3r X ($183.11 in chips)
Seat 6: SirRomanov ($83.31 in chips)
Mizt3r X: posts small blind $1
SirRomanov: posts big blind $3
*** HOLE CARDS ***
Mizt3r X: raises $3 to $6
SirRomanov: calls $3
*** FLOP *** [Jd Jc 4d]
SirRomanov: checks
Mizt3r X: bets $3
SirRomanov: folds
Uncalled bet ($3) returned to Mizt3r X
Mizt3r X collected $11.76 from pot
*** SUMMARY ***
Total pot $12 | Rake $0.24
Board [Jd Jc 4d]
Seat 5: Mizt3r X (button) (small blind) collected ($11.76)
Seat 6: SirRomanov (big blind) folded on the Flop


PokerStars Hand #152314084694:  Hold'em Limit ($3/$6 USD) - 2016/04/23 2:51:54 ET
Table 'Stentor II' 10-max Seat #6 is the button
Seat 5: Mizt3r X ($186.11 in chips)
Seat 6: SirRomanov ($80.31 in chips)
SirRomanov: posts small blind $1
Mizt3r X: posts big blind $3
*** HOLE CARDS ***
SirRomanov: raises $3 to $6
Mizt3r X: folds
Uncalled bet ($3) returned to SirRomanov
SirRomanov collected $6 from pot
SirRomanov: doesn't show hand
*** SUMMARY ***
Total pot $6 | Rake $0
Seat 5: Mizt3r X (big blind) folded before Flop
Seat 6: SirRomanov (button) (small blind) collected ($6)


PokerStars Hand #152314077148:  Hold'em Limit ($3/$6 USD) - 2016/04/23 2:51:29 ET
Table 'Stentor II' 10-max Seat #6 is the button
Seat 5: Mizt3r X ($161.61 in chips)
Seat 6: SirRomanov ($105.31 in chips)
SirRomanov: posts small blind $1
Mizt3r X: posts big blind $3
*** HOLE CARDS ***
SirRomanov: folds
Uncalled bet ($2) returned to Mizt3r X
Mizt3r X collected $2 from pot
*** SUMMARY ***
Total pot $2 | Rake $0
Seat 5: Mizt3r X (big blind) collected ($2)
Seat 6: SirRomanov (button) (small blind) folded before Flop


PokerStars Hand #152314078270:  Hold'em Limit ($3/$6 USD) - 2016/04/23 2:51:33 ET
Table 'Stentor II' 10-max Seat #5 is the button
Seat 5: Mizt3r X ($162.61 in chips)
Seat 6: SirRomanov ($104.31 in chips)
Mizt3r X: posts small blind $1
SirRomanov: posts big blind $3
*** HOLE CARDS ***
Mizt3r X: raises $3 to $6
SirRomanov: calls $3
*** FLOP *** [4h 4d 3d]
SirRomanov: checks
Mizt3r X: bets $3
SirRomanov: raises $3 to $6
Mizt3r X: calls $3
*** TURN *** [4h 4d 3d] [5d]
SirRomanov: bets $6
Mizt3r X: calls $6
*** RIVER *** [4h 4d 3d 5d] [6c]
SirRomanov: bets $6
Mizt3r X: calls $6
*** SHOW DOWN ***
SirRomanov: shows [3h Jh] (two pair, Fours and Threes)
Mizt3r X: shows [7h Ad] (a straight, Three to Seven)
Mizt3r X collected $47.50 from pot
*** SUMMARY ***
Total pot $48 | Rake $0.50
Board [4h 4d 3d 5d 6c]
Seat 5: Mizt3r X (button) (small blind) showed [7h Ad] and won ($47.50) with a straight, Three to Seven
Seat 6: SirRomanov (big blind) showed [3h Jh] and lost with two pair, Fours and Threes


PokerStars Hand #152314105347:  Hold'em Limit ($3/$6 USD) - 2016/04/23 2:53:03 ET
Table 'Stentor II' 10-max Seat #5 is the button
Seat 5: Mizt3r X ($167.87 in chips)
Seat 6: SirRomanov ($97.81 in chips)
Mizt3r X: posts small blind $1
SirRomanov: posts big blind $3
*** HOLE CARDS ***
Mizt3r X: raises $3 to $6
SirRomanov: raises $3 to $9
Mizt3r X: calls $3
*** FLOP *** [Ac Qs 3h]
SirRomanov: bets $3
Mizt3r X: calls $3
*** TURN *** [Ac Qs 3h] [4c]
SirRomanov: checks
Mizt3r X: bets $6
SirRomanov: calls $6
*** RIVER *** [Ac Qs 3h 4c] [2c]
SirRomanov: checks
Mizt3r X: bets $6
SirRomanov: calls $6
*** SHOW DOWN ***
Mizt3r X: shows [As 5c] (a straight, Ace to Five)
SirRomanov: mucks hand
Mizt3r X collected $47.50 from pot
*** SUMMARY ***
Total pot $48 | Rake $0.50
Board [Ac Qs 3h 4c 2c]
Seat 5: Mizt3r X (button) (small blind) showed [As 5c] and won ($47.50) with a straight, Ace to Five
Seat 6: SirRomanov (big blind) mucked


PokerStars Hand #152314103944:  Hold'em Limit ($3/$6 USD) - 2016/04/23 2:52:58 ET
Table 'Stentor II' 10-max Seat #6 is the button
Seat 5: Mizt3r X ($166.87 in chips)
Seat 6: SirRomanov ($98.81 in chips)
SirRomanov: posts small blind $1
Mizt3r X: posts big blind $3
*** HOLE CARDS ***
SirRomanov: folds
Uncalled bet ($2) returned to Mizt3r X
Mizt3r X collected $2 from pot
*** SUMMARY ***
Total pot $2 | Rake $0
Seat 5: Mizt3r X (big blind) collected ($2)
Seat 6: SirRomanov (button) (small blind) folded before Flop


PokerStars Hand #152314102465:  Hold'em Limit ($3/$6 USD) - 2016/04/23 2:52:53 ET
Table 'Stentor II' 10-max Seat #5 is the button
Seat 5: Mizt3r X ($167.87 in chips)
Seat 6: SirRomanov ($97.81 in chips)
Mizt3r X: posts small blind $1
SirRomanov: posts big blind $3
*** HOLE CARDS ***
Mizt3r X: folds
Uncalled bet ($2) returned to SirRomanov
SirRomanov collected $2 from pot
SirRomanov: doesn't show hand
*** SUMMARY ***
Total pot $2 | Rake $0
Seat 5: Mizt3r X (button) (small blind) folded before Flop
Seat 6: SirRomanov (big blind) collected ($2)


PokerStars Hand #152314129111:  Hold'em Limit ($3/$6 USD) - 2016/04/23 2:54:23 ET
Table 'Stentor II' 10-max Seat #6 is the button
Seat 5: Mizt3r X ($205.87 in chips)
Seat 6: SirRomanov ($73 in chips)
SirRomanov: posts small blind $1
Mizt3r X: posts big blind $3
*** HOLE CARDS ***
SirRomanov: folds
Uncalled bet ($2) returned to Mizt3r X
Mizt3r X collected $2 from pot
*** SUMMARY ***
Total pot $2 | Rake $0
Seat 5: Mizt3r X (big blind) collected ($2)
Seat 6: SirRomanov (button) (small blind) folded before Flop


PokerStars Hand #152314126678:  Hold'em Limit ($3/$6 USD) - 2016/04/23 2:54:15 ET
Table 'Stentor II' 10-max Seat #5 is the button
Seat 5: Mizt3r X ($206.87 in chips)
Seat 6: SirRomanov ($72 in chips)
Mizt3r X: posts small blind $1
SirRomanov: posts big blind $3
*** HOLE CARDS ***
Mizt3r X: folds
Uncalled bet ($2) returned to SirRomanov
SirRomanov collected $2 from pot
SirRomanov: doesn't show hand
*** SUMMARY ***
Total pot $2 | Rake $0
Seat 5: Mizt3r X (button) (small blind) folded before Flop
Seat 6: SirRomanov (big blind) collected ($2)


PokerStars Hand #152314122751:  Hold'em Limit ($3/$6 USD) - 2016/04/23 2:54:02 ET
Table 'Stentor II' 10-max Seat #6 is the button
Seat 5: Mizt3r X ($205.87 in chips)
Seat 6: SirRomanov ($72 in chips)
SirRomanov: posts small blind $1
Mizt3r X: posts big blind $3
*** HOLE CARDS ***
SirRomanov: folds
Uncalled bet ($2) returned to Mizt3r X
Mizt3r X collected $2 from pot
*** SUMMARY ***
Total pot $2 | Rake $0
Seat 5: Mizt3r X (big blind) collected ($2)
Seat 6: SirRomanov (button) (small blind) folded before Flop


PokerStars Hand #152314115376:  Hold'em Limit ($3/$6 USD) - 2016/04/23 2:53:37 ET
Table 'Stentor II' 10-max Seat #5 is the button
Seat 5: Mizt3r X ($188.37 in chips)
Seat 6: SirRomanov ($76.81 in chips)
Mizt3r X: posts small blind $1
SirRomanov: posts big blind $3
*** HOLE CARDS ***
Mizt3r X: raises $3 to $6
SirRomanov: calls $3
*** FLOP *** [8s 2s 3s]
SirRomanov: checks
Mizt3r X: bets $3
SirRomanov: raises $3 to $6
Mizt3r X: calls $3
*** TURN *** [8s 2s 3s] [7s]
SirRomanov: bets $6
Mizt3r X: calls $6
*** RIVER *** [8s 2s 3s 7s] [5c]
SirRomanov: checks
Mizt3r X: checks
*** SHOW DOWN ***
SirRomanov: shows [6h 8d] (a pair of Eights)
Mizt3r X: shows [3c 5s] (a flush, Eight high)
Mizt3r X collected $35.50 from pot
*** SUMMARY ***
Total pot $36 | Rake $0.50
Board [8s 2s 3s 7s 5c]
Seat 5: Mizt3r X (button) (small blind) showed [3c 5s] and won ($35.50) with a flush, Eight high
Seat 6: SirRomanov (big blind) showed [6h 8d] and lost with a pair of Eights


PokerStars Hand #152314112341:  Hold'em Limit ($3/$6 USD) - 2016/04/23 2:53:27 ET
Table 'Stentor II' 10-max Seat #6 is the button
Seat 5: Mizt3r X ($191.37 in chips)
Seat 6: SirRomanov ($73.81 in chips)
SirRomanov: posts small blind $1
Mizt3r X: posts big blind $3
*** HOLE CARDS ***
SirRomanov: raises $3 to $6
Mizt3r X: folds
Uncalled bet ($3) returned to SirRomanov
SirRomanov collected $6 from pot
SirRomanov: doesn't show hand
*** SUMMARY ***
Total pot $6 | Rake $0
Seat 5: Mizt3r X (big blind) folded before Flop
Seat 6: SirRomanov (button) (small blind) collected ($6)


PokerStars Hand #152314125497:  Hold'em Limit ($3/$6 USD) - 2016/04/23 2:54:11 ET
Table 'Stentor II' 10-max Seat #6 is the button
Seat 5: Mizt3r X ($205.87 in chips)
Seat 6: SirRomanov ($73 in chips)
SirRomanov: posts small blind $1
Mizt3r X: posts big blind $3
*** HOLE CARDS ***
SirRomanov: folds
Uncalled bet ($2) returned to Mizt3r X
Mizt3r X collected $2 from pot
*** SUMMARY ***
Total pot $2 | Rake $0
Seat 5: Mizt3r X (big blind) collected ($2)
Seat 6: SirRomanov (button) (small blind) folded before Flop


PokerStars Hand #152314123973:  Hold'em Limit ($3/$6 USD) - 2016/04/23 2:54:06 ET
Table 'Stentor II' 10-max Seat #5 is the button
Seat 5: Mizt3r X ($206.87 in chips)
Seat 6: SirRomanov ($72 in chips)
Mizt3r X: posts small blind $1
SirRomanov: posts big blind $3
*** HOLE CARDS ***
Mizt3r X: folds
Uncalled bet ($2) returned to SirRomanov
SirRomanov collected $2 from pot
SirRomanov: doesn't show hand
*** SUMMARY ***
Total pot $2 | Rake $0
Seat 5: Mizt3r X (button) (small blind) folded before Flop
Seat 6: SirRomanov (big blind) collected ($2)


PokerStars Hand #152314146073:  Hold'em Limit ($3/$6 USD) - 2016/04/23 2:55:22 ET
Table 'Stentor II' 10-max Seat #6 is the button
Seat 5: Mizt3r X ($167.87 in chips)
Seat 6: SirRomanov ($110.14 in chips)
SirRomanov: posts small blind $1
Mizt3r X: posts big blind $3
*** HOLE CARDS ***
SirRomanov: folds
Uncalled bet ($2) returned to Mizt3r X
Mizt3r X collected $2 from pot
*** SUMMARY ***
Total pot $2 | Rake $0
Seat 5: Mizt3r X (big blind) collected ($2)
Seat 6: SirRomanov (button) (small blind) folded before Flop


PokerStars Hand #152314139225:  Hold'em Limit ($3/$6 USD) - 2016/04/23 2:54:57 ET
Table 'Stentor II' 10-max Seat #5 is the button
Seat 5: Mizt3r X ($191.87 in chips)
Seat 6: SirRomanov ($86.64 in chips)
Mizt3r X: posts small blind $1
SirRomanov: posts big blind $3
*** HOLE CARDS ***
Mizt3r X: raises $3 to $6
SirRomanov: calls $3
*** FLOP *** [Td 9c 2h]
SirRomanov: checks
Mizt3r X: bets $3
SirRomanov: raises $3 to $6
Mizt3r X: calls $3
*** TURN *** [Td 9c 2h] [7c]
SirRomanov: bets $6
Mizt3r X: calls $6
*** RIVER *** [Td 9c 2h 7c] [Ts]
SirRomanov: bets $6
Mizt3r X: calls $6
*** SHOW DOWN ***
SirRomanov: shows [Tc 5c] (three of a kind, Tens)
Mizt3r X: mucks hand
SirRomanov collected $47.50 from pot
*** SUMMARY ***
Total pot $48 | Rake $0.50
Board [Td 9c 2h 7c Ts]
Seat 5: Mizt3r X (button) (small blind) mucked
Seat 6: SirRomanov (big blind) showed [Tc 5c] and won ($47.50) with three of a kind, Tens


PokerStars Hand #152314130252:  Hold'em Limit ($3/$6 USD) - 2016/04/23 2:54:27 ET
Table 'Stentor II' 10-max Seat #5 is the button
Seat 5: Mizt3r X ($206.87 in chips)
Seat 6: SirRomanov ($72 in chips)
Mizt3r X: posts small blind $1
SirRomanov: posts big blind $3
*** HOLE CARDS ***
Mizt3r X: raises $3 to $6
SirRomanov: raises $3 to $9
Mizt3r X: folds
Uncalled bet ($3) returned to SirRomanov
SirRomanov collected $12 from pot
SirRomanov: doesn't show hand
*** SUMMARY ***
Total pot $12 | Rake $0
Seat 5: Mizt3r X (button) (small blind) folded before Flop
Seat 6: SirRomanov (big blind) collected ($12)


PokerStars Hand #152314133165:  Hold'em Limit ($3/$6 USD) - 2016/04/23 2:54:37 ET
Table 'Stentor II' 10-max Seat #6 is the button
Seat 5: Mizt3r X ($200.87 in chips)
Seat 6: SirRomanov ($78 in chips)
SirRomanov: posts small blind $1
Mizt3r X: posts big blind $3
*** HOLE CARDS ***
SirRomanov: raises $3 to $6
Mizt3r X: calls $3
*** FLOP *** [Td 9s 8h]
Mizt3r X: checks
SirRomanov: bets $3
Mizt3r X: calls $3
*** TURN *** [Td 9s 8h] [Jh]
Mizt3r X: checks
SirRomanov: checks
*** RIVER *** [Td 9s 8h Jh] [Th]
Mizt3r X: checks
SirRomanov: checks
*** SHOW DOWN ***
Mizt3r X: shows [8s 5h] (two pair, Tens and Eights)
SirRomanov: shows [6s 9d] (two pair, Tens and Nines)
SirRomanov collected $17.64 from pot
*** SUMMARY ***
Total pot $18 | Rake $0.36
Board [Td 9s 8h Jh Th]
Seat 5: Mizt3r X (big blind) showed [8s 5h] and lost with two pair, Tens and Eights
Seat 6: SirRomanov (button) (small blind) showed [6s 9d] and won ($17.64) with two pair, Tens and Nines


PokerStars Hand #152314147137:  Hold'em Limit ($3/$6 USD) - 2016/04/23 2:55:26 ET
Table 'Stentor II' 10-max Seat #5 is the button
Seat 5: Mizt3r X ($168.87 in chips)
Seat 6: SirRomanov ($109.14 in chips)
Mizt3r X: posts small blind $1
SirRomanov: posts big blind $3
*** HOLE CARDS ***
Mizt3r X: raises $3 to $6
SirRomanov: raises $3 to $9
Mizt3r X: calls $3
*** FLOP *** [Jd 3d 2d]
SirRomanov: bets $3
Mizt3r X: calls $3
*** TURN *** [Jd 3d 2d] [Th]
SirRomanov: bets $6
Mizt3r X: raises $6 to $12
SirRomanov: raises $6 to $18
Mizt3r X: calls $6
*** RIVER *** [Jd 3d 2d Th] [3s]
SirRomanov: bets $6
Mizt3r X: raises $6 to $12
SirRomanov: calls $6
*** SHOW DOWN ***
Mizt3r X: shows [6d Kd] (a flush, King high)
SirRomanov: mucks hand
Mizt3r X collected $83.50 from pot
*** SUMMARY ***
Total pot $84 | Rake $0.50
Board [Jd 3d 2d Th 3s]
Seat 5: Mizt3r X (button) (small blind) showed [6d Kd] and won ($83.50) with a flush, King high
Seat 6: SirRomanov (big blind) mucked


