PokerStars Hand #147508818525:  Hold'em Limit ($3/$6 USD) - 2016/01/22 19:02:42 ET
Table 'Stentor II' 2-max Seat #1 is the button
Seat 1: DutchGiant26 ($734.01 in chips)
Seat 2: BuzovaPro ($82.64 in chips)
DutchGiant26: posts small blind $1
BuzovaPro: posts big blind $3
*** HOLE CARDS ***
DutchGiant26: raises $3 to $6
BuzovaPro: calls $3
*** FLOP *** [Ts 9c 5d]
BuzovaPro: checks
DutchGiant26: bets $3
BuzovaPro: folds
Uncalled bet ($3) returned to DutchGiant26
DutchGiant26 collected $11.76 from pot
*** SUMMARY ***
Total pot $12 | Rake $0.24
Board [Ts 9c 5d]
Seat 1: DutchGiant26 (button) (small blind) collected ($11.76)
Seat 2: BuzovaPro (big blind) folded on the Flop


PokerStars Hand #147508812413:  Hold'em Limit ($3/$6 USD) - 2016/01/22 19:02:34 ET
Table 'Stentor II' 2-max Seat #2 is the button
Seat 1: DutchGiant26 ($733.01 in chips)
Seat 2: BuzovaPro ($83.64 in chips)
BuzovaPro: posts small blind $1
DutchGiant26: posts big blind $3
*** HOLE CARDS ***
BuzovaPro: folds
Uncalled bet ($2) returned to DutchGiant26
DutchGiant26 collected $2 from pot
*** SUMMARY ***
Total pot $2 | Rake $0
Seat 1: DutchGiant26 (big blind) collected ($2)
Seat 2: BuzovaPro (button) (small blind) folded before Flop


PokerStars Hand #147508887934:  Hold'em Limit ($3/$6 USD) - 2016/01/22 19:04:09 ET
Table 'Stentor II' 2-max Seat #2 is the button
Seat 1: DutchGiant26 ($753.91 in chips)
Seat 2: BuzovaPro ($80.50 in chips)
BuzovaPro: posts small blind $1
DutchGiant26: posts big blind $3
*** HOLE CARDS ***
BuzovaPro: raises $3 to $6
DutchGiant26: calls $3
*** FLOP *** [3s 4d Ah]
DutchGiant26: checks
BuzovaPro: bets $3
DutchGiant26: folds
Uncalled bet ($3) returned to BuzovaPro
BuzovaPro collected $11.76 from pot
BuzovaPro: doesn't show hand
*** SUMMARY ***
Total pot $12 | Rake $0.24
Board [3s 4d Ah]
Seat 1: DutchGiant26 (big blind) folded on the Flop
Seat 2: BuzovaPro (button) (small blind) collected ($11.76)


PokerStars Hand #147508875480:  Hold'em Limit ($3/$6 USD) - 2016/01/22 19:03:53 ET
Table 'Stentor II' 2-max Seat #1 is the button
Seat 1: DutchGiant26 ($745.27 in chips)
Seat 2: BuzovaPro ($89.50 in chips)
DutchGiant26: posts small blind $1
BuzovaPro: posts big blind $3
*** HOLE CARDS ***
DutchGiant26: raises $3 to $6
BuzovaPro: calls $3
*** FLOP *** [8d Jc 5h]
BuzovaPro: checks
DutchGiant26: bets $3
BuzovaPro: calls $3
*** TURN *** [8d Jc 5h] [Ts]
BuzovaPro: checks
DutchGiant26: bets $6
BuzovaPro: folds
Uncalled bet ($6) returned to DutchGiant26
DutchGiant26 collected $17.64 from pot
*** SUMMARY ***
Total pot $18 | Rake $0.36
Board [8d Jc 5h Ts]
Seat 1: DutchGiant26 (button) (small blind) collected ($17.64)
Seat 2: BuzovaPro (big blind) folded on the Turn


PokerStars Hand #147508871044:  Hold'em Limit ($3/$6 USD) - 2016/01/22 19:03:48 ET
Table 'Stentor II' 2-max Seat #2 is the button
Seat 1: DutchGiant26 ($748.27 in chips)
Seat 2: BuzovaPro ($86.50 in chips)
BuzovaPro: posts small blind $1
DutchGiant26: posts big blind $3
*** HOLE CARDS ***
BuzovaPro: raises $3 to $6
DutchGiant26: folds
Uncalled bet ($3) returned to BuzovaPro
BuzovaPro collected $6 from pot
BuzovaPro: doesn't show hand
*** SUMMARY ***
Total pot $6 | Rake $0
Seat 1: DutchGiant26 (big blind) folded before Flop
Seat 2: BuzovaPro (button) (small blind) collected ($6)


PokerStars Hand #147508856103:  Hold'em Limit ($3/$6 USD) - 2016/01/22 19:03:29 ET
Table 'Stentor II' 2-max Seat #1 is the button
Seat 1: DutchGiant26 ($763.27 in chips)
Seat 2: BuzovaPro ($72 in chips)
DutchGiant26: posts small blind $1
BuzovaPro: posts big blind $3
*** HOLE CARDS ***
DutchGiant26: raises $3 to $6
BuzovaPro: calls $3
*** FLOP *** [3s Ks 5h]
BuzovaPro: checks
DutchGiant26: bets $3
BuzovaPro: calls $3
*** TURN *** [3s Ks 5h] [Qd]
BuzovaPro: checks
DutchGiant26: checks
*** RIVER *** [3s Ks 5h Qd] [9c]
BuzovaPro: bets $6
DutchGiant26: calls $6
*** SHOW DOWN ***
BuzovaPro: shows [4c Kc] (a pair of Kings)
DutchGiant26: mucks hand
BuzovaPro collected $29.50 from pot
*** SUMMARY ***
Total pot $30 | Rake $0.50
Board [3s Ks 5h Qd 9c]
Seat 1: DutchGiant26 (button) (small blind) mucked
Seat 2: BuzovaPro (big blind) showed [4c Kc] and won ($29.50) with a pair of Kings


PokerStars Hand #147508833644:  Hold'em Limit ($3/$6 USD) - 2016/01/22 19:03:01 ET
Table 'Stentor II' 2-max Seat #2 is the button
Seat 1: DutchGiant26 ($739.77 in chips)
Seat 2: BuzovaPro ($76.64 in chips)
BuzovaPro: posts small blind $1
DutchGiant26: posts big blind $3
*** HOLE CARDS ***
BuzovaPro: raises $3 to $6
DutchGiant26: calls $3
*** FLOP *** [8c 5d 4s]
DutchGiant26: checks
BuzovaPro: bets $3
DutchGiant26: raises $3 to $6
BuzovaPro: calls $3
*** TURN *** [8c 5d 4s] [Jh]
DutchGiant26: bets $6
BuzovaPro: calls $6
*** RIVER *** [8c 5d 4s Jh] [6d]
DutchGiant26: bets $6
BuzovaPro: calls $6
*** SHOW DOWN ***
DutchGiant26: shows [8h 7c] (a straight, Four to Eight)
BuzovaPro: mucks hand
DutchGiant26 collected $47.50 from pot
*** SUMMARY ***
Total pot $48 | Rake $0.50
Board [8c 5d 4s Jh 6d]
Seat 1: DutchGiant26 (big blind) showed [8h 7c] and won ($47.50) with a straight, Four to Eight
Seat 2: BuzovaPro (button) (small blind) mucked


PokerStars Hand #147508922992:  Hold'em Limit ($3/$6 USD) - 2016/01/22 19:04:53 ET
Table 'Stentor II' 2-max Seat #2 is the button
Seat 1: DutchGiant26 ($752.41 in chips)
Seat 2: BuzovaPro ($81.64 in chips)
BuzovaPro: posts small blind $1
DutchGiant26: posts big blind $3
*** HOLE CARDS ***
BuzovaPro: raises $3 to $6
DutchGiant26: calls $3
*** FLOP *** [Th 2c 5c]
DutchGiant26: checks
BuzovaPro: checks
*** TURN *** [Th 2c 5c] [9s]
DutchGiant26: bets $6
BuzovaPro: calls $6
*** RIVER *** [Th 2c 5c 9s] [3c]
DutchGiant26: bets $6
BuzovaPro: calls $6
*** SHOW DOWN ***
DutchGiant26: shows [5d Qd] (a pair of Fives)
BuzovaPro: mucks hand
DutchGiant26 collected $35.50 from pot
*** SUMMARY ***
Total pot $36 | Rake $0.50
Board [Th 2c 5c 9s 3c]
Seat 1: DutchGiant26 (big blind) showed [5d Qd] and won ($35.50) with a pair of Fives
Seat 2: BuzovaPro (button) (small blind) mucked


PokerStars Hand #147508919565:  Hold'em Limit ($3/$6 USD) - 2016/01/22 19:04:49 ET
Table 'Stentor II' 2-max Seat #1 is the button
Seat 1: DutchGiant26 ($753.41 in chips)
Seat 2: BuzovaPro ($80.64 in chips)
DutchGiant26: posts small blind $1
BuzovaPro: posts big blind $3
*** HOLE CARDS ***
DutchGiant26: folds
Uncalled bet ($2) returned to BuzovaPro
BuzovaPro collected $2 from pot
BuzovaPro: doesn't show hand
*** SUMMARY ***
Total pot $2 | Rake $0
Seat 1: DutchGiant26 (button) (small blind) folded before Flop
Seat 2: BuzovaPro (big blind) collected ($2)


PokerStars Hand #147508907108:  Hold'em Limit ($3/$6 USD) - 2016/01/22 19:04:33 ET
Table 'Stentor II' 2-max Seat #2 is the button
Seat 1: DutchGiant26 ($762.41 in chips)
Seat 2: BuzovaPro ($72 in chips)
BuzovaPro: posts small blind $1
DutchGiant26: posts big blind $3
*** HOLE CARDS ***
BuzovaPro: raises $3 to $6
DutchGiant26: calls $3
*** FLOP *** [7s 7h 4s]
DutchGiant26: checks
BuzovaPro: bets $3
DutchGiant26: calls $3
*** TURN *** [7s 7h 4s] [8d]
DutchGiant26: checks
BuzovaPro: checks
*** RIVER *** [7s 7h 4s 8d] [5d]
DutchGiant26: checks
BuzovaPro: checks
*** SHOW DOWN ***
DutchGiant26: shows [3h 3d] (two pair, Sevens and Threes)
BuzovaPro: shows [Jc 4c] (two pair, Sevens and Fours)
BuzovaPro collected $17.64 from pot
*** SUMMARY ***
Total pot $18 | Rake $0.36
Board [7s 7h 4s 8d 5d]
Seat 1: DutchGiant26 (big blind) showed [3h 3d] and lost with two pair, Sevens and Threes
Seat 2: BuzovaPro (button) (small blind) showed [Jc 4c] and won ($17.64) with two pair, Sevens and Fours


PokerStars Hand #147508895049:  Hold'em Limit ($3/$6 USD) - 2016/01/22 19:04:18 ET
Table 'Stentor II' 2-max Seat #1 is the button
Seat 1: DutchGiant26 ($747.91 in chips)
Seat 2: BuzovaPro ($86.26 in chips)
DutchGiant26: posts small blind $1
BuzovaPro: posts big blind $3
*** HOLE CARDS ***
DutchGiant26: raises $3 to $6
BuzovaPro: calls $3
*** FLOP *** [8h Ts Ah]
BuzovaPro: checks
DutchGiant26: bets $3
BuzovaPro: calls $3
*** TURN *** [8h Ts Ah] [Qs]
BuzovaPro: checks
DutchGiant26: bets $6
BuzovaPro: calls $6
*** RIVER *** [8h Ts Ah Qs] [9c]
BuzovaPro: checks
DutchGiant26: checks
*** SHOW DOWN ***
BuzovaPro: shows [5s 8s] (a pair of Eights)
DutchGiant26: shows [4d Qc] (a pair of Queens)
DutchGiant26 collected $29.50 from pot
*** SUMMARY ***
Total pot $30 | Rake $0.50
Board [8h Ts Ah Qs 9c]
Seat 1: DutchGiant26 (button) (small blind) showed [4d Qc] and won ($29.50) with a pair of Queens
Seat 2: BuzovaPro (big blind) showed [5s 8s] and lost with a pair of Eights


