PokerStars Hand #168266906734:  Hold'em Limit ($3/$6 USD) - 2017/03/29 3:24:03 ET
Table 'Stentor' 6-max Seat #2 is the button
Seat 2: aremom4e ($13 in chips)
Seat 3: BugerDV ($88.28 in chips)
aremom4e: posts small blind $1
BugerDV: posts big blind $3
*** HOLE CARDS ***
aremom4e: raises $3 to $6
BugerDV: raises $3 to $9
aremom4e: calls $3
*** FLOP *** [Qc 5h Ts]
BugerDV: bets $3
aremom4e: calls $3
*** TURN *** [Qc 5h Ts] [Ah]
BugerDV: bets $6
aremom4e: calls $1 and is all-in
Uncalled bet ($5) returned to BugerDV
*** RIVER *** [Qc 5h Ts Ah] [7d]
*** SHOW DOWN ***
BugerDV: shows [Ad 7h] (two pair, Aces and Sevens)
aremom4e: shows [8c As] (a pair of Aces)
BugerDV collected $25.50 from pot
*** SUMMARY ***
Total pot $26 | Rake $0.50
Board [Qc 5h Ts Ah 7d]
Seat 2: aremom4e (button) (small blind) showed [8c As] and lost with a pair of Aces
Seat 3: BugerDV (big blind) showed [Ad 7h] and won ($25.50) with two pair, Aces and Sevens


PokerStars Hand #168266895855:  Hold'em Limit ($3/$6 USD) - 2017/03/29 3:23:25 ET
Table 'Stentor' 6-max Seat #3 is the button
Seat 2: aremom4e ($30 in chips)
Seat 3: BugerDV ($72 in chips)
BugerDV: posts small blind $1
aremom4e: posts big blind $3
*** HOLE CARDS ***
BugerDV: raises $3 to $6
aremom4e: calls $3
*** FLOP *** [3s Jd Tc]
aremom4e: checks
BugerDV: bets $3
aremom4e: folds
Uncalled bet ($3) returned to BugerDV
BugerDV collected $11.76 from pot
BugerDV: doesn't show hand
*** SUMMARY ***
Total pot $12 | Rake $0.24
Board [3s Jd Tc]
Seat 2: aremom4e (big blind) folded on the Flop
Seat 3: BugerDV (button) (small blind) collected ($11.76)


PokerStars Hand #168266905164:  Hold'em Limit ($3/$6 USD) - 2017/03/29 3:23:58 ET
Table 'Stentor' 6-max Seat #3 is the button
Seat 2: aremom4e ($12 in chips)
Seat 3: BugerDV ($89.28 in chips)
BugerDV: posts small blind $1
aremom4e: posts big blind $3
*** HOLE CARDS ***
BugerDV: folds
Uncalled bet ($2) returned to aremom4e
aremom4e collected $2 from pot
aremom4e: doesn't show hand
*** SUMMARY ***
Total pot $2 | Rake $0
Seat 2: aremom4e (big blind) collected ($2)
Seat 3: BugerDV (button) (small blind) folded before Flop


PokerStars Hand #168266900039:  Hold'em Limit ($3/$6 USD) - 2017/03/29 3:23:40 ET
Table 'Stentor' 6-max Seat #2 is the button
Seat 2: aremom4e ($24 in chips)
Seat 3: BugerDV ($77.76 in chips)
aremom4e: posts small blind $1
BugerDV: posts big blind $3
*** HOLE CARDS ***
aremom4e: raises $3 to $6
BugerDV: calls $3
*** FLOP *** [5h 7d 8c]
BugerDV: checks
aremom4e: bets $3
BugerDV: raises $3 to $6
aremom4e: calls $3
*** TURN *** [5h 7d 8c] [4c]
BugerDV: bets $6
aremom4e: folds
Uncalled bet ($6) returned to BugerDV
BugerDV collected $23.52 from pot
BugerDV: doesn't show hand
*** SUMMARY ***
Total pot $24 | Rake $0.48
Board [5h 7d 8c 4c]
Seat 2: aremom4e (button) (small blind) folded on the Turn
Seat 3: BugerDV (big blind) collected ($23.52)


PokerStars Hand #168267314299:  Hold'em Limit ($3/$6 USD) - 2017/03/29 3:47:22 ET
Table 'Stentor' 6-max Seat #2 is the button
Seat 2: aremom4e ($51.75 in chips)
Seat 5: iraten8 ($35.38 in chips)
aremom4e: posts small blind $1
iraten8: posts big blind $3
*** HOLE CARDS ***
TbIP-TbIP 88 joins the table at seat #3
aremom4e: raises $3 to $6
iraten8: calls $3
*** FLOP *** [5s Th 7d]
iraten8: checks
aremom4e: bets $3
iraten8: folds
Uncalled bet ($3) returned to aremom4e
aremom4e collected $11.76 from pot
aremom4e: doesn't show hand
*** SUMMARY ***
Total pot $12 | Rake $0.24
Board [5s Th 7d]
Seat 2: aremom4e (button) (small blind) collected ($11.76)
Seat 5: iraten8 (big blind) folded on the Flop


PokerStars Hand #168267317725:  Hold'em Limit ($3/$6 USD) - 2017/03/29 3:47:33 ET
Table 'Stentor' 6-max Seat #5 is the button
Seat 2: aremom4e ($57.51 in chips)
Seat 5: iraten8 ($29.38 in chips)
iraten8: posts small blind $1
aremom4e: posts big blind $3
*** HOLE CARDS ***
iraten8: raises $3 to $6
aremom4e: calls $3
*** FLOP *** [9h 8c 6d]
aremom4e: checks
iraten8: bets $3
aremom4e: raises $3 to $6
iraten8: calls $3
*** TURN *** [9h 8c 6d] [5s]
aremom4e: bets $6
iraten8: raises $6 to $12
aremom4e: calls $6
*** RIVER *** [9h 8c 6d 5s] [4s]
aremom4e: checks
iraten8: checks
*** SHOW DOWN ***
aremom4e: shows [6c Tc] (a pair of Sixes)
iraten8: shows [Ad 6h] (a pair of Sixes - Ace kicker)
iraten8 collected $47.50 from pot
*** SUMMARY ***
Total pot $48 | Rake $0.50
Board [9h 8c 6d 5s 4s]
Seat 2: aremom4e (big blind) showed [6c Tc] and lost with a pair of Sixes
Seat 5: iraten8 (button) (small blind) showed [Ad 6h] and won ($47.50) with a pair of Sixes


