PokerStars Hand #175624069738:  Hold'em Limit ($3/$6 USD) - 2017/09/14 6:21:16 ET
Table 'Stentor' 6-max Seat #4 is the button
Seat 3: ANIN1337 ($47.75 in chips)
Seat 4: Agrotait ($65.75 in chips)
Agrotait: posts small blind $1
ANIN1337: posts big blind $3
*** HOLE CARDS ***
Agrotait: folds
Uncalled bet ($2) returned to ANIN1337
ANIN1337 collected $2 from pot
*** SUMMARY ***
Total pot $2 | Rake $0
Seat 3: ANIN1337 (big blind) collected ($2)
Seat 4: Agrotait (button) (small blind) folded before Flop


PokerStars Hand #175624051725:  Hold'em Limit ($3/$6 USD) - 2017/09/14 6:20:27 ET
Table 'Stentor' 6-max Seat #3 is the button
Seat 3: ANIN1337 ($48 in chips)
Seat 4: Agrotait ($66 in chips)
ANIN1337: posts small blind $1
Agrotait: posts big blind $3
*** HOLE CARDS ***
ANIN1337: calls $2
Agrotait: checks
*** FLOP *** [4s 9h Ad]
Agrotait: bets $3
ANIN1337: calls $3
*** TURN *** [4s 9h Ad] [2h]
Agrotait: bets $6
ANIN1337: calls $6
*** RIVER *** [4s 9h Ad 2h] [9c]
Agrotait: checks
ANIN1337: bets $6
Agrotait: calls $6
*** SHOW DOWN ***
ANIN1337: shows [4h 3c] (two pair, Nines and Fours)
Agrotait: shows [6s 4d] (two pair, Nines and Fours)
Agrotait collected $17.75 from pot
ANIN1337 collected $17.75 from pot
*** SUMMARY ***
Total pot $36 | Rake $0.50
Board [4s 9h Ad 2h 9c]
Seat 3: ANIN1337 (button) (small blind) showed [4h 3c] and won ($17.75) with two pair, Nines and Fours
Seat 4: Agrotait (big blind) showed [6s 4d] and won ($17.75) with two pair, Nines and Fours


PokerStars Hand #175624072141:  Hold'em Limit ($3/$6 USD) - 2017/09/14 6:21:23 ET
Table 'Stentor' 6-max Seat #3 is the button
Seat 3: ANIN1337 ($48.75 in chips)
Seat 4: Agrotait ($64.75 in chips)
ANIN1337: posts small blind $1
Agrotait: posts big blind $3
*** HOLE CARDS ***
ANIN1337: raises $3 to $6
Agrotait: calls $3
*** FLOP *** [2s 3h 2h]
Agrotait: checks
ANIN1337: bets $3
Agrotait: raises $3 to $6
ANIN1337: calls $3
*** TURN *** [2s 3h 2h] [Ac]
Agrotait: bets $6
ANIN1337: folds
Uncalled bet ($6) returned to Agrotait
Agrotait collected $23.52 from pot
Agrotait: doesn't show hand
*** SUMMARY ***
Total pot $24 | Rake $0.48
Board [2s 3h 2h Ac]
Seat 3: ANIN1337 (button) (small blind) folded on the Turn
Seat 4: Agrotait (big blind) collected ($23.52)


PokerStars Hand #175624096408:  Hold'em Limit ($3/$6 USD) - 2017/09/14 6:22:28 ET
Table 'Stentor' 6-max Seat #3 is the button
Seat 3: ANIN1337 ($54.25 in chips)
Seat 4: Agrotait ($58.27 in chips)
ANIN1337: posts small blind $1
Agrotait: posts big blind $3
*** HOLE CARDS ***
ANIN1337: raises $3 to $6
Agrotait: raises $3 to $9
ANIN1337: calls $3
*** FLOP *** [8s 7s 5s]
Agrotait: checks
ANIN1337: checks
*** TURN *** [8s 7s 5s] [3s]
Agrotait: bets $6
ANIN1337: folds
Uncalled bet ($6) returned to Agrotait
Agrotait collected $17.64 from pot
Agrotait: doesn't show hand
*** SUMMARY ***
Total pot $18 | Rake $0.36
Board [8s 7s 5s 3s]
Seat 3: ANIN1337 (button) (small blind) folded on the Turn
Seat 4: Agrotait (big blind) collected ($17.64)


PokerStars Hand #175624086686:  Hold'em Limit ($3/$6 USD) - 2017/09/14 6:22:02 ET
Table 'Stentor' 6-max Seat #4 is the button
Seat 3: ANIN1337 ($36.75 in chips)
Seat 4: Agrotait ($76.27 in chips)
Agrotait: posts small blind $1
ANIN1337: posts big blind $3
*** HOLE CARDS ***
Agrotait: raises $3 to $6
ANIN1337: raises $3 to $9
andyrr joins the table at seat #2
Agrotait: calls $3
*** FLOP *** [Ts 5s 3c]
ANIN1337: bets $3
Agrotait: calls $3
*** TURN *** [Ts 5s 3c] [Ac]
ANIN1337: bets $6
Agrotait: calls $6
*** RIVER *** [Ts 5s 3c Ac] [9c]
ANIN1337: bets $6
Agrotait: folds
Uncalled bet ($6) returned to ANIN1337
ANIN1337 collected $35.50 from pot
*** SUMMARY ***
Total pot $36 | Rake $0.50
Board [Ts 5s 3c Ac 9c]
Seat 3: ANIN1337 (big blind) collected ($35.50)
Seat 4: Agrotait (button) (small blind) folded on the River


PokerStars Hand #175624263685:  Hold'em Limit ($3/$6 USD) - 2017/09/14 6:29:56 ET
Table 'Stentor' 6-max Seat #4 is the button
Seat 3: NAUTJE1337 ($39 in chips)
Seat 4: Agrotait ($62.19 in chips)
Agrotait: posts small blind $1
NAUTJE1337: posts big blind $3
*** HOLE CARDS ***
Agrotait: folds
Uncalled bet ($2) returned to NAUTJE1337
NAUTJE1337 collected $2 from pot
*** SUMMARY ***
Total pot $2 | Rake $0
Seat 3: NAUTJE1337 (big blind) collected ($2)
Seat 4: Agrotait (button) (small blind) folded before Flop


PokerStars Hand #175624242178:  Hold'em Limit ($3/$6 USD) - 2017/09/14 6:28:59 ET
Table 'Stentor' 6-max Seat #3 is the button
Seat 3: NAUTJE1337 ($48 in chips)
Seat 4: Agrotait ($53.55 in chips)
NAUTJE1337: posts small blind $1
Agrotait: posts big blind $3
*** HOLE CARDS ***
NAUTJE1337: raises $3 to $6
Agrotait: calls $3
*** FLOP *** [8s 8c 7s]
Agrotait: checks
NAUTJE1337: bets $3
Agrotait: raises $3 to $6
NAUTJE1337: folds
Uncalled bet ($3) returned to Agrotait
Agrotait collected $17.64 from pot
Agrotait: doesn't show hand
*** SUMMARY ***
Total pot $18 | Rake $0.36
Board [8s 8c 7s]
Seat 3: NAUTJE1337 (button) (small blind) folded on the Flop
Seat 4: Agrotait (big blind) collected ($17.64)


PokerStars Hand #175624265417:  Hold'em Limit ($3/$6 USD) - 2017/09/14 6:30:00 ET
Table 'Stentor' 6-max Seat #3 is the button
Seat 3: NAUTJE1337 ($40 in chips)
Seat 4: Agrotait ($61.19 in chips)
NAUTJE1337: posts small blind $1
Agrotait: posts big blind $3
*** HOLE CARDS ***
NAUTJE1337: raises $3 to $6
Agrotait: raises $3 to $9
NAUTJE1337: raises $3 to $12
Betting is capped
Agrotait: calls $3
*** FLOP *** [Ts 7d 8d]
Agrotait: checks
NAUTJE1337: bets $3
Agrotait: calls $3
*** TURN *** [Ts 7d 8d] [Ah]
Agrotait: checks
NAUTJE1337: bets $6
Agrotait: calls $6
*** RIVER *** [Ts 7d 8d Ah] [Kd]
Agrotait: checks
NAUTJE1337: bets $6
Agrotait: raises $6 to $12
NAUTJE1337: calls $6
*** SHOW DOWN ***
Agrotait: shows [Ac Kh] (two pair, Aces and Kings)
NAUTJE1337: mucks hand
Agrotait collected $65.50 from pot
*** SUMMARY ***
Total pot $66 | Rake $0.50
Board [Ts 7d 8d Ah Kd]
Seat 3: NAUTJE1337 (button) (small blind) mucked
Seat 4: Agrotait (big blind) showed [Ac Kh] and won ($65.50) with two pair, Aces and Kings


PokerStars Hand #175624283132:  Hold'em Limit ($3/$6 USD) - 2017/09/14 6:30:47 ET
Table 'Stentor' 6-max Seat #4 is the button
Seat 3: NAUTJE1337 ($7 in chips)
Seat 4: Agrotait ($93.69 in chips)
Agrotait: posts small blind $1
NAUTJE1337: posts big blind $3
*** HOLE CARDS ***
Agrotait: raises $3 to $6
NAUTJE1337: raises $1 to $7 and is all-in
Agrotait: calls $1
*** FLOP *** [Kh 4h 8h]
*** TURN *** [Kh 4h 8h] [Qh]
*** RIVER *** [Kh 4h 8h Qh] [2h]
*** SHOW DOWN ***
NAUTJE1337: shows [As 3d] (a flush, King high)
Agrotait: shows [7s 6c] (a flush, King high)
NAUTJE1337 collected $6.86 from pot
Agrotait collected $6.86 from pot
*** SUMMARY ***
Total pot $14 | Rake $0.28
Board [Kh 4h 8h Qh 2h]
Seat 3: NAUTJE1337 (big blind) showed [As 3d] and won ($6.86) with a flush, King high
Seat 4: Agrotait (button) (small blind) showed [7s 6c] and won ($6.86) with a flush, King high


PokerStars Hand #175624291109:  Hold'em Limit ($3/$6 USD) - 2017/09/14 6:31:08 ET
Table 'Stentor' 6-max Seat #3 is the button
Seat 3: NAUTJE1337 ($6.86 in chips)
Seat 4: Agrotait ($93.55 in chips)
NAUTJE1337: posts small blind $1
Agrotait: posts big blind $3
*** HOLE CARDS ***
NAUTJE1337: raises $3 to $6
Agrotait: calls $3
*** FLOP *** [5c Th 6s]
Agrotait: checks
NAUTJE1337: bets $0.86 and is all-in
Agrotait: calls $0.86
*** TURN *** [5c Th 6s] [Jc]
*** RIVER *** [5c Th 6s Jc] [Kc]
*** SHOW DOWN ***
Agrotait: shows [Qd 6h] (a pair of Sixes)
NAUTJE1337: shows [8c As] (high card Ace)
Agrotait collected $13.45 from pot
*** SUMMARY ***
Total pot $13.72 | Rake $0.27
Board [5c Th 6s Jc Kc]
Seat 3: NAUTJE1337 (button) (small blind) showed [8c As] and lost with high card Ace
Seat 4: Agrotait (big blind) showed [Qd 6h] and won ($13.45) with a pair of Sixes


PokerStars Hand #175624298267:  Hold'em Limit ($3/$6 USD) - 2017/09/14 6:31:27 ET
Table 'Stentor' 6-max Seat #4 is the button
Seat 3: NAUTJE1337 ($51.16 in chips)
Seat 4: Agrotait ($100.14 in chips)
Agrotait: posts small blind $1
NAUTJE1337: posts big blind $3
*** HOLE CARDS ***
Agrotait: raises $3 to $6
NAUTJE1337: raises $3 to $9
Agrotait: calls $3
*** FLOP *** [Ah 9d 2d]
NAUTJE1337: bets $3
Agrotait: calls $3
*** TURN *** [Ah 9d 2d] [Qh]
NAUTJE1337: bets $6
Agrotait: calls $6
*** RIVER *** [Ah 9d 2d Qh] [6s]
NAUTJE1337: bets $6
Agrotait: calls $6
*** SHOW DOWN ***
NAUTJE1337: shows [6c Ac] (two pair, Aces and Sixes)
Agrotait: mucks hand
NAUTJE1337 collected $47.50 from pot
*** SUMMARY ***
Total pot $48 | Rake $0.50
Board [Ah 9d 2d Qh 6s]
Seat 3: NAUTJE1337 (big blind) showed [6c Ac] and won ($47.50) with two pair, Aces and Sixes
Seat 4: Agrotait (button) (small blind) mucked


PokerStars Hand #175624318589:  Hold'em Limit ($3/$6 USD) - 2017/09/14 6:32:20 ET
Table 'Stentor' 6-max Seat #3 is the button
Seat 3: NAUTJE1337 ($74.66 in chips)
Seat 4: Agrotait ($76.14 in chips)
NAUTJE1337: posts small blind $1
Agrotait: posts big blind $3
*** HOLE CARDS ***
NAUTJE1337: folds
Uncalled bet ($2) returned to Agrotait
Agrotait collected $2 from pot
Agrotait: doesn't show hand
*** SUMMARY ***
Total pot $2 | Rake $0
Seat 3: NAUTJE1337 (button) (small blind) folded before Flop
Seat 4: Agrotait (big blind) collected ($2)


PokerStars Hand #175624339612:  Hold'em Limit ($3/$6 USD) - 2017/09/14 6:33:15 ET
Table 'Stentor' 6-max Seat #4 is the button
Seat 3: NAUTJE1337 ($53.66 in chips)
Seat 4: Agrotait ($96.64 in chips)
Agrotait: posts small blind $1
NAUTJE1337: posts big blind $3
*** HOLE CARDS ***
Agrotait: folds
Uncalled bet ($2) returned to NAUTJE1337
NAUTJE1337 collected $2 from pot
*** SUMMARY ***
Total pot $2 | Rake $0
Seat 3: NAUTJE1337 (big blind) collected ($2)
Seat 4: Agrotait (button) (small blind) folded before Flop


PokerStars Hand #175624326033:  Hold'em Limit ($3/$6 USD) - 2017/09/14 6:32:40 ET
Table 'Stentor' 6-max Seat #3 is the button
Seat 3: NAUTJE1337 ($74.66 in chips)
Seat 4: Agrotait ($76.14 in chips)
NAUTJE1337: posts small blind $1
Agrotait: posts big blind $3
*** HOLE CARDS ***
NAUTJE1337: raises $3 to $6
Agrotait: raises $3 to $9
NAUTJE1337: raises $3 to $12
Betting is capped
Agrotait: calls $3
*** FLOP *** [7s 2c 8d]
Agrotait: checks
NAUTJE1337: bets $3
Agrotait: calls $3
*** TURN *** [7s 2c 8d] [Qs]
Agrotait: checks
NAUTJE1337: checks
*** RIVER *** [7s 2c 8d Qs] [5s]
Agrotait: bets $6
NAUTJE1337: calls $6
*** SHOW DOWN ***
Agrotait: shows [Ts Js] (a flush, Queen high)
NAUTJE1337: mucks hand
Agrotait collected $41.50 from pot
*** SUMMARY ***
Total pot $42 | Rake $0.50
Board [7s 2c 8d Qs 5s]
Seat 3: NAUTJE1337 (button) (small blind) mucked
Seat 4: Agrotait (big blind) showed [Ts Js] and won ($41.50) with a flush, Queen high


PokerStars Hand #175624320950:  Hold'em Limit ($3/$6 USD) - 2017/09/14 6:32:27 ET
Table 'Stentor' 6-max Seat #4 is the button
Seat 3: NAUTJE1337 ($73.66 in chips)
Seat 4: Agrotait ($77.14 in chips)
Agrotait: posts small blind $1
NAUTJE1337: posts big blind $3
*** HOLE CARDS ***
Agrotait: folds
Uncalled bet ($2) returned to NAUTJE1337
NAUTJE1337 collected $2 from pot
*** SUMMARY ***
Total pot $2 | Rake $0
Seat 3: NAUTJE1337 (big blind) collected ($2)
Seat 4: Agrotait (button) (small blind) folded before Flop


PokerStars Hand #175624341843:  Hold'em Limit ($3/$6 USD) - 2017/09/14 6:33:21 ET
Table 'Stentor' 6-max Seat #3 is the button
Seat 3: NAUTJE1337 ($54.66 in chips)
Seat 4: Agrotait ($95.64 in chips)
NAUTJE1337: posts small blind $1
Agrotait: posts big blind $3
*** HOLE CARDS ***
NAUTJE1337: raises $3 to $6
Agrotait: folds
Uncalled bet ($3) returned to NAUTJE1337
NAUTJE1337 collected $6 from pot
*** SUMMARY ***
Total pot $6 | Rake $0
Seat 3: NAUTJE1337 (button) (small blind) collected ($6)
Seat 4: Agrotait (big blind) folded before Flop


PokerStars Hand #175624346852:  Hold'em Limit ($3/$6 USD) - 2017/09/14 6:33:34 ET
Table 'Stentor' 6-max Seat #4 is the button
Seat 3: NAUTJE1337 ($57.66 in chips)
Seat 4: Agrotait ($92.64 in chips)
Agrotait: posts small blind $1
NAUTJE1337: posts big blind $3
*** HOLE CARDS ***
Agrotait: raises $3 to $6
NAUTJE1337: calls $3
*** FLOP *** [Ks Qs Td]
NAUTJE1337: checks
mi101 joins the table at seat #5
Agrotait: checks
*** TURN *** [Ks Qs Td] [5d]
NAUTJE1337: bets $6
Agrotait: calls $6
*** RIVER *** [Ks Qs Td 5d] [Qd]
NAUTJE1337: checks
Agrotait: checks
*** SHOW DOWN ***
NAUTJE1337: shows [3c 2s] (a pair of Queens)
Agrotait: shows [Tc 2c] (two pair, Queens and Tens)
Agrotait collected $23.52 from pot
*** SUMMARY ***
Total pot $24 | Rake $0.48
Board [Ks Qs Td 5d Qd]
Seat 3: NAUTJE1337 (big blind) showed [3c 2s] and lost with a pair of Queens
Seat 4: Agrotait (button) (small blind) showed [Tc 2c] and won ($23.52) with two pair, Queens and Tens


PokerStars Hand #175624359643:  Hold'em Limit ($3/$6 USD) - 2017/09/14 6:34:07 ET
Table 'Stentor' 6-max Seat #3 is the button
Seat 3: NAUTJE1337 ($45.66 in chips)
Seat 4: Agrotait ($104.16 in chips)
NAUTJE1337: posts small blind $1
Agrotait: posts big blind $3
*** HOLE CARDS ***
NAUTJE1337: raises $3 to $6
Agrotait: calls $3
*** FLOP *** [Th 9c 3c]
Agrotait: checks
NAUTJE1337: bets $3
Agrotait: calls $3
*** TURN *** [Th 9c 3c] [8h]
Agrotait: checks
NAUTJE1337: bets $6
Agrotait: calls $6
*** RIVER *** [Th 9c 3c 8h] [Ks]
Agrotait: checks
NAUTJE1337: checks
*** SHOW DOWN ***
Agrotait: shows [8d Kh] (two pair, Kings and Eights)
NAUTJE1337: mucks hand
Agrotait collected $29.50 from pot
*** SUMMARY ***
Total pot $30 | Rake $0.50
Board [Th 9c 3c 8h Ks]
Seat 3: NAUTJE1337 (button) (small blind) mucked
Seat 4: Agrotait (big blind) showed [8d Kh] and won ($29.50) with two pair, Kings and Eights


PokerStars Hand #175628066664:  Hold'em Limit ($3/$6 USD) - 2017/09/14 8:59:29 ET
Table 'Stentor' 6-max Seat #2 is the button
Seat 2: samurai.ru ($203.46 in chips)
Seat 5: kungsbjörn ($161.15 in chips)
samurai.ru: posts small blind $1
Psynto: is sitting out
kungsbjörn: posts big blind $3
*** HOLE CARDS ***
Psynto leaves the table
samurai.ru: folds
Uncalled bet ($2) returned to kungsbjörn
kungsbjörn collected $2 from pot
kungsbjörn: doesn't show hand
*** SUMMARY ***
Total pot $2 | Rake $0
Seat 2: samurai.ru (button) (small blind) folded before Flop
Seat 5: kungsbjörn (big blind) collected ($2)


