PokerStars Hand #170291759867:  Hold'em Limit ($3/$6 USD) - 2017/05/11 19:42:25 ET
Table 'Stentor' 6-max Seat #1 is the button
Seat 1: Allegro75 ($72 in chips)
Seat 5: mogoallin ($122.96 in chips)
Allegro75: posts small blind $1
mogoallin: posts big blind $3
*** HOLE CARDS ***
Allegro75: folds
Uncalled bet ($2) returned to mogoallin
mogoallin collected $2 from pot
*** SUMMARY ***
Total pot $2 | Rake $0
Seat 1: Allegro75 (button) (small blind) folded before Flop
Seat 5: mogoallin (big blind) collected ($2)


PokerStars Hand #170291763371:  Hold'em Limit ($3/$6 USD) - 2017/05/11 19:42:31 ET
Table 'Stentor' 6-max Seat #5 is the button
Seat 1: Allegro75 ($72 in chips)
Seat 5: mogoallin ($123.96 in chips)
mogoallin: posts small blind $1
Allegro75: posts big blind $3
*** HOLE CARDS ***
mogoallin: folds
Uncalled bet ($2) returned to Allegro75
Allegro75 collected $2 from pot
Allegro75: doesn't show hand
*** SUMMARY ***
Total pot $2 | Rake $0
Seat 1: Allegro75 (big blind) collected ($2)
Seat 5: mogoallin (button) (small blind) folded before Flop


PokerStars Hand #170291766425:  Hold'em Limit ($3/$6 USD) - 2017/05/11 19:42:37 ET
Table 'Stentor' 6-max Seat #1 is the button
Seat 1: Allegro75 ($73 in chips)
Seat 5: mogoallin ($122.96 in chips)
Allegro75: posts small blind $1
mogoallin: posts big blind $3
*** HOLE CARDS ***
Allegro75: raises $3 to $6
B_loJkl joins the table at seat #6
mogoallin: calls $3
*** FLOP *** [3c 4c 5h]
mogoallin: checks
Allegro75: bets $3
mogoallin: calls $3
*** TURN *** [3c 4c 5h] [5s]
mogoallin: checks
Allegro75: checks
*** RIVER *** [3c 4c 5h 5s] [Jh]
mogoallin: checks
Allegro75: checks
*** SHOW DOWN ***
mogoallin: shows [9s Kc] (a pair of Fives)
Allegro75: mucks hand
mogoallin collected $17.64 from pot
*** SUMMARY ***
Total pot $18 | Rake $0.36
Board [3c 4c 5h 5s Jh]
Seat 1: Allegro75 (button) (small blind) mucked
Seat 5: mogoallin (big blind) showed [9s Kc] and won ($17.64) with a pair of Fives


