PokerStars Hand #147843970941:  Hold'em Limit ($3/$6 USD) - 2016/01/28 17:02:42 ET
Table 'Stephano IV' 6-max Seat #1 is the button
Seat 1: Krazy90 ($158.57 in chips)
Seat 4: MikieOboats ($154.21 in chips)
Krazy90: posts small blind $1
BelSv: is sitting out
MikieOboats: posts big blind $3
*** HOLE CARDS ***
Krazy90: raises $3 to $6
MikieOboats: calls $3
*** FLOP *** [8d 6c 6d]
MikieOboats: checks
Krazy90: bets $3
MikieOboats: calls $3
*** TURN *** [8d 6c 6d] [7h]
MikieOboats: checks
Krazy90: checks
*** RIVER *** [8d 6c 6d 7h] [3h]
MikieOboats: bets $6
Krazy90: calls $6
*** SHOW DOWN ***
MikieOboats: shows [7c 7s] (a full house, Sevens full of Sixes)
Krazy90: mucks hand
MikieOboats collected $29.50 from pot
BelSv leaves the table
*** SUMMARY ***
Total pot $30 | Rake $0.50
Board [8d 6c 6d 7h 3h]
Seat 1: Krazy90 (button) (small blind) mucked
Seat 4: MikieOboats (big blind) showed [7c 7s] and won ($29.50) with a full house, Sevens full of Sixes


PokerStars Hand #147844005922:  Hold'em Limit ($3/$6 USD) - 2016/01/28 17:03:15 ET
Table 'Stephano IV' 6-max Seat #4 is the button
Seat 1: Krazy90 ($143.57 in chips)
Seat 4: MikieOboats ($168.71 in chips)
MikieOboats: posts small blind $1
Krazy90: posts big blind $3
*** HOLE CARDS ***
MikieOboats: folds
Uncalled bet ($2) returned to Krazy90
Krazy90 collected $2 from pot
Krazy90: doesn't show hand
*** SUMMARY ***
Total pot $2 | Rake $0
Seat 1: Krazy90 (big blind) collected ($2)
Seat 4: MikieOboats (button) (small blind) folded before Flop


PokerStars Hand #147844013037:  Hold'em Limit ($3/$6 USD) - 2016/01/28 17:03:22 ET
Table 'Stephano IV' 6-max Seat #1 is the button
Seat 1: Krazy90 ($144.57 in chips)
Seat 4: MikieOboats ($167.71 in chips)
Krazy90: posts small blind $1
MikieOboats: posts big blind $3
*** HOLE CARDS ***
Krazy90: folds
Uncalled bet ($2) returned to MikieOboats
MikieOboats collected $2 from pot
MikieOboats: doesn't show hand
*** SUMMARY ***
Total pot $2 | Rake $0
Seat 1: Krazy90 (button) (small blind) folded before Flop
Seat 4: MikieOboats (big blind) collected ($2)


PokerStars Hand #147844103876:  Hold'em Limit ($3/$6 USD) - 2016/01/28 17:04:50 ET
Table 'Stephano IV' 6-max Seat #1 is the button
Seat 1: Krazy90 ($126.57 in chips)
Seat 4: MikieOboats ($185.09 in chips)
Krazy90: posts small blind $1
MikieOboats: posts big blind $3
*** HOLE CARDS ***
Krazy90: calls $2
MikieOboats: checks
*** FLOP *** [4d 3h Th]
MikieOboats: checks
Krazy90: checks
*** TURN *** [4d 3h Th] [4s]
MikieOboats: checks
Krazy90: checks
*** RIVER *** [4d 3h Th 4s] [Ad]
MikieOboats: checks
Krazy90: checks
*** SHOW DOWN ***
MikieOboats: shows [7d 5s] (a pair of Fours)
Krazy90: shows [5d 9s] (a pair of Fours - Ace+Ten+Nine kicker)
Krazy90 collected $5.88 from pot
*** SUMMARY ***
Total pot $6 | Rake $0.12
Board [4d 3h Th 4s Ad]
Seat 1: Krazy90 (button) (small blind) showed [5d 9s] and won ($5.88) with a pair of Fours
Seat 4: MikieOboats (big blind) showed [7d 5s] and lost with a pair of Fours


PokerStars Hand #147844035247:  Hold'em Limit ($3/$6 USD) - 2016/01/28 17:03:44 ET
Table 'Stephano IV' 6-max Seat #1 is the button
Seat 1: Krazy90 ($140.57 in chips)
Seat 4: MikieOboats ($171.59 in chips)
Krazy90: posts small blind $1
MikieOboats: posts big blind $3
*** HOLE CARDS ***
Krazy90: raises $3 to $6
MikieOboats: calls $3
*** FLOP *** [9c Qd 6d]
MikieOboats: checks
Krazy90: bets $3
MikieOboats: calls $3
*** TURN *** [9c Qd 6d] [8c]
MikieOboats: checks
Krazy90: checks
*** RIVER *** [9c Qd 6d 8c] [3h]
MikieOboats: bets $6
Krazy90: calls $6
*** SHOW DOWN ***
MikieOboats: shows [Kd 3d] (a pair of Threes)
Krazy90: mucks hand
MikieOboats collected $29.50 from pot
*** SUMMARY ***
Total pot $30 | Rake $0.50
Board [9c Qd 6d 8c 3h]
Seat 1: Krazy90 (button) (small blind) mucked
Seat 4: MikieOboats (big blind) showed [Kd 3d] and won ($29.50) with a pair of Threes


PokerStars Hand #147844095516:  Hold'em Limit ($3/$6 USD) - 2016/01/28 17:04:42 ET
Table 'Stephano IV' 6-max Seat #4 is the button
Seat 1: Krazy90 ($125.57 in chips)
Seat 4: MikieOboats ($186.09 in chips)
MikieOboats: posts small blind $1
Krazy90: posts big blind $3
*** HOLE CARDS ***
MikieOboats: folds
Uncalled bet ($2) returned to Krazy90
Krazy90 collected $2 from pot
Krazy90: doesn't show hand
*** SUMMARY ***
Total pot $2 | Rake $0
Seat 1: Krazy90 (big blind) collected ($2)
Seat 4: MikieOboats (button) (small blind) folded before Flop


PokerStars Hand #147844138444:  Hold'em Limit ($3/$6 USD) - 2016/01/28 17:05:23 ET
Table 'Stephano IV' 6-max Seat #4 is the button
Seat 1: Krazy90 ($129.45 in chips)
Seat 4: MikieOboats ($182.09 in chips)
MikieOboats: posts small blind $1
Krazy90: posts big blind $3
*** HOLE CARDS ***
MikieOboats: calls $2
Krazy90: raises $3 to $6
MikieOboats: calls $3
*** FLOP *** [Qh Ad 3c]
Krazy90: bets $3
MikieOboats: calls $3
*** TURN *** [Qh Ad 3c] [9s]
Krazy90: bets $6
MikieOboats: folds
Uncalled bet ($6) returned to Krazy90
Krazy90 collected $17.64 from pot
Krazy90: doesn't show hand
*** SUMMARY ***
Total pot $18 | Rake $0.36
Board [Qh Ad 3c 9s]
Seat 1: Krazy90 (big blind) collected ($17.64)
Seat 4: MikieOboats (button) (small blind) folded on the Turn


PokerStars Hand #147844162298:  Hold'em Limit ($3/$6 USD) - 2016/01/28 17:05:46 ET
Table 'Stephano IV' 6-max Seat #1 is the button
Seat 1: Krazy90 ($138.09 in chips)
Seat 4: MikieOboats ($173.09 in chips)
Krazy90: posts small blind $1
MikieOboats: posts big blind $3
*** HOLE CARDS ***
Krazy90: raises $3 to $6
MikieOboats: folds
Uncalled bet ($3) returned to Krazy90
Krazy90 collected $6 from pot
*** SUMMARY ***
Total pot $6 | Rake $0
Seat 1: Krazy90 (button) (small blind) collected ($6)
Seat 4: MikieOboats (big blind) folded before Flop


PokerStars Hand #147844171776:  Hold'em Limit ($3/$6 USD) - 2016/01/28 17:05:55 ET
Table 'Stephano IV' 6-max Seat #4 is the button
Seat 1: Krazy90 ($141.09 in chips)
Seat 4: MikieOboats ($170.09 in chips)
MikieOboats: posts small blind $1
Krazy90: posts big blind $3
*** HOLE CARDS ***
MikieOboats: raises $3 to $6
Krazy90: calls $3
*** FLOP *** [Ac 7h Jd]
Krazy90: checks
MikieOboats: bets $3
Krazy90: calls $3
*** TURN *** [Ac 7h Jd] [Jc]
Krazy90: checks
MikieOboats: bets $6
Krazy90: calls $6
*** RIVER *** [Ac 7h Jd Jc] [6h]
Krazy90: checks
MikieOboats: bets $6
Krazy90: calls $6
*** SHOW DOWN ***
MikieOboats: shows [3c Ad] (two pair, Aces and Jacks)
Krazy90: mucks hand
MikieOboats collected $41.50 from pot
*** SUMMARY ***
Total pot $42 | Rake $0.50
Board [Ac 7h Jd Jc 6h]
Seat 1: Krazy90 (big blind) mucked
Seat 4: MikieOboats (button) (small blind) showed [3c Ad] and won ($41.50) with two pair, Aces and Jacks


PokerStars Hand #147844227489:  Hold'em Limit ($3/$6 USD) - 2016/01/28 17:06:50 ET
Table 'Stephano IV' 6-max Seat #1 is the button
Seat 1: Krazy90 ($120.09 in chips)
Seat 4: MikieOboats ($190.59 in chips)
Krazy90: posts small blind $1
MikieOboats: posts big blind $3
*** HOLE CARDS ***
Krazy90: raises $3 to $6
MikieOboats: calls $3
*** FLOP *** [4s Kd 2c]
MikieOboats: checks
Krazy90: bets $3
MikieOboats: folds
Uncalled bet ($3) returned to Krazy90
Krazy90 collected $11.76 from pot
Krazy90: doesn't show hand
*** SUMMARY ***
Total pot $12 | Rake $0.24
Board [4s Kd 2c]
Seat 1: Krazy90 (button) (small blind) collected ($11.76)
Seat 4: MikieOboats (big blind) folded on the Flop


PokerStars Hand #147844243975:  Hold'em Limit ($3/$6 USD) - 2016/01/28 17:07:06 ET
Table 'Stephano IV' 6-max Seat #4 is the button
Seat 1: Krazy90 ($125.85 in chips)
Seat 4: MikieOboats ($184.59 in chips)
MikieOboats: posts small blind $1
Krazy90: posts big blind $3
*** HOLE CARDS ***
MikieOboats: folds
Uncalled bet ($2) returned to Krazy90
Krazy90 collected $2 from pot
Krazy90: doesn't show hand
*** SUMMARY ***
Total pot $2 | Rake $0
Seat 1: Krazy90 (big blind) collected ($2)
Seat 4: MikieOboats (button) (small blind) folded before Flop


PokerStars Hand #147844269150:  Hold'em Limit ($3/$6 USD) - 2016/01/28 17:07:30 ET
Table 'Stephano IV' 6-max Seat #4 is the button
Seat 1: Krazy90 ($132.61 in chips)
Seat 4: MikieOboats ($177.59 in chips)
MikieOboats: posts small blind $1
Krazy90: posts big blind $3
*** HOLE CARDS ***
MikieOboats: folds
Uncalled bet ($2) returned to Krazy90
Krazy90 collected $2 from pot
Krazy90: doesn't show hand
*** SUMMARY ***
Total pot $2 | Rake $0
Seat 1: Krazy90 (big blind) collected ($2)
Seat 4: MikieOboats (button) (small blind) folded before Flop


PokerStars Hand #147844249057:  Hold'em Limit ($3/$6 USD) - 2016/01/28 17:07:11 ET
Table 'Stephano IV' 6-max Seat #1 is the button
Seat 1: Krazy90 ($126.85 in chips)
Seat 4: MikieOboats ($183.59 in chips)
Krazy90: posts small blind $1
MikieOboats: posts big blind $3
*** HOLE CARDS ***
Krazy90: raises $3 to $6
MikieOboats: calls $3
*** FLOP *** [3h 9d Qc]
MikieOboats: checks
Krazy90: bets $3
MikieOboats: folds
Uncalled bet ($3) returned to Krazy90
Krazy90 collected $11.76 from pot
Krazy90: doesn't show hand
*** SUMMARY ***
Total pot $12 | Rake $0.24
Board [3h 9d Qc]
Seat 1: Krazy90 (button) (small blind) collected ($11.76)
Seat 4: MikieOboats (big blind) folded on the Flop


PokerStars Hand #147844275536:  Hold'em Limit ($3/$6 USD) - 2016/01/28 17:07:36 ET
Table 'Stephano IV' 6-max Seat #1 is the button
Seat 1: Krazy90 ($133.61 in chips)
Seat 4: MikieOboats ($176.59 in chips)
Krazy90: posts small blind $1
MikieOboats: posts big blind $3
*** HOLE CARDS ***
Krazy90: raises $3 to $6
MikieOboats: folds
Uncalled bet ($3) returned to Krazy90
Krazy90 collected $6 from pot
Krazy90: doesn't show hand
*** SUMMARY ***
Total pot $6 | Rake $0
Seat 1: Krazy90 (button) (small blind) collected ($6)
Seat 4: MikieOboats (big blind) folded before Flop


PokerStars Hand #147844282217:  Hold'em Limit ($3/$6 USD) - 2016/01/28 17:07:43 ET
Table 'Stephano IV' 6-max Seat #4 is the button
Seat 1: Krazy90 ($136.61 in chips)
Seat 4: MikieOboats ($173.59 in chips)
MikieOboats: posts small blind $1
Krazy90: posts big blind $3
*** HOLE CARDS ***
MikieOboats: raises $3 to $6
Krazy90: folds
Uncalled bet ($3) returned to MikieOboats
MikieOboats collected $6 from pot
MikieOboats: doesn't show hand
*** SUMMARY ***
Total pot $6 | Rake $0
Seat 1: Krazy90 (big blind) folded before Flop
Seat 4: MikieOboats (button) (small blind) collected ($6)


PokerStars Hand #147844295543:  Hold'em Limit ($3/$6 USD) - 2016/01/28 17:07:56 ET
Table 'Stephano IV' 6-max Seat #1 is the button
Seat 1: Krazy90 ($133.61 in chips)
Seat 4: MikieOboats ($176.59 in chips)
Krazy90: posts small blind $1
MikieOboats: posts big blind $3
*** HOLE CARDS ***
Krazy90: raises $3 to $6
MikieOboats: raises $3 to $9
Krazy90: calls $3
*** FLOP *** [Qh Qc 6h]
MikieOboats: bets $3
Krazy90: folds
Uncalled bet ($3) returned to MikieOboats
MikieOboats collected $17.64 from pot
MikieOboats: doesn't show hand
*** SUMMARY ***
Total pot $18 | Rake $0.36
Board [Qh Qc 6h]
Seat 1: Krazy90 (button) (small blind) folded on the Flop
Seat 4: MikieOboats (big blind) collected ($17.64)


PokerStars Hand #147844325485:  Hold'em Limit ($3/$6 USD) - 2016/01/28 17:08:25 ET
Table 'Stephano IV' 6-max Seat #4 is the button
Seat 1: Krazy90 ($124.61 in chips)
Seat 4: MikieOboats ($185.23 in chips)
MikieOboats: posts small blind $1
Krazy90: posts big blind $3
*** HOLE CARDS ***
MikieOboats: calls $2
Krazy90: raises $3 to $6
MikieOboats: raises $3 to $9
Krazy90: calls $3
*** FLOP *** [As Td Th]
Krazy90: checks
MikieOboats: bets $3
Krazy90: folds
Uncalled bet ($3) returned to MikieOboats
MikieOboats collected $17.64 from pot
MikieOboats: doesn't show hand
*** SUMMARY ***
Total pot $18 | Rake $0.36
Board [As Td Th]
Seat 1: Krazy90 (big blind) folded on the Flop
Seat 4: MikieOboats (button) (small blind) collected ($17.64)


