PokerStars Hand #170661336082:  Hold'em Limit ($3/$6 USD) - 2017/05/20 4:10:38 ET
Table 'Stephano' 6-max Seat #3 is the button
Seat 3: 19woody58 ($142.54 in chips)
Seat 4: VolkovDmitri ($126.76 in chips)
19woody58: posts small blind $1
VolkovDmitri: posts big blind $3
*** HOLE CARDS ***
19woody58: folds
Uncalled bet ($2) returned to VolkovDmitri
VolkovDmitri collected $2 from pot
VolkovDmitri: doesn't show hand
*** SUMMARY ***
Total pot $2 | Rake $0
Seat 3: 19woody58 (button) (small blind) folded before Flop
Seat 4: VolkovDmitri (big blind) collected ($2)


PokerStars Hand #170661331664:  Hold'em Limit ($3/$6 USD) - 2017/05/20 4:10:25 ET
Table 'Stephano' 6-max Seat #4 is the button
Seat 3: 19woody58 ($148.54 in chips)
Seat 4: VolkovDmitri ($121 in chips)
VolkovDmitri: posts small blind $1
19woody58: posts big blind $3
*** HOLE CARDS ***
VolkovDmitri: raises $3 to $6
19woody58: calls $3
*** FLOP *** [8s Jd Jc]
19woody58: checks
VolkovDmitri: bets $3
19woody58: folds
Uncalled bet ($3) returned to VolkovDmitri
VolkovDmitri collected $11.76 from pot
VolkovDmitri: doesn't show hand
*** SUMMARY ***
Total pot $12 | Rake $0.24
Board [8s Jd Jc]
Seat 3: 19woody58 (big blind) folded on the Flop
Seat 4: VolkovDmitri (button) (small blind) collected ($11.76)


PokerStars Hand #170661330030:  Hold'em Limit ($3/$6 USD) - 2017/05/20 4:10:20 ET
Table 'Stephano' 6-max Seat #3 is the button
Seat 3: 19woody58 ($149.54 in chips)
Seat 4: VolkovDmitri ($120 in chips)
19woody58: posts small blind $1
VolkovDmitri: posts big blind $3
*** HOLE CARDS ***
19woody58: folds
Uncalled bet ($2) returned to VolkovDmitri
VolkovDmitri collected $2 from pot
VolkovDmitri: doesn't show hand
*** SUMMARY ***
Total pot $2 | Rake $0
Seat 3: 19woody58 (button) (small blind) folded before Flop
Seat 4: VolkovDmitri (big blind) collected ($2)


PokerStars Hand #170661323158:  Hold'em Limit ($3/$6 USD) - 2017/05/20 4:09:59 ET
Table 'Stephano' 6-max Seat #4 is the button
Seat 3: 19woody58 ($135.04 in chips)
Seat 4: VolkovDmitri ($121 in chips)
VolkovDmitri: posts small blind $1
19woody58: posts big blind $3
*** HOLE CARDS ***
VolkovDmitri: raises $3 to $6
19woody58: calls $3
*** FLOP *** [6d Kc Ts]
19woody58: checks
VolkovDmitri: bets $3
19woody58: calls $3
*** TURN *** [6d Kc Ts] [Qs]
19woody58: checks
VolkovDmitri: checks
*** RIVER *** [6d Kc Ts Qs] [5s]
19woody58: bets $6
VolkovDmitri: calls $6
*** SHOW DOWN ***
19woody58: shows [Qc 6c] (two pair, Queens and Sixes)
VolkovDmitri: mucks hand
19woody58 collected $29.50 from pot
*** SUMMARY ***
Total pot $30 | Rake $0.50
Board [6d Kc Ts Qs 5s]
Seat 3: 19woody58 (big blind) showed [Qc 6c] and won ($29.50) with two pair, Queens and Sixes
Seat 4: VolkovDmitri (button) (small blind) mucked


PokerStars Hand #170661321504:  Hold'em Limit ($3/$6 USD) - 2017/05/20 4:09:54 ET
Table 'Stephano' 6-max Seat #3 is the button
Seat 3: 19woody58 ($136.04 in chips)
Seat 4: VolkovDmitri ($120 in chips)
19woody58: posts small blind $1
VolkovDmitri: posts big blind $3
*** HOLE CARDS ***
19woody58: folds
Uncalled bet ($2) returned to VolkovDmitri
VolkovDmitri collected $2 from pot
VolkovDmitri: doesn't show hand
*** SUMMARY ***
Total pot $2 | Rake $0
Seat 3: 19woody58 (button) (small blind) folded before Flop
Seat 4: VolkovDmitri (big blind) collected ($2)


PokerStars Hand #170661311117:  Hold'em Limit ($3/$6 USD) - 2017/05/20 4:09:22 ET
Table 'Stephano' 6-max Seat #4 is the button
Seat 3: 19woody58 ($127.40 in chips)
Seat 4: VolkovDmitri ($120 in chips)
VolkovDmitri: posts small blind $1
19woody58: posts big blind $3
*** HOLE CARDS ***
VolkovDmitri: raises $3 to $6
19woody58: calls $3
*** FLOP *** [7c 6d Qs]
19woody58: checks
VolkovDmitri: bets $3
19woody58: calls $3
*** TURN *** [7c 6d Qs] [3s]
19woody58: checks
VolkovDmitri: checks
*** RIVER *** [7c 6d Qs 3s] [Qh]
19woody58: bets $6
VolkovDmitri: folds
Uncalled bet ($6) returned to 19woody58
19woody58 collected $17.64 from pot
*** SUMMARY ***
Total pot $18 | Rake $0.36
Board [7c 6d Qs 3s Qh]
Seat 3: 19woody58 (big blind) collected ($17.64)
Seat 4: VolkovDmitri (button) (small blind) folded on the River


PokerStars Hand #170661344977:  Hold'em Limit ($3/$6 USD) - 2017/05/20 4:11:05 ET
Table 'Stephano' 6-max Seat #3 is the button
Seat 3: 19woody58 ($156.04 in chips)
Seat 4: VolkovDmitri ($120 in chips)
19woody58: posts small blind $1
VolkovDmitri: posts big blind $3
*** HOLE CARDS ***
19woody58: raises $3 to $6
VolkovDmitri: raises $3 to $9
19woody58: calls $3
*** FLOP *** [3c Qh Kd]
VolkovDmitri: bets $3
19woody58: calls $3
*** TURN *** [3c Qh Kd] [2d]
VolkovDmitri: checks
19woody58: checks
*** RIVER *** [3c Qh Kd 2d] [5c]
VolkovDmitri: checks
19woody58: bets $6
VolkovDmitri: calls $6
*** SHOW DOWN ***
19woody58: shows [Jc Qc] (a pair of Queens)
VolkovDmitri: mucks hand
19woody58 collected $35.50 from pot
*** SUMMARY ***
Total pot $36 | Rake $0.50
Board [3c Qh Kd 2d 5c]
Seat 3: 19woody58 (button) (small blind) showed [Jc Qc] and won ($35.50) with a pair of Queens
Seat 4: VolkovDmitri (big blind) mucked


PokerStars Hand #170661337766:  Hold'em Limit ($3/$6 USD) - 2017/05/20 4:10:43 ET
Table 'Stephano' 6-max Seat #4 is the button
Seat 3: 19woody58 ($141.54 in chips)
Seat 4: VolkovDmitri ($127.76 in chips)
VolkovDmitri: posts small blind $1
19woody58: posts big blind $3
*** HOLE CARDS ***
VolkovDmitri: raises $3 to $6
19woody58: calls $3
*** FLOP *** [Ah 9h Th]
19woody58: checks
VolkovDmitri: bets $3
19woody58: calls $3
*** TURN *** [Ah 9h Th] [2s]
19woody58: checks
VolkovDmitri: bets $6
19woody58: calls $6
*** RIVER *** [Ah 9h Th 2s] [Tc]
19woody58: checks
VolkovDmitri: checks
*** SHOW DOWN ***
19woody58: shows [Jh Ts] (three of a kind, Tens)
VolkovDmitri: mucks hand
19woody58 collected $29.50 from pot
*** SUMMARY ***
Total pot $30 | Rake $0.50
Board [Ah 9h Th 2s Tc]
Seat 3: 19woody58 (big blind) showed [Jh Ts] and won ($29.50) with three of a kind, Tens
Seat 4: VolkovDmitri (button) (small blind) mucked


PokerStars Hand #170661364677:  Hold'em Limit ($3/$6 USD) - 2017/05/20 4:12:05 ET
Table 'Stephano' 6-max Seat #4 is the button
Seat 3: 19woody58 ($157.54 in chips)
Seat 4: VolkovDmitri ($135.50 in chips)
VolkovDmitri: posts small blind $1
19woody58: posts big blind $3
*** HOLE CARDS ***
VolkovDmitri: raises $3 to $6
19woody58: calls $3
*** FLOP *** [5c Ac 9d]
19woody58: checks
VolkovDmitri: bets $3
19woody58: calls $3
*** TURN *** [5c Ac 9d] [7h]
19woody58: checks
VolkovDmitri: checks
*** RIVER *** [5c Ac 9d 7h] [As]
19woody58: bets $6
VolkovDmitri: folds
Uncalled bet ($6) returned to 19woody58
19woody58 collected $17.64 from pot
*** SUMMARY ***
Total pot $18 | Rake $0.36
Board [5c Ac 9d 7h As]
Seat 3: 19woody58 (big blind) collected ($17.64)
Seat 4: VolkovDmitri (button) (small blind) folded on the River


PokerStars Hand #170661363131:  Hold'em Limit ($3/$6 USD) - 2017/05/20 4:12:00 ET
Table 'Stephano' 6-max Seat #3 is the button
Seat 3: 19woody58 ($158.54 in chips)
Seat 4: VolkovDmitri ($134.50 in chips)
19woody58: posts small blind $1
VolkovDmitri: posts big blind $3
*** HOLE CARDS ***
19woody58: folds
Uncalled bet ($2) returned to VolkovDmitri
VolkovDmitri collected $2 from pot
VolkovDmitri: doesn't show hand
*** SUMMARY ***
Total pot $2 | Rake $0
Seat 3: 19woody58 (button) (small blind) folded before Flop
Seat 4: VolkovDmitri (big blind) collected ($2)


PokerStars Hand #170661354362:  Hold'em Limit ($3/$6 USD) - 2017/05/20 4:11:33 ET
Table 'Stephano' 6-max Seat #4 is the button
Seat 3: 19woody58 ($173.54 in chips)
Seat 4: VolkovDmitri ($120 in chips)
VolkovDmitri: posts small blind $1
19woody58: posts big blind $3
*** HOLE CARDS ***
VolkovDmitri: raises $3 to $6
19woody58: calls $3
*** FLOP *** [8h 8c 4s]
19woody58: checks
VolkovDmitri: bets $3
19woody58: calls $3
*** TURN *** [8h 8c 4s] [Qh]
19woody58: checks
VolkovDmitri: bets $6
19woody58: calls $6
*** RIVER *** [8h 8c 4s Qh] [4c]
19woody58: checks
VolkovDmitri: bets $6
19woody58: folds
Uncalled bet ($6) returned to VolkovDmitri
VolkovDmitri collected $29.50 from pot
VolkovDmitri: doesn't show hand
*** SUMMARY ***
Total pot $30 | Rake $0.50
Board [8h 8c 4s Qh 4c]
Seat 3: 19woody58 (big blind) folded on the River
Seat 4: VolkovDmitri (button) (small blind) collected ($29.50)


PokerStars Hand #170661398292:  Hold'em Limit ($3/$6 USD) - 2017/05/20 4:13:45 ET
Table 'Stephano' 6-max Seat #4 is the button
Seat 3: 19woody58 ($192.32 in chips)
Seat 4: VolkovDmitri ($120 in chips)
VolkovDmitri: posts small blind $1
19woody58: posts big blind $3
*** HOLE CARDS ***
VolkovDmitri: raises $3 to $6
19woody58: folds
Uncalled bet ($3) returned to VolkovDmitri
VolkovDmitri collected $6 from pot
VolkovDmitri: doesn't show hand
*** SUMMARY ***
Total pot $6 | Rake $0
Seat 3: 19woody58 (big blind) folded before Flop
Seat 4: VolkovDmitri (button) (small blind) collected ($6)


PokerStars Hand #170661391301:  Hold'em Limit ($3/$6 USD) - 2017/05/20 4:13:24 ET
Table 'Stephano' 6-max Seat #3 is the button
Seat 3: 19woody58 ($183.68 in chips)
Seat 4: VolkovDmitri ($123 in chips)
19woody58: posts small blind $1
VolkovDmitri: posts big blind $3
*** HOLE CARDS ***
19woody58: calls $2
VolkovDmitri: raises $3 to $6
19woody58: calls $3
*** FLOP *** [Kc Td 2d]
VolkovDmitri: bets $3
19woody58: calls $3
*** TURN *** [Kc Td 2d] [Ah]
VolkovDmitri: checks
19woody58: bets $6
VolkovDmitri: folds
Uncalled bet ($6) returned to 19woody58
19woody58 collected $17.64 from pot
*** SUMMARY ***
Total pot $18 | Rake $0.36
Board [Kc Td 2d Ah]
Seat 3: 19woody58 (button) (small blind) collected ($17.64)
Seat 4: VolkovDmitri (big blind) folded on the Turn


PokerStars Hand #170661389376:  Hold'em Limit ($3/$6 USD) - 2017/05/20 4:13:18 ET
Table 'Stephano' 6-max Seat #4 is the button
Seat 3: 19woody58 ($186.68 in chips)
Seat 4: VolkovDmitri ($120 in chips)
VolkovDmitri: posts small blind $1
19woody58: posts big blind $3
*** HOLE CARDS ***
VolkovDmitri: raises $3 to $6
19woody58: folds
Uncalled bet ($3) returned to VolkovDmitri
VolkovDmitri collected $6 from pot
VolkovDmitri: doesn't show hand
*** SUMMARY ***
Total pot $6 | Rake $0
Seat 3: 19woody58 (big blind) folded before Flop
Seat 4: VolkovDmitri (button) (small blind) collected ($6)


PokerStars Hand #170661386421:  Hold'em Limit ($3/$6 USD) - 2017/05/20 4:13:10 ET
Table 'Stephano' 6-max Seat #3 is the button
Seat 3: 19woody58 ($183.68 in chips)
Seat 4: VolkovDmitri ($123 in chips)
19woody58: posts small blind $1
VolkovDmitri: posts big blind $3
*** HOLE CARDS ***
19woody58: raises $3 to $6
VolkovDmitri: folds
Uncalled bet ($3) returned to 19woody58
19woody58 collected $6 from pot
*** SUMMARY ***
Total pot $6 | Rake $0
Seat 3: 19woody58 (button) (small blind) collected ($6)
Seat 4: VolkovDmitri (big blind) folded before Flop


PokerStars Hand #170661383768:  Hold'em Limit ($3/$6 USD) - 2017/05/20 4:13:02 ET
Table 'Stephano' 6-max Seat #4 is the button
Seat 3: 19woody58 ($186.68 in chips)
Seat 4: VolkovDmitri ($120 in chips)
VolkovDmitri: posts small blind $1
19woody58: posts big blind $3
*** HOLE CARDS ***
VolkovDmitri: raises $3 to $6
19woody58: folds
Uncalled bet ($3) returned to VolkovDmitri
VolkovDmitri collected $6 from pot
VolkovDmitri: doesn't show hand
*** SUMMARY ***
Total pot $6 | Rake $0
Seat 3: 19woody58 (big blind) folded before Flop
Seat 4: VolkovDmitri (button) (small blind) collected ($6)


PokerStars Hand #170661374856:  Hold'em Limit ($3/$6 USD) - 2017/05/20 4:12:35 ET
Table 'Stephano' 6-max Seat #3 is the button
Seat 3: 19woody58 ($166.18 in chips)
Seat 4: VolkovDmitri ($126.50 in chips)
19woody58: posts small blind $1
VolkovDmitri: posts big blind $3
*** HOLE CARDS ***
19woody58: raises $3 to $6
VolkovDmitri: calls $3
*** FLOP *** [Ks Tc Qd]
VolkovDmitri: bets $3
19woody58: calls $3
*** TURN *** [Ks Tc Qd] [3d]
VolkovDmitri: bets $6
19woody58: calls $6
*** RIVER *** [Ks Tc Qd 3d] [Qs]
VolkovDmitri: checks
19woody58: bets $6
VolkovDmitri: calls $6
*** SHOW DOWN ***
19woody58: shows [Qc Kc] (a full house, Queens full of Kings)
VolkovDmitri: mucks hand
19woody58 collected $41.50 from pot
*** SUMMARY ***
Total pot $42 | Rake $0.50
Board [Ks Tc Qd 3d Qs]
Seat 3: 19woody58 (button) (small blind) showed [Qc Kc] and won ($41.50) with a full house, Queens full of Kings
Seat 4: VolkovDmitri (big blind) mucked


PokerStars Hand #170661413104:  Hold'em Limit ($3/$6 USD) - 2017/05/20 4:14:30 ET
Table 'Stephano' 6-max Seat #3 is the button
Seat 3: 19woody58 ($200.82 in chips)
Seat 4: VolkovDmitri ($123 in chips)
19woody58: posts small blind $1
VolkovDmitri: posts big blind $3
*** HOLE CARDS ***
19woody58: raises $3 to $6
VolkovDmitri: folds
Uncalled bet ($3) returned to 19woody58
19woody58 collected $6 from pot
*** SUMMARY ***
Total pot $6 | Rake $0
Seat 3: 19woody58 (button) (small blind) collected ($6)
Seat 4: VolkovDmitri (big blind) folded before Flop


PokerStars Hand #170661410548:  Hold'em Limit ($3/$6 USD) - 2017/05/20 4:14:22 ET
Table 'Stephano' 6-max Seat #4 is the button
Seat 3: 19woody58 ($203.82 in chips)
Seat 4: VolkovDmitri ($120 in chips)
VolkovDmitri: posts small blind $1
19woody58: posts big blind $3
*** HOLE CARDS ***
VolkovDmitri: raises $3 to $6
19woody58: folds
Uncalled bet ($3) returned to VolkovDmitri
VolkovDmitri collected $6 from pot
VolkovDmitri: doesn't show hand
*** SUMMARY ***
Total pot $6 | Rake $0
Seat 3: 19woody58 (big blind) folded before Flop
Seat 4: VolkovDmitri (button) (small blind) collected ($6)


PokerStars Hand #170661400461:  Hold'em Limit ($3/$6 USD) - 2017/05/20 4:13:52 ET
Table 'Stephano' 6-max Seat #3 is the button
Seat 3: 19woody58 ($189.32 in chips)
Seat 4: VolkovDmitri ($123 in chips)
19woody58: posts small blind $1
VolkovDmitri: posts big blind $3
*** HOLE CARDS ***
19woody58: raises $3 to $6
VolkovDmitri: calls $3
*** FLOP *** [5d Qc Jd]
VolkovDmitri: bets $3
19woody58: calls $3
*** TURN *** [5d Qc Jd] [3h]
VolkovDmitri: bets $6
19woody58: calls $6
*** RIVER *** [5d Qc Jd 3h] [Qd]
VolkovDmitri: checks
19woody58: bets $6
VolkovDmitri: folds
Uncalled bet ($6) returned to 19woody58
19woody58 collected $29.50 from pot
*** SUMMARY ***
Total pot $30 | Rake $0.50
Board [5d Qc Jd 3h Qd]
Seat 3: 19woody58 (button) (small blind) collected ($29.50)
Seat 4: VolkovDmitri (big blind) folded on the River


PokerStars Hand #170661430444:  Hold'em Limit ($3/$6 USD) - 2017/05/20 4:15:21 ET
Table 'Stephano' 6-max Seat #4 is the button
Seat 3: 19woody58 ($211.46 in chips)
Seat 4: VolkovDmitri ($121 in chips)
VolkovDmitri: posts small blind $1
19woody58: posts big blind $3
*** HOLE CARDS ***
VolkovDmitri: raises $3 to $6
19woody58: calls $3
*** FLOP *** [6d 3s Ac]
19woody58: checks
VolkovDmitri: bets $3
19woody58: calls $3
*** TURN *** [6d 3s Ac] [7h]
19woody58: checks
VolkovDmitri: bets $6
19woody58: calls $6
*** RIVER *** [6d 3s Ac 7h] [5h]
19woody58: checks
VolkovDmitri: bets $6
19woody58: calls $6
*** SHOW DOWN ***
VolkovDmitri: shows [4d 6h] (a straight, Three to Seven)
19woody58: mucks hand
VolkovDmitri collected $41.50 from pot
*** SUMMARY ***
Total pot $42 | Rake $0.50
Board [6d 3s Ac 7h 5h]
Seat 3: 19woody58 (big blind) mucked
Seat 4: VolkovDmitri (button) (small blind) showed [4d 6h] and won ($41.50) with a straight, Three to Seven


PokerStars Hand #170661428932:  Hold'em Limit ($3/$6 USD) - 2017/05/20 4:15:17 ET
Table 'Stephano' 6-max Seat #3 is the button
Seat 3: 19woody58 ($212.46 in chips)
Seat 4: VolkovDmitri ($120 in chips)
19woody58: posts small blind $1
VolkovDmitri: posts big blind $3
*** HOLE CARDS ***
19woody58: folds
Uncalled bet ($2) returned to VolkovDmitri
VolkovDmitri collected $2 from pot
VolkovDmitri: doesn't show hand
*** SUMMARY ***
Total pot $2 | Rake $0
Seat 3: 19woody58 (button) (small blind) folded before Flop
Seat 4: VolkovDmitri (big blind) collected ($2)


PokerStars Hand #170661416104:  Hold'em Limit ($3/$6 USD) - 2017/05/20 4:14:39 ET
Table 'Stephano' 6-max Seat #4 is the button
Seat 3: 19woody58 ($203.82 in chips)
Seat 4: VolkovDmitri ($120 in chips)
VolkovDmitri: posts small blind $1
19woody58: posts big blind $3
*** HOLE CARDS ***
VolkovDmitri: raises $3 to $6
19woody58: calls $3
*** FLOP *** [Kh 7c Kc]
19woody58: checks
VolkovDmitri: bets $3
19woody58: calls $3
*** TURN *** [Kh 7c Kc] [Js]
19woody58: checks
VolkovDmitri: checks
*** RIVER *** [Kh 7c Kc Js] [Kd]
19woody58: bets $6
VolkovDmitri: folds
Uncalled bet ($6) returned to 19woody58
19woody58 collected $17.64 from pot
*** SUMMARY ***
Total pot $18 | Rake $0.36
Board [Kh 7c Kc Js Kd]
Seat 3: 19woody58 (big blind) collected ($17.64)
Seat 4: VolkovDmitri (button) (small blind) folded on the River


PokerStars Hand #170661453369:  Hold'em Limit ($3/$6 USD) - 2017/05/20 4:16:30 ET
Table 'Stephano' 6-max Seat #5 is the button
Seat 3: 19woody58 ($225.96 in chips)
Seat 5: Krazy90 ($120 in chips)
Krazy90: posts small blind $1
19woody58: posts big blind $3
*** HOLE CARDS ***
Krazy90: folds
Uncalled bet ($2) returned to 19woody58
19woody58 collected $2 from pot
*** SUMMARY ***
Total pot $2 | Rake $0
Seat 3: 19woody58 (big blind) collected ($2)
Seat 5: Krazy90 (button) (small blind) folded before Flop


PokerStars Hand #170661439852:  Hold'em Limit ($3/$6 USD) - 2017/05/20 4:15:50 ET
Table 'Stephano' 6-max Seat #3 is the button
Seat 3: 19woody58 ($190.46 in chips)
Seat 4: VolkovDmitri ($141.50 in chips)
19woody58: posts small blind $1
VolkovDmitri: posts big blind $3
*** HOLE CARDS ***
Krazy90 joins the table at seat #5
19woody58: raises $3 to $6
VolkovDmitri: calls $3
*** FLOP *** [2h 5h 5c]
VolkovDmitri: checks
19woody58: bets $3
VolkovDmitri: raises $3 to $6
19woody58: calls $3
*** TURN *** [2h 5h 5c] [7s]
VolkovDmitri: bets $6
19woody58: raises $6 to $12
VolkovDmitri: calls $6
*** RIVER *** [2h 5h 5c 7s] [6h]
VolkovDmitri: bets $6
19woody58: raises $6 to $12
VolkovDmitri: calls $6
*** SHOW DOWN ***
19woody58: shows [7h 5d] (a full house, Fives full of Sevens)
VolkovDmitri: mucks hand
19woody58 collected $71.50 from pot
*** SUMMARY ***
Total pot $72 | Rake $0.50
Board [2h 5h 5c 7s 6h]
Seat 3: 19woody58 (button) (small blind) showed [7h 5d] and won ($71.50) with a full house, Fives full of Sevens
Seat 4: VolkovDmitri (big blind) mucked


PokerStars Hand #170661476268:  Hold'em Limit ($3/$6 USD) - 2017/05/20 4:17:38 ET
Table 'Stephano' 6-max Seat #3 is the button
Seat 3: 19woody58 ($209.96 in chips)
Seat 5: Krazy90 ($136.76 in chips)
19woody58: posts small blind $1
Krazy90: posts big blind $3
*** HOLE CARDS ***
19woody58: folds
Uncalled bet ($2) returned to Krazy90
Krazy90 collected $2 from pot
Krazy90: doesn't show hand
*** SUMMARY ***
Total pot $2 | Rake $0
Seat 3: 19woody58 (button) (small blind) folded before Flop
Seat 5: Krazy90 (big blind) collected ($2)


PokerStars Hand #170661473813:  Hold'em Limit ($3/$6 USD) - 2017/05/20 4:17:31 ET
Table 'Stephano' 6-max Seat #5 is the button
Seat 3: 19woody58 ($212.96 in chips)
Seat 5: Krazy90 ($133.76 in chips)
Krazy90: posts small blind $1
19woody58: posts big blind $3
*** HOLE CARDS ***
Krazy90: raises $3 to $6
19woody58: folds
Uncalled bet ($3) returned to Krazy90
Krazy90 collected $6 from pot
Krazy90: doesn't show hand
*** SUMMARY ***
Total pot $6 | Rake $0
Seat 3: 19woody58 (big blind) folded before Flop
Seat 5: Krazy90 (button) (small blind) collected ($6)


PokerStars Hand #170661471721:  Hold'em Limit ($3/$6 USD) - 2017/05/20 4:17:24 ET
Table 'Stephano' 6-max Seat #3 is the button
Seat 3: 19woody58 ($213.96 in chips)
Seat 5: Krazy90 ($132.76 in chips)
19woody58: posts small blind $1
Krazy90: posts big blind $3
*** HOLE CARDS ***
19woody58: folds
Uncalled bet ($2) returned to Krazy90
Krazy90 collected $2 from pot
Krazy90: doesn't show hand
*** SUMMARY ***
Total pot $2 | Rake $0
Seat 3: 19woody58 (button) (small blind) folded before Flop
Seat 5: Krazy90 (big blind) collected ($2)


PokerStars Hand #170661469853:  Hold'em Limit ($3/$6 USD) - 2017/05/20 4:17:19 ET
Table 'Stephano' 6-max Seat #5 is the button
Seat 3: 19woody58 ($216.96 in chips)
Seat 5: Krazy90 ($129.76 in chips)
Krazy90: posts small blind $1
19woody58: posts big blind $3
*** HOLE CARDS ***
Krazy90: raises $3 to $6
19woody58: folds
Uncalled bet ($3) returned to Krazy90
Krazy90 collected $6 from pot
Krazy90: doesn't show hand
*** SUMMARY ***
Total pot $6 | Rake $0
Seat 3: 19woody58 (big blind) folded before Flop
Seat 5: Krazy90 (button) (small blind) collected ($6)


PokerStars Hand #170661468223:  Hold'em Limit ($3/$6 USD) - 2017/05/20 4:17:14 ET
Table 'Stephano' 6-max Seat #3 is the button
Seat 3: 19woody58 ($217.96 in chips)
Seat 5: Krazy90 ($128.76 in chips)
19woody58: posts small blind $1
Krazy90: posts big blind $3
*** HOLE CARDS ***
19woody58: folds
Uncalled bet ($2) returned to Krazy90
Krazy90 collected $2 from pot
Krazy90: doesn't show hand
*** SUMMARY ***
Total pot $2 | Rake $0
Seat 3: 19woody58 (button) (small blind) folded before Flop
Seat 5: Krazy90 (big blind) collected ($2)


PokerStars Hand #170661465681:  Hold'em Limit ($3/$6 USD) - 2017/05/20 4:17:07 ET
Table 'Stephano' 6-max Seat #5 is the button
Seat 3: 19woody58 ($220.96 in chips)
Seat 5: Krazy90 ($125.76 in chips)
Krazy90: posts small blind $1
19woody58: posts big blind $3
*** HOLE CARDS ***
Krazy90: raises $3 to $6
19woody58: folds
Uncalled bet ($3) returned to Krazy90
Krazy90 collected $6 from pot
Krazy90: doesn't show hand
*** SUMMARY ***
Total pot $6 | Rake $0
Seat 3: 19woody58 (big blind) folded before Flop
Seat 5: Krazy90 (button) (small blind) collected ($6)


