PokerStars Hand #168733130334:  Hold'em Limit ($3/$6 USD) - 2017/04/07 23:23:50 ET
Table 'Stephania' 10-max Seat #3 is the button
Seat 2: leungting684 ($65.41 in chips)
Seat 3: B_loJkl ($166.50 in chips)
B_loJkl: posts small blind $1
leungting684: posts big blind $3
*** HOLE CARDS ***
B_loJkl: raises $3 to $6
leungting684: calls $3
*** FLOP *** [5s 4c 9d]
leungting684: checks
B_loJkl: bets $3
leungting684: folds
Uncalled bet ($3) returned to B_loJkl
B_loJkl collected $11.76 from pot
B_loJkl: doesn't show hand
*** SUMMARY ***
Total pot $12 | Rake $0.24
Board [5s 4c 9d]
Seat 2: leungting684 (big blind) folded on the Flop
Seat 3: B_loJkl (button) (small blind) collected ($11.76)


PokerStars Hand #168733121839:  Hold'em Limit ($3/$6 USD) - 2017/04/07 23:23:25 ET
Table 'Stephania' 10-max Seat #2 is the button
Seat 2: leungting684 ($71.41 in chips)
Seat 3: B_loJkl ($160.74 in chips)
leungting684: posts small blind $1
B_loJkl: posts big blind $3
*** HOLE CARDS ***
leungting684: raises $3 to $6
B_loJkl: calls $3
*** FLOP *** [Js 5s 9c]
B_loJkl: checks
leungting684: checks
*** TURN *** [Js 5s 9c] [2s]
B_loJkl: bets $6
leungting684: folds
Uncalled bet ($6) returned to B_loJkl
B_loJkl collected $11.76 from pot
B_loJkl: doesn't show hand
*** SUMMARY ***
Total pot $12 | Rake $0.24
Board [Js 5s 9c 2s]
Seat 2: leungting684 (button) (small blind) folded on the Turn
Seat 3: B_loJkl (big blind) collected ($11.76)


PokerStars Hand #168733144146:  Hold'em Limit ($3/$6 USD) - 2017/04/07 23:24:31 ET
Table 'Stephania' 10-max Seat #3 is the button
Seat 2: leungting684 ($62.41 in chips)
Seat 3: B_loJkl ($169.26 in chips)
B_loJkl: posts small blind $1
leungting684: posts big blind $3
*** HOLE CARDS ***
B_loJkl: raises $3 to $6
leungting684: calls $3
*** FLOP *** [4s 6d Jc]
leungting684: checks
B_loJkl: bets $3
leungting684: calls $3
*** TURN *** [4s 6d Jc] [Ac]
leungting684: checks
B_loJkl: bets $6
leungting684: folds
Uncalled bet ($6) returned to B_loJkl
B_loJkl collected $17.64 from pot
B_loJkl: doesn't show hand
*** SUMMARY ***
Total pot $18 | Rake $0.36
Board [4s 6d Jc Ac]
Seat 2: leungting684 (big blind) folded on the Turn
Seat 3: B_loJkl (button) (small blind) collected ($17.64)


PokerStars Hand #168733136100:  Hold'em Limit ($3/$6 USD) - 2017/04/07 23:24:07 ET
Table 'Stephania' 10-max Seat #2 is the button
Seat 2: leungting684 ($59.41 in chips)
Seat 3: B_loJkl ($172.26 in chips)
leungting684: posts small blind $1
B_loJkl: posts big blind $3
*** HOLE CARDS ***
leungting684: raises $3 to $6
B_loJkl: folds
Uncalled bet ($3) returned to leungting684
leungting684 collected $6 from pot
leungting684: doesn't show hand
*** SUMMARY ***
Total pot $6 | Rake $0
Seat 2: leungting684 (button) (small blind) collected ($6)
Seat 3: B_loJkl (big blind) folded before Flop


PokerStars Hand #168733162770:  Hold'em Limit ($3/$6 USD) - 2017/04/07 23:25:27 ET
Table 'Stephania' 10-max Seat #3 is the button
Seat 2: leungting684 ($47.41 in chips)
Seat 3: B_loJkl ($183.66 in chips)
B_loJkl: posts small blind $1
leungting684: posts big blind $3
*** HOLE CARDS ***
B_loJkl: raises $3 to $6
leungting684: folds
Uncalled bet ($3) returned to B_loJkl
B_loJkl collected $6 from pot
B_loJkl: doesn't show hand
*** SUMMARY ***
Total pot $6 | Rake $0
Seat 2: leungting684 (big blind) folded before Flop
Seat 3: B_loJkl (button) (small blind) collected ($6)


PokerStars Hand #168733165913:  Hold'em Limit ($3/$6 USD) - 2017/04/07 23:25:37 ET
Table 'Stephania' 10-max Seat #2 is the button
Seat 2: leungting684 ($44.41 in chips)
Seat 3: B_loJkl ($186.66 in chips)
leungting684: posts small blind $1
B_loJkl: posts big blind $3
*** HOLE CARDS ***
leungting684: raises $3 to $6
B_loJkl: calls $3
*** FLOP *** [9s 2d 3s]
B_loJkl: checks
leungting684: bets $3
B_loJkl: calls $3
*** TURN *** [9s 2d 3s] [Td]
B_loJkl: checks
leungting684: checks
*** RIVER *** [9s 2d 3s Td] [Ts]
B_loJkl: bets $6
leungting684: folds
Uncalled bet ($6) returned to B_loJkl
B_loJkl collected $17.64 from pot
B_loJkl: doesn't show hand
*** SUMMARY ***
Total pot $18 | Rake $0.36
Board [9s 2d 3s Td Ts]
Seat 2: leungting684 (button) (small blind) folded on the River
Seat 3: B_loJkl (big blind) collected ($17.64)


PokerStars Hand #168733157094:  Hold'em Limit ($3/$6 USD) - 2017/04/07 23:25:10 ET
Table 'Stephania' 10-max Seat #2 is the button
Seat 2: leungting684 ($53.41 in chips)
Seat 3: B_loJkl ($177.90 in chips)
leungting684: posts small blind $1
B_loJkl: posts big blind $3
*** HOLE CARDS ***
leungting684: calls $2
B_loJkl: raises $3 to $6
leungting684: calls $3
*** FLOP *** [8h As Jh]
B_loJkl: bets $3
leungting684: folds
Uncalled bet ($3) returned to B_loJkl
B_loJkl collected $11.76 from pot
B_loJkl: doesn't show hand
*** SUMMARY ***
Total pot $12 | Rake $0.24
Board [8h As Jh]
Seat 2: leungting684 (button) (small blind) folded on the Flop
Seat 3: B_loJkl (big blind) collected ($11.76)


PokerStars Hand #168733191754:  Hold'em Limit ($3/$6 USD) - 2017/04/07 23:26:55 ET
Table 'Stephania' 10-max Seat #2 is the button
Seat 2: leungting684 ($44.91 in chips)
Seat 3: B_loJkl ($184.82 in chips)
leungting684: posts small blind $1
B_loJkl: posts big blind $3
*** HOLE CARDS ***
leungting684: calls $2
B_loJkl: checks
*** FLOP *** [Ts 7s Ad]
B_loJkl: checks
leungting684: checks
*** TURN *** [Ts 7s Ad] [Jd]
B_loJkl: bets $6
leungting684: folds
Uncalled bet ($6) returned to B_loJkl
B_loJkl collected $5.88 from pot
B_loJkl: doesn't show hand
*** SUMMARY ***
Total pot $6 | Rake $0.12
Board [Ts 7s Ad Jd]
Seat 2: leungting684 (button) (small blind) folded on the Turn
Seat 3: B_loJkl (big blind) collected ($5.88)


PokerStars Hand #168733189604:  Hold'em Limit ($3/$6 USD) - 2017/04/07 23:26:48 ET
Table 'Stephania' 10-max Seat #3 is the button
Seat 2: leungting684 ($43.91 in chips)
Seat 3: B_loJkl ($185.82 in chips)
B_loJkl: posts small blind $1
leungting684: posts big blind $3
*** HOLE CARDS ***
B_loJkl: folds
Uncalled bet ($2) returned to leungting684
leungting684 collected $2 from pot
leungting684: doesn't show hand
*** SUMMARY ***
Total pot $2 | Rake $0
Seat 2: leungting684 (big blind) collected ($2)
Seat 3: B_loJkl (button) (small blind) folded before Flop


PokerStars Hand #168733181884:  Hold'em Limit ($3/$6 USD) - 2017/04/07 23:26:25 ET
Table 'Stephania' 10-max Seat #2 is the button
Seat 2: leungting684 ($55.91 in chips)
Seat 3: B_loJkl ($174.30 in chips)
leungting684: posts small blind $1
B_loJkl: posts big blind $3
*** HOLE CARDS ***
leungting684: raises $3 to $6
B_loJkl: calls $3
*** FLOP *** [Kd 3s 2d]
B_loJkl: checks
leungting684: checks
*** TURN *** [Kd 3s 2d] [5d]
B_loJkl: bets $6
leungting684: calls $6
*** RIVER *** [Kd 3s 2d 5d] [Qc]
B_loJkl: bets $6
leungting684: folds
Uncalled bet ($6) returned to B_loJkl
B_loJkl collected $23.52 from pot
B_loJkl: doesn't show hand
*** SUMMARY ***
Total pot $24 | Rake $0.48
Board [Kd 3s 2d 5d Qc]
Seat 2: leungting684 (button) (small blind) folded on the River
Seat 3: B_loJkl (big blind) collected ($23.52)


PokerStars Hand #168733175351:  Hold'em Limit ($3/$6 USD) - 2017/04/07 23:26:05 ET
Table 'Stephania' 10-max Seat #3 is the button
Seat 2: leungting684 ($35.41 in chips)
Seat 3: B_loJkl ($195.30 in chips)
B_loJkl: posts small blind $1
leungting684: posts big blind $3
*** HOLE CARDS ***
B_loJkl: raises $3 to $6
leungting684: calls $3
*** FLOP *** [7c 4s 9c]
leungting684: bets $3
B_loJkl: calls $3
*** TURN *** [7c 4s 9c] [8h]
leungting684: bets $6
B_loJkl: calls $6
*** RIVER *** [7c 4s 9c 8h] [9s]
leungting684: bets $6
B_loJkl: calls $6
*** SHOW DOWN ***
leungting684: shows [6s 9d] (three of a kind, Nines)
B_loJkl: mucks hand
leungting684 collected $41.50 from pot
*** SUMMARY ***
Total pot $42 | Rake $0.50
Board [7c 4s 9c 8h 9s]
Seat 2: leungting684 (big blind) showed [6s 9d] and won ($41.50) with three of a kind, Nines
Seat 3: B_loJkl (button) (small blind) mucked


PokerStars Hand #168733202691:  Hold'em Limit ($3/$6 USD) - 2017/04/07 23:27:28 ET
Table 'Stephania' 10-max Seat #2 is the button
Seat 2: leungting684 ($38.91 in chips)
Seat 3: B_loJkl ($190.70 in chips)
leungting684: posts small blind $1
B_loJkl: posts big blind $3
*** HOLE CARDS ***
leungting684: raises $3 to $6
B_loJkl: calls $3
*** FLOP *** [4c Jh 2c]
B_loJkl: checks
leungting684: bets $3
B_loJkl: raises $3 to $6
leungting684: calls $3
*** TURN *** [4c Jh 2c] [As]
B_loJkl: checks
leungting684: bets $6
B_loJkl: calls $6
*** RIVER *** [4c Jh 2c As] [Kh]
B_loJkl: checks
leungting684: bets $6
B_loJkl: raises $6 to $12
leungting684: calls $6
*** SHOW DOWN ***
B_loJkl: shows [Kd Js] (two pair, Kings and Jacks)
leungting684: mucks hand
B_loJkl collected $59.50 from pot
*** SUMMARY ***
Total pot $60 | Rake $0.50
Board [4c Jh 2c As Kh]
Seat 2: leungting684 (button) (small blind) mucked
Seat 3: B_loJkl (big blind) showed [Kd Js] and won ($59.50) with two pair, Kings and Jacks


PokerStars Hand #168733199479:  Hold'em Limit ($3/$6 USD) - 2017/04/07 23:27:18 ET
Table 'Stephania' 10-max Seat #3 is the button
Seat 2: leungting684 ($41.91 in chips)
Seat 3: B_loJkl ($187.70 in chips)
B_loJkl: posts small blind $1
leungting684: posts big blind $3
*** HOLE CARDS ***
B_loJkl: raises $3 to $6
leungting684: folds
Uncalled bet ($3) returned to B_loJkl
B_loJkl collected $6 from pot
B_loJkl: doesn't show hand
*** SUMMARY ***
Total pot $6 | Rake $0
Seat 2: leungting684 (big blind) folded before Flop
Seat 3: B_loJkl (button) (small blind) collected ($6)


PokerStars Hand #168733223717:  Hold'em Limit ($3/$6 USD) - 2017/04/07 23:28:31 ET
Table 'Stephania' 10-max Seat #3 is the button
Seat 2: leungting684 ($13.67 in chips)
Seat 3: B_loJkl ($215.20 in chips)
B_loJkl: posts small blind $1
leungting684: posts big blind $3
*** HOLE CARDS ***
B_loJkl: folds
Uncalled bet ($2) returned to leungting684
leungting684 collected $2 from pot
leungting684: doesn't show hand
*** SUMMARY ***
Total pot $2 | Rake $0
Seat 2: leungting684 (big blind) collected ($2)
Seat 3: B_loJkl (button) (small blind) folded before Flop


PokerStars Hand #168733225870:  Hold'em Limit ($3/$6 USD) - 2017/04/07 23:28:38 ET
Table 'Stephania' 10-max Seat #2 is the button
Seat 2: leungting684 ($14.67 in chips)
Seat 3: B_loJkl ($214.20 in chips)
leungting684: posts small blind $1
B_loJkl: posts big blind $3
*** HOLE CARDS ***
leungting684: calls $2
B_loJkl: checks
*** FLOP *** [Qs 3c 2d]
B_loJkl: checks
leungting684: checks
*** TURN *** [Qs 3c 2d] [Jd]
B_loJkl: bets $6
leungting684: folds
Uncalled bet ($6) returned to B_loJkl
B_loJkl collected $5.88 from pot
B_loJkl: doesn't show hand
*** SUMMARY ***
Total pot $6 | Rake $0.12
Board [Qs 3c 2d Jd]
Seat 2: leungting684 (button) (small blind) folded on the Turn
Seat 3: B_loJkl (big blind) collected ($5.88)


PokerStars Hand #168733222007:  Hold'em Limit ($3/$6 USD) - 2017/04/07 23:28:26 ET
Table 'Stephania' 10-max Seat #2 is the button
Seat 2: leungting684 ($14.67 in chips)
Seat 3: B_loJkl ($214.20 in chips)
leungting684: posts small blind $1
B_loJkl: posts big blind $3
*** HOLE CARDS ***
leungting684: folds
Uncalled bet ($2) returned to B_loJkl
B_loJkl collected $2 from pot
B_loJkl: doesn't show hand
*** SUMMARY ***
Total pot $2 | Rake $0
Seat 2: leungting684 (button) (small blind) folded before Flop
Seat 3: B_loJkl (big blind) collected ($2)


PokerStars Hand #168733214320:  Hold'em Limit ($3/$6 USD) - 2017/04/07 23:28:03 ET
Table 'Stephania' 10-max Seat #3 is the button
Seat 2: leungting684 ($8.91 in chips)
Seat 3: B_loJkl ($220.20 in chips)
B_loJkl: posts small blind $1
leungting684: posts big blind $3
*** HOLE CARDS ***
B_loJkl: raises $3 to $6
leungting684: calls $3
*** FLOP *** [9s 8h Ac]
leungting684: bets $2.91 and is all-in
B_loJkl: folds
Uncalled bet ($2.91) returned to leungting684
leungting684 collected $11.76 from pot
leungting684: doesn't show hand
*** SUMMARY ***
Total pot $12 | Rake $0.24
Board [9s 8h Ac]
Seat 2: leungting684 (big blind) collected ($11.76)
Seat 3: B_loJkl (button) (small blind) folded on the Flop


PokerStars Hand #168733243374:  Hold'em Limit ($3/$6 USD) - 2017/04/07 23:29:30 ET
Table 'Stephania' 10-max Seat #3 is the button
Seat 2: leungting684 ($11.11 in chips)
Seat 3: B_loJkl ($217.17 in chips)
B_loJkl: posts small blind $1
leungting684: posts big blind $3
*** HOLE CARDS ***
B_loJkl: calls $2
leungting684: checks
*** FLOP *** [5h Qh 3s]
leungting684: bets $3
B_loJkl: folds
Uncalled bet ($3) returned to leungting684
leungting684 collected $5.88 from pot
leungting684: doesn't show hand
*** SUMMARY ***
Total pot $6 | Rake $0.12
Board [5h Qh 3s]
Seat 2: leungting684 (big blind) collected ($5.88)
Seat 3: B_loJkl (button) (small blind) folded on the Flop


PokerStars Hand #168733254899:  Hold'em Limit ($3/$6 USD) - 2017/04/07 23:30:05 ET
Table 'Stephania' 10-max Seat #2 is the button
Seat 2: leungting684 ($13.75 in chips)
Seat 3: B_loJkl ($213.93 in chips)
leungting684: posts small blind $1
B_loJkl: posts big blind $3
*** HOLE CARDS ***
leungting684: raises $3 to $6
B_loJkl: folds
Uncalled bet ($3) returned to leungting684
leungting684 collected $6 from pot
leungting684: doesn't show hand
*** SUMMARY ***
Total pot $6 | Rake $0
Seat 2: leungting684 (button) (small blind) collected ($6)
Seat 3: B_loJkl (big blind) folded before Flop


PokerStars Hand #168733251468:  Hold'em Limit ($3/$6 USD) - 2017/04/07 23:29:54 ET
Table 'Stephania' 10-max Seat #3 is the button
Seat 2: leungting684 ($19.75 in chips)
Seat 3: B_loJkl ($208.17 in chips)
B_loJkl: posts small blind $1
leungting684: posts big blind $3
*** HOLE CARDS ***
B_loJkl: raises $3 to $6
leungting684: calls $3
*** FLOP *** [Ad As 3s]
leungting684: checks
B_loJkl: bets $3
leungting684: folds
Uncalled bet ($3) returned to B_loJkl
B_loJkl collected $11.76 from pot
B_loJkl: doesn't show hand
*** SUMMARY ***
Total pot $12 | Rake $0.24
Board [Ad As 3s]
Seat 2: leungting684 (big blind) folded on the Flop
Seat 3: B_loJkl (button) (small blind) collected ($11.76)


PokerStars Hand #168733247412:  Hold'em Limit ($3/$6 USD) - 2017/04/07 23:29:42 ET
Table 'Stephania' 10-max Seat #2 is the button
Seat 2: leungting684 ($13.99 in chips)
Seat 3: B_loJkl ($214.17 in chips)
leungting684: posts small blind $1
B_loJkl: posts big blind $3
*** HOLE CARDS ***
leungting684: raises $3 to $6
B_loJkl: calls $3
*** FLOP *** [7s 3h 2d]
B_loJkl: checks
leungting684: bets $3
B_loJkl: folds
Uncalled bet ($3) returned to leungting684
leungting684 collected $11.76 from pot
leungting684: doesn't show hand
*** SUMMARY ***
Total pot $12 | Rake $0.24
Board [7s 3h 2d]
Seat 2: leungting684 (button) (small blind) collected ($11.76)
Seat 3: B_loJkl (big blind) folded on the Flop


PokerStars Hand #168733239051:  Hold'em Limit ($3/$6 USD) - 2017/04/07 23:29:17 ET
Table 'Stephania' 10-max Seat #2 is the button
Seat 2: leungting684 ($5.67 in chips)
Seat 3: B_loJkl ($222.84 in chips)
leungting684: posts small blind $1
B_loJkl: posts big blind $3
*** HOLE CARDS ***
leungting684: raises $2.67 to $5.67 and is all-in
B_loJkl: calls $2.67
*** FLOP *** [7d Ah Th]
*** TURN *** [7d Ah Th] [9s]
*** RIVER *** [7d Ah Th 9s] [4h]
*** SHOW DOWN ***
B_loJkl: shows [3h Ks] (high card Ace)
leungting684: shows [6c 9d] (a pair of Nines)
leungting684 collected $11.11 from pot
*** SUMMARY ***
Total pot $11.34 | Rake $0.23
Board [7d Ah Th 9s 4h]
Seat 2: leungting684 (button) (small blind) showed [6c 9d] and won ($11.11) with a pair of Nines
Seat 3: B_loJkl (big blind) showed [3h Ks] and lost with high card Ace


PokerStars Hand #168733268475:  Hold'em Limit ($3/$6 USD) - 2017/04/07 23:30:45 ET
Table 'Stephania' 10-max Seat #3 is the button
Seat 2: leungting684 ($21.07 in chips)
Seat 3: B_loJkl ($205.94 in chips)
B_loJkl: posts small blind $1
leungting684: posts big blind $3
*** HOLE CARDS ***
B_loJkl: raises $3 to $6
leungting684: folds
Uncalled bet ($3) returned to B_loJkl
B_loJkl collected $6 from pot
B_loJkl: doesn't show hand
*** SUMMARY ***
Total pot $6 | Rake $0
Seat 2: leungting684 (big blind) folded before Flop
Seat 3: B_loJkl (button) (small blind) collected ($6)


PokerStars Hand #168733261360:  Hold'em Limit ($3/$6 USD) - 2017/04/07 23:30:24 ET
Table 'Stephania' 10-max Seat #2 is the button
Seat 2: leungting684 ($10.75 in chips)
Seat 3: B_loJkl ($216.69 in chips)
leungting684: posts small blind $1
B_loJkl: posts big blind $3
*** HOLE CARDS ***
leungting684: calls $2
B_loJkl: raises $3 to $6
leungting684: calls $3
*** FLOP *** [9d 5s 3d]
B_loJkl: checks
leungting684: bets $3
B_loJkl: raises $3 to $6
leungting684: calls $1.75 and is all-in
Uncalled bet ($1.25) returned to B_loJkl
*** TURN *** [9d 5s 3d] [Td]
*** RIVER *** [9d 5s 3d Td] [6s]
*** SHOW DOWN ***
B_loJkl: shows [Ts Jc] (a pair of Tens)
leungting684: shows [7d 5d] (a flush, Ten high)
leungting684 collected $21.07 from pot
*** SUMMARY ***
Total pot $21.50 | Rake $0.43
Board [9d 5s 3d Td 6s]
Seat 2: leungting684 (button) (small blind) showed [7d 5d] and won ($21.07) with a flush, Ten high
Seat 3: B_loJkl (big blind) showed [Ts Jc] and lost with a pair of Tens


PokerStars Hand #168733271003:  Hold'em Limit ($3/$6 USD) - 2017/04/07 23:30:53 ET
Table 'Stephania' 10-max Seat #2 is the button
Seat 2: leungting684 ($18.07 in chips)
Seat 3: B_loJkl ($208.94 in chips)
leungting684: posts small blind $1
B_loJkl: posts big blind $3
*** HOLE CARDS ***
leungting684: calls $2
B_loJkl: raises $3 to $6
leungting684: calls $3
*** FLOP *** [Tc 5d 4c]
B_loJkl: bets $3
leungting684: raises $3 to $6
B_loJkl: calls $3
*** TURN *** [Tc 5d 4c] [8h]
B_loJkl: checks
leungting684: bets $6
B_loJkl: raises $6 to $12
leungting684: calls $0.07 and is all-in
Uncalled bet ($5.93) returned to B_loJkl
*** RIVER *** [Tc 5d 4c 8h] [4d]
*** SHOW DOWN ***
B_loJkl: shows [Qd Kd] (a pair of Fours)
leungting684: shows [2h Th] (two pair, Tens and Fours)
leungting684 collected $35.64 from pot
*** SUMMARY ***
Total pot $36.14 | Rake $0.50
Board [Tc 5d 4c 8h 4d]
Seat 2: leungting684 (button) (small blind) showed [2h Th] and won ($35.64) with two pair, Tens and Fours
Seat 3: B_loJkl (big blind) showed [Qd Kd] and lost with a pair of Fours


PokerStars Hand #168733278290:  Hold'em Limit ($3/$6 USD) - 2017/04/07 23:31:16 ET
Table 'Stephania' 10-max Seat #3 is the button
Seat 2: leungting684 ($35.64 in chips)
Seat 3: B_loJkl ($190.87 in chips)
B_loJkl: posts small blind $1
leungting684: posts big blind $3
*** HOLE CARDS ***
B_loJkl: raises $3 to $6
leungting684: calls $3
*** FLOP *** [Tc 7c 8h]
leungting684: checks
B_loJkl: bets $3
leungting684: calls $3
*** TURN *** [Tc 7c 8h] [8d]
leungting684: checks
B_loJkl: bets $6
leungting684: calls $6
*** RIVER *** [Tc 7c 8h 8d] [Kc]
leungting684: bets $6
B_loJkl: raises $6 to $12
leungting684: folds
Uncalled bet ($6) returned to B_loJkl
B_loJkl collected $41.50 from pot
B_loJkl: doesn't show hand
*** SUMMARY ***
Total pot $42 | Rake $0.50
Board [Tc 7c 8h 8d Kc]
Seat 2: leungting684 (big blind) folded on the River
Seat 3: B_loJkl (button) (small blind) collected ($41.50)


PokerStars Hand #168733293675:  Hold'em Limit ($3/$6 USD) - 2017/04/07 23:32:00 ET
Table 'Stephania' 10-max Seat #2 is the button
Seat 2: leungting684 ($17.40 in chips)
Seat 3: B_loJkl ($208.37 in chips)
leungting684: posts small blind $1
B_loJkl: posts big blind $3
*** HOLE CARDS ***
leungting684: raises $3 to $6
B_loJkl: raises $3 to $9
leungting684: calls $3
*** FLOP *** [Tc 3h 8h]
B_loJkl: checks
leungting684: checks
*** TURN *** [Tc 3h 8h] [9c]
B_loJkl: bets $6
leungting684: calls $6
*** RIVER *** [Tc 3h 8h 9c] [Kd]
B_loJkl: bets $6
leungting684: calls $2.40 and is all-in
Uncalled bet ($3.60) returned to B_loJkl
*** SHOW DOWN ***
B_loJkl: shows [Jd Js] (a pair of Jacks)
leungting684: shows [Qc Kh] (a pair of Kings)
leungting684 collected $34.30 from pot
*** SUMMARY ***
Total pot $34.80 | Rake $0.50
Board [Tc 3h 8h 9c Kd]
Seat 2: leungting684 (button) (small blind) showed [Qc Kh] and won ($34.30) with a pair of Kings
Seat 3: B_loJkl (big blind) showed [Jd Js] and lost with a pair of Jacks


PokerStars Hand #168733291422:  Hold'em Limit ($3/$6 USD) - 2017/04/07 23:31:53 ET
Table 'Stephania' 10-max Seat #3 is the button
Seat 2: leungting684 ($20.40 in chips)
Seat 3: B_loJkl ($205.37 in chips)
B_loJkl: posts small blind $1
leungting684: posts big blind $3
*** HOLE CARDS ***
B_loJkl: raises $3 to $6
leungting684: folds
Uncalled bet ($3) returned to B_loJkl
B_loJkl collected $6 from pot
B_loJkl: doesn't show hand
*** SUMMARY ***
Total pot $6 | Rake $0
Seat 2: leungting684 (big blind) folded before Flop
Seat 3: B_loJkl (button) (small blind) collected ($6)


PokerStars Hand #168733287061:  Hold'em Limit ($3/$6 USD) - 2017/04/07 23:31:40 ET
Table 'Stephania' 10-max Seat #2 is the button
Seat 2: leungting684 ($14.64 in chips)
Seat 3: B_loJkl ($211.37 in chips)
leungting684: posts small blind $1
B_loJkl: posts big blind $3
*** HOLE CARDS ***
leungting684: raises $3 to $6
B_loJkl: calls $3
*** FLOP *** [Jc Jh Kh]
B_loJkl: checks
leungting684: bets $3
B_loJkl: folds
Uncalled bet ($3) returned to leungting684
leungting684 collected $11.76 from pot
leungting684: doesn't show hand
*** SUMMARY ***
Total pot $12 | Rake $0.24
Board [Jc Jh Kh]
Seat 2: leungting684 (button) (small blind) collected ($11.76)
Seat 3: B_loJkl (big blind) folded on the Flop


PokerStars Hand #168733313093:  Hold'em Limit ($3/$6 USD) - 2017/04/07 23:32:59 ET
Table 'Stephania' 10-max Seat #3 is the button
Seat 2: leungting684 ($39.82 in chips)
Seat 3: B_loJkl ($184.73 in chips)
B_loJkl: posts small blind $1
leungting684: posts big blind $3
*** HOLE CARDS ***
B_loJkl: raises $3 to $6
leungting684: calls $3
*** FLOP *** [Ah Kh 8d]
leungting684: checks
B_loJkl: bets $3
leungting684: calls $3
*** TURN *** [Ah Kh 8d] [4s]
leungting684: checks
B_loJkl: checks
*** RIVER *** [Ah Kh 8d 4s] [As]
leungting684: bets $6
B_loJkl: folds
Uncalled bet ($6) returned to leungting684
leungting684 collected $17.64 from pot
leungting684: doesn't show hand
*** SUMMARY ***
Total pot $18 | Rake $0.36
Board [Ah Kh 8d 4s As]
Seat 2: leungting684 (big blind) collected ($17.64)
Seat 3: B_loJkl (button) (small blind) folded on the River


PokerStars Hand #168733306978:  Hold'em Limit ($3/$6 USD) - 2017/04/07 23:32:40 ET
Table 'Stephania' 10-max Seat #2 is the button
Seat 2: leungting684 ($45.82 in chips)
Seat 3: B_loJkl ($178.97 in chips)
leungting684: posts small blind $1
B_loJkl: posts big blind $3
*** HOLE CARDS ***
leungting684: calls $2
B_loJkl: raises $3 to $6
leungting684: calls $3
*** FLOP *** [7d 3h 5h]
B_loJkl: bets $3
leungting684: folds
Uncalled bet ($3) returned to B_loJkl
B_loJkl collected $11.76 from pot
B_loJkl: doesn't show hand
*** SUMMARY ***
Total pot $12 | Rake $0.24
Board [7d 3h 5h]
Seat 2: leungting684 (button) (small blind) folded on the Flop
Seat 3: B_loJkl (big blind) collected ($11.76)


PokerStars Hand #168733299662:  Hold'em Limit ($3/$6 USD) - 2017/04/07 23:32:18 ET
Table 'Stephania' 10-max Seat #3 is the button
Seat 2: leungting684 ($34.30 in chips)
Seat 3: B_loJkl ($190.97 in chips)
B_loJkl: posts small blind $1
leungting684: posts big blind $3
*** HOLE CARDS ***
B_loJkl: raises $3 to $6
leungting684: calls $3
*** FLOP *** [9c Ks 8s]
leungting684: checks
B_loJkl: bets $3
leungting684: raises $3 to $6
B_loJkl: calls $3
*** TURN *** [9c Ks 8s] [7s]
leungting684: bets $6
B_loJkl: folds
Uncalled bet ($6) returned to leungting684
leungting684 collected $23.52 from pot
leungting684: doesn't show hand
*** SUMMARY ***
Total pot $24 | Rake $0.48
Board [9c Ks 8s 7s]
Seat 2: leungting684 (big blind) collected ($23.52)
Seat 3: B_loJkl (button) (small blind) folded on the Turn


PokerStars Hand #168733326611:  Hold'em Limit ($3/$6 USD) - 2017/04/07 23:33:40 ET
Table 'Stephania' 10-max Seat #3 is the button
Seat 2: leungting684 ($54.22 in chips)
Seat 3: B_loJkl ($169.73 in chips)
B_loJkl: posts small blind $1
leungting684: posts big blind $3
*** HOLE CARDS ***
B_loJkl: folds
Uncalled bet ($2) returned to leungting684
leungting684 collected $2 from pot
leungting684: doesn't show hand
*** SUMMARY ***
Total pot $2 | Rake $0
Seat 2: leungting684 (big blind) collected ($2)
Seat 3: B_loJkl (button) (small blind) folded before Flop


PokerStars Hand #168733321293:  Hold'em Limit ($3/$6 USD) - 2017/04/07 23:33:24 ET
Table 'Stephania' 10-max Seat #2 is the button
Seat 2: leungting684 ($48.46 in chips)
Seat 3: B_loJkl ($175.73 in chips)
leungting684: posts small blind $1
B_loJkl: posts big blind $3
*** HOLE CARDS ***
leungting684: raises $3 to $6
B_loJkl: calls $3
*** FLOP *** [7c Qs Js]
B_loJkl: checks
leungting684: bets $3
B_loJkl: folds
Uncalled bet ($3) returned to leungting684
leungting684 collected $11.76 from pot
leungting684: doesn't show hand
*** SUMMARY ***
Total pot $12 | Rake $0.24
Board [7c Qs Js]
Seat 2: leungting684 (button) (small blind) collected ($11.76)
Seat 3: B_loJkl (big blind) folded on the Flop


PokerStars Hand #168733351931:  Hold'em Limit ($3/$6 USD) - 2017/04/07 23:34:27 ET
Table 'Stephania' 10-max Seat #3 is the button
Seat 2: leungting684 ($52.22 in chips)
Seat 3: B_loJkl ($171.61 in chips)
B_loJkl: posts small blind $1
leungting684: posts big blind $3
*** HOLE CARDS ***
B_loJkl: raises $3 to $6
leungting684: folds
Uncalled bet ($3) returned to B_loJkl
B_loJkl collected $6 from pot
B_loJkl: doesn't show hand
*** SUMMARY ***
Total pot $6 | Rake $0
Seat 2: leungting684 (big blind) folded before Flop
Seat 3: B_loJkl (button) (small blind) collected ($6)


PokerStars Hand #168733331726:  Hold'em Limit ($3/$6 USD) - 2017/04/07 23:33:55 ET
Table 'Stephania' 10-max Seat #2 is the button
Seat 2: leungting684 ($55.22 in chips)
Seat 3: B_loJkl ($168.73 in chips)
leungting684: posts small blind $1
B_loJkl: posts big blind $3
*** HOLE CARDS ***
leungting684: calls $2
B_loJkl: checks
*** FLOP *** [Jc 7d 9d]
B_loJkl: checks
leungting684: checks
*** TURN *** [Jc 7d 9d] [Th]
B_loJkl: checks
leungting684: checks
*** RIVER *** [Jc 7d 9d Th] [Tc]
B_loJkl: checks
leungting684: checks
*** SHOW DOWN ***
B_loJkl: shows [7h Js] (two pair, Jacks and Tens)
leungting684: mucks hand
B_loJkl collected $5.88 from pot
*** SUMMARY ***
Total pot $6 | Rake $0.12
Board [Jc 7d 9d Th Tc]
Seat 2: leungting684 (button) (small blind) mucked
Seat 3: B_loJkl (big blind) showed [7h Js] and won ($5.88) with two pair, Jacks and Tens


PokerStars Hand #168733376850:  Hold'em Limit ($3/$6 USD) - 2017/04/07 23:35:43 ET
Table 'Stephania' 10-max Seat #2 is the button
Seat 2: leungting684 ($66.72 in chips)
Seat 3: B_loJkl ($156.61 in chips)
leungting684: posts small blind $1
B_loJkl: posts big blind $3
*** HOLE CARDS ***
leungting684: calls $2
B_loJkl: checks
*** FLOP *** [Ts Qd 9s]
B_loJkl: bets $3
leungting684: folds
Uncalled bet ($3) returned to B_loJkl
B_loJkl collected $5.88 from pot
B_loJkl: doesn't show hand
*** SUMMARY ***
Total pot $6 | Rake $0.12
Board [Ts Qd 9s]
Seat 2: leungting684 (button) (small blind) folded on the Flop
Seat 3: B_loJkl (big blind) collected ($5.88)


PokerStars Hand #168733373314:  Hold'em Limit ($3/$6 USD) - 2017/04/07 23:35:32 ET
Table 'Stephania' 10-max Seat #3 is the button
Seat 2: leungting684 ($69.72 in chips)
Seat 3: B_loJkl ($153.61 in chips)
B_loJkl: posts small blind $1
leungting684: posts big blind $3
*** HOLE CARDS ***
B_loJkl: raises $3 to $6
leungting684: folds
Uncalled bet ($3) returned to B_loJkl
B_loJkl collected $6 from pot
B_loJkl: doesn't show hand
*** SUMMARY ***
Total pot $6 | Rake $0
Seat 2: leungting684 (big blind) folded before Flop
Seat 3: B_loJkl (button) (small blind) collected ($6)


PokerStars Hand #168733355102:  Hold'em Limit ($3/$6 USD) - 2017/04/07 23:34:37 ET
Table 'Stephania' 10-max Seat #2 is the button
Seat 2: leungting684 ($49.22 in chips)
Seat 3: B_loJkl ($174.61 in chips)
leungting684: posts small blind $1
B_loJkl: posts big blind $3
*** HOLE CARDS ***
leungting684: calls $2
B_loJkl: raises $3 to $6
leungting684: calls $3
*** FLOP *** [2d Kc Ah]
B_loJkl: checks
leungting684: bets $3
B_loJkl: calls $3
*** TURN *** [2d Kc Ah] [5d]
B_loJkl: checks
leungting684: bets $6
B_loJkl: calls $6
*** RIVER *** [2d Kc Ah 5d] [Js]
B_loJkl: checks
leungting684: bets $6
B_loJkl: calls $6
*** SHOW DOWN ***
leungting684: shows [7s Ad] (a pair of Aces)
B_loJkl: mucks hand
leungting684 collected $41.50 from pot
*** SUMMARY ***
Total pot $42 | Rake $0.50
Board [2d Kc Ah 5d Js]
Seat 2: leungting684 (button) (small blind) showed [7s Ad] and won ($41.50) with a pair of Aces
Seat 3: B_loJkl (big blind) mucked


PokerStars Hand #168733384177:  Hold'em Limit ($3/$6 USD) - 2017/04/07 23:36:06 ET
Table 'Stephania' 10-max Seat #3 is the button
Seat 2: leungting684 ($63.72 in chips)
Seat 3: B_loJkl ($159.49 in chips)
B_loJkl: posts small blind $1
leungting684: posts big blind $3
*** HOLE CARDS ***
B_loJkl: raises $3 to $6
leungting684: folds
Uncalled bet ($3) returned to B_loJkl
B_loJkl collected $6 from pot
B_loJkl: doesn't show hand
*** SUMMARY ***
Total pot $6 | Rake $0
Seat 2: leungting684 (big blind) folded before Flop
Seat 3: B_loJkl (button) (small blind) collected ($6)


PokerStars Hand #168733394618:  Hold'em Limit ($3/$6 USD) - 2017/04/07 23:36:37 ET
Table 'Stephania' 10-max Seat #3 is the button
Seat 2: leungting684 ($57.72 in chips)
Seat 3: B_loJkl ($165.37 in chips)
B_loJkl: posts small blind $1
leungting684: posts big blind $3
*** HOLE CARDS ***
B_loJkl: raises $3 to $6
leungting684: calls $3
*** FLOP *** [9d Kh 6d]
leungting684: bets $3
B_loJkl: folds
Uncalled bet ($3) returned to leungting684
leungting684 collected $11.76 from pot
leungting684: doesn't show hand
*** SUMMARY ***
Total pot $12 | Rake $0.24
Board [9d Kh 6d]
Seat 2: leungting684 (big blind) collected ($11.76)
Seat 3: B_loJkl (button) (small blind) folded on the Flop


PokerStars Hand #168733387772:  Hold'em Limit ($3/$6 USD) - 2017/04/07 23:36:17 ET
Table 'Stephania' 10-max Seat #2 is the button
Seat 2: leungting684 ($60.72 in chips)
Seat 3: B_loJkl ($162.49 in chips)
leungting684: posts small blind $1
B_loJkl: posts big blind $3
*** HOLE CARDS ***
leungting684: calls $2
B_loJkl: checks
*** FLOP *** [2c 9s 7s]
B_loJkl: bets $3
leungting684: folds
Uncalled bet ($3) returned to B_loJkl
B_loJkl collected $5.88 from pot
B_loJkl: doesn't show hand
*** SUMMARY ***
Total pot $6 | Rake $0.12
Board [2c 9s 7s]
Seat 2: leungting684 (button) (small blind) folded on the Flop
Seat 3: B_loJkl (big blind) collected ($5.88)


PokerStars Hand #168733407711:  Hold'em Limit ($3/$6 USD) - 2017/04/07 23:37:17 ET
Table 'Stephania' 10-max Seat #3 is the button
Seat 2: leungting684 ($60.48 in chips)
Seat 3: B_loJkl ($162.25 in chips)
B_loJkl: posts small blind $1
leungting684: posts big blind $3
*** HOLE CARDS ***
B_loJkl: folds
Uncalled bet ($2) returned to leungting684
leungting684 collected $2 from pot
leungting684: doesn't show hand
*** SUMMARY ***
Total pot $2 | Rake $0
Seat 2: leungting684 (big blind) collected ($2)
Seat 3: B_loJkl (button) (small blind) folded before Flop


PokerStars Hand #168733400344:  Hold'em Limit ($3/$6 USD) - 2017/04/07 23:36:55 ET
Table 'Stephania' 10-max Seat #2 is the button
Seat 2: leungting684 ($63.48 in chips)
Seat 3: B_loJkl ($159.37 in chips)
leungting684: posts small blind $1
B_loJkl: posts big blind $3
*** HOLE CARDS ***
leungting684: calls $2
B_loJkl: checks
*** FLOP *** [2s 9h Ks]
B_loJkl: bets $3
leungting684: folds
Uncalled bet ($3) returned to B_loJkl
B_loJkl collected $5.88 from pot
B_loJkl: doesn't show hand
*** SUMMARY ***
Total pot $6 | Rake $0.12
Board [2s 9h Ks]
Seat 2: leungting684 (button) (small blind) folded on the Flop
Seat 3: B_loJkl (big blind) collected ($5.88)


PokerStars Hand #168733410418:  Hold'em Limit ($3/$6 USD) - 2017/04/07 23:37:25 ET
Table 'Stephania' 10-max Seat #2 is the button
Seat 2: leungting684 ($61.48 in chips)
Seat 3: B_loJkl ($161.25 in chips)
leungting684: posts small blind $1
B_loJkl: posts big blind $3
*** HOLE CARDS ***
leungting684: calls $2
B_loJkl: checks
*** FLOP *** [3c 6c 9h]
B_loJkl: bets $3
leungting684: calls $3
*** TURN *** [3c 6c 9h] [6d]
B_loJkl: bets $6
leungting684: calls $6
*** RIVER *** [3c 6c 9h 6d] [Js]
B_loJkl: bets $6
leungting684: raises $6 to $12
B_loJkl: folds
Uncalled bet ($6) returned to leungting684
leungting684 collected $35.50 from pot
leungting684: doesn't show hand
*** SUMMARY ***
Total pot $36 | Rake $0.50
Board [3c 6c 9h 6d Js]
Seat 2: leungting684 (button) (small blind) collected ($35.50)
Seat 3: B_loJkl (big blind) folded on the River


PokerStars Hand #168733432061:  Hold'em Limit ($3/$6 USD) - 2017/04/07 23:38:31 ET
Table 'Stephania' 10-max Seat #3 is the button
Seat 2: leungting684 ($78.98 in chips)
Seat 3: B_loJkl ($143.25 in chips)
B_loJkl: posts small blind $1
leungting684: posts big blind $3
*** HOLE CARDS ***
B_loJkl: raises $3 to $6
leungting684: calls $3
*** FLOP *** [2c 9s 3s]
leungting684: checks
B_loJkl: checks
*** TURN *** [2c 9s 3s] [7s]
leungting684: checks
B_loJkl: bets $6
leungting684: folds
Uncalled bet ($6) returned to B_loJkl
B_loJkl collected $11.76 from pot
B_loJkl: doesn't show hand
*** SUMMARY ***
Total pot $12 | Rake $0.24
Board [2c 9s 3s 7s]
Seat 2: leungting684 (big blind) folded on the Turn
Seat 3: B_loJkl (button) (small blind) collected ($11.76)


PokerStars Hand #168733444026:  Hold'em Limit ($3/$6 USD) - 2017/04/07 23:39:07 ET
Table 'Stephania' 10-max Seat #2 is the button
Seat 2: leungting684 ($72.98 in chips)
Seat 3: B_loJkl ($149.01 in chips)
leungting684: posts small blind $1
B_loJkl: posts big blind $3
*** HOLE CARDS ***
leungting684: calls $2
B_loJkl: checks
*** FLOP *** [6d Kc 7d]
B_loJkl: checks
leungting684: checks
*** TURN *** [6d Kc 7d] [9h]
B_loJkl: bets $6
leungting684: folds
Uncalled bet ($6) returned to B_loJkl
B_loJkl collected $5.88 from pot
B_loJkl: doesn't show hand
*** SUMMARY ***
Total pot $6 | Rake $0.12
Board [6d Kc 7d 9h]
Seat 2: leungting684 (button) (small blind) folded on the Turn
Seat 3: B_loJkl (big blind) collected ($5.88)


PokerStars Hand #168733450101:  Hold'em Limit ($3/$6 USD) - 2017/04/07 23:39:26 ET
Table 'Stephania' 10-max Seat #3 is the button
Seat 2: leungting684 ($69.98 in chips)
Seat 3: B_loJkl ($151.89 in chips)
B_loJkl: posts small blind $1
leungting684: posts big blind $3
*** HOLE CARDS ***
B_loJkl: raises $3 to $6
leungting684: calls $3
*** FLOP *** [7d 9s 4d]
leungting684: bets $3
B_loJkl: folds
Uncalled bet ($3) returned to leungting684
leungting684 collected $11.76 from pot
leungting684: doesn't show hand
*** SUMMARY ***
Total pot $12 | Rake $0.24
Board [7d 9s 4d]
Seat 2: leungting684 (big blind) collected ($11.76)
Seat 3: B_loJkl (button) (small blind) folded on the Flop


PokerStars Hand #168733463845:  Hold'em Limit ($3/$6 USD) - 2017/04/07 23:40:08 ET
Table 'Stephania' 10-max Seat #3 is the button
Seat 2: leungting684 ($72.74 in chips)
Seat 3: B_loJkl ($148.77 in chips)
B_loJkl: posts small blind $1
leungting684: posts big blind $3
*** HOLE CARDS ***
B_loJkl: raises $3 to $6
leungting684: folds
Uncalled bet ($3) returned to B_loJkl
B_loJkl collected $6 from pot
B_loJkl: doesn't show hand
*** SUMMARY ***
Total pot $6 | Rake $0
Seat 2: leungting684 (big blind) folded before Flop
Seat 3: B_loJkl (button) (small blind) collected ($6)


PokerStars Hand #168733456768:  Hold'em Limit ($3/$6 USD) - 2017/04/07 23:39:46 ET
Table 'Stephania' 10-max Seat #2 is the button
Seat 2: leungting684 ($75.74 in chips)
Seat 3: B_loJkl ($145.89 in chips)
leungting684: posts small blind $1
B_loJkl: posts big blind $3
*** HOLE CARDS ***
leungting684: calls $2
B_loJkl: checks
*** FLOP *** [Qs Ad 8c]
B_loJkl: bets $3
leungting684: folds
Uncalled bet ($3) returned to B_loJkl
B_loJkl collected $5.88 from pot
B_loJkl: doesn't show hand
*** SUMMARY ***
Total pot $6 | Rake $0.12
Board [Qs Ad 8c]
Seat 2: leungting684 (button) (small blind) folded on the Flop
Seat 3: B_loJkl (big blind) collected ($5.88)


PokerStars Hand #168733476939:  Hold'em Limit ($3/$6 USD) - 2017/04/07 23:40:48 ET
Table 'Stephania' 10-max Seat #2 is the button
Seat 2: leungting684 ($57.74 in chips)
Seat 3: B_loJkl ($163.41 in chips)
leungting684: posts small blind $1
B_loJkl: posts big blind $3
*** HOLE CARDS ***
leungting684: calls $2
B_loJkl: raises $3 to $6
leungting684: calls $3
*** FLOP *** [Jc Kd As]
B_loJkl: checks
leungting684: bets $3
B_loJkl: calls $3
*** TURN *** [Jc Kd As] [2c]
B_loJkl: checks
leungting684: bets $6
B_loJkl: calls $6
*** RIVER *** [Jc Kd As 2c] [8c]
B_loJkl: checks
leungting684: bets $6
B_loJkl: folds
Uncalled bet ($6) returned to leungting684
leungting684 collected $29.50 from pot
leungting684: doesn't show hand
*** SUMMARY ***
Total pot $30 | Rake $0.50
Board [Jc Kd As 2c 8c]
Seat 2: leungting684 (button) (small blind) collected ($29.50)
Seat 3: B_loJkl (big blind) folded on the River


PokerStars Hand #168733466092:  Hold'em Limit ($3/$6 USD) - 2017/04/07 23:40:14 ET
Table 'Stephania' 10-max Seat #2 is the button
Seat 2: leungting684 ($69.74 in chips)
Seat 3: B_loJkl ($151.77 in chips)
leungting684: posts small blind $1
B_loJkl: posts big blind $3
*** HOLE CARDS ***
leungting684: calls $2
B_loJkl: raises $3 to $6
leungting684: calls $3
*** FLOP *** [Td Kd 9h]
B_loJkl: bets $3
leungting684: calls $3
*** TURN *** [Td Kd 9h] [3c]
B_loJkl: checks
leungting684: checks
*** RIVER *** [Td Kd 9h 3c] [4c]
B_loJkl: checks
leungting684: checks
*** SHOW DOWN ***
B_loJkl: shows [Ah 5h] (high card Ace)
leungting684: mucks hand
B_loJkl collected $17.64 from pot
*** SUMMARY ***
Total pot $18 | Rake $0.36
Board [Td Kd 9h 3c 4c]
Seat 2: leungting684 (button) (small blind) mucked
Seat 3: B_loJkl (big blind) showed [Ah 5h] and won ($17.64) with high card Ace


PokerStars Hand #168733474280:  Hold'em Limit ($3/$6 USD) - 2017/04/07 23:40:39 ET
Table 'Stephania' 10-max Seat #3 is the button
Seat 2: leungting684 ($60.74 in chips)
Seat 3: B_loJkl ($160.41 in chips)
B_loJkl: posts small blind $1
leungting684: posts big blind $3
*** HOLE CARDS ***
B_loJkl: raises $3 to $6
leungting684: folds
Uncalled bet ($3) returned to B_loJkl
B_loJkl collected $6 from pot
B_loJkl: doesn't show hand
*** SUMMARY ***
Total pot $6 | Rake $0
Seat 2: leungting684 (big blind) folded before Flop
Seat 3: B_loJkl (button) (small blind) collected ($6)


PokerStars Hand #168733484664:  Hold'em Limit ($3/$6 USD) - 2017/04/07 23:41:11 ET
Table 'Stephania' 10-max Seat #3 is the button
Seat 2: leungting684 ($72.24 in chips)
Seat 3: B_loJkl ($148.41 in chips)
B_loJkl: posts small blind $1
leungting684: posts big blind $3
*** HOLE CARDS ***
B_loJkl: raises $3 to $6
leungting684: calls $3
*** FLOP *** [8c Qs Jd]
leungting684: checks
B_loJkl: bets $3
leungting684: calls $3
*** TURN *** [8c Qs Jd] [Tc]
leungting684: checks
B_loJkl: checks
*** RIVER *** [8c Qs Jd Tc] [8d]
leungting684: checks
B_loJkl: checks
*** SHOW DOWN ***
leungting684: shows [Kh 2h] (a pair of Eights)
B_loJkl: shows [Kd 6s] (a pair of Eights)
leungting684 collected $8.82 from pot
B_loJkl collected $8.82 from pot
*** SUMMARY ***
Total pot $18 | Rake $0.36
Board [8c Qs Jd Tc 8d]
Seat 2: leungting684 (big blind) showed [Kh 2h] and won ($8.82) with a pair of Eights
Seat 3: B_loJkl (button) (small blind) showed [Kd 6s] and won ($8.82) with a pair of Eights


PokerStars Hand #168733491122:  Hold'em Limit ($3/$6 USD) - 2017/04/07 23:41:31 ET
Table 'Stephania' 10-max Seat #2 is the button
Seat 2: leungting684 ($72.06 in chips)
Seat 3: B_loJkl ($148.23 in chips)
leungting684: posts small blind $1
B_loJkl: posts big blind $3
*** HOLE CARDS ***
leungting684: calls $2
B_loJkl: raises $3 to $6
leungting684: calls $3
*** FLOP *** [8s 8c 4h]
B_loJkl: bets $3
leungting684: calls $3
*** TURN *** [8s 8c 4h] [7c]
B_loJkl: checks
leungting684: checks
*** RIVER *** [8s 8c 4h 7c] [8h]
B_loJkl: checks
leungting684: bets $6
B_loJkl: calls $6
*** SHOW DOWN ***
leungting684: shows [6h Tc] (three of a kind, Eights)
B_loJkl: shows [Kc Qd] (three of a kind, Eights - King kicker)
B_loJkl collected $29.50 from pot
*** SUMMARY ***
Total pot $30 | Rake $0.50
Board [8s 8c 4h 7c 8h]
Seat 2: leungting684 (button) (small blind) showed [6h Tc] and lost with three of a kind, Eights
Seat 3: B_loJkl (big blind) showed [Kc Qd] and won ($29.50) with three of a kind, Eights


PokerStars Hand #168733500915:  Hold'em Limit ($3/$6 USD) - 2017/04/07 23:42:01 ET
Table 'Stephania' 10-max Seat #3 is the button
Seat 2: leungting684 ($57.06 in chips)
Seat 3: B_loJkl ($162.73 in chips)
B_loJkl: posts small blind $1
leungting684: posts big blind $3
*** HOLE CARDS ***
B_loJkl: raises $3 to $6
leungting684: calls $3
*** FLOP *** [9h Ad 5c]
leungting684: checks
B_loJkl: bets $3
leungting684: folds
Uncalled bet ($3) returned to B_loJkl
B_loJkl collected $11.76 from pot
B_loJkl: doesn't show hand
*** SUMMARY ***
Total pot $12 | Rake $0.24
Board [9h Ad 5c]
Seat 2: leungting684 (big blind) folded on the Flop
Seat 3: B_loJkl (button) (small blind) collected ($11.76)


PokerStars Hand #168733507584:  Hold'em Limit ($3/$6 USD) - 2017/04/07 23:42:21 ET
Table 'Stephania' 10-max Seat #2 is the button
Seat 2: leungting684 ($51.06 in chips)
Seat 3: B_loJkl ($168.49 in chips)
leungting684: posts small blind $1
B_loJkl: posts big blind $3
*** HOLE CARDS ***
leungting684: raises $3 to $6
B_loJkl: calls $3
*** FLOP *** [8d 2h 8c]
B_loJkl: checks
leungting684: bets $3
B_loJkl: raises $3 to $6
leungting684: calls $3
*** TURN *** [8d 2h 8c] [8s]
B_loJkl: bets $6
leungting684: raises $6 to $12
B_loJkl: calls $6
*** RIVER *** [8d 2h 8c 8s] [4h]
B_loJkl: checks
leungting684: bets $6
B_loJkl: calls $6
*** SHOW DOWN ***
leungting684: shows [7d 7c] (a full house, Eights full of Sevens)
B_loJkl: mucks hand
leungting684 collected $59.50 from pot
*** SUMMARY ***
Total pot $60 | Rake $0.50
Board [8d 2h 8c 8s 4h]
Seat 2: leungting684 (button) (small blind) showed [7d 7c] and won ($59.50) with a full house, Eights full of Sevens
Seat 3: B_loJkl (big blind) mucked


PokerStars Hand #168733515748:  Hold'em Limit ($3/$6 USD) - 2017/04/07 23:42:46 ET
Table 'Stephania' 10-max Seat #3 is the button
Seat 2: leungting684 ($80.56 in chips)
Seat 3: B_loJkl ($138.49 in chips)
B_loJkl: posts small blind $1
leungting684: posts big blind $3
*** HOLE CARDS ***
B_loJkl: raises $3 to $6
leungting684: calls $3
*** FLOP *** [5c 9s 2s]
leungting684: checks
B_loJkl: bets $3
leungting684: calls $3
*** TURN *** [5c 9s 2s] [Qs]
leungting684: checks
B_loJkl: checks
*** RIVER *** [5c 9s 2s Qs] [Tc]
leungting684: checks
B_loJkl: checks
*** SHOW DOWN ***
leungting684: shows [6c Kc] (high card King)
B_loJkl: shows [6s Kd] (high card King)
leungting684 collected $8.82 from pot
B_loJkl collected $8.82 from pot
*** SUMMARY ***
Total pot $18 | Rake $0.36
Board [5c 9s 2s Qs Tc]
Seat 2: leungting684 (big blind) showed [6c Kc] and won ($8.82) with high card King
Seat 3: B_loJkl (button) (small blind) showed [6s Kd] and won ($8.82) with high card King


PokerStars Hand #168733536917:  Hold'em Limit ($3/$6 USD) - 2017/04/07 23:43:52 ET
Table 'Stephania' 10-max Seat #2 is the button
Seat 2: leungting684 ($87.14 in chips)
Seat 3: B_loJkl ($131.31 in chips)
leungting684: posts small blind $1
B_loJkl: posts big blind $3
*** HOLE CARDS ***
leungting684: calls $2
B_loJkl: raises $3 to $6
leungting684: calls $3
*** FLOP *** [Qd As 5s]
B_loJkl said, "gtg to bed dude..gg, wp, cya"
B_loJkl: bets $3
leungting684: folds
Uncalled bet ($3) returned to B_loJkl
B_loJkl collected $11.76 from pot
B_loJkl: doesn't show hand
*** SUMMARY ***
Total pot $12 | Rake $0.24
Board [Qd As 5s]
Seat 2: leungting684 (button) (small blind) folded on the Flop
Seat 3: B_loJkl (big blind) collected ($11.76)


PokerStars Hand #168733529281:  Hold'em Limit ($3/$6 USD) - 2017/04/07 23:43:28 ET
Table 'Stephania' 10-max Seat #2 is the button
Seat 2: leungting684 ($80.38 in chips)
Seat 3: B_loJkl ($138.31 in chips)
leungting684: posts small blind $1
B_loJkl: posts big blind $3
*** HOLE CARDS ***
leungting684: raises $3 to $6
B_loJkl: calls $3
*** FLOP *** [Qs 6c Tc]
B_loJkl: checks
leungting684: bets $3
B_loJkl: folds
Uncalled bet ($3) returned to leungting684
leungting684 collected $11.76 from pot
leungting684: doesn't show hand
*** SUMMARY ***
Total pot $12 | Rake $0.24
Board [Qs 6c Tc]
Seat 2: leungting684 (button) (small blind) collected ($11.76)
Seat 3: B_loJkl (big blind) folded on the Flop


PokerStars Hand #168733535392:  Hold'em Limit ($3/$6 USD) - 2017/04/07 23:43:47 ET
Table 'Stephania' 10-max Seat #3 is the button
Seat 2: leungting684 ($86.14 in chips)
Seat 3: B_loJkl ($132.31 in chips)
B_loJkl: posts small blind $1
leungting684: posts big blind $3
*** HOLE CARDS ***
B_loJkl: folds
Uncalled bet ($2) returned to leungting684
leungting684 collected $2 from pot
leungting684: doesn't show hand
*** SUMMARY ***
Total pot $2 | Rake $0
Seat 2: leungting684 (big blind) collected ($2)
Seat 3: B_loJkl (button) (small blind) folded before Flop


PokerStars Hand #168733545311:  Hold'em Limit ($3/$6 USD) - 2017/04/07 23:44:18 ET
Table 'Stephania' 10-max Seat #3 is the button
Seat 2: leungting684 ($81.14 in chips)
Seat 3: B_loJkl ($137.07 in chips)
B_loJkl: posts small blind $1
leungting684: posts big blind $3
*** HOLE CARDS ***
B_loJkl: raises $3 to $6
leungting684: calls $3
*** FLOP *** [Jd Jh 3s]
leungting684: bets $3
B_loJkl: folds
Uncalled bet ($3) returned to leungting684
leungting684 collected $11.76 from pot
leungting684: doesn't show hand
*** SUMMARY ***
Total pot $12 | Rake $0.24
Board [Jd Jh 3s]
Seat 2: leungting684 (big blind) collected ($11.76)
Seat 3: B_loJkl (button) (small blind) folded on the Flop


PokerStars Hand #168733549107:  Hold'em Limit ($3/$6 USD) - 2017/04/07 23:44:29 ET
Table 'Stephania' 10-max Seat #2 is the button
Seat 2: leungting684 ($86.90 in chips)
Seat 3: B_loJkl ($131.07 in chips)
leungting684: posts small blind $1
B_loJkl: posts big blind $3
*** HOLE CARDS ***
leungting684: calls $2
B_loJkl: checks
*** FLOP *** [3s 2c 8d]
B_loJkl: checks
leungting684: bets $3
B_loJkl: folds
Uncalled bet ($3) returned to leungting684
leungting684 collected $5.88 from pot
leungting684: doesn't show hand
*** SUMMARY ***
Total pot $6 | Rake $0.12
Board [3s 2c 8d]
Seat 2: leungting684 (button) (small blind) collected ($5.88)
Seat 3: B_loJkl (big blind) folded on the Flop


PokerStars Hand #168733553537:  Hold'em Limit ($3/$6 USD) - 2017/04/07 23:44:43 ET
Table 'Stephania' 10-max Seat #3 is the button
Seat 2: leungting684 ($89.78 in chips)
Seat 3: B_loJkl ($128.07 in chips)
B_loJkl: posts small blind $1
leungting684: posts big blind $3
*** HOLE CARDS ***
B_loJkl: raises $3 to $6
leungting684: calls $3
*** FLOP *** [3h Ks 2s]
leungting684: bets $3
B_loJkl: calls $3
*** TURN *** [3h Ks 2s] [9d]
leungting684: bets $6
B_loJkl: calls $6
*** RIVER *** [3h Ks 2s 9d] [8c]
leungting684: bets $6
B_loJkl: calls $6
*** SHOW DOWN ***
leungting684: shows [As 2c] (a pair of Deuces)
B_loJkl: shows [Js Jc] (a pair of Jacks)
B_loJkl collected $41.50 from pot
*** SUMMARY ***
Total pot $42 | Rake $0.50
Board [3h Ks 2s 9d 8c]
Seat 2: leungting684 (big blind) showed [As 2c] and lost with a pair of Deuces
Seat 3: B_loJkl (button) (small blind) showed [Js Jc] and won ($41.50) with a pair of Jacks


PokerStars Hand #168733580013:  Hold'em Limit ($3/$6 USD) - 2017/04/07 23:46:05 ET
Table 'Stephania' 10-max Seat #3 is the button
Seat 2: leungting684 ($80.28 in chips)
Seat 3: B_loJkl ($136.21 in chips)
B_loJkl: posts small blind $1
leungting684: posts big blind $3
*** HOLE CARDS ***
B_loJkl: raises $3 to $6
leungting684: calls $3
*** FLOP *** [2c Td Qs]
leungting684: checks
B_loJkl: bets $3
leungting684: folds
Uncalled bet ($3) returned to B_loJkl
B_loJkl collected $11.76 from pot
B_loJkl: doesn't show hand
*** SUMMARY ***
Total pot $12 | Rake $0.24
Board [2c Td Qs]
Seat 2: leungting684 (big blind) folded on the Flop
Seat 3: B_loJkl (button) (small blind) collected ($11.76)


PokerStars Hand #168733559275:  Hold'em Limit ($3/$6 USD) - 2017/04/07 23:45:01 ET
Table 'Stephania' 10-max Seat #2 is the button
Seat 2: leungting684 ($68.78 in chips)
Seat 3: B_loJkl ($148.57 in chips)
leungting684: posts small blind $1
B_loJkl: posts big blind $3
*** HOLE CARDS ***
leungting684: calls $2
B_loJkl: checks
*** FLOP *** [Tc 8h Th]
B_loJkl: checks
leungting684: checks
*** TURN *** [Tc 8h Th] [Jc]
B_loJkl: bets $6
leungting684: raises $6 to $12
B_loJkl: calls $6
*** RIVER *** [Tc 8h Th Jc] [5c]
B_loJkl: checks
leungting684: bets $6
B_loJkl: calls $6
*** SHOW DOWN ***
leungting684: shows [5d Td] (a full house, Tens full of Fives)
B_loJkl: mucks hand
leungting684 collected $41.50 from pot
*** SUMMARY ***
Total pot $42 | Rake $0.50
Board [Tc 8h Th Jc 5c]
Seat 2: leungting684 (button) (small blind) showed [5d Td] and won ($41.50) with a full house, Tens full of Fives
Seat 3: B_loJkl (big blind) mucked


PokerStars Hand #168733569397:  Hold'em Limit ($3/$6 USD) - 2017/04/07 23:45:32 ET
Table 'Stephania' 10-max Seat #3 is the button
Seat 2: leungting684 ($89.28 in chips)
Seat 3: B_loJkl ($127.57 in chips)
B_loJkl: posts small blind $1
leungting684: posts big blind $3
*** HOLE CARDS ***
B_loJkl: raises $3 to $6
leungting684: calls $3
*** FLOP *** [Kc 2d 4s]
leungting684: checks
B_loJkl: bets $3
leungting684: folds
Uncalled bet ($3) returned to B_loJkl
B_loJkl collected $11.76 from pot
B_loJkl: doesn't show hand
*** SUMMARY ***
Total pot $12 | Rake $0.24
Board [Kc 2d 4s]
Seat 2: leungting684 (big blind) folded on the Flop
Seat 3: B_loJkl (button) (small blind) collected ($11.76)


PokerStars Hand #168733573035:  Hold'em Limit ($3/$6 USD) - 2017/04/07 23:45:44 ET
Table 'Stephania' 10-max Seat #2 is the button
Seat 2: leungting684 ($83.28 in chips)
Seat 3: B_loJkl ($133.33 in chips)
leungting684: posts small blind $1
B_loJkl: posts big blind $3
*** HOLE CARDS ***
leungting684: calls $2
B_loJkl: checks
*** FLOP *** [8d 2h 2d]
B_loJkl: checks
leungting684: checks
*** TURN *** [8d 2h 2d] [4s]
B_loJkl: checks
leungting684: checks
*** RIVER *** [8d 2h 2d 4s] [7d]
B_loJkl: bets $6
leungting684: folds
Uncalled bet ($6) returned to B_loJkl
B_loJkl collected $5.88 from pot
B_loJkl: doesn't show hand
*** SUMMARY ***
Total pot $6 | Rake $0.12
Board [8d 2h 2d 4s 7d]
Seat 2: leungting684 (button) (small blind) folded on the River
Seat 3: B_loJkl (big blind) collected ($5.88)


PokerStars Hand #168733597893:  Hold'em Limit ($3/$6 USD) - 2017/04/07 23:47:00 ET
Table 'Stephania' 10-max Seat #3 is the button
Seat 2: leungting684 ($101.54 in chips)
Seat 3: B_loJkl ($113.97 in chips)
B_loJkl: posts small blind $1
leungting684: posts big blind $3
*** HOLE CARDS ***
B_loJkl: raises $3 to $6
leungting684: calls $3
*** FLOP *** [3c 7c Ad]
leungting684: bets $3
B_loJkl: calls $3
*** TURN *** [3c 7c Ad] [4s]
leungting684: bets $6
B_loJkl: raises $6 to $12
leungting684: calls $6
*** RIVER *** [3c 7c Ad 4s] [3h]
leungting684: checks
B_loJkl: checks
*** SHOW DOWN ***
leungting684: shows [7s 8h] (two pair, Sevens and Threes)
B_loJkl: shows [Ah 5d] (two pair, Aces and Threes)
B_loJkl collected $41.50 from pot
*** SUMMARY ***
Total pot $42 | Rake $0.50
Board [3c 7c Ad 4s 3h]
Seat 2: leungting684 (big blind) showed [7s 8h] and lost with two pair, Sevens and Threes
Seat 3: B_loJkl (button) (small blind) showed [Ah 5d] and won ($41.50) with two pair, Aces and Threes


PokerStars Hand #168733589296:  Hold'em Limit ($3/$6 USD) - 2017/04/07 23:46:34 ET
Table 'Stephania' 10-max Seat #3 is the button
Seat 2: leungting684 ($80.04 in chips)
Seat 3: B_loJkl ($135.97 in chips)
B_loJkl: posts small blind $1
leungting684: posts big blind $3
*** HOLE CARDS ***
B_loJkl: folds
Uncalled bet ($2) returned to leungting684
leungting684 collected $2 from pot
leungting684: doesn't show hand
*** SUMMARY ***
Total pot $2 | Rake $0
Seat 2: leungting684 (big blind) collected ($2)
Seat 3: B_loJkl (button) (small blind) folded before Flop


PokerStars Hand #168733584347:  Hold'em Limit ($3/$6 USD) - 2017/04/07 23:46:19 ET
Table 'Stephania' 10-max Seat #2 is the button
Seat 2: leungting684 ($74.28 in chips)
Seat 3: B_loJkl ($141.97 in chips)
leungting684: posts small blind $1
B_loJkl: posts big blind $3
*** HOLE CARDS ***
leungting684: raises $3 to $6
B_loJkl: calls $3
*** FLOP *** [3h As 7h]
B_loJkl: checks
leungting684: bets $3
B_loJkl: folds
Uncalled bet ($3) returned to leungting684
leungting684 collected $11.76 from pot
leungting684: doesn't show hand
*** SUMMARY ***
Total pot $12 | Rake $0.24
Board [3h As 7h]
Seat 2: leungting684 (button) (small blind) collected ($11.76)
Seat 3: B_loJkl (big blind) folded on the Flop


PokerStars Hand #168733590873:  Hold'em Limit ($3/$6 USD) - 2017/04/07 23:46:39 ET
Table 'Stephania' 10-max Seat #2 is the button
Seat 2: leungting684 ($81.04 in chips)
Seat 3: B_loJkl ($134.97 in chips)
leungting684: posts small blind $1
B_loJkl: posts big blind $3
*** HOLE CARDS ***
leungting684: raises $3 to $6
B_loJkl: calls $3
*** FLOP *** [6d 8c 9h]
B_loJkl: checks
leungting684: bets $3
B_loJkl: calls $3
*** TURN *** [6d 8c 9h] [5d]
B_loJkl: checks
leungting684: checks
*** RIVER *** [6d 8c 9h 5d] [Tc]
B_loJkl: bets $6
leungting684: raises $6 to $12
B_loJkl: calls $6
*** SHOW DOWN ***
leungting684: shows [Jd Qh] (a straight, Eight to Queen)
B_loJkl: mucks hand
leungting684 collected $41.50 from pot
*** SUMMARY ***
Total pot $42 | Rake $0.50
Board [6d 8c 9h 5d Tc]
Seat 2: leungting684 (button) (small blind) showed [Jd Qh] and won ($41.50) with a straight, Eight to Queen
Seat 3: B_loJkl (big blind) mucked


