PokerStars Hand #145785228319:  Hold'em Limit ($3/$6 USD) - 2015/12/23 6:31:36 ET
Table 'Stephano III' 6-max Seat #3 is the button
Seat 3: nedo1414 ($120 in chips)
Seat 4: TbIP-TbIP 88 ($72 in chips)
nedo1414: posts small blind $1
icebookman joins the table at seat #1
TbIP-TbIP 88: posts big blind $3
*** HOLE CARDS ***
nedo1414: raises $3 to $6
TbIP-TbIP 88: calls $3
*** FLOP *** [2s Ad Ah]
TbIP-TbIP 88: checks
nedo1414: bets $3
@92gara42@ joins the table at seat #2
TbIP-TbIP 88: raises $3 to $6
nedo1414: calls $3
*** TURN *** [2s Ad Ah] [5d]
TbIP-TbIP 88: bets $6
nedo1414: calls $6
*** RIVER *** [2s Ad Ah 5d] [6c]
TbIP-TbIP 88: checks
nedo1414: checks
*** SHOW DOWN ***
TbIP-TbIP 88: shows [Td 7d] (a pair of Aces)
nedo1414: shows [5c Kc] (two pair, Aces and Fives)
nedo1414 collected $35.50 from pot
*** SUMMARY ***
Total pot $36 | Rake $0.50
Board [2s Ad Ah 5d 6c]
Seat 3: nedo1414 (button) (small blind) showed [5c Kc] and won ($35.50) with two pair, Aces and Fives
Seat 4: TbIP-TbIP 88 (big blind) showed [Td 7d] and lost with a pair of Aces


PokerStars Hand #145786252670:  Hold'em Limit ($3/$6 USD) - 2015/12/23 7:05:06 ET
Table 'Stephano III' 6-max Seat #3 is the button
Seat 1: icebookman ($86.91 in chips)
Seat 3: scorpio04 ($182.70 in chips)
scorpio04: posts small blind $1
MAGER911 was removed from the table for failing to post
SlickDickey: is sitting out
icebookman: posts big blind $3
*** HOLE CARDS ***
scorpio04: raises $3 to $6
icebookman: calls $3
*** FLOP *** [7d Js 3h]
icebookman: checks
scorpio04: bets $3
icebookman: folds
Uncalled bet ($3) returned to scorpio04
SlickDickey leaves the table
scorpio04 collected $11.76 from pot
scorpio04: doesn't show hand
*** SUMMARY ***
Total pot $12 | Rake $0.24
Board [7d Js 3h]
Seat 1: icebookman (big blind) folded on the Flop
Seat 3: scorpio04 (button) (small blind) collected ($11.76)


PokerStars Hand #145786258423:  Hold'em Limit ($3/$6 USD) - 2015/12/23 7:05:16 ET
Table 'Stephano III' 6-max Seat #1 is the button
Seat 1: icebookman ($80.91 in chips)
Seat 3: scorpio04 ($188.46 in chips)
@92gara42@ joins the table at seat #4
icebookman: posts small blind $1
scorpio04: posts big blind $3
*** HOLE CARDS ***
icebookman: folds
Uncalled bet ($2) returned to scorpio04
scorpio04 collected $2 from pot
scorpio04: doesn't show hand
*** SUMMARY ***
Total pot $2 | Rake $0
Seat 1: icebookman (button) (small blind) folded before Flop
Seat 3: scorpio04 (big blind) collected ($2)


PokerStars Hand #145786954017:  Hold'em Limit ($3/$6 USD) - 2015/12/23 7:26:48 ET
Table 'Stephano III' 6-max Seat #1 is the button
Seat 1: icebookman ($172.30 in chips)
Seat 4: @92gara42@ ($99.83 in chips)
icebookman: posts small blind $1
scorpio04: is sitting out
@92gara42@: posts big blind $3
*** HOLE CARDS ***
icebookman: folds
Uncalled bet ($2) returned to @92gara42@
scorpio04 leaves the table
@92gara42@ collected $2 from pot
@92gara42@: doesn't show hand
*** SUMMARY ***
Total pot $2 | Rake $0
Seat 1: icebookman (button) (small blind) folded before Flop
Seat 4: @92gara42@ (big blind) collected ($2)


PokerStars Hand #145786956722:  Hold'em Limit ($3/$6 USD) - 2015/12/23 7:26:53 ET
Table 'Stephano III' 6-max Seat #4 is the button
Seat 1: icebookman ($171.30 in chips)
Seat 4: @92gara42@ ($100.83 in chips)
@92gara42@: posts small blind $1
icebookman: posts big blind $3
*** HOLE CARDS ***
@92gara42@: calls $2
icebookman: raises $3 to $6
@92gara42@: calls $3
*** FLOP *** [3d 5s 7s]
icebookman: bets $3
@92gara42@: calls $3
*** TURN *** [3d 5s 7s] [7d]
icebookman: bets $6
@92gara42@: calls $6
*** RIVER *** [3d 5s 7s 7d] [5d]
icebookman: checks
@92gara42@: checks
*** SHOW DOWN ***
icebookman: shows [2h 2c] (two pair, Sevens and Fives)
@92gara42@: shows [8s Qh] (two pair, Sevens and Fives - Queen kicker)
@92gara42@ collected $29.50 from pot
*** SUMMARY ***
Total pot $30 | Rake $0.50
Board [3d 5s 7s 7d 5d]
Seat 1: icebookman (big blind) showed [2h 2c] and lost with two pair, Sevens and Fives
Seat 4: @92gara42@ (button) (small blind) showed [8s Qh] and won ($29.50) with two pair, Sevens and Fives


PokerStars Hand #145786994921:  Hold'em Limit ($3/$6 USD) - 2015/12/23 7:28:04 ET
Table 'Stephano III' 6-max Seat #1 is the button
Seat 1: icebookman ($197.06 in chips)
Seat 4: @92gara42@ ($73.33 in chips)
icebookman: posts small blind $1
@92gara42@: posts big blind $3
*** HOLE CARDS ***
icebookman: raises $3 to $6
@92gara42@: folds
Uncalled bet ($3) returned to icebookman
@92gara42@ leaves the table
icebookman collected $6 from pot
icebookman: doesn't show hand
*** SUMMARY ***
Total pot $6 | Rake $0
Seat 1: icebookman (button) (small blind) collected ($6)
Seat 4: @92gara42@ (big blind) folded before Flop


PokerStars Hand #145786966793:  Hold'em Limit ($3/$6 USD) - 2015/12/23 7:27:12 ET
Table 'Stephano III' 6-max Seat #1 is the button
Seat 1: icebookman ($156.30 in chips)
Seat 4: @92gara42@ ($115.33 in chips)
icebookman: posts small blind $1
@92gara42@: posts big blind $3
*** HOLE CARDS ***
icebookman: raises $3 to $6
@92gara42@: calls $3
*** FLOP *** [4c 6d 5d]
@92gara42@: bets $3
icebookman: raises $3 to $6
@92gara42@: calls $3
*** TURN *** [4c 6d 5d] [7s]
@92gara42@: checks
icebookman: bets $6
@92gara42@: calls $6
*** RIVER *** [4c 6d 5d 7s] [4h]
@92gara42@: checks
icebookman: bets $6
@92gara42@: calls $6
*** SHOW DOWN ***
icebookman: shows [Ks 8c] (a straight, Four to Eight)
@92gara42@: mucks hand
icebookman collected $47.50 from pot
*** SUMMARY ***
Total pot $48 | Rake $0.50
Board [4c 6d 5d 7s 4h]
Seat 1: icebookman (button) (small blind) showed [Ks 8c] and won ($47.50) with a straight, Four to Eight
Seat 4: @92gara42@ (big blind) mucked


PokerStars Hand #145786985275:  Hold'em Limit ($3/$6 USD) - 2015/12/23 7:27:46 ET
Table 'Stephano III' 6-max Seat #4 is the button
Seat 1: icebookman ($182.56 in chips)
Seat 4: @92gara42@ ($88.33 in chips)
@92gara42@: posts small blind $1
icebookman: posts big blind $3
*** HOLE CARDS ***
@92gara42@: calls $2
icebookman: raises $3 to $6
@92gara42@: calls $3
*** FLOP *** [5d 8h Jd]
icebookman: bets $3
@92gara42@: calls $3
*** TURN *** [5d 8h Jd] [6s]
icebookman: checks
@92gara42@: bets $6
icebookman: calls $6
*** RIVER *** [5d 8h Jd 6s] [5c]
icebookman: checks
@92gara42@: checks
*** SHOW DOWN ***
icebookman: shows [Kh 9d] (a pair of Fives)
@92gara42@: mucks hand
icebookman collected $29.50 from pot
*** SUMMARY ***
Total pot $30 | Rake $0.50
Board [5d 8h Jd 6s 5c]
Seat 1: icebookman (big blind) showed [Kh 9d] and won ($29.50) with a pair of Fives
Seat 4: @92gara42@ (button) (small blind) mucked


PokerStars Hand #145786979879:  Hold'em Limit ($3/$6 USD) - 2015/12/23 7:27:36 ET
Table 'Stephano III' 6-max Seat #1 is the button
Seat 1: icebookman ($176.80 in chips)
Seat 4: @92gara42@ ($94.33 in chips)
icebookman: posts small blind $1
@92gara42@: posts big blind $3
*** HOLE CARDS ***
icebookman: raises $3 to $6
@92gara42@: calls $3
*** FLOP *** [Jd Kd 7d]
@92gara42@: checks
icebookman: bets $3
@92gara42@: folds
Uncalled bet ($3) returned to icebookman
icebookman collected $11.76 from pot
icebookman: doesn't show hand
*** SUMMARY ***
Total pot $12 | Rake $0.24
Board [Jd Kd 7d]
Seat 1: icebookman (button) (small blind) collected ($11.76)
Seat 4: @92gara42@ (big blind) folded on the Flop


PokerStars Hand #145786976671:  Hold'em Limit ($3/$6 USD) - 2015/12/23 7:27:30 ET
Table 'Stephano III' 6-max Seat #4 is the button
Seat 1: icebookman ($179.80 in chips)
Seat 4: @92gara42@ ($91.33 in chips)
@92gara42@: posts small blind $1
icebookman: posts big blind $3
*** HOLE CARDS ***
@92gara42@: raises $3 to $6
icebookman: folds
Uncalled bet ($3) returned to @92gara42@
@92gara42@ collected $6 from pot
@92gara42@: doesn't show hand
*** SUMMARY ***
Total pot $6 | Rake $0
Seat 1: icebookman (big blind) folded before Flop
Seat 4: @92gara42@ (button) (small blind) collected ($6)


PokerStars Hand #145788697080:  Hold'em Limit ($3/$6 USD) - 2015/12/23 8:17:47 ET
Table 'Stephano III' 6-max Seat #3 is the button
Seat 3: TineJ2650 ($115.08 in chips)
Seat 4: Actionni13 ($150 in chips)
TineJ2650: posts small blind $1
Actionni13: posts big blind $3
*** HOLE CARDS ***
TineJ2650: folds
Uncalled bet ($2) returned to Actionni13
Actionni13 collected $2 from pot
Actionni13: doesn't show hand
*** SUMMARY ***
Total pot $2 | Rake $0
Seat 3: TineJ2650 (button) (small blind) folded before Flop
Seat 4: Actionni13 (big blind) collected ($2)


PokerStars Hand #145788686396:  Hold'em Limit ($3/$6 USD) - 2015/12/23 8:17:29 ET
Table 'Stephano III' 6-max Seat #4 is the button
Seat 3: TineJ2650 ($106.44 in chips)
Seat 4: Actionni13 ($156.76 in chips)
Actionni13: posts small blind $1
TineJ2650: posts big blind $3
*** HOLE CARDS ***
Actionni13: raises $3 to $6
TineJ2650: calls $3
*** FLOP *** [6d 4h Kd]
TineJ2650: checks
Actionni13: bets $3
TineJ2650: calls $3
*** TURN *** [6d 4h Kd] [7s]
TineJ2650: checks
Actionni13: checks
*** RIVER *** [6d 4h Kd 7s] [Ad]
TineJ2650: bets $6
Mverick22 joins the table at seat #5
Actionni13: folds
Uncalled bet ($6) returned to TineJ2650
TineJ2650 collected $17.64 from pot
*** SUMMARY ***
Total pot $18 | Rake $0.36
Board [6d 4h Kd 7s Ad]
Seat 3: TineJ2650 (big blind) collected ($17.64)
Seat 4: Actionni13 (button) (small blind) folded on the River


PokerStars Hand #145788683480:  Hold'em Limit ($3/$6 USD) - 2015/12/23 8:17:24 ET
Table 'Stephano III' 6-max Seat #3 is the button
Seat 3: TineJ2650 ($107.44 in chips)
Seat 4: Actionni13 ($155.76 in chips)
TineJ2650: posts small blind $1
Actionni13: posts big blind $3
*** HOLE CARDS ***
TineJ2650: folds
Uncalled bet ($2) returned to Actionni13
Actionni13 collected $2 from pot
Actionni13: doesn't show hand
*** SUMMARY ***
Total pot $2 | Rake $0
Seat 3: TineJ2650 (button) (small blind) folded before Flop
Seat 4: Actionni13 (big blind) collected ($2)


PokerStars Hand #145788680753:  Hold'em Limit ($3/$6 USD) - 2015/12/23 8:17:20 ET
Table 'Stephano III' 6-max Seat #4 is the button
Seat 3: TineJ2650 ($106.44 in chips)
Seat 4: Actionni13 ($156.76 in chips)
Actionni13: posts small blind $1
TineJ2650: posts big blind $3
*** HOLE CARDS ***
Actionni13: folds
Uncalled bet ($2) returned to TineJ2650
TineJ2650 collected $2 from pot
*** SUMMARY ***
Total pot $2 | Rake $0
Seat 3: TineJ2650 (big blind) collected ($2)
Seat 4: Actionni13 (button) (small blind) folded before Flop


PokerStars Hand #145788677998:  Hold'em Limit ($3/$6 USD) - 2015/12/23 8:17:15 ET
Table 'Stephano III' 6-max Seat #3 is the button
Seat 3: TineJ2650 ($107.44 in chips)
Seat 4: Actionni13 ($155.76 in chips)
TineJ2650: posts small blind $1
Actionni13: posts big blind $3
*** HOLE CARDS ***
TineJ2650: folds
Uncalled bet ($2) returned to Actionni13
Actionni13 collected $2 from pot
Actionni13: doesn't show hand
*** SUMMARY ***
Total pot $2 | Rake $0
Seat 3: TineJ2650 (button) (small blind) folded before Flop
Seat 4: Actionni13 (big blind) collected ($2)


PokerStars Hand #145788669671:  Hold'em Limit ($3/$6 USD) - 2015/12/23 8:17:01 ET
Table 'Stephano III' 6-max Seat #4 is the button
Seat 3: TineJ2650 ($113.44 in chips)
Seat 4: Actionni13 ($150 in chips)
Actionni13: posts small blind $1
TineJ2650: posts big blind $3
*** HOLE CARDS ***
Actionni13: raises $3 to $6
TineJ2650: calls $3
*** FLOP *** [2s Ah 9h]
TineJ2650: checks
Actionni13: bets $3
TineJ2650: folds
Uncalled bet ($3) returned to Actionni13
Actionni13 collected $11.76 from pot
Actionni13: doesn't show hand
*** SUMMARY ***
Total pot $12 | Rake $0.24
Board [2s Ah 9h]
Seat 3: TineJ2650 (big blind) folded on the Flop
Seat 4: Actionni13 (button) (small blind) collected ($11.76)


PokerStars Hand #145788943399:  Hold'em Limit ($3/$6 USD) - 2015/12/23 8:24:36 ET
Table 'Stephano III' 6-max Seat #4 is the button
Seat 3: TineJ2650 ($93.46 in chips)
Seat 4: Actionni13 ($210.71 in chips)
Actionni13: posts small blind $1
Xerxesklonk: is sitting out
TineJ2650: posts big blind $3
*** HOLE CARDS ***
Actionni13: raises $3 to $6
Xerxesklonk leaves the table
TineJ2650: folds
Uncalled bet ($3) returned to Actionni13
Actionni13 collected $6 from pot
Actionni13: doesn't show hand
*** SUMMARY ***
Total pot $6 | Rake $0
Seat 3: TineJ2650 (big blind) folded before Flop
Seat 4: Actionni13 (button) (small blind) collected ($6)


PokerStars Hand #145788992670:  Hold'em Limit ($3/$6 USD) - 2015/12/23 8:25:58 ET
Table 'Stephano III' 6-max Seat #4 is the button
Seat 3: TineJ2650 ($73.22 in chips)
Seat 4: Actionni13 ($230.21 in chips)
Actionni13: posts small blind $1
TineJ2650: posts big blind $3
*** HOLE CARDS ***
Actionni13: raises $3 to $6
TineJ2650: calls $3
*** FLOP *** [4s 6c 2d]
TineJ2650: checks
Actionni13: checks
*** TURN *** [4s 6c 2d] [Jc]
TineJ2650: bets $6
Actionni13: folds
Uncalled bet ($6) returned to TineJ2650
TineJ2650 collected $11.76 from pot
*** SUMMARY ***
Total pot $12 | Rake $0.24
Board [4s 6c 2d Jc]
Seat 3: TineJ2650 (big blind) collected ($11.76)
Seat 4: Actionni13 (button) (small blind) folded on the Turn


PokerStars Hand #145788968499:  Hold'em Limit ($3/$6 USD) - 2015/12/23 8:25:18 ET
Table 'Stephano III' 6-max Seat #3 is the button
Seat 3: TineJ2650 ($97.22 in chips)
Seat 4: Actionni13 ($206.71 in chips)
TineJ2650: posts small blind $1
Actionni13: posts big blind $3
*** HOLE CARDS ***
TineJ2650: raises $3 to $6
Actionni13: calls $3
*** FLOP *** [3h Tc Kd]
Actionni13: checks
TineJ2650: bets $3
Actionni13: raises $3 to $6
TineJ2650: calls $3
*** TURN *** [3h Tc Kd] [6d]
Actionni13: bets $6
TineJ2650: calls $6
*** RIVER *** [3h Tc Kd 6d] [5h]
Actionni13: bets $6
TineJ2650: calls $6
*** SHOW DOWN ***
Actionni13: shows [8s Kc] (a pair of Kings)
TineJ2650: mucks hand
Actionni13 collected $47.50 from pot
*** SUMMARY ***
Total pot $48 | Rake $0.50
Board [3h Tc Kd 6d 5h]
Seat 3: TineJ2650 (button) (small blind) mucked
Seat 4: Actionni13 (big blind) showed [8s Kc] and won ($47.50) with a pair of Kings


PokerStars Hand #145788965799:  Hold'em Limit ($3/$6 USD) - 2015/12/23 8:25:13 ET
Table 'Stephano III' 6-max Seat #4 is the button
Seat 3: TineJ2650 ($96.22 in chips)
Seat 4: Actionni13 ($207.71 in chips)
Actionni13: posts small blind $1
TineJ2650: posts big blind $3
*** HOLE CARDS ***
Actionni13: folds
Uncalled bet ($2) returned to TineJ2650
TineJ2650 collected $2 from pot
*** SUMMARY ***
Total pot $2 | Rake $0
Seat 3: TineJ2650 (big blind) collected ($2)
Seat 4: Actionni13 (button) (small blind) folded before Flop


PokerStars Hand #145788952021:  Hold'em Limit ($3/$6 USD) - 2015/12/23 8:24:51 ET
Table 'Stephano III' 6-max Seat #3 is the button
Seat 3: TineJ2650 ($90.46 in chips)
Seat 4: Actionni13 ($213.71 in chips)
TineJ2650: posts small blind $1
Actionni13: posts big blind $3
*** HOLE CARDS ***
TineJ2650: raises $3 to $6
Actionni13: calls $3
*** FLOP *** [Th 6d Ah]
Actionni13: checks
TineJ2650: bets $3
Actionni13: folds
Uncalled bet ($3) returned to TineJ2650
MAGER911 leaves the table
TineJ2650 collected $11.76 from pot
*** SUMMARY ***
Total pot $12 | Rake $0.24
Board [Th 6d Ah]
Seat 3: TineJ2650 (button) (small blind) collected ($11.76)
Seat 4: Actionni13 (big blind) folded on the Flop


PokerStars Hand #145789026186:  Hold'em Limit ($3/$6 USD) - 2015/12/23 8:26:53 ET
Table 'Stephano III' 6-max Seat #3 is the button
Seat 3: TineJ2650 ($52.98 in chips)
Seat 4: Actionni13 ($249.71 in chips)
TineJ2650: posts small blind $1
Actionni13: posts big blind $3
*** HOLE CARDS ***
TineJ2650: folds
Uncalled bet ($2) returned to Actionni13
Actionni13 collected $2 from pot
Actionni13: doesn't show hand
*** SUMMARY ***
Total pot $2 | Rake $0
Seat 3: TineJ2650 (button) (small blind) folded before Flop
Seat 4: Actionni13 (big blind) collected ($2)


PokerStars Hand #145789014596:  Hold'em Limit ($3/$6 USD) - 2015/12/23 8:26:34 ET
Table 'Stephano III' 6-max Seat #4 is the button
Seat 3: TineJ2650 ($73.98 in chips)
Seat 4: Actionni13 ($229.21 in chips)
Actionni13: posts small blind $1
TineJ2650: posts big blind $3
*** HOLE CARDS ***
Actionni13: raises $3 to $6
TineJ2650: calls $3
*** FLOP *** [Qh 9c Jd]
TineJ2650: checks
Actionni13: bets $3
TineJ2650: calls $3
*** TURN *** [Qh 9c Jd] [Ks]
TineJ2650: checks
Actionni13: bets $6
TineJ2650: calls $6
*** RIVER *** [Qh 9c Jd Ks] [2h]
TineJ2650: checks
Actionni13: bets $6
TineJ2650: calls $6
*** SHOW DOWN ***
Actionni13: shows [7s Kh] (a pair of Kings)
TineJ2650: mucks hand
Actionni13 collected $41.50 from pot
*** SUMMARY ***
Total pot $42 | Rake $0.50
Board [Qh 9c Jd Ks 2h]
Seat 3: TineJ2650 (big blind) mucked
Seat 4: Actionni13 (button) (small blind) showed [7s Kh] and won ($41.50) with a pair of Kings


PokerStars Hand #145789010774:  Hold'em Limit ($3/$6 USD) - 2015/12/23 8:26:28 ET
Table 'Stephano III' 6-max Seat #3 is the button
Seat 3: TineJ2650 ($74.98 in chips)
Seat 4: Actionni13 ($228.21 in chips)
TineJ2650: posts small blind $1
Actionni13: posts big blind $3
*** HOLE CARDS ***
TineJ2650: folds
Uncalled bet ($2) returned to Actionni13
Actionni13 collected $2 from pot
Actionni13: doesn't show hand
*** SUMMARY ***
Total pot $2 | Rake $0
Seat 3: TineJ2650 (button) (small blind) folded before Flop
Seat 4: Actionni13 (big blind) collected ($2)


PokerStars Hand #145789005065:  Hold'em Limit ($3/$6 USD) - 2015/12/23 8:26:18 ET
Table 'Stephano III' 6-max Seat #4 is the button
Seat 3: TineJ2650 ($77.98 in chips)
Seat 4: Actionni13 ($225.21 in chips)
Actionni13: posts small blind $1
TineJ2650: posts big blind $3
*** HOLE CARDS ***
Actionni13: raises $3 to $6
TineJ2650: folds
Uncalled bet ($3) returned to Actionni13
Actionni13 collected $6 from pot
Actionni13: doesn't show hand
*** SUMMARY ***
Total pot $6 | Rake $0
Seat 3: TineJ2650 (big blind) folded before Flop
Seat 4: Actionni13 (button) (small blind) collected ($6)


PokerStars Hand #145789000889:  Hold'em Limit ($3/$6 USD) - 2015/12/23 8:26:11 ET
Table 'Stephano III' 6-max Seat #3 is the button
Seat 3: TineJ2650 ($78.98 in chips)
Seat 4: Actionni13 ($224.21 in chips)
TineJ2650: posts small blind $1
Actionni13: posts big blind $3
*** HOLE CARDS ***
TineJ2650: folds
Uncalled bet ($2) returned to Actionni13
Actionni13 collected $2 from pot
Actionni13: doesn't show hand
*** SUMMARY ***
Total pot $2 | Rake $0
Seat 3: TineJ2650 (button) (small blind) folded before Flop
Seat 4: Actionni13 (big blind) collected ($2)


PokerStars Hand #145789058133:  Hold'em Limit ($3/$6 USD) - 2015/12/23 8:27:47 ET
Table 'Stephano III' 6-max Seat #4 is the button
Seat 4: Actionni13 ($268.21 in chips)
Seat 6: Mverick22 ($297.09 in chips)
Actionni13: posts small blind $1
Mverick22: posts big blind $3
*** HOLE CARDS ***
Actionni13: folds
Uncalled bet ($2) returned to Mverick22
Mverick22 collected $2 from pot
*** SUMMARY ***
Total pot $2 | Rake $0
Seat 4: Actionni13 (button) (small blind) folded before Flop
Seat 6: Mverick22 (big blind) collected ($2)


PokerStars Hand #145789052324:  Hold'em Limit ($3/$6 USD) - 2015/12/23 8:27:37 ET
Table 'Stephano III' 6-max Seat #6 is the button
Seat 4: Actionni13 ($271.21 in chips)
Seat 6: Mverick22 ($294.09 in chips)
Mverick22: posts small blind $1
TineJ2650: is sitting out
Actionni13: posts big blind $3
*** HOLE CARDS ***
Mverick22: raises $3 to $6
Actionni13: folds
Uncalled bet ($3) returned to Mverick22
Mverick22 collected $6 from pot
*** SUMMARY ***
Total pot $6 | Rake $0
Seat 4: Actionni13 (big blind) folded before Flop
Seat 6: Mverick22 (button) (small blind) collected ($6)


PokerStars Hand #145789043179:  Hold'em Limit ($3/$6 USD) - 2015/12/23 8:27:22 ET
Table 'Stephano III' 6-max Seat #3 is the button
Seat 3: TineJ2650 ($30.98 in chips)
Seat 4: Actionni13 ($271.21 in chips)
TineJ2650: posts small blind $1
Actionni13: posts big blind $3
*** HOLE CARDS ***
TineJ2650: folds
Uncalled bet ($2) returned to Actionni13
Actionni13 collected $2 from pot
Actionni13: doesn't show hand
*** SUMMARY ***
Total pot $2 | Rake $0
Seat 3: TineJ2650 (button) (small blind) folded before Flop
Seat 4: Actionni13 (big blind) collected ($2)


PokerStars Hand #145789029592:  Hold'em Limit ($3/$6 USD) - 2015/12/23 8:26:59 ET
Table 'Stephano III' 6-max Seat #4 is the button
Seat 3: TineJ2650 ($51.98 in chips)
Seat 4: Actionni13 ($250.71 in chips)
Actionni13: posts small blind $1
TineJ2650: posts big blind $3
*** HOLE CARDS ***
Actionni13: raises $3 to $6
TineJ2650: calls $3
*** FLOP *** [Js 4d 4s]
TineJ2650: checks
Actionni13: bets $3
TineJ2650: calls $3
*** TURN *** [Js 4d 4s] [7h]
TineJ2650: checks
Actionni13: bets $6
TineJ2650: calls $6
*** RIVER *** [Js 4d 4s 7h] [Qh]
Mverick22 joins the table at seat #6
TineJ2650: checks
Actionni13: bets $6
TineJ2650: calls $6
*** SHOW DOWN ***
Actionni13: shows [Jd 2d] (two pair, Jacks and Fours)
TineJ2650: mucks hand
Actionni13 collected $41.50 from pot
*** SUMMARY ***
Total pot $42 | Rake $0.50
Board [Js 4d 4s 7h Qh]
Seat 3: TineJ2650 (big blind) mucked
Seat 4: Actionni13 (button) (small blind) showed [Jd 2d] and won ($41.50) with two pair, Jacks and Fours


PokerStars Hand #145789083876:  Hold'em Limit ($3/$6 USD) - 2015/12/23 8:28:30 ET
Table 'Stephano III' 6-max Seat #4 is the button
Seat 4: Actionni13 ($256.21 in chips)
Seat 6: Mverick22 ($308.59 in chips)
Actionni13: posts small blind $1
Mverick22: posts big blind $3
*** HOLE CARDS ***
TineJ2650 leaves the table
Actionni13: raises $3 to $6
Mverick22: calls $3
*** FLOP *** [Qs 7h Qc]
Mverick22: checks
Actionni13: bets $3
Mverick22: calls $3
*** TURN *** [Qs 7h Qc] [Jc]
Mverick22: checks
Actionni13: checks
*** RIVER *** [Qs 7h Qc Jc] [6c]
Kajind joins the table at seat #1
Mverick22: checks
Actionni13: checks
*** SHOW DOWN ***
Mverick22: shows [4s Ks] (a pair of Queens)
Actionni13: shows [Td Kd] (a pair of Queens - King+Jack+Ten kicker)
Actionni13 collected $17.64 from pot
*** SUMMARY ***
Total pot $18 | Rake $0.36
Board [Qs 7h Qc Jc 6c]
Seat 4: Actionni13 (button) (small blind) showed [Td Kd] and won ($17.64) with a pair of Queens
Seat 6: Mverick22 (big blind) showed [4s Ks] and lost with a pair of Queens


PokerStars Hand #145789061903:  Hold'em Limit ($3/$6 USD) - 2015/12/23 8:27:53 ET
Table 'Stephano III' 6-max Seat #6 is the button
Seat 4: Actionni13 ($267.21 in chips)
Seat 6: Mverick22 ($298.09 in chips)
Mverick22: posts small blind $1
Actionni13: posts big blind $3
*** HOLE CARDS ***
Mverick22: raises $3 to $6
Actionni13: calls $3
*** FLOP *** [9c 3s Qc]
Actionni13: checks
Mverick22: bets $3
Actionni13: calls $3
*** TURN *** [9c 3s Qc] [5s]
Actionni13: checks
Mverick22: bets $6
Actionni13: calls $6
*** RIVER *** [9c 3s Qc 5s] [9d]
Actionni13: checks
Mverick22: checks
*** SHOW DOWN ***
Actionni13: shows [4c As] (a pair of Nines)
Mverick22: shows [4h 3h] (two pair, Nines and Threes)
Mverick22 collected $29.50 from pot
*** SUMMARY ***
Total pot $30 | Rake $0.50
Board [9c 3s Qc 5s 9d]
Seat 4: Actionni13 (big blind) showed [4c As] and lost with a pair of Nines
Seat 6: Mverick22 (button) (small blind) showed [4h 3h] and won ($29.50) with two pair, Nines and Threes


PokerStars Hand #145789079516:  Hold'em Limit ($3/$6 USD) - 2015/12/23 8:28:23 ET
Table 'Stephano III' 6-max Seat #6 is the button
Seat 4: Actionni13 ($255.21 in chips)
Seat 6: Mverick22 ($309.59 in chips)
Mverick22: posts small blind $1
Actionni13: posts big blind $3
*** HOLE CARDS ***
Mverick22: folds
Uncalled bet ($2) returned to Actionni13
Actionni13 collected $2 from pot
Actionni13: doesn't show hand
*** SUMMARY ***
Total pot $2 | Rake $0
Seat 4: Actionni13 (big blind) collected ($2)
Seat 6: Mverick22 (button) (small blind) folded before Flop


PokerStars Hand #145789074903:  Hold'em Limit ($3/$6 USD) - 2015/12/23 8:28:15 ET
Table 'Stephano III' 6-max Seat #4 is the button
Seat 4: Actionni13 ($252.21 in chips)
Seat 6: Mverick22 ($312.59 in chips)
Actionni13: posts small blind $1
Mverick22: posts big blind $3
*** HOLE CARDS ***
Actionni13: raises $3 to $6
Mverick22: folds
Uncalled bet ($3) returned to Actionni13
Actionni13 collected $6 from pot
Actionni13: doesn't show hand
*** SUMMARY ***
Total pot $6 | Rake $0
Seat 4: Actionni13 (button) (small blind) collected ($6)
Seat 6: Mverick22 (big blind) folded before Flop


PokerStars Hand #145789480193:  Hold'em Limit ($3/$6 USD) - 2015/12/23 8:38:49 ET
Table 'Stephano III' 6-max Seat #2 is the button
Seat 2: Xerxesklonk ($117 in chips)
Seat 5: CrotchSnifer ($157.78 in chips)
Xerxesklonk: posts small blind $1
Actionni13: is sitting out
CrotchSnifer: posts big blind $3
*** HOLE CARDS ***
Xerxesklonk: folds
Uncalled bet ($2) returned to CrotchSnifer
CrotchSnifer collected $2 from pot
CrotchSnifer: doesn't show hand
*** SUMMARY ***
Total pot $2 | Rake $0
Seat 2: Xerxesklonk (button) (small blind) folded before Flop
Seat 5: CrotchSnifer (big blind) collected ($2)


