PokerStars Hand #169166495807:  Hold'em Limit ($3/$6 USD) - 2017/04/17 9:53:24 ET
Table 'Stereoskopia' 6-max Seat #4 is the button
Seat 3: bell2013 ($84.72 in chips)
Seat 4: Agrotait ($106.50 in chips)
Agrotait: posts small blind $1
bell2013: posts big blind $3
*** HOLE CARDS ***
Agrotait: raises $3 to $6
bell2013: folds
Uncalled bet ($3) returned to Agrotait
Agrotait collected $6 from pot
Agrotait: doesn't show hand
*** SUMMARY ***
Total pot $6 | Rake $0
Seat 3: bell2013 (big blind) folded before Flop
Seat 4: Agrotait (button) (small blind) collected ($6)


PokerStars Hand #169166482552:  Hold'em Limit ($3/$6 USD) - 2017/04/17 9:53:03 ET
Table 'Stereoskopia' 6-max Seat #3 is the button
Seat 3: bell2013 ($102.72 in chips)
Seat 4: Agrotait ($89 in chips)
bell2013: posts small blind $1
Agrotait: posts big blind $3
*** HOLE CARDS ***
bell2013: raises $3 to $6
Agrotait: raises $3 to $9
bell2013: calls $3
*** FLOP *** [Ts 3d 7d]
Agrotait: bets $3
bell2013: calls $3
*** TURN *** [Ts 3d 7d] [8c]
Agrotait: bets $6
bell2013: calls $6
*** RIVER *** [Ts 3d 7d 8c] [6d]
Agrotait: bets $6
bell2013: folds
Uncalled bet ($6) returned to Agrotait
Agrotait collected $35.50 from pot
Agrotait: doesn't show hand
*** SUMMARY ***
Total pot $36 | Rake $0.50
Board [Ts 3d 7d 8c 6d]
Seat 3: bell2013 (button) (small blind) folded on the River
Seat 4: Agrotait (big blind) collected ($35.50)


PokerStars Hand #169166468750:  Hold'em Limit ($3/$6 USD) - 2017/04/17 9:52:41 ET
Table 'Stereoskopia' 6-max Seat #4 is the button
Seat 3: bell2013 ($117.72 in chips)
Seat 4: Agrotait ($74.50 in chips)
Agrotait: posts small blind $1
bell2013: posts big blind $3
*** HOLE CARDS ***
Agrotait: raises $3 to $6
bell2013: calls $3
*** FLOP *** [3s Js Qd]
bell2013: checks
Agrotait: bets $3
bell2013: calls $3
*** TURN *** [3s Js Qd] [8d]
bell2013: checks
Agrotait: checks
*** RIVER *** [3s Js Qd 8d] [Kh]
bell2013: bets $6
Agrotait: calls $6
*** SHOW DOWN ***
bell2013: shows [5d Jd] (a pair of Jacks)
Agrotait: shows [7h Qh] (a pair of Queens)
Agrotait collected $29.50 from pot
*** SUMMARY ***
Total pot $30 | Rake $0.50
Board [3s Js Qd 8d Kh]
Seat 3: bell2013 (big blind) showed [5d Jd] and lost with a pair of Jacks
Seat 4: Agrotait (button) (small blind) showed [7h Qh] and won ($29.50) with a pair of Queens


PokerStars Hand #169166453144:  Hold'em Limit ($3/$6 USD) - 2017/04/17 9:52:16 ET
Table 'Stereoskopia' 6-max Seat #3 is the button
Seat 3: bell2013 ($132.72 in chips)
Seat 4: Agrotait ($60 in chips)
bell2013: posts small blind $1
Agrotait: posts big blind $3
*** HOLE CARDS ***
bell2013: raises $3 to $6
Agrotait: calls $3
*** FLOP *** [7c 5d Ah]
Agrotait: checks
bell2013: bets $3
Agrotait: calls $3
*** TURN *** [7c 5d Ah] [8h]
Agrotait: checks
bell2013: bets $6
Agrotait: calls $6
*** RIVER *** [7c 5d Ah 8h] [Kc]
Agrotait: checks
bell2013: checks
*** SHOW DOWN ***
Agrotait: shows [9c 5s] (a pair of Fives)
LifeisagameX leaves the table
bell2013: mucks hand
Agrotait collected $29.50 from pot
*** SUMMARY ***
Total pot $30 | Rake $0.50
Board [7c 5d Ah 8h Kc]
Seat 3: bell2013 (button) (small blind) mucked
Seat 4: Agrotait (big blind) showed [9c 5s] and won ($29.50) with a pair of Fives


PokerStars Hand #169166516493:  Hold'em Limit ($3/$6 USD) - 2017/04/17 9:53:58 ET
Table 'Stereoskopia' 6-max Seat #3 is the button
Seat 3: bell2013 ($54.72 in chips)
Seat 4: Agrotait ($136 in chips)
bell2013: posts small blind $1
Agrotait: posts big blind $3
*** HOLE CARDS ***
bell2013: raises $3 to $6
Agrotait: calls $3
*** FLOP *** [Ad Qs 4h]
Agrotait: checks
bell2013: bets $3
Agrotait: folds
Uncalled bet ($3) returned to bell2013
bell2013 collected $11.76 from pot
*** SUMMARY ***
Total pot $12 | Rake $0.24
Board [Ad Qs 4h]
Seat 3: bell2013 (button) (small blind) collected ($11.76)
Seat 4: Agrotait (big blind) folded on the Flop


PokerStars Hand #169166512660:  Hold'em Limit ($3/$6 USD) - 2017/04/17 9:53:51 ET
Table 'Stereoskopia' 6-max Seat #4 is the button
Seat 3: bell2013 ($57.72 in chips)
Seat 4: Agrotait ($133 in chips)
Agrotait: posts small blind $1
bell2013: posts big blind $3
*** HOLE CARDS ***
Agrotait: raises $3 to $6
bell2013: folds
Uncalled bet ($3) returned to Agrotait
Agrotait collected $6 from pot
Agrotait: doesn't show hand
*** SUMMARY ***
Total pot $6 | Rake $0
Seat 3: bell2013 (big blind) folded before Flop
Seat 4: Agrotait (button) (small blind) collected ($6)


PokerStars Hand #169166499851:  Hold'em Limit ($3/$6 USD) - 2017/04/17 9:53:31 ET
Table 'Stereoskopia' 6-max Seat #3 is the button
Seat 3: bell2013 ($81.72 in chips)
Seat 4: Agrotait ($109.50 in chips)
bell2013: posts small blind $1
Agrotait: posts big blind $3
*** HOLE CARDS ***
bell2013: raises $3 to $6
Agrotait: calls $3
*** FLOP *** [Jd Jh 8s]
Agrotait: checks
bell2013: bets $3
Agrotait: raises $3 to $6
bell2013: calls $3
*** TURN *** [Jd Jh 8s] [3c]
Agrotait: bets $6
bell2013: calls $6
*** RIVER *** [Jd Jh 8s 3c] [6h]
Agrotait: bets $6
bell2013: calls $6
*** SHOW DOWN ***
Agrotait: shows [Kh 8d] (two pair, Jacks and Eights)
bell2013: mucks hand
Agrotait collected $47.50 from pot
*** SUMMARY ***
Total pot $48 | Rake $0.50
Board [Jd Jh 8s 3c 6h]
Seat 3: bell2013 (button) (small blind) mucked
Seat 4: Agrotait (big blind) showed [Kh 8d] and won ($47.50) with two pair, Jacks and Eights


PokerStars Hand #169166570323:  Hold'em Limit ($3/$6 USD) - 2017/04/17 9:55:26 ET
Table 'Stereoskopia' 6-max Seat #3 is the button
Seat 3: bell2013 ($94.62 in chips)
Seat 4: Agrotait ($95 in chips)
bell2013: posts small blind $1
Agrotait: posts big blind $3
*** HOLE CARDS ***
bell2013: raises $3 to $6
Agrotait: folds
Uncalled bet ($3) returned to bell2013
bell2013 collected $6 from pot
*** SUMMARY ***
Total pot $6 | Rake $0
Seat 3: bell2013 (button) (small blind) collected ($6)
Seat 4: Agrotait (big blind) folded before Flop


PokerStars Hand #169166567593:  Hold'em Limit ($3/$6 USD) - 2017/04/17 9:55:21 ET
Table 'Stereoskopia' 6-max Seat #4 is the button
Seat 3: bell2013 ($93.62 in chips)
Seat 4: Agrotait ($96 in chips)
Agrotait: posts small blind $1
bell2013: posts big blind $3
*** HOLE CARDS ***
Agrotait: folds
Uncalled bet ($2) returned to bell2013
bell2013 collected $2 from pot
*** SUMMARY ***
Total pot $2 | Rake $0
Seat 3: bell2013 (big blind) collected ($2)
Seat 4: Agrotait (button) (small blind) folded before Flop


PokerStars Hand #169166555051:  Hold'em Limit ($3/$6 USD) - 2017/04/17 9:54:58 ET
Table 'Stereoskopia' 6-max Seat #4 is the button
Seat 3: bell2013 ($85.98 in chips)
Seat 4: Agrotait ($104 in chips)
Agrotait: posts small blind $1
bell2013: posts big blind $3
*** HOLE CARDS ***
Agrotait: raises $3 to $6
bell2013: calls $3
*** FLOP *** [3h 5h Qs]
bell2013: checks
Agrotait: bets $3
bell2013: raises $3 to $6
Agrotait: folds
Uncalled bet ($3) returned to bell2013
bell2013 collected $17.64 from pot
*** SUMMARY ***
Total pot $18 | Rake $0.36
Board [3h 5h Qs]
Seat 3: bell2013 (big blind) collected ($17.64)
Seat 4: Agrotait (button) (small blind) folded on the Flop


PokerStars Hand #169166524738:  Hold'em Limit ($3/$6 USD) - 2017/04/17 9:54:10 ET
Table 'Stereoskopia' 6-max Seat #4 is the button
Seat 3: bell2013 ($60.48 in chips)
Seat 4: Agrotait ($130 in chips)
Agrotait: posts small blind $1
bell2013: posts big blind $3
*** HOLE CARDS ***
Agrotait: raises $3 to $6
bell2013: calls $3
*** FLOP *** [7h Ks 4d]
bell2013: checks
Agrotait: bets $3
bell2013: calls $3
*** TURN *** [7h Ks 4d] [8d]
bell2013: checks
Agrotait: bets $6
bell2013: raises $6 to $12
Agrotait: calls $6
*** RIVER *** [7h Ks 4d 8d] [6s]
bell2013: bets $6
Agrotait: calls $6
*** SHOW DOWN ***
bell2013: shows [8c Kh] (two pair, Kings and Eights)
Agrotait: mucks hand
bell2013 collected $53.50 from pot
*** SUMMARY ***
Total pot $54 | Rake $0.50
Board [7h Ks 4d 8d 6s]
Seat 3: bell2013 (big blind) showed [8c Kh] and won ($53.50) with two pair, Kings and Eights
Seat 4: Agrotait (button) (small blind) mucked


PokerStars Hand #169166597242:  Hold'em Limit ($3/$6 USD) - 2017/04/17 9:56:16 ET
Table 'Stereoskopia' 6-max Seat #3 is the button
Seat 3: bell2013 ($90.26 in chips)
Seat 4: Agrotait ($98.50 in chips)
bell2013: posts small blind $1
Agrotait: posts big blind $3
*** HOLE CARDS ***
bell2013: raises $3 to $6
Agrotait: calls $3
*** FLOP *** [3c 3h Qd]
Agrotait: checks
bell2013: checks
*** TURN *** [3c 3h Qd] [6h]
Agrotait: bets $6
bell2013: raises $6 to $12
Agrotait: folds
Uncalled bet ($6) returned to bell2013
bell2013 collected $23.52 from pot
*** SUMMARY ***
Total pot $24 | Rake $0.48
Board [3c 3h Qd 6h]
Seat 3: bell2013 (button) (small blind) collected ($23.52)
Seat 4: Agrotait (big blind) folded on the Turn


PokerStars Hand #169166587307:  Hold'em Limit ($3/$6 USD) - 2017/04/17 9:55:57 ET
Table 'Stereoskopia' 6-max Seat #4 is the button
Seat 3: bell2013 ($105.26 in chips)
Seat 4: Agrotait ($84 in chips)
Agrotait: posts small blind $1
bell2013: posts big blind $3
*** HOLE CARDS ***
Agrotait: raises $3 to $6
bell2013: raises $3 to $9
Agrotait: calls $3
*** FLOP *** [Kc Th Ad]
bell2013: bets $3
Agrotait: raises $3 to $6
bell2013: calls $3
*** TURN *** [Kc Th Ad] [2d]
bell2013: checks
Agrotait: bets $6
bell2013: folds
Uncalled bet ($6) returned to Agrotait
Agrotait collected $29.50 from pot
Agrotait: doesn't show hand
*** SUMMARY ***
Total pot $30 | Rake $0.50
Board [Kc Th Ad 2d]
Seat 3: bell2013 (big blind) folded on the Turn
Seat 4: Agrotait (button) (small blind) collected ($29.50)


PokerStars Hand #169166584679:  Hold'em Limit ($3/$6 USD) - 2017/04/17 9:55:52 ET
Table 'Stereoskopia' 6-max Seat #3 is the button
Seat 3: bell2013 ($106.26 in chips)
Seat 4: Agrotait ($83 in chips)
bell2013: posts small blind $1
Agrotait: posts big blind $3
*** HOLE CARDS ***
bell2013: folds
Uncalled bet ($2) returned to Agrotait
Agrotait collected $2 from pot
Agrotait: doesn't show hand
*** SUMMARY ***
Total pot $2 | Rake $0
Seat 3: bell2013 (button) (small blind) folded before Flop
Seat 4: Agrotait (big blind) collected ($2)


PokerStars Hand #169166573300:  Hold'em Limit ($3/$6 USD) - 2017/04/17 9:55:31 ET
Table 'Stereoskopia' 6-max Seat #4 is the button
Seat 3: bell2013 ($97.62 in chips)
Seat 4: Agrotait ($92 in chips)
Agrotait: posts small blind $1
bell2013: posts big blind $3
*** HOLE CARDS ***
Agrotait: raises $3 to $6
bell2013: calls $3
*** FLOP *** [3c 8s 9h]
bell2013: checks
Agrotait: bets $3
bell2013: calls $3
*** TURN *** [3c 8s 9h] [2c]
bell2013: checks
Agrotait: checks
*** RIVER *** [3c 8s 9h 2c] [Qd]
bell2013: bets $6
Agrotait: folds
Uncalled bet ($6) returned to bell2013
bell2013 collected $17.64 from pot
*** SUMMARY ***
Total pot $18 | Rake $0.36
Board [3c 8s 9h 2c Qd]
Seat 3: bell2013 (big blind) collected ($17.64)
Seat 4: Agrotait (button) (small blind) folded on the River


PokerStars Hand #169166624252:  Hold'em Limit ($3/$6 USD) - 2017/04/17 9:57:05 ET
Table 'Stereoskopia' 6-max Seat #3 is the button
Seat 3: bell2013 ($74.78 in chips)
Seat 4: Agrotait ($112.76 in chips)
bell2013: posts small blind $1
Agrotait: posts big blind $3
*** HOLE CARDS ***
bell2013: raises $3 to $6
Agrotait: calls $3
*** FLOP *** [8s 7h 5h]
Agrotait: checks
bell2013: bets $3
Agrotait: calls $3
*** TURN *** [8s 7h 5h] [2c]
Agrotait: checks
bell2013: checks
*** RIVER *** [8s 7h 5h 2c] [Ks]
Agrotait: checks
bell2013: bets $6
Agrotait: calls $6
*** SHOW DOWN ***
bell2013: shows [Td Qs] (high card King)
Agrotait: mucks hand
bell2013 collected $29.50 from pot
*** SUMMARY ***
Total pot $30 | Rake $0.50
Board [8s 7h 5h 2c Ks]
Seat 3: bell2013 (button) (small blind) showed [Td Qs] and won ($29.50) with high card King
Seat 4: Agrotait (big blind) mucked


PokerStars Hand #169166620766:  Hold'em Limit ($3/$6 USD) - 2017/04/17 9:56:59 ET
Table 'Stereoskopia' 6-max Seat #4 is the button
Seat 3: bell2013 ($77.78 in chips)
Seat 4: Agrotait ($109.76 in chips)
Agrotait: posts small blind $1
bell2013: posts big blind $3
*** HOLE CARDS ***
Agrotait: raises $3 to $6
bell2013: folds
Uncalled bet ($3) returned to Agrotait
Agrotait collected $6 from pot
Agrotait: doesn't show hand
*** SUMMARY ***
Total pot $6 | Rake $0
Seat 3: bell2013 (big blind) folded before Flop
Seat 4: Agrotait (button) (small blind) collected ($6)


PokerStars Hand #169166611226:  Hold'em Limit ($3/$6 USD) - 2017/04/17 9:56:41 ET
Table 'Stereoskopia' 6-max Seat #3 is the button
Seat 3: bell2013 ($95.78 in chips)
Seat 4: Agrotait ($92.26 in chips)
bell2013: posts small blind $1
Agrotait: posts big blind $3
*** HOLE CARDS ***
bell2013: raises $3 to $6
Agrotait: raises $3 to $9
bell2013: calls $3
*** FLOP *** [Ac 8h Qh]
Agrotait: bets $3
bell2013: calls $3
*** TURN *** [Ac 8h Qh] [9d]
Agrotait: checks
bell2013: bets $6
Agrotait: calls $6
*** RIVER *** [Ac 8h Qh 9d] [Ad]
Agrotait: checks
bell2013: checks
*** SHOW DOWN ***
Agrotait: shows [Ts Qs] (two pair, Aces and Queens)
bell2013: mucks hand
Agrotait collected $35.50 from pot
*** SUMMARY ***
Total pot $36 | Rake $0.50
Board [Ac 8h Qh 9d Ad]
Seat 3: bell2013 (button) (small blind) mucked
Seat 4: Agrotait (big blind) showed [Ts Qs] and won ($35.50) with two pair, Aces and Queens


PokerStars Hand #169166604910:  Hold'em Limit ($3/$6 USD) - 2017/04/17 9:56:30 ET
Table 'Stereoskopia' 6-max Seat #4 is the button
Seat 3: bell2013 ($101.78 in chips)
Seat 4: Agrotait ($86.50 in chips)
Agrotait: posts small blind $1
bell2013: posts big blind $3
*** HOLE CARDS ***
Agrotait: raises $3 to $6
bell2013: calls $3
*** FLOP *** [Qs 5s 9c]
bell2013: checks
Agrotait: bets $3
bell2013: folds
Uncalled bet ($3) returned to Agrotait
Agrotait collected $11.76 from pot
Agrotait: doesn't show hand
*** SUMMARY ***
Total pot $12 | Rake $0.24
Board [Qs 5s 9c]
Seat 3: bell2013 (big blind) folded on the Flop
Seat 4: Agrotait (button) (small blind) collected ($11.76)


PokerStars Hand #169166666398:  Hold'em Limit ($3/$6 USD) - 2017/04/17 9:58:23 ET
Table 'Stereoskopia' 6-max Seat #4 is the button
Seat 3: bell2013 ($74.92 in chips)
Seat 4: Agrotait ($111.26 in chips)
Agrotait: posts small blind $1
bell2013: posts big blind $3
*** HOLE CARDS ***
Agrotait: raises $3 to $6
bell2013: calls $3
*** FLOP *** [3c 2s 5h]
bell2013: bets $3
Agrotait: folds
Uncalled bet ($3) returned to bell2013
bell2013 collected $11.76 from pot
*** SUMMARY ***
Total pot $12 | Rake $0.24
Board [3c 2s 5h]
Seat 3: bell2013 (big blind) collected ($11.76)
Seat 4: Agrotait (button) (small blind) folded on the Flop


PokerStars Hand #169166655860:  Hold'em Limit ($3/$6 USD) - 2017/04/17 9:58:04 ET
Table 'Stereoskopia' 6-max Seat #3 is the button
Seat 3: bell2013 ($89.92 in chips)
Seat 4: Agrotait ($96.76 in chips)
bell2013: posts small blind $1
Agrotait: posts big blind $3
*** HOLE CARDS ***
bell2013: raises $3 to $6
Agrotait: calls $3
*** FLOP *** [Qs 9h Qd]
Agrotait: checks
bell2013: bets $3
Agrotait: calls $3
*** TURN *** [Qs 9h Qd] [2h]
Agrotait: checks
bell2013: checks
*** RIVER *** [Qs 9h Qd 2h] [Kd]
Agrotait: checks
bell2013: bets $6
Agrotait: calls $6
*** SHOW DOWN ***
bell2013: shows [8d 9s] (two pair, Queens and Nines)
Agrotait: shows [2s Kc] (two pair, Kings and Queens)
Agrotait collected $29.50 from pot
*** SUMMARY ***
Total pot $30 | Rake $0.50
Board [Qs 9h Qd 2h Kd]
Seat 3: bell2013 (button) (small blind) showed [8d 9s] and lost with two pair, Queens and Nines
Seat 4: Agrotait (big blind) showed [2s Kc] and won ($29.50) with two pair, Kings and Queens


PokerStars Hand #169166652286:  Hold'em Limit ($3/$6 USD) - 2017/04/17 9:57:57 ET
Table 'Stereoskopia' 6-max Seat #4 is the button
Seat 3: bell2013 ($92.92 in chips)
Seat 4: Agrotait ($93.76 in chips)
Agrotait: posts small blind $1
bell2013: posts big blind $3
*** HOLE CARDS ***
Agrotait: raises $3 to $6
bell2013: folds
Uncalled bet ($3) returned to Agrotait
Agrotait collected $6 from pot
Agrotait: doesn't show hand
*** SUMMARY ***
Total pot $6 | Rake $0
Seat 3: bell2013 (big blind) folded before Flop
Seat 4: Agrotait (button) (small blind) collected ($6)


PokerStars Hand #169166649626:  Hold'em Limit ($3/$6 USD) - 2017/04/17 9:57:52 ET
Table 'Stereoskopia' 6-max Seat #3 is the button
Seat 3: bell2013 ($93.92 in chips)
Seat 4: Agrotait ($92.76 in chips)
bell2013: posts small blind $1
Agrotait: posts big blind $3
*** HOLE CARDS ***
bell2013: folds
Uncalled bet ($2) returned to Agrotait
Agrotait collected $2 from pot
Agrotait: doesn't show hand
*** SUMMARY ***
Total pot $2 | Rake $0
Seat 3: bell2013 (button) (small blind) folded before Flop
Seat 4: Agrotait (big blind) collected ($2)


PokerStars Hand #169166646271:  Hold'em Limit ($3/$6 USD) - 2017/04/17 9:57:46 ET
Table 'Stereoskopia' 6-max Seat #4 is the button
Seat 3: bell2013 ($96.92 in chips)
Seat 4: Agrotait ($89.76 in chips)
Agrotait: posts small blind $1
bell2013: posts big blind $3
*** HOLE CARDS ***
Agrotait: raises $3 to $6
bell2013: folds
Uncalled bet ($3) returned to Agrotait
Agrotait collected $6 from pot
Agrotait: doesn't show hand
*** SUMMARY ***
Total pot $6 | Rake $0
Seat 3: bell2013 (big blind) folded before Flop
Seat 4: Agrotait (button) (small blind) collected ($6)


PokerStars Hand #169166643610:  Hold'em Limit ($3/$6 USD) - 2017/04/17 9:57:41 ET
Table 'Stereoskopia' 6-max Seat #3 is the button
Seat 3: bell2013 ($97.92 in chips)
Seat 4: Agrotait ($88.76 in chips)
bell2013: posts small blind $1
Agrotait: posts big blind $3
*** HOLE CARDS ***
bell2013: folds
Uncalled bet ($2) returned to Agrotait
Agrotait collected $2 from pot
Agrotait: doesn't show hand
*** SUMMARY ***
Total pot $2 | Rake $0
Seat 3: bell2013 (button) (small blind) folded before Flop
Seat 4: Agrotait (big blind) collected ($2)


PokerStars Hand #169166633024:  Hold'em Limit ($3/$6 USD) - 2017/04/17 9:57:22 ET
Table 'Stereoskopia' 6-max Seat #4 is the button
Seat 3: bell2013 ($89.28 in chips)
Seat 4: Agrotait ($97.76 in chips)
Agrotait: posts small blind $1
bell2013: posts big blind $3
*** HOLE CARDS ***
Agrotait: raises $3 to $6
bell2013: calls $3
*** FLOP *** [3c Th 7h]
bell2013: bets $3
Agrotait: calls $3
*** TURN *** [3c Th 7h] [Ah]
bell2013: checks
Agrotait: checks
*** RIVER *** [3c Th 7h Ah] [5c]
bell2013: bets $6
Agrotait: folds
Uncalled bet ($6) returned to bell2013
bell2013 collected $17.64 from pot
*** SUMMARY ***
Total pot $18 | Rake $0.36
Board [3c Th 7h Ah 5c]
Seat 3: bell2013 (big blind) collected ($17.64)
Seat 4: Agrotait (button) (small blind) folded on the River


PokerStars Hand #169166688006:  Hold'em Limit ($3/$6 USD) - 2017/04/17 9:59:02 ET
Table 'Stereoskopia' 6-max Seat #3 is the button
Seat 3: bell2013 ($72.68 in chips)
Seat 4: Agrotait ($112.90 in chips)
bell2013: posts small blind $1
Agrotait: posts big blind $3
*** HOLE CARDS ***
bell2013: raises $3 to $6
Agrotait: calls $3
*** FLOP *** [4d Th 3s]
Agrotait: checks
bell2013: checks
*** TURN *** [4d Th 3s] [Qh]
Agrotait: checks
bell2013: bets $6
Agrotait: calls $6
*** RIVER *** [4d Th 3s Qh] [Ks]
Agrotait: checks
bell2013: bets $6
Agrotait: calls $6
*** SHOW DOWN ***
bell2013: shows [9s 5h] (high card King)
Agrotait: shows [Tc Jd] (a pair of Tens)
Agrotait collected $35.50 from pot
*** SUMMARY ***
Total pot $36 | Rake $0.50
Board [4d Th 3s Qh Ks]
Seat 3: bell2013 (button) (small blind) showed [9s 5h] and lost with high card King
Seat 4: Agrotait (big blind) showed [Tc Jd] and won ($35.50) with a pair of Tens


PokerStars Hand #169166683941:  Hold'em Limit ($3/$6 USD) - 2017/04/17 9:58:55 ET
Table 'Stereoskopia' 6-max Seat #4 is the button
Seat 3: bell2013 ($71.68 in chips)
Seat 4: Agrotait ($113.90 in chips)
Agrotait: posts small blind $1
bell2013: posts big blind $3
*** HOLE CARDS ***
Agrotait: folds
Uncalled bet ($2) returned to bell2013
bell2013 collected $2 from pot
*** SUMMARY ***
Total pot $2 | Rake $0
Seat 3: bell2013 (big blind) collected ($2)
Seat 4: Agrotait (button) (small blind) folded before Flop


PokerStars Hand #169166672863:  Hold'em Limit ($3/$6 USD) - 2017/04/17 9:58:35 ET
Table 'Stereoskopia' 6-max Seat #3 is the button
Seat 3: bell2013 ($80.68 in chips)
Seat 4: Agrotait ($105.26 in chips)
bell2013: posts small blind $1
Agrotait: posts big blind $3
*** HOLE CARDS ***
bell2013: raises $3 to $6
Agrotait: calls $3
*** FLOP *** [Jd Ac 3h]
Agrotait: checks
bell2013: bets $3
Agrotait: calls $3
*** TURN *** [Jd Ac 3h] [3c]
Agrotait: checks
bell2013: checks
*** RIVER *** [Jd Ac 3h 3c] [Ts]
Agrotait: bets $6
bell2013: folds
Uncalled bet ($6) returned to Agrotait
Agrotait collected $17.64 from pot
Agrotait: doesn't show hand
*** SUMMARY ***
Total pot $18 | Rake $0.36
Board [Jd Ac 3h 3c Ts]
Seat 3: bell2013 (button) (small blind) folded on the River
Seat 4: Agrotait (big blind) collected ($17.64)


PokerStars Hand #169166735840:  Hold'em Limit ($3/$6 USD) - 2017/04/17 10:00:29 ET
Table 'Stereoskopia' 6-max Seat #3 is the button
Seat 3: bell2013 ($68.84 in chips)
Seat 4: Agrotait ($115.16 in chips)
bell2013: posts small blind $1
Agrotait: posts big blind $3
*** HOLE CARDS ***
bell2013: folds
Uncalled bet ($2) returned to Agrotait
Agrotait collected $2 from pot
Agrotait: doesn't show hand
*** SUMMARY ***
Total pot $2 | Rake $0
Seat 3: bell2013 (button) (small blind) folded before Flop
Seat 4: Agrotait (big blind) collected ($2)


PokerStars Hand #169166728946:  Hold'em Limit ($3/$6 USD) - 2017/04/17 10:00:16 ET
Table 'Stereoskopia' 6-max Seat #4 is the button
Seat 3: bell2013 ($74.84 in chips)
Seat 4: Agrotait ($109.40 in chips)
Agrotait: posts small blind $1
bell2013: posts big blind $3
*** HOLE CARDS ***
Agrotait: raises $3 to $6
bell2013: calls $3
*** FLOP *** [Ts 8h 2c]
bell2013: checks
Agrotait: bets $3
bell2013: folds
Uncalled bet ($3) returned to Agrotait
Agrotait collected $11.76 from pot
Agrotait: doesn't show hand
*** SUMMARY ***
Total pot $12 | Rake $0.24
Board [Ts 8h 2c]
Seat 3: bell2013 (big blind) folded on the Flop
Seat 4: Agrotait (button) (small blind) collected ($11.76)


PokerStars Hand #169166719517:  Hold'em Limit ($3/$6 USD) - 2017/04/17 10:00:00 ET
Table 'Stereoskopia' 6-max Seat #3 is the button
Seat 3: bell2013 ($63.32 in chips)
Seat 4: Agrotait ($121.40 in chips)
bell2013: posts small blind $1
Agrotait: posts big blind $3
*** HOLE CARDS ***
bell2013: raises $3 to $6
Agrotait: raises $3 to $9
bell2013: calls $3
*** FLOP *** [6c Ah Jd]
Agrotait: bets $3
bell2013: calls $3
*** TURN *** [6c Ah Jd] [Ks]
Agrotait: checks
bell2013: bets $6
Agrotait: folds
Uncalled bet ($6) returned to bell2013
bell2013 collected $23.52 from pot
*** SUMMARY ***
Total pot $24 | Rake $0.48
Board [6c Ah Jd Ks]
Seat 3: bell2013 (button) (small blind) collected ($23.52)
Seat 4: Agrotait (big blind) folded on the Turn


PokerStars Hand #169166712204:  Hold'em Limit ($3/$6 USD) - 2017/04/17 9:59:46 ET
Table 'Stereoskopia' 6-max Seat #4 is the button
Seat 3: bell2013 ($54.68 in chips)
Seat 4: Agrotait ($130.40 in chips)
Agrotait: posts small blind $1
bell2013: posts big blind $3
*** HOLE CARDS ***
Agrotait: raises $3 to $6
bell2013: raises $3 to $9
Agrotait: calls $3
*** FLOP *** [4s 2c 2d]
bell2013: checks
Agrotait: checks
*** TURN *** [4s 2c 2d] [8s]
bell2013: bets $6
Agrotait: folds
Uncalled bet ($6) returned to bell2013
bell2013 collected $17.64 from pot
*** SUMMARY ***
Total pot $18 | Rake $0.36
Board [4s 2c 2d 8s]
Seat 3: bell2013 (big blind) collected ($17.64)
Seat 4: Agrotait (button) (small blind) folded on the Turn


PokerStars Hand #169166709607:  Hold'em Limit ($3/$6 USD) - 2017/04/17 9:59:42 ET
Table 'Stereoskopia' 6-max Seat #3 is the button
Seat 3: bell2013 ($55.68 in chips)
Seat 4: Agrotait ($129.40 in chips)
bell2013: posts small blind $1
Agrotait: posts big blind $3
*** HOLE CARDS ***
bell2013: folds
Uncalled bet ($2) returned to Agrotait
Agrotait collected $2 from pot
Agrotait: doesn't show hand
*** SUMMARY ***
Total pot $2 | Rake $0
Seat 3: bell2013 (button) (small blind) folded before Flop
Seat 4: Agrotait (big blind) collected ($2)


PokerStars Hand #169166702705:  Hold'em Limit ($3/$6 USD) - 2017/04/17 9:59:29 ET
Table 'Stereoskopia' 6-max Seat #4 is the button
Seat 3: bell2013 ($54.68 in chips)
Seat 4: Agrotait ($130.40 in chips)
Agrotait: posts small blind $1
bell2013: posts big blind $3
*** HOLE CARDS ***
Agrotait: folds
Uncalled bet ($2) returned to bell2013
bell2013 collected $2 from pot
*** SUMMARY ***
Total pot $2 | Rake $0
Seat 3: bell2013 (big blind) collected ($2)
Seat 4: Agrotait (button) (small blind) folded before Flop


PokerStars Hand #169166763705:  Hold'em Limit ($3/$6 USD) - 2017/04/17 10:01:16 ET
Table 'Stereoskopia' 6-max Seat #3 is the button
Seat 3: bell2013 ($82.34 in chips)
Seat 4: Agrotait ($100.80 in chips)
bell2013: posts small blind $1
Agrotait: posts big blind $3
*** HOLE CARDS ***
bell2013: folds
Uncalled bet ($2) returned to Agrotait
Agrotait collected $2 from pot
Agrotait: doesn't show hand
*** SUMMARY ***
Total pot $2 | Rake $0
Seat 3: bell2013 (button) (small blind) folded before Flop
Seat 4: Agrotait (big blind) collected ($2)


PokerStars Hand #169166754053:  Hold'em Limit ($3/$6 USD) - 2017/04/17 10:01:00 ET
Table 'Stereoskopia' 6-max Seat #4 is the button
Seat 3: bell2013 ($91.34 in chips)
Seat 4: Agrotait ($92.16 in chips)
Agrotait: posts small blind $1
bell2013: posts big blind $3
*** HOLE CARDS ***
Agrotait: raises $3 to $6
bell2013: calls $3
*** FLOP *** [Ad As 4c]
bell2013: bets $3
Agrotait: raises $3 to $6
bell2013: folds
Uncalled bet ($3) returned to Agrotait
Agrotait collected $17.64 from pot
Agrotait: doesn't show hand
*** SUMMARY ***
Total pot $18 | Rake $0.36
Board [Ad As 4c]
Seat 3: bell2013 (big blind) folded on the Flop
Seat 4: Agrotait (button) (small blind) collected ($17.64)


PokerStars Hand #169166741491:  Hold'em Limit ($3/$6 USD) - 2017/04/17 10:00:39 ET
Table 'Stereoskopia' 6-max Seat #3 is the button
Seat 3: bell2013 ($64.84 in chips)
Seat 4: Agrotait ($119.16 in chips)
bell2013: posts small blind $1
Agrotait: posts big blind $3
*** HOLE CARDS ***
bell2013: raises $3 to $6
Agrotait: raises $3 to $9
bell2013: calls $3
*** FLOP *** [2h Tc 5h]
Agrotait: bets $3
bell2013: raises $3 to $6
Agrotait: calls $3
*** TURN *** [2h Tc 5h] [Jc]
Agrotait: checks
bell2013: bets $6
Agrotait: calls $6
*** RIVER *** [2h Tc 5h Jc] [Td]
Agrotait: checks
bell2013: bets $6
Agrotait: calls $6
*** SHOW DOWN ***
bell2013: shows [Qs 5s] (two pair, Tens and Fives)
Agrotait: mucks hand
bell2013 collected $53.50 from pot
*** SUMMARY ***
Total pot $54 | Rake $0.50
Board [2h Tc 5h Jc Td]
Seat 3: bell2013 (button) (small blind) showed [Qs 5s] and won ($53.50) with two pair, Tens and Fives
Seat 4: Agrotait (big blind) mucked


PokerStars Hand #169166738598:  Hold'em Limit ($3/$6 USD) - 2017/04/17 10:00:33 ET
Table 'Stereoskopia' 6-max Seat #4 is the button
Seat 3: bell2013 ($67.84 in chips)
Seat 4: Agrotait ($116.16 in chips)
Agrotait: posts small blind $1
bell2013: posts big blind $3
*** HOLE CARDS ***
Agrotait: raises $3 to $6
bell2013: folds
Uncalled bet ($3) returned to Agrotait
Agrotait collected $6 from pot
Agrotait: doesn't show hand
*** SUMMARY ***
Total pot $6 | Rake $0
Seat 3: bell2013 (big blind) folded before Flop
Seat 4: Agrotait (button) (small blind) collected ($6)


PokerStars Hand #169166796922:  Hold'em Limit ($3/$6 USD) - 2017/04/17 10:02:10 ET
Table 'Stereoskopia' 6-max Seat #4 is the button
Seat 3: bell2013 ($71.10 in chips)
Seat 4: Agrotait ($111.32 in chips)
Agrotait: posts small blind $1
bell2013: posts big blind $3
*** HOLE CARDS ***
Agrotait: raises $3 to $6
bell2013: raises $3 to $9
Agrotait: calls $3
*** FLOP *** [Tc 2h 9d]
bell2013: checks
Agrotait: checks
*** TURN *** [Tc 2h 9d] [Kh]
bell2013: bets $6
Agrotait: calls $6
*** RIVER *** [Tc 2h 9d Kh] [6c]
bell2013: bets $6
Agrotait: calls $6
*** SHOW DOWN ***
bell2013: shows [Ah 4h] (high card Ace)
Agrotait: shows [Ks 7d] (a pair of Kings)
artecris joins the table at seat #5
Agrotait collected $41.50 from pot
*** SUMMARY ***
Total pot $42 | Rake $0.50
Board [Tc 2h 9d Kh 6c]
Seat 3: bell2013 (big blind) showed [Ah 4h] and lost with high card Ace
Seat 4: Agrotait (button) (small blind) showed [Ks 7d] and won ($41.50) with a pair of Kings


PokerStars Hand #169166793917:  Hold'em Limit ($3/$6 USD) - 2017/04/17 10:02:05 ET
Table 'Stereoskopia' 6-max Seat #3 is the button
Seat 3: bell2013 ($72.10 in chips)
Seat 4: Agrotait ($110.32 in chips)
bell2013: posts small blind $1
Agrotait: posts big blind $3
*** HOLE CARDS ***
bell2013: folds
Uncalled bet ($2) returned to Agrotait
Agrotait collected $2 from pot
Agrotait: doesn't show hand
*** SUMMARY ***
Total pot $2 | Rake $0
Seat 3: bell2013 (button) (small blind) folded before Flop
Seat 4: Agrotait (big blind) collected ($2)


PokerStars Hand #169166789772:  Hold'em Limit ($3/$6 USD) - 2017/04/17 10:01:58 ET
Table 'Stereoskopia' 6-max Seat #4 is the button
Seat 3: bell2013 ($75.10 in chips)
Seat 4: Agrotait ($107.32 in chips)
Agrotait: posts small blind $1
bell2013: posts big blind $3
*** HOLE CARDS ***
Agrotait: raises $3 to $6
bell2013: folds
Uncalled bet ($3) returned to Agrotait
Agrotait collected $6 from pot
Agrotait: doesn't show hand
*** SUMMARY ***
Total pot $6 | Rake $0
Seat 3: bell2013 (big blind) folded before Flop
Seat 4: Agrotait (button) (small blind) collected ($6)


PokerStars Hand #169166779656:  Hold'em Limit ($3/$6 USD) - 2017/04/17 10:01:42 ET
Table 'Stereoskopia' 6-max Seat #3 is the button
Seat 3: bell2013 ($69.34 in chips)
Seat 4: Agrotait ($113.32 in chips)
bell2013: posts small blind $1
Agrotait: posts big blind $3
*** HOLE CARDS ***
bell2013: raises $3 to $6
Agrotait: calls $3
*** FLOP *** [8h Td Ac]
Agrotait: checks
bell2013: bets $3
Agrotait: folds
Uncalled bet ($3) returned to bell2013
bell2013 collected $11.76 from pot
*** SUMMARY ***
Total pot $12 | Rake $0.24
Board [8h Td Ac]
Seat 3: bell2013 (button) (small blind) collected ($11.76)
Seat 4: Agrotait (big blind) folded on the Flop


PokerStars Hand #169166766907:  Hold'em Limit ($3/$6 USD) - 2017/04/17 10:01:21 ET
Table 'Stereoskopia' 6-max Seat #4 is the button
Seat 3: bell2013 ($81.34 in chips)
Seat 4: Agrotait ($101.80 in chips)
Agrotait: posts small blind $1
bell2013: posts big blind $3
*** HOLE CARDS ***
Agrotait: raises $3 to $6
bell2013: raises $3 to $9
Agrotait: calls $3
*** FLOP *** [Ks 3d Th]
bell2013: bets $3
Agrotait: calls $3
*** TURN *** [Ks 3d Th] [Qh]
bell2013: checks
Agrotait: checks
*** RIVER *** [Ks 3d Th Qh] [Jd]
bell2013: checks
Agrotait: bets $6
bell2013: folds
Uncalled bet ($6) returned to Agrotait
Agrotait collected $23.52 from pot
Agrotait: doesn't show hand
*** SUMMARY ***
Total pot $24 | Rake $0.48
Board [Ks 3d Th Qh Jd]
Seat 3: bell2013 (big blind) folded on the River
Seat 4: Agrotait (button) (small blind) collected ($23.52)


PokerStars Hand #169166807802:  Hold'em Limit ($3/$6 USD) - 2017/04/17 10:02:27 ET
Table 'Stereoskopia' 6-max Seat #3 is the button
Seat 3: bell2013 ($50.10 in chips)
Seat 4: Agrotait ($131.82 in chips)
bell2013: posts small blind $1
Agrotait: posts big blind $3
*** HOLE CARDS ***
bell2013: raises $3 to $6
Agrotait: calls $3
*** FLOP *** [9d 8h Qd]
Agrotait: checks
bell2013: bets $3
Agrotait: folds
Uncalled bet ($3) returned to bell2013
bell2013 collected $11.76 from pot
*** SUMMARY ***
Total pot $12 | Rake $0.24
Board [9d 8h Qd]
Seat 3: bell2013 (button) (small blind) collected ($11.76)
Seat 4: Agrotait (big blind) folded on the Flop


