PokerStars Hand #160519680063:  Hold'em Limit ($3/$6 USD) - 2016/10/27 17:05:20 ET
Table 'Stereoskopia' 6-max Seat #1 is the button
Seat 1: Zubasa07 ($500 in chips)
Seat 3: liza3008 ($91.16 in chips)
AzureCaper joins the table at seat #4
Zubasa07: posts small blind $1
liza3008: posts big blind $3
*** HOLE CARDS ***
Zubasa07: raises $3 to $6
liza3008: calls $3
*** FLOP *** [6d 9s 5s]
liza3008: checks
Zubasa07: bets $3
liza3008: calls $3
*** TURN *** [6d 9s 5s] [Td]
liza3008: bets $6
Zubasa07: calls $6
*** RIVER *** [6d 9s 5s Td] [Kc]
liza3008: bets $6
Zubasa07: raises $6 to $12
liza3008: calls $6
*** SHOW DOWN ***
Zubasa07: shows [Jh Ks] (a pair of Kings)
liza3008: mucks hand
Zubasa07 collected $53.50 from pot
*** SUMMARY ***
Total pot $54 | Rake $0.50
Board [6d 9s 5s Td Kc]
Seat 1: Zubasa07 (button) (small blind) showed [Jh Ks] and won ($53.50) with a pair of Kings
Seat 3: liza3008 (big blind) mucked


PokerStars Hand #160520028997:  Hold'em Limit ($3/$6 USD) - 2016/10/27 17:11:38 ET
Table 'Stereoskopia' 6-max Seat #6 is the button
Seat 5: Chessnok ($131.25 in chips)
Seat 6: knas4 ($184.88 in chips)
knas4: posts small blind $1
Zubasa07: is sitting out
vestimokrec: is sitting out
AzureCaper: is sitting out
Chessnok: posts big blind $3
*** HOLE CARDS ***
AzureCaper leaves the table
Zubasa07 leaves the table
knas4: raises $3 to $6
Chessnok: calls $3
*** FLOP *** [8c 3c 2s]
Chessnok: checks
knas4: bets $3
vestimokrec leaves the table
Chessnok: folds
Uncalled bet ($3) returned to knas4
knas4 collected $11.76 from pot
knas4: doesn't show hand
*** SUMMARY ***
Total pot $12 | Rake $0.24
Board [8c 3c 2s]
Seat 5: Chessnok (big blind) folded on the Flop
Seat 6: knas4 (button) (small blind) collected ($11.76)


