PokerStars Hand #174447398678:  Hold'em Limit ($3/$6 USD) - 2017/08/17 11:27:00 ET
Table 'Stereoskopia' 6-max Seat #1 is the button
Seat 1: AzureCaper ($72 in chips)
Seat 2: ANIN1337 ($48 in chips)
AzureCaper: posts small blind $1
ANIN1337: posts big blind $3
*** HOLE CARDS ***
AzureCaper: raises $3 to $6
ANIN1337: calls $3
*** FLOP *** [2h 7h Ac]
ANIN1337: bets $3
AzureCaper: calls $3
*** TURN *** [2h 7h Ac] [Tc]
ANIN1337: bets $6
AzureCaper: calls $6
*** RIVER *** [2h 7h Ac Tc] [5s]
ANIN1337: bets $6
AzureCaper: calls $6
*** SHOW DOWN ***
ANIN1337: shows [8s 7c] (a pair of Sevens)
AzureCaper: shows [Ad 9h] (a pair of Aces)
AzureCaper collected $41.50 from pot
*** SUMMARY ***
Total pot $42 | Rake $0.50
Board [2h 7h Ac Tc 5s]
Seat 1: AzureCaper (button) (small blind) showed [Ad 9h] and won ($41.50) with a pair of Aces
Seat 2: ANIN1337 (big blind) showed [8s 7c] and lost with a pair of Sevens


PokerStars Hand #174447447128:  Hold'em Limit ($3/$6 USD) - 2017/08/17 11:28:26 ET
Table 'Stereoskopia' 6-max Seat #2 is the button
Seat 1: AzureCaper ($81 in chips)
Seat 2: ANIN1337 ($37.04 in chips)
ANIN1337: posts small blind $1
AzureCaper: posts big blind $3
*** HOLE CARDS ***
ANIN1337: raises $3 to $6
AzureCaper: folds
Uncalled bet ($3) returned to ANIN1337
ANIN1337 collected $6 from pot
ANIN1337: doesn't show hand
*** SUMMARY ***
Total pot $6 | Rake $0
Seat 1: AzureCaper (big blind) folded before Flop
Seat 2: ANIN1337 (button) (small blind) collected ($6)


PokerStars Hand #174447444768:  Hold'em Limit ($3/$6 USD) - 2017/08/17 11:28:22 ET
Table 'Stereoskopia' 6-max Seat #1 is the button
Seat 1: AzureCaper ($82 in chips)
Seat 2: ANIN1337 ($36.04 in chips)
AzureCaper: posts small blind $1
ANIN1337: posts big blind $3
*** HOLE CARDS ***
AzureCaper: folds
Uncalled bet ($2) returned to ANIN1337
ANIN1337 collected $2 from pot
ANIN1337: doesn't show hand
*** SUMMARY ***
Total pot $2 | Rake $0
Seat 1: AzureCaper (button) (small blind) folded before Flop
Seat 2: ANIN1337 (big blind) collected ($2)


PokerStars Hand #174447439543:  Hold'em Limit ($3/$6 USD) - 2017/08/17 11:28:12 ET
Table 'Stereoskopia' 6-max Seat #2 is the button
Seat 1: AzureCaper ($88 in chips)
Seat 2: ANIN1337 ($30.28 in chips)
ANIN1337: posts small blind $1
AzureCaper: posts big blind $3
*** HOLE CARDS ***
ANIN1337: raises $3 to $6
AzureCaper: calls $3
*** FLOP *** [9s Jc 7s]
AzureCaper: checks
ANIN1337: bets $3
AzureCaper: folds
Uncalled bet ($3) returned to ANIN1337
ANIN1337 collected $11.76 from pot
ANIN1337: doesn't show hand
*** SUMMARY ***
Total pot $12 | Rake $0.24
Board [9s Jc 7s]
Seat 1: AzureCaper (big blind) folded on the Flop
Seat 2: ANIN1337 (button) (small blind) collected ($11.76)


PokerStars Hand #174447437053:  Hold'em Limit ($3/$6 USD) - 2017/08/17 11:28:08 ET
Table 'Stereoskopia' 6-max Seat #1 is the button
Seat 1: AzureCaper ($89 in chips)
Seat 2: ANIN1337 ($29.28 in chips)
AzureCaper: posts small blind $1
ANIN1337: posts big blind $3
*** HOLE CARDS ***
AzureCaper: folds
Uncalled bet ($2) returned to ANIN1337
ANIN1337 collected $2 from pot
ANIN1337: doesn't show hand
*** SUMMARY ***
Total pot $2 | Rake $0
Seat 1: AzureCaper (button) (small blind) folded before Flop
Seat 2: ANIN1337 (big blind) collected ($2)


PokerStars Hand #174447428233:  Hold'em Limit ($3/$6 USD) - 2017/08/17 11:27:52 ET
Table 'Stereoskopia' 6-max Seat #2 is the button
Seat 1: AzureCaper ($74.50 in chips)
Seat 2: ANIN1337 ($44.28 in chips)
ANIN1337: posts small blind $1
AzureCaper: posts big blind $3
*** HOLE CARDS ***
ANIN1337: raises $3 to $6
AzureCaper: calls $3
*** FLOP *** [Qs 3d 5c]
AzureCaper: checks
ANIN1337: bets $3
AzureCaper: calls $3
*** TURN *** [Qs 3d 5c] [2c]
AzureCaper: checks
ANIN1337: bets $6
AzureCaper: calls $6
*** RIVER *** [Qs 3d 5c 2c] [Kd]
AzureCaper: checks
ANIN1337: checks
*** SHOW DOWN ***
AzureCaper: shows [6s Ks] (a pair of Kings)
ANIN1337: mucks hand
AzureCaper collected $29.50 from pot
*** SUMMARY ***
Total pot $30 | Rake $0.50
Board [Qs 3d 5c 2c Kd]
Seat 1: AzureCaper (big blind) showed [6s Ks] and won ($29.50) with a pair of Kings
Seat 2: ANIN1337 (button) (small blind) mucked


PokerStars Hand #174447421892:  Hold'em Limit ($3/$6 USD) - 2017/08/17 11:27:41 ET
Table 'Stereoskopia' 6-max Seat #1 is the button
Seat 1: AzureCaper ($83.50 in chips)
Seat 2: ANIN1337 ($35.64 in chips)
AzureCaper: posts small blind $1
ANIN1337: posts big blind $3
*** HOLE CARDS ***
AzureCaper: raises $3 to $6
ANIN1337: calls $3
*** FLOP *** [Ks Qd 7c]
ANIN1337: checks
AzureCaper: bets $3
ANIN1337: raises $3 to $6
AzureCaper: folds
Uncalled bet ($3) returned to ANIN1337
ANIN1337 collected $17.64 from pot
ANIN1337: doesn't show hand
*** SUMMARY ***
Total pot $18 | Rake $0.36
Board [Ks Qd 7c]
Seat 1: AzureCaper (button) (small blind) folded on the Flop
Seat 2: ANIN1337 (big blind) collected ($17.64)


PokerStars Hand #174447409704:  Hold'em Limit ($3/$6 USD) - 2017/08/17 11:27:19 ET
Table 'Stereoskopia' 6-max Seat #2 is the button
Seat 1: AzureCaper ($92.50 in chips)
Seat 2: ANIN1337 ($27 in chips)
ANIN1337: posts small blind $1
AzureCaper: posts big blind $3
*** HOLE CARDS ***
ANIN1337: raises $3 to $6
AzureCaper: calls $3
*** FLOP *** [2h 8c 6d]
AzureCaper: checks
ANIN1337: bets $3
AzureCaper: calls $3
*** TURN *** [2h 8c 6d] [7s]
AzureCaper: checks
ANIN1337: checks
*** RIVER *** [2h 8c 6d 7s] [6h]
AzureCaper: checks
ANIN1337: checks
*** SHOW DOWN ***
AzureCaper: shows [Jh 9s] (a pair of Sixes)
ANIN1337: shows [Js Ah] (a pair of Sixes - Ace kicker)
ANIN1337 collected $17.64 from pot
*** SUMMARY ***
Total pot $18 | Rake $0.36
Board [2h 8c 6d 7s 6h]
Seat 1: AzureCaper (big blind) showed [Jh 9s] and lost with a pair of Sixes
Seat 2: ANIN1337 (button) (small blind) showed [Js Ah] and won ($17.64) with a pair of Sixes


PokerStars Hand #174447455641:  Hold'em Limit ($3/$6 USD) - 2017/08/17 11:28:41 ET
Table 'Stereoskopia' 6-max Seat #2 is the button
Seat 1: AzureCaper ($83.76 in chips)
Seat 2: ANIN1337 ($34.04 in chips)
ANIN1337: posts small blind $1
AzureCaper: posts big blind $3
*** HOLE CARDS ***
ANIN1337: raises $3 to $6
AzureCaper: calls $3
*** FLOP *** [7c 2s Ad]
AzureCaper: checks
ANIN1337: bets $3
AzureCaper: calls $3
*** TURN *** [7c 2s Ad] [6c]
AzureCaper: checks
ANIN1337: bets $6
AzureCaper: raises $6 to $12
ANIN1337: raises $6 to $18
AzureCaper: raises $6 to $24
Betting is capped
ANIN1337: calls $6
*** RIVER *** [7c 2s Ad 6c] [Ts]
AzureCaper: bets $6
ANIN1337: calls $1.04 and is all-in
Uncalled bet ($4.96) returned to AzureCaper
*** SHOW DOWN ***
AzureCaper: shows [As Kd] (a pair of Aces)
ANIN1337: shows [Ah Qd] (a pair of Aces - lower kicker)
AzureCaper collected $67.58 from pot
*** SUMMARY ***
Total pot $68.08 | Rake $0.50
Board [7c 2s Ad 6c Ts]
Seat 1: AzureCaper (big blind) showed [As Kd] and won ($67.58) with a pair of Aces
Seat 2: ANIN1337 (button) (small blind) showed [Ah Qd] and lost with a pair of Aces


PokerStars Hand #174447450210:  Hold'em Limit ($3/$6 USD) - 2017/08/17 11:28:31 ET
Table 'Stereoskopia' 6-max Seat #1 is the button
Seat 1: AzureCaper ($78 in chips)
Seat 2: ANIN1337 ($40.04 in chips)
AzureCaper: posts small blind $1
ANIN1337: posts big blind $3
*** HOLE CARDS ***
AzureCaper: raises $3 to $6
ANIN1337: calls $3
*** FLOP *** [Qs Kh Qd]
ANIN1337: checks
AzureCaper: bets $3
ANIN1337: folds
Uncalled bet ($3) returned to AzureCaper
AzureCaper collected $11.76 from pot
AzureCaper: doesn't show hand
*** SUMMARY ***
Total pot $12 | Rake $0.24
Board [Qs Kh Qd]
Seat 1: AzureCaper (button) (small blind) collected ($11.76)
Seat 2: ANIN1337 (big blind) folded on the Flop


PokerStars Hand #174447540963:  Hold'em Limit ($3/$6 USD) - 2017/08/17 11:31:12 ET
Table 'Stereoskopia' 6-max Seat #1 is the button
Seat 1: AzureCaper ($117.30 in chips)
Seat 2: ANIN1337 ($48 in chips)
AzureCaper: posts small blind $1
ANIN1337: posts big blind $3
*** HOLE CARDS ***
AzureCaper: raises $3 to $6
ANIN1337: raises $3 to $9
AzureCaper: calls $3
*** FLOP *** [4h 6h Qc]
ANIN1337: bets $3
AzureCaper: calls $3
*** TURN *** [4h 6h Qc] [Qh]
ANIN1337: bets $6
AzureCaper: calls $6
*** RIVER *** [4h 6h Qc Qh] [Kd]
ANIN1337: bets $6
AzureCaper: calls $6
*** SHOW DOWN ***
ANIN1337: shows [3d 3s] (two pair, Queens and Threes)
AzureCaper: shows [Tc 4c] (two pair, Queens and Fours)
AzureCaper collected $47.50 from pot
*** SUMMARY ***
Total pot $48 | Rake $0.50
Board [4h 6h Qc Qh Kd]
Seat 1: AzureCaper (button) (small blind) showed [Tc 4c] and won ($47.50) with two pair, Queens and Fours
Seat 2: ANIN1337 (big blind) showed [3d 3s] and lost with two pair, Queens and Threes


PokerStars Hand #174447555349:  Hold'em Limit ($3/$6 USD) - 2017/08/17 11:31:37 ET
Table 'Stereoskopia' 6-max Seat #1 is the button
Seat 1: AzureCaper ($137.80 in chips)
Seat 2: ANIN1337 ($27 in chips)
AzureCaper: posts small blind $1
ANIN1337: posts big blind $3
*** HOLE CARDS ***
AzureCaper: folds
Uncalled bet ($2) returned to ANIN1337
ANIN1337 collected $2 from pot
ANIN1337: doesn't show hand
*** SUMMARY ***
Total pot $2 | Rake $0
Seat 1: AzureCaper (button) (small blind) folded before Flop
Seat 2: ANIN1337 (big blind) collected ($2)


PokerStars Hand #174447552978:  Hold'em Limit ($3/$6 USD) - 2017/08/17 11:31:33 ET
Table 'Stereoskopia' 6-max Seat #2 is the button
Seat 1: AzureCaper ($140.80 in chips)
Seat 2: ANIN1337 ($24 in chips)
ANIN1337: posts small blind $1
AzureCaper: posts big blind $3
*** HOLE CARDS ***
ANIN1337: raises $3 to $6
AzureCaper: folds
Uncalled bet ($3) returned to ANIN1337
ANIN1337 collected $6 from pot
ANIN1337: doesn't show hand
*** SUMMARY ***
Total pot $6 | Rake $0
Seat 1: AzureCaper (big blind) folded before Flop
Seat 2: ANIN1337 (button) (small blind) collected ($6)


PokerStars Hand #174447732250:  Hold'em Limit ($3/$6 USD) - 2017/08/17 11:36:48 ET
Table 'Stereoskopia' 6-max Seat #1 is the button
Seat 1: AzureCaper ($122.80 in chips)
Seat 6: F1l1p3 ($75.01 in chips)
AzureCaper: posts small blind $1
B_loJkl: is sitting out
F1l1p3: posts big blind $3
*** HOLE CARDS ***
AzureCaper: raises $3 to $6
F1l1p3: raises $3 to $9
AzureCaper: calls $3
*** FLOP *** [8d 5h 3s]
F1l1p3: bets $3
AzureCaper: calls $3
*** TURN *** [8d 5h 3s] [Js]
F1l1p3: bets $6
AzureCaper: folds
Uncalled bet ($6) returned to F1l1p3
F1l1p3 collected $23.52 from pot
*** SUMMARY ***
Total pot $24 | Rake $0.48
Board [8d 5h 3s Js]
Seat 1: AzureCaper (button) (small blind) folded on the Turn
Seat 6: F1l1p3 (big blind) collected ($23.52)


