PokerStars Hand #159809363450:  Hold'em Limit ($3/$6 USD) - 2016/10/11 20:17:37 ET
Table 'Stereoskopia' 6-max Seat #5 is the button
Seat 1: RaisemyNut$ ($106.38 in chips)
Seat 5: camshaft321 ($73.70 in chips)
camshaft321: posts small blind $1
RaisemyNut$: posts big blind $3
*** HOLE CARDS ***
camshaft321: raises $3 to $6
RaisemyNut$: calls $3
*** FLOP *** [Tc 7h 5d]
RaisemyNut$: checks
camshaft321: bets $3
RaisemyNut$: folds
Uncalled bet ($3) returned to camshaft321
camshaft321 collected $11.76 from pot
camshaft321: doesn't show hand
*** SUMMARY ***
Total pot $12 | Rake $0.24
Board [Tc 7h 5d]
Seat 1: RaisemyNut$ (big blind) folded on the Flop
Seat 5: camshaft321 (button) (small blind) collected ($11.76)


PokerStars Hand #159809376405:  Hold'em Limit ($3/$6 USD) - 2016/10/11 20:18:04 ET
Table 'Stereoskopia' 6-max Seat #1 is the button
Seat 1: RaisemyNut$ ($100.38 in chips)
Seat 5: camshaft321 ($79.46 in chips)
RaisemyNut$: posts small blind $1
camshaft321: posts big blind $3
*** HOLE CARDS ***
RaisemyNut$: raises $3 to $6
camshaft321: calls $3
*** FLOP *** [Qd 8c 9s]
camshaft321: checks
ToDaFelt joins the table at seat #6
RaisemyNut$: bets $3
camshaft321: calls $3
*** TURN *** [Qd 8c 9s] [5h]
camshaft321: checks
RaisemyNut$: bets $6
camshaft321: calls $6
*** RIVER *** [Qd 8c 9s 5h] [5c]
camshaft321: checks
RaisemyNut$: bets $6
camshaft321: calls $6
*** SHOW DOWN ***
RaisemyNut$: shows [7s 8h] (two pair, Eights and Fives)
camshaft321: shows [9h Kc] (two pair, Nines and Fives)
camshaft321 collected $41.50 from pot
*** SUMMARY ***
Total pot $42 | Rake $0.50
Board [Qd 8c 9s 5h 5c]
Seat 1: RaisemyNut$ (button) (small blind) showed [7s 8h] and lost with two pair, Eights and Fives
Seat 5: camshaft321 (big blind) showed [9h Kc] and won ($41.50) with two pair, Nines and Fives


PokerStars Hand #159811167113:  Hold'em Limit ($3/$6 USD) - 2016/10/11 21:28:19 ET
Table 'Stereoskopia' 6-max Seat #1 is the button
Seat 1: RaisemyNut$ ($192.92 in chips)
Seat 6: ToDaFelt ($255.39 in chips)
RaisemyNut$: posts small blind $1
LolDnkaments: is sitting out
ToDaFelt: posts big blind $3
*** HOLE CARDS ***
RaisemyNut$: raises $3 to $6
ToDaFelt: folds
Uncalled bet ($3) returned to RaisemyNut$
LolDnkaments leaves the table
RaisemyNut$ collected $6 from pot
RaisemyNut$: doesn't show hand
*** SUMMARY ***
Total pot $6 | Rake $0
Seat 1: RaisemyNut$ (button) (small blind) collected ($6)
Seat 6: ToDaFelt (big blind) folded before Flop


PokerStars Hand #159811170092:  Hold'em Limit ($3/$6 USD) - 2016/10/11 21:28:26 ET
Table 'Stereoskopia' 6-max Seat #6 is the button
Seat 1: RaisemyNut$ ($195.92 in chips)
Seat 6: ToDaFelt ($252.39 in chips)
ToDaFelt: posts small blind $1
RaisemyNut$: posts big blind $3
*** HOLE CARDS ***
ToDaFelt: raises $3 to $6
RaisemyNut$: calls $3
*** FLOP *** [2d 2c 8s]
RaisemyNut$: checks
ToDaFelt: checks
*** TURN *** [2d 2c 8s] [Tc]
RaisemyNut$: checks
ToDaFelt: bets $6
RaisemyNut$: folds
Uncalled bet ($6) returned to ToDaFelt
ToDaFelt collected $11.76 from pot
ToDaFelt: doesn't show hand
*** SUMMARY ***
Total pot $12 | Rake $0.24
Board [2d 2c 8s Tc]
Seat 1: RaisemyNut$ (big blind) folded on the Turn
Seat 6: ToDaFelt (button) (small blind) collected ($11.76)


