PokerStars Hand #155583759706:  Hold'em Limit ($3/$6 USD) - 2016/07/05 5:10:31 ET
Table 'Stereoskopia' 6-max Seat #1 is the button
Seat 1: TbIP-TbIP 88 ($72 in chips)
Seat 6: *x¡n0*x¡n0* ($121 in chips)
TbIP-TbIP 88: posts small blind $1
*x¡n0*x¡n0*: posts big blind $3
*** HOLE CARDS ***
TbIP-TbIP 88: raises $3 to $6
*x¡n0*x¡n0*: calls $3
*** FLOP *** [Td Th 2d]
*x¡n0*x¡n0*: checks
TbIP-TbIP 88: bets $3
*x¡n0*x¡n0*: calls $3
*** TURN *** [Td Th 2d] [Qc]
*x¡n0*x¡n0*: checks
TbIP-TbIP 88: bets $6
*x¡n0*x¡n0*: calls $6
*** RIVER *** [Td Th 2d Qc] [Qs]
*x¡n0*x¡n0*: checks
TbIP-TbIP 88: bets $6
*x¡n0*x¡n0*: folds
Uncalled bet ($6) returned to TbIP-TbIP 88
TbIP-TbIP 88 collected $29.50 from pot
TbIP-TbIP 88: doesn't show hand
*** SUMMARY ***
Total pot $30 | Rake $0.50
Board [Td Th 2d Qc Qs]
Seat 1: TbIP-TbIP 88 (button) (small blind) collected ($29.50)
Seat 6: *x¡n0*x¡n0* (big blind) folded on the River


PokerStars Hand #155583779014:  Hold'em Limit ($3/$6 USD) - 2016/07/05 5:11:28 ET
Table 'Stereoskopia' 6-max Seat #6 is the button
Seat 1: TbIP-TbIP 88 ($86.50 in chips)
Seat 6: *x¡n0*x¡n0* ($106 in chips)
*x¡n0*x¡n0*: posts small blind $1
TbIP-TbIP 88: posts big blind $3
*** HOLE CARDS ***
*x¡n0*x¡n0*: raises $3 to $6
TbIP-TbIP 88: calls $3
*** FLOP *** [8s 6d Ac]
TbIP-TbIP 88: checks
*x¡n0*x¡n0*: bets $3
TbIP-TbIP 88: raises $3 to $6
*x¡n0*x¡n0*: calls $3
*** TURN *** [8s 6d Ac] [9h]
TbIP-TbIP 88: bets $6
*x¡n0*x¡n0*: calls $6
*** RIVER *** [8s 6d Ac 9h] [8c]
TbIP-TbIP 88: bets $6
*x¡n0*x¡n0*: calls $6
*** SHOW DOWN ***
TbIP-TbIP 88: shows [8d Ah] (a full house, Eights full of Aces)
*x¡n0*x¡n0*: mucks hand
TbIP-TbIP 88 collected $47.50 from pot
*** SUMMARY ***
Total pot $48 | Rake $0.50
Board [8s 6d Ac 9h 8c]
Seat 1: TbIP-TbIP 88 (big blind) showed [8d Ah] and won ($47.50) with a full house, Eights full of Aces
Seat 6: *x¡n0*x¡n0* (button) (small blind) mucked


PokerStars Hand #155583790091:  Hold'em Limit ($3/$6 USD) - 2016/07/05 5:12:01 ET
Table 'Stereoskopia' 6-max Seat #1 is the button
Seat 1: TbIP-TbIP 88 ($110 in chips)
Seat 6: *x¡n0*x¡n0* ($82 in chips)
TbIP-TbIP 88: posts small blind $1
*x¡n0*x¡n0*: posts big blind $3
*** HOLE CARDS ***
TbIP-TbIP 88: raises $3 to $6
*x¡n0*x¡n0*: calls $3
*** FLOP *** [9s Kc Qs]
*x¡n0*x¡n0*: checks
TbIP-TbIP 88: bets $3
*x¡n0*x¡n0*: calls $3
*** TURN *** [9s Kc Qs] [Ks]
*x¡n0*x¡n0*: checks
TbIP-TbIP 88: bets $6
*x¡n0*x¡n0*: calls $6
*** RIVER *** [9s Kc Qs Ks] [4s]
*x¡n0*x¡n0*: checks
TbIP-TbIP 88: checks
*** SHOW DOWN ***
*x¡n0*x¡n0*: shows [9h As] (a flush, Ace high)
TbIP-TbIP 88: mucks hand
*x¡n0*x¡n0* collected $29.50 from pot
*** SUMMARY ***
Total pot $30 | Rake $0.50
Board [9s Kc Qs Ks 4s]
Seat 1: TbIP-TbIP 88 (button) (small blind) mucked
Seat 6: *x¡n0*x¡n0* (big blind) showed [9h As] and won ($29.50) with a flush, Ace high


PokerStars Hand #155583808244:  Hold'em Limit ($3/$6 USD) - 2016/07/05 5:12:55 ET
Table 'Stereoskopia' 6-max Seat #1 is the button
Seat 1: TbIP-TbIP 88 ($86 in chips)
Seat 6: *x¡n0*x¡n0* ($105.14 in chips)
TbIP-TbIP 88: posts small blind $1
*x¡n0*x¡n0*: posts big blind $3
*** HOLE CARDS ***
TbIP-TbIP 88: folds
Uncalled bet ($2) returned to *x¡n0*x¡n0*
*x¡n0*x¡n0* collected $2 from pot
*** SUMMARY ***
Total pot $2 | Rake $0
Seat 1: TbIP-TbIP 88 (button) (small blind) folded before Flop
Seat 6: *x¡n0*x¡n0* (big blind) collected ($2)


PokerStars Hand #155583799255:  Hold'em Limit ($3/$6 USD) - 2016/07/05 5:12:28 ET
Table 'Stereoskopia' 6-max Seat #6 is the button
Seat 1: TbIP-TbIP 88 ($95 in chips)
Seat 6: *x¡n0*x¡n0* ($96.50 in chips)
*x¡n0*x¡n0*: posts small blind $1
TbIP-TbIP 88: posts big blind $3
*** HOLE CARDS ***
*x¡n0*x¡n0*: calls $2
TbIP-TbIP 88: raises $3 to $6
*x¡n0*x¡n0*: calls $3
*** FLOP *** [3s Ah 5d]
TbIP-TbIP 88: bets $3
*x¡n0*x¡n0*: calls $3
*** TURN *** [3s Ah 5d] [7c]
TbIP-TbIP 88: checks
*x¡n0*x¡n0*: bets $6
TbIP-TbIP 88: folds
Uncalled bet ($6) returned to *x¡n0*x¡n0*
*x¡n0*x¡n0* collected $17.64 from pot
*** SUMMARY ***
Total pot $18 | Rake $0.36
Board [3s Ah 5d 7c]
Seat 1: TbIP-TbIP 88 (big blind) folded on the Turn
Seat 6: *x¡n0*x¡n0* (button) (small blind) collected ($17.64)


PokerStars Hand #155583828726:  Hold'em Limit ($3/$6 USD) - 2016/07/05 5:13:55 ET
Table 'Stereoskopia' 6-max Seat #1 is the button
Seat 1: TbIP-TbIP 88 ($76 in chips)
Seat 6: *x¡n0*x¡n0* ($114.78 in chips)
TbIP-TbIP 88: posts small blind $1
*x¡n0*x¡n0*: posts big blind $3
*** HOLE CARDS ***
TbIP-TbIP 88: raises $3 to $6
*x¡n0*x¡n0*: calls $3
*** FLOP *** [9s 3c As]
*x¡n0*x¡n0*: checks
TbIP-TbIP 88: bets $3
*x¡n0*x¡n0*: folds
Uncalled bet ($3) returned to TbIP-TbIP 88
TbIP-TbIP 88 collected $11.76 from pot
TbIP-TbIP 88: doesn't show hand
*** SUMMARY ***
Total pot $12 | Rake $0.24
Board [9s 3c As]
Seat 1: TbIP-TbIP 88 (button) (small blind) collected ($11.76)
Seat 6: *x¡n0*x¡n0* (big blind) folded on the Flop


PokerStars Hand #155583810159:  Hold'em Limit ($3/$6 USD) - 2016/07/05 5:13:00 ET
Table 'Stereoskopia' 6-max Seat #6 is the button
Seat 1: TbIP-TbIP 88 ($85 in chips)
Seat 6: *x¡n0*x¡n0* ($106.14 in chips)
*x¡n0*x¡n0*: posts small blind $1
TbIP-TbIP 88: posts big blind $3
*** HOLE CARDS ***
*x¡n0*x¡n0*: raises $3 to $6
TbIP-TbIP 88: calls $3
*** FLOP *** [Jd Ad 5d]
TbIP-TbIP 88: bets $3
*x¡n0*x¡n0*: calls $3
*** TURN *** [Jd Ad 5d] [7s]
TbIP-TbIP 88: checks
*x¡n0*x¡n0*: bets $6
TbIP-TbIP 88: folds
Uncalled bet ($6) returned to *x¡n0*x¡n0*
*x¡n0*x¡n0* collected $17.64 from pot
*** SUMMARY ***
Total pot $18 | Rake $0.36
Board [Jd Ad 5d 7s]
Seat 1: TbIP-TbIP 88 (big blind) folded on the Turn
Seat 6: *x¡n0*x¡n0* (button) (small blind) collected ($17.64)


PokerStars Hand #155583844701:  Hold'em Limit ($3/$6 USD) - 2016/07/05 5:14:42 ET
Table 'Stereoskopia' 6-max Seat #1 is the button
Seat 1: TbIP-TbIP 88 ($78.76 in chips)
Seat 6: *x¡n0*x¡n0* ($111.78 in chips)
TbIP-TbIP 88: posts small blind $1
*x¡n0*x¡n0*: posts big blind $3
*** HOLE CARDS ***
TbIP-TbIP 88: folds
Uncalled bet ($2) returned to *x¡n0*x¡n0*
*x¡n0*x¡n0* collected $2 from pot
*** SUMMARY ***
Total pot $2 | Rake $0
Seat 1: TbIP-TbIP 88 (button) (small blind) folded before Flop
Seat 6: *x¡n0*x¡n0* (big blind) collected ($2)


PokerStars Hand #155583840992:  Hold'em Limit ($3/$6 USD) - 2016/07/05 5:14:32 ET
Table 'Stereoskopia' 6-max Seat #6 is the button
Seat 1: TbIP-TbIP 88 ($81.76 in chips)
Seat 6: *x¡n0*x¡n0* ($108.78 in chips)
*x¡n0*x¡n0*: posts small blind $1
TbIP-TbIP 88: posts big blind $3
*** HOLE CARDS ***
*x¡n0*x¡n0*: raises $3 to $6
TbIP-TbIP 88: folds
Uncalled bet ($3) returned to *x¡n0*x¡n0*
*x¡n0*x¡n0* collected $6 from pot
*** SUMMARY ***
Total pot $6 | Rake $0
Seat 1: TbIP-TbIP 88 (big blind) folded before Flop
Seat 6: *x¡n0*x¡n0* (button) (small blind) collected ($6)


PokerStars Hand #155583846730:  Hold'em Limit ($3/$6 USD) - 2016/07/05 5:14:49 ET
Table 'Stereoskopia' 6-max Seat #6 is the button
Seat 1: TbIP-TbIP 88 ($77.76 in chips)
Seat 6: *x¡n0*x¡n0* ($112.78 in chips)
*x¡n0*x¡n0*: posts small blind $1
TbIP-TbIP 88: posts big blind $3
*** HOLE CARDS ***
*x¡n0*x¡n0*: raises $3 to $6
TbIP-TbIP 88: raises $3 to $9
*x¡n0*x¡n0*: calls $3
*** FLOP *** [5h 4c 9s]
TbIP-TbIP 88: bets $3
*x¡n0*x¡n0*: calls $3
*** TURN *** [5h 4c 9s] [Ts]
TbIP-TbIP 88: checks
*x¡n0*x¡n0*: bets $6
TbIP-TbIP 88: calls $6
*** RIVER *** [5h 4c 9s Ts] [4s]
TbIP-TbIP 88: checks
*x¡n0*x¡n0*: bets $6
ironmike385 joins the table at seat #3
TbIP-TbIP 88: folds
Uncalled bet ($6) returned to *x¡n0*x¡n0*
*x¡n0*x¡n0* collected $35.50 from pot
*** SUMMARY ***
Total pot $36 | Rake $0.50
Board [5h 4c 9s Ts 4s]
Seat 1: TbIP-TbIP 88 (big blind) folded on the River
Seat 6: *x¡n0*x¡n0* (button) (small blind) collected ($35.50)


PokerStars Hand #155585230756:  Hold'em Limit ($3/$6 USD) - 2016/07/05 6:20:21 ET
Table 'Stereoskopia' 6-max Seat #3 is the button
Seat 3: Murrrr_@T ($124.13 in chips)
Seat 5: Jigorek1989 ($173.53 in chips)
Murrrr_@T: posts small blind $1
vitamin168 was removed from the table for failing to post
Jigorek1989: posts big blind $3
*** HOLE CARDS ***
Murrrr_@T: raises $3 to $6
Jigorek1989: calls $3
*** FLOP *** [4s Qc 6d]
Jigorek1989: checks
Murrrr_@T: bets $3
Jigorek1989: folds
Uncalled bet ($3) returned to Murrrr_@T
Murrrr_@T collected $11.76 from pot
Murrrr_@T: doesn't show hand
*** SUMMARY ***
Total pot $12 | Rake $0.24
Board [4s Qc 6d]
Seat 3: Murrrr_@T (button) (small blind) collected ($11.76)
Seat 5: Jigorek1989 (big blind) folded on the Flop


PokerStars Hand #155585223400:  Hold'em Limit ($3/$6 USD) - 2016/07/05 6:20:01 ET
Table 'Stereoskopia' 6-max Seat #5 is the button
Seat 3: Murrrr_@T ($112.61 in chips)
Seat 5: Jigorek1989 ($185.53 in chips)
Jigorek1989: posts small blind $1
Murrrr_@T: posts big blind $3
*** HOLE CARDS ***
Jigorek1989: raises $3 to $6
Murrrr_@T: calls $3
*** FLOP *** [4h 5d 3d]
Murrrr_@T: checks
Jigorek1989: checks
*** TURN *** [4h 5d 3d] [6c]
abatic joins the table at seat #1
Murrrr_@T: checks
Jigorek1989: checks
*** RIVER *** [4h 5d 3d 6c] [Td]
Murrrr_@T: bets $6
Jigorek1989: calls $6
*** SHOW DOWN ***
Murrrr_@T: shows [5s 4s] (two pair, Fives and Fours)
Jigorek1989: mucks hand
Murrrr_@T collected $23.52 from pot
*** SUMMARY ***
Total pot $24 | Rake $0.48
Board [4h 5d 3d 6c Td]
Seat 3: Murrrr_@T (big blind) showed [5s 4s] and won ($23.52) with two pair, Fives and Fours
Seat 5: Jigorek1989 (button) (small blind) mucked


PokerStars Hand #155585261593:  Hold'em Limit ($3/$6 USD) - 2016/07/05 6:21:43 ET
Table 'Stereoskopia' 6-max Seat #5 is the button
Seat 3: Murrrr_@T ($114.89 in chips)
Seat 5: Jigorek1989 ($154.53 in chips)
Jigorek1989: posts small blind $1
Murrrr_@T: posts big blind $3
*** HOLE CARDS ***
Jigorek1989: raises $3 to $6
Murrrr_@T: raises $3 to $9
Jigorek1989: calls $3
*** FLOP *** [Jd 6s 8h]
Murrrr_@T: bets $3
Jigorek1989: calls $3
*** TURN *** [Jd 6s 8h] [4d]
Murrrr_@T: bets $6
Jigorek1989: calls $6
*** RIVER *** [Jd 6s 8h 4d] [5h]
Murrrr_@T: checks
Jigorek1989: checks
*** SHOW DOWN ***
Murrrr_@T: shows [8c Tc] (a pair of Eights)
Jigorek1989: mucks hand
Murrrr_@T collected $35.50 from pot
*** SUMMARY ***
Total pot $36 | Rake $0.50
Board [Jd 6s 8h 4d 5h]
Seat 3: Murrrr_@T (big blind) showed [8c Tc] and won ($35.50) with a pair of Eights
Seat 5: Jigorek1989 (button) (small blind) mucked


PokerStars Hand #155585270986:  Hold'em Limit ($3/$6 USD) - 2016/07/05 6:22:08 ET
Table 'Stereoskopia' 6-max Seat #3 is the button
Seat 3: Murrrr_@T ($132.39 in chips)
Seat 5: Jigorek1989 ($136.53 in chips)
Murrrr_@T: posts small blind $1
Jigorek1989: posts big blind $3
*** HOLE CARDS ***
Murrrr_@T: raises $3 to $6
Jigorek1989: folds
Uncalled bet ($3) returned to Murrrr_@T
Murrrr_@T collected $6 from pot
Murrrr_@T: doesn't show hand
*** SUMMARY ***
Total pot $6 | Rake $0
Seat 3: Murrrr_@T (button) (small blind) collected ($6)
Seat 5: Jigorek1989 (big blind) folded before Flop


