PokerStars Hand #167791285745:  Hold'em Limit ($3/$6 USD) - 2017/03/19 3:44:58 ET
Table 'Stereoskopia' 6-max Seat #6 is the button
Seat 4: Jackal111978 ($15.35 in chips)
Seat 6: Agrotait ($167.77 in chips)
Agrotait: posts small blind $1
Jackal111978: posts big blind $3
*** HOLE CARDS ***
Agrotait: folds
Uncalled bet ($2) returned to Jackal111978
Jackal111978 collected $2 from pot
Jackal111978: doesn't show hand
*** SUMMARY ***
Total pot $2 | Rake $0
Seat 4: Jackal111978 (big blind) collected ($2)
Seat 6: Agrotait (button) (small blind) folded before Flop


PokerStars Hand #167791284116:  Hold'em Limit ($3/$6 USD) - 2017/03/19 3:44:53 ET
Table 'Stereoskopia' 6-max Seat #4 is the button
Seat 4: Jackal111978 ($16.35 in chips)
Seat 6: Agrotait ($166.77 in chips)
Jackal111978: posts small blind $1
Agrotait: posts big blind $3
*** HOLE CARDS ***
Jackal111978: folds
Uncalled bet ($2) returned to Agrotait
Agrotait collected $2 from pot
Agrotait: doesn't show hand
*** SUMMARY ***
Total pot $2 | Rake $0
Seat 4: Jackal111978 (button) (small blind) folded before Flop
Seat 6: Agrotait (big blind) collected ($2)


PokerStars Hand #167791279778:  Hold'em Limit ($3/$6 USD) - 2017/03/19 3:44:39 ET
Table 'Stereoskopia' 6-max Seat #6 is the button
Seat 4: Jackal111978 ($22.35 in chips)
Seat 6: Agrotait ($161.01 in chips)
Agrotait: posts small blind $1
Mordnilap: is sitting out
Jackal111978: posts big blind $3
*** HOLE CARDS ***
Agrotait: raises $3 to $6
Mordnilap leaves the table
Jackal111978: calls $3
*** FLOP *** [3s 8d Kh]
Jackal111978: checks
Agrotait: bets $3
Jackal111978: folds
Uncalled bet ($3) returned to Agrotait
Agrotait collected $11.76 from pot
Agrotait: doesn't show hand
*** SUMMARY ***
Total pot $12 | Rake $0.24
Board [3s 8d Kh]
Seat 4: Jackal111978 (big blind) folded on the Flop
Seat 6: Agrotait (button) (small blind) collected ($11.76)


PokerStars Hand #167791290660:  Hold'em Limit ($3/$6 USD) - 2017/03/19 3:45:15 ET
Table 'Stereoskopia' 6-max Seat #4 is the button
Seat 4: Jackal111978 ($16.35 in chips)
Seat 6: Agrotait ($166.77 in chips)
Jackal111978: posts small blind $1
Agrotait: posts big blind $3
*** HOLE CARDS ***
Jackal111978: folds
Uncalled bet ($2) returned to Agrotait
Agrotait collected $2 from pot
Agrotait: doesn't show hand
*** SUMMARY ***
Total pot $2 | Rake $0
Seat 4: Jackal111978 (button) (small blind) folded before Flop
Seat 6: Agrotait (big blind) collected ($2)


PokerStars Hand #167791292210:  Hold'em Limit ($3/$6 USD) - 2017/03/19 3:45:20 ET
Table 'Stereoskopia' 6-max Seat #6 is the button
Seat 4: Jackal111978 ($15.35 in chips)
Seat 6: Agrotait ($167.77 in chips)
Agrotait: posts small blind $1
Jackal111978: posts big blind $3
*** HOLE CARDS ***
Agrotait: raises $3 to $6
Jackal111978: raises $3 to $9
Agrotait: calls $3
*** FLOP *** [Ks Tc Jc]
Jackal111978: bets $3
Agrotait: calls $3
*** TURN *** [Ks Tc Jc] [9c]
Jackal111978: bets $3.35 and is all-in
Agrotait: calls $3.35
*** RIVER *** [Ks Tc Jc 9c] [Ah]
*** SHOW DOWN ***
Jackal111978: shows [3c Kc] (a flush, King high)
Agrotait: shows [Qd 6d] (a straight, Ten to Ace)
Jackal111978 collected $30.20 from pot
*** SUMMARY ***
Total pot $30.70 | Rake $0.50
Board [Ks Tc Jc 9c Ah]
Seat 4: Jackal111978 (big blind) showed [3c Kc] and won ($30.20) with a flush, King high
Seat 6: Agrotait (button) (small blind) showed [Qd 6d] and lost with a straight, Ten to Ace


PokerStars Hand #167791301015:  Hold'em Limit ($3/$6 USD) - 2017/03/19 3:45:48 ET
Table 'Stereoskopia' 6-max Seat #4 is the button
Seat 4: Jackal111978 ($30.20 in chips)
Seat 6: Agrotait ($152.42 in chips)
Jackal111978: posts small blind $1
Agrotait: posts big blind $3
*** HOLE CARDS ***
Jackal111978: raises $3 to $6
Agrotait: calls $3
*** FLOP *** [Qh Qs 7c]
degal76 joins the table at seat #3
Agrotait: checks
Jackal111978: bets $3
Agrotait: calls $3
*** TURN *** [Qh Qs 7c] [9c]
Agrotait: checks
Jackal111978: bets $6
Agrotait: calls $6
*** RIVER *** [Qh Qs 7c 9c] [7s]
Agrotait: checks
Jackal111978: bets $6
Agrotait: folds
Uncalled bet ($6) returned to Jackal111978
Jackal111978 collected $29.50 from pot
Jackal111978: doesn't show hand
*** SUMMARY ***
Total pot $30 | Rake $0.50
Board [Qh Qs 7c 9c 7s]
Seat 4: Jackal111978 (button) (small blind) collected ($29.50)
Seat 6: Agrotait (big blind) folded on the River


PokerStars Hand #167792360723:  Hold'em Limit ($3/$6 USD) - 2017/03/19 4:40:38 ET
Table 'Stereoskopia' 6-max Seat #5 is the button
Seat 2: semak66 ($255.76 in chips)
Seat 5: Krazy90 ($143.53 in chips)
Krazy90: posts small blind $1
Agrotait: is sitting out
semak66: posts big blind $3
*** HOLE CARDS ***
Agrotait leaves the table
Krazy90: raises $3 to $6
Agrotait joins the table at seat #3
semak66: folds
Uncalled bet ($3) returned to Krazy90
Krazy90 collected $6 from pot
Krazy90: doesn't show hand
*** SUMMARY ***
Total pot $6 | Rake $0
Seat 2: semak66 (big blind) folded before Flop
Seat 5: Krazy90 (button) (small blind) collected ($6)


PokerStars Hand #167795385159:  Hold'em Limit ($3/$6 USD) - 2017/03/19 6:44:30 ET
Table 'Stereoskopia' 6-max Seat #5 is the button
Seat 5: Carl1891 ($196.30 in chips)
Seat 6: Fabulous108 ($120.90 in chips)
Carl1891: posts small blind $1
Fabulous108: posts big blind $3
*** HOLE CARDS ***
Carl1891: folds
Uncalled bet ($2) returned to Fabulous108
Fabulous108 collected $2 from pot
Fabulous108: doesn't show hand
*** SUMMARY ***
Total pot $2 | Rake $0
Seat 5: Carl1891 (button) (small blind) folded before Flop
Seat 6: Fabulous108 (big blind) collected ($2)


PokerStars Hand #167795381066:  Hold'em Limit ($3/$6 USD) - 2017/03/19 6:44:22 ET
Table 'Stereoskopia' 6-max Seat #6 is the button
Seat 5: Carl1891 ($199.30 in chips)
Seat 6: Fabulous108 ($117.90 in chips)
Fabulous108: posts small blind $1
papasrich: is sitting out
Carl1891: posts big blind $3
*** HOLE CARDS ***
Fabulous108: raises $3 to $6
Carl1891: folds
Uncalled bet ($3) returned to Fabulous108
Fabulous108 collected $6 from pot
Fabulous108: doesn't show hand
*** SUMMARY ***
Total pot $6 | Rake $0
Seat 5: Carl1891 (big blind) folded before Flop
Seat 6: Fabulous108 (button) (small blind) collected ($6)


PokerStars Hand #167795387668:  Hold'em Limit ($3/$6 USD) - 2017/03/19 6:44:36 ET
Table 'Stereoskopia' 6-max Seat #6 is the button
Seat 5: Carl1891 ($195.30 in chips)
Seat 6: Fabulous108 ($121.90 in chips)
Fabulous108: posts small blind $1
Carl1891: posts big blind $3
*** HOLE CARDS ***
Fabulous108: calls $2
Carl1891: raises $3 to $6
Fabulous108: calls $3
*** FLOP *** [5s Ah 7c]
Carl1891: bets $3
Fabulous108: raises $3 to $6
Carl1891: raises $3 to $9
Fabulous108: calls $3
*** TURN *** [5s Ah 7c] [4h]
Carl1891: bets $6
Fabulous108: raises $6 to $12
Carl1891: calls $6
*** RIVER *** [5s Ah 7c 4h] [Td]
Carl1891: checks
Fabulous108: bets $6
Carl1891: calls $6
*** SHOW DOWN ***
Fabulous108: shows [6c 8d] (a straight, Four to Eight)
Carl1891: mucks hand
Fabulous108 collected $65.50 from pot
*** SUMMARY ***
Total pot $66 | Rake $0.50
Board [5s Ah 7c 4h Td]
Seat 5: Carl1891 (big blind) mucked
Seat 6: Fabulous108 (button) (small blind) showed [6c 8d] and won ($65.50) with a straight, Four to Eight


