PokerStars Hand #144648041291:  Hold'em Limit ($3/$6 USD) - 2015/12/01 3:09:25 ET
Table 'Sternberga II' 2-max Seat #2 is the button
Seat 1: VolkovDmitri ($120 in chips)
Seat 2: Actionni13 ($150 in chips)
Actionni13: posts small blind $1
VolkovDmitri: posts big blind $3
*** HOLE CARDS ***
VolkovDmitri said, "pro akciu 1-3 dec slishal?"
Actionni13: raises $3 to $6
VolkovDmitri: folds
Uncalled bet ($3) returned to Actionni13
Actionni13 collected $6 from pot
*** SUMMARY ***
Total pot $6 | Rake $0
Seat 1: VolkovDmitri (big blind) folded before Flop
Seat 2: Actionni13 (button) (small blind) collected ($6)


PokerStars Hand #144648045142:  Hold'em Limit ($3/$6 USD) - 2015/12/01 3:09:38 ET
Table 'Sternberga II' 2-max Seat #1 is the button
Seat 1: VolkovDmitri ($120 in chips)
Seat 2: Actionni13 ($153 in chips)
VolkovDmitri: posts small blind $1
Actionni13: posts big blind $3
*** HOLE CARDS ***
VolkovDmitri: raises $3 to $6
Actionni13: calls $3
*** FLOP *** [7c 2d 3s]
Actionni13 said, "privet, net"
Actionni13: checks
VolkovDmitri: bets $3
Actionni13: calls $3
*** TURN *** [7c 2d 3s] [4s]
VolkovDmitri said, "na GT mojesh pro4etat. ne igraem v eti dni"
Actionni13 said, "ok"
Actionni13: checks
VolkovDmitri: bets $6
Actionni13: calls $6
*** RIVER *** [7c 2d 3s 4s] [4h]
Actionni13: checks
VolkovDmitri: bets $6
Actionni13: calls $6
*** SHOW DOWN ***
VolkovDmitri: shows [9c 4c] (three of a kind, Fours)
Actionni13: mucks hand
VolkovDmitri collected $41.50 from pot
*** SUMMARY ***
Total pot $42 | Rake $0.50
Board [7c 2d 3s 4s 4h]
Seat 1: VolkovDmitri (button) (small blind) showed [9c 4c] and won ($41.50) with three of a kind, Fours
Seat 2: Actionni13 (big blind) mucked


