PokerStars Hand #146799275762:  Hold'em Limit ($3/$6 USD) - 2016/01/10 10:33:30 ET
Table 'Stereoskopia II' 10-max Seat #6 is the button
Seat 1: VolkovDmitri ($151.30 in chips)
Seat 6: Paulllchen ($150.45 in chips)
Paulllchen: posts small blind $1
VolkovDmitri: posts big blind $3
*** HOLE CARDS ***
Paulllchen: folds
Uncalled bet ($2) returned to VolkovDmitri
VolkovDmitri collected $2 from pot
VolkovDmitri: doesn't show hand
*** SUMMARY ***
Total pot $2 | Rake $0
Seat 1: VolkovDmitri (big blind) collected ($2)
Seat 6: Paulllchen (button) (small blind) folded before Flop


PokerStars Hand #146799252472:  Hold'em Limit ($3/$6 USD) - 2016/01/10 10:33:05 ET
Table 'Stereoskopia II' 10-max Seat #1 is the button
Seat 1: VolkovDmitri ($169.30 in chips)
Seat 6: Paulllchen ($132.95 in chips)
VolkovDmitri: posts small blind $1
Paulllchen: posts big blind $3
*** HOLE CARDS ***
VolkovDmitri: raises $3 to $6
Paulllchen: raises $3 to $9
VolkovDmitri: calls $3
*** FLOP *** [7s Qd 8h]
Paulllchen: bets $3
VolkovDmitri: calls $3
*** TURN *** [7s Qd 8h] [Kh]
Paulllchen: bets $6
VolkovDmitri: calls $6
*** RIVER *** [7s Qd 8h Kh] [Jc]
Paulllchen: bets $6
VolkovDmitri: folds
Uncalled bet ($6) returned to Paulllchen
Paulllchen collected $35.50 from pot
Paulllchen: doesn't show hand
*** SUMMARY ***
Total pot $36 | Rake $0.50
Board [7s Qd 8h Kh Jc]
Seat 1: VolkovDmitri (button) (small blind) folded on the River
Seat 6: Paulllchen (big blind) collected ($35.50)


PokerStars Hand #146799247639:  Hold'em Limit ($3/$6 USD) - 2016/01/10 10:33:01 ET
Table 'Stereoskopia II' 10-max Seat #6 is the button
Seat 1: VolkovDmitri ($168.30 in chips)
Seat 6: Paulllchen ($133.95 in chips)
Paulllchen: posts small blind $1
VolkovDmitri: posts big blind $3
*** HOLE CARDS ***
Paulllchen: folds
Uncalled bet ($2) returned to VolkovDmitri
VolkovDmitri collected $2 from pot
VolkovDmitri: doesn't show hand
*** SUMMARY ***
Total pot $2 | Rake $0
Seat 1: VolkovDmitri (big blind) collected ($2)
Seat 6: Paulllchen (button) (small blind) folded before Flop


PokerStars Hand #146799225448:  Hold'em Limit ($3/$6 USD) - 2016/01/10 10:32:37 ET
Table 'Stereoskopia II' 10-max Seat #1 is the button
Seat 1: VolkovDmitri ($177.30 in chips)
Seat 6: Paulllchen ($125.31 in chips)
VolkovDmitri: posts small blind $1
Paulllchen: posts big blind $3
*** HOLE CARDS ***
VolkovDmitri: raises $3 to $6
Paulllchen: calls $3
*** FLOP *** [5s 7h 6d]
Paulllchen: bets $3
covasa andre is disconnected
VolkovDmitri: calls $3
*** TURN *** [5s 7h 6d] [Th]
Paulllchen: bets $6
VolkovDmitri: folds
Uncalled bet ($6) returned to Paulllchen
Paulllchen collected $17.64 from pot
Paulllchen: doesn't show hand
*** SUMMARY ***
Total pot $18 | Rake $0.36
Board [5s 7h 6d Th]
Seat 1: VolkovDmitri (button) (small blind) folded on the Turn
Seat 6: Paulllchen (big blind) collected ($17.64)


PokerStars Hand #146799329587:  Hold'em Limit ($3/$6 USD) - 2016/01/10 10:34:27 ET
Table 'Stereoskopia II' 10-max Seat #1 is the button
Seat 1: VolkovDmitri ($154.70 in chips)
Seat 6: Paulllchen ($146.09 in chips)
VolkovDmitri: posts small blind $1
Paulllchen: posts big blind $3
*** HOLE CARDS ***
VolkovDmitri: raises $3 to $6
Paulllchen: calls $3
*** FLOP *** [Jd 5d Ac]
Paulllchen: checks
VolkovDmitri: bets $3
Paulllchen: folds
Uncalled bet ($3) returned to VolkovDmitri
VolkovDmitri collected $11.76 from pot
VolkovDmitri: doesn't show hand
*** SUMMARY ***
Total pot $12 | Rake $0.24
Board [Jd 5d Ac]
Seat 1: VolkovDmitri (button) (small blind) collected ($11.76)
Seat 6: Paulllchen (big blind) folded on the Flop


PokerStars Hand #146799323020:  Hold'em Limit ($3/$6 USD) - 2016/01/10 10:34:20 ET
Table 'Stereoskopia II' 10-max Seat #6 is the button
Seat 1: VolkovDmitri ($157.70 in chips)
Seat 6: Paulllchen ($143.09 in chips)
Paulllchen: posts small blind $1
VolkovDmitri: posts big blind $3
*** HOLE CARDS ***
Paulllchen: raises $3 to $6
VolkovDmitri: folds
Uncalled bet ($3) returned to Paulllchen
Paulllchen collected $6 from pot
Paulllchen: doesn't show hand
*** SUMMARY ***
Total pot $6 | Rake $0
Seat 1: VolkovDmitri (big blind) folded before Flop
Seat 6: Paulllchen (button) (small blind) collected ($6)


PokerStars Hand #146799310714:  Hold'em Limit ($3/$6 USD) - 2016/01/10 10:34:07 ET
Table 'Stereoskopia II' 10-max Seat #1 is the button
Seat 1: VolkovDmitri ($166.70 in chips)
Seat 6: Paulllchen ($134.45 in chips)
VolkovDmitri: posts small blind $1
Paulllchen: posts big blind $3
*** HOLE CARDS ***
VolkovDmitri: raises $3 to $6
Paulllchen: raises $3 to $9
VolkovDmitri: calls $3
*** FLOP *** [4c Jd 8s]
Paulllchen: bets $3
VolkovDmitri: folds
Uncalled bet ($3) returned to Paulllchen
Paulllchen collected $17.64 from pot
Paulllchen: doesn't show hand
*** SUMMARY ***
Total pot $18 | Rake $0.36
Board [4c Jd 8s]
Seat 1: VolkovDmitri (button) (small blind) folded on the Flop
Seat 6: Paulllchen (big blind) collected ($17.64)


PokerStars Hand #146799301325:  Hold'em Limit ($3/$6 USD) - 2016/01/10 10:33:57 ET
Table 'Stereoskopia II' 10-max Seat #6 is the button
Seat 1: VolkovDmitri ($160.94 in chips)
Seat 6: Paulllchen ($140.45 in chips)
Paulllchen: posts small blind $1
VolkovDmitri: posts big blind $3
*** HOLE CARDS ***
Paulllchen: calls $2
VolkovDmitri: raises $3 to $6
Paulllchen: calls $3
*** FLOP *** [3d Tc Jc]
VolkovDmitri: bets $3
Paulllchen: folds
Uncalled bet ($3) returned to VolkovDmitri
VolkovDmitri collected $11.76 from pot
VolkovDmitri: doesn't show hand
*** SUMMARY ***
Total pot $12 | Rake $0.24
Board [3d Tc Jc]
Seat 1: VolkovDmitri (big blind) collected ($11.76)
Seat 6: Paulllchen (button) (small blind) folded on the Flop


PokerStars Hand #146799280125:  Hold'em Limit ($3/$6 USD) - 2016/01/10 10:33:34 ET
Table 'Stereoskopia II' 10-max Seat #1 is the button
Seat 1: VolkovDmitri ($152.30 in chips)
Seat 6: Paulllchen ($149.45 in chips)
VolkovDmitri: posts small blind $1
Paulllchen: posts big blind $3
*** HOLE CARDS ***
VolkovDmitri: raises $3 to $6
Paulllchen: calls $3
*** FLOP *** [Kc 5h Ac]
Paulllchen: bets $3
VolkovDmitri: raises $3 to $6
Paulllchen: folds
Uncalled bet ($3) returned to VolkovDmitri
VolkovDmitri collected $17.64 from pot
VolkovDmitri: doesn't show hand
*** SUMMARY ***
Total pot $18 | Rake $0.36
Board [Kc 5h Ac]
Seat 1: VolkovDmitri (button) (small blind) collected ($17.64)
Seat 6: Paulllchen (big blind) folded on the Flop


PokerStars Hand #146799364661:  Hold'em Limit ($3/$6 USD) - 2016/01/10 10:35:04 ET
Table 'Stereoskopia II' 10-max Seat #1 is the button
Seat 1: VolkovDmitri ($174.96 in chips)
Seat 6: Paulllchen ($125.09 in chips)
VolkovDmitri: posts small blind $1
Paulllchen: posts big blind $3
*** HOLE CARDS ***
VolkovDmitri: raises $3 to $6
Paulllchen: calls $3
*** FLOP *** [Kc 9d 7c]
Paulllchen: checks
VolkovDmitri: bets $3
Paulllchen: calls $3
*** TURN *** [Kc 9d 7c] [6s]
Paulllchen: checks
VolkovDmitri: bets $6
Paulllchen: calls $6
*** RIVER *** [Kc 9d 7c 6s] [4d]
Paulllchen: checks
VolkovDmitri: bets $6
Paulllchen: folds
Uncalled bet ($6) returned to VolkovDmitri
VolkovDmitri collected $29.50 from pot
VolkovDmitri: doesn't show hand
*** SUMMARY ***
Total pot $30 | Rake $0.50
Board [Kc 9d 7c 6s 4d]
Seat 1: VolkovDmitri (button) (small blind) collected ($29.50)
Seat 6: Paulllchen (big blind) folded on the River


PokerStars Hand #146799345483:  Hold'em Limit ($3/$6 USD) - 2016/01/10 10:34:44 ET
Table 'Stereoskopia II' 10-max Seat #6 is the button
Seat 1: VolkovDmitri ($160.46 in chips)
Seat 6: Paulllchen ($140.09 in chips)
Paulllchen: posts small blind $1
VolkovDmitri: posts big blind $3
*** HOLE CARDS ***
Paulllchen: raises $3 to $6
VolkovDmitri: calls $3
*** FLOP *** [3h 7c 3s]
VolkovDmitri: checks
Paulllchen: bets $3
VolkovDmitri: calls $3
*** TURN *** [3h 7c 3s] [Tc]
VolkovDmitri: checks
Paulllchen: bets $6
VolkovDmitri: raises $6 to $12
Paulllchen: folds
Uncalled bet ($6) returned to VolkovDmitri
VolkovDmitri collected $29.50 from pot
VolkovDmitri: doesn't show hand
*** SUMMARY ***
Total pot $30 | Rake $0.50
Board [3h 7c 3s Tc]
Seat 1: VolkovDmitri (big blind) collected ($29.50)
Seat 6: Paulllchen (button) (small blind) folded on the Turn


PokerStars Hand #146799435914:  Hold'em Limit ($3/$6 USD) - 2016/01/10 10:36:19 ET
Table 'Stereoskopia II' 10-max Seat #1 is the button
Seat 1: VolkovDmitri ($186.22 in chips)
Seat 6: Paulllchen ($112.85 in chips)
VolkovDmitri: posts small blind $1
Paulllchen: posts big blind $3
*** HOLE CARDS ***
VolkovDmitri: raises $3 to $6
Paulllchen: calls $3
*** FLOP *** [As 8d 9c]
Paulllchen: checks
VolkovDmitri: bets $3
Paulllchen: folds
Uncalled bet ($3) returned to VolkovDmitri
VolkovDmitri collected $11.76 from pot
VolkovDmitri: doesn't show hand
*** SUMMARY ***
Total pot $12 | Rake $0.24
Board [As 8d 9c]
Seat 1: VolkovDmitri (button) (small blind) collected ($11.76)
Seat 6: Paulllchen (big blind) folded on the Flop


PokerStars Hand #146799425400:  Hold'em Limit ($3/$6 USD) - 2016/01/10 10:36:08 ET
Table 'Stereoskopia II' 10-max Seat #6 is the button
Seat 1: VolkovDmitri ($192.22 in chips)
Seat 6: Paulllchen ($107.09 in chips)
Paulllchen: posts small blind $1
VolkovDmitri: posts big blind $3
*** HOLE CARDS ***
Paulllchen: raises $3 to $6
VolkovDmitri: calls $3
*** FLOP *** [As 8h 8c]
VolkovDmitri: checks
Paulllchen: bets $3
VolkovDmitri: folds
Uncalled bet ($3) returned to Paulllchen
Paulllchen collected $11.76 from pot
Paulllchen: doesn't show hand
*** SUMMARY ***
Total pot $12 | Rake $0.24
Board [As 8h 8c]
Seat 1: VolkovDmitri (big blind) folded on the Flop
Seat 6: Paulllchen (button) (small blind) collected ($11.76)


PokerStars Hand #146799416349:  Hold'em Limit ($3/$6 USD) - 2016/01/10 10:35:58 ET
Table 'Stereoskopia II' 10-max Seat #1 is the button
Seat 1: VolkovDmitri ($186.46 in chips)
Seat 6: Paulllchen ($113.09 in chips)
VolkovDmitri: posts small blind $1
Paulllchen: posts big blind $3
*** HOLE CARDS ***
VolkovDmitri: raises $3 to $6
Paulllchen: calls $3
*** FLOP *** [4d Tc 7d]
Paulllchen: checks
VolkovDmitri: bets $3
Paulllchen: folds
Uncalled bet ($3) returned to VolkovDmitri
VolkovDmitri collected $11.76 from pot
VolkovDmitri: doesn't show hand
*** SUMMARY ***
Total pot $12 | Rake $0.24
Board [4d Tc 7d]
Seat 1: VolkovDmitri (button) (small blind) collected ($11.76)
Seat 6: Paulllchen (big blind) folded on the Flop


PokerStars Hand #146799390329:  Hold'em Limit ($3/$6 USD) - 2016/01/10 10:35:31 ET
Table 'Stereoskopia II' 10-max Seat #6 is the button
Seat 1: VolkovDmitri ($189.46 in chips)
Seat 6: Paulllchen ($110.09 in chips)
Paulllchen: posts small blind $1
VolkovDmitri: posts big blind $3
*** HOLE CARDS ***
Paulllchen: raises $3 to $6
VolkovDmitri: folds
Uncalled bet ($3) returned to Paulllchen
Paulllchen collected $6 from pot
Paulllchen: doesn't show hand
*** SUMMARY ***
Total pot $6 | Rake $0
Seat 1: VolkovDmitri (big blind) folded before Flop
Seat 6: Paulllchen (button) (small blind) collected ($6)


PokerStars Hand #146799497107:  Hold'em Limit ($3/$6 USD) - 2016/01/10 10:37:24 ET
Table 'Stereoskopia II' 10-max Seat #1 is the button
Seat 1: VolkovDmitri ($188.48 in chips)
Seat 6: Paulllchen ($109.13 in chips)
VolkovDmitri: posts small blind $1
Paulllchen: posts big blind $3
*** HOLE CARDS ***
GRAILKO joins the table at seat #7
VolkovDmitri: raises $3 to $6
Paulllchen: folds
Uncalled bet ($3) returned to VolkovDmitri
VolkovDmitri collected $6 from pot
VolkovDmitri: doesn't show hand
*** SUMMARY ***
Total pot $6 | Rake $0
Seat 1: VolkovDmitri (button) (small blind) collected ($6)
Seat 6: Paulllchen (big blind) folded before Flop


PokerStars Hand #146799477512:  Hold'em Limit ($3/$6 USD) - 2016/01/10 10:37:03 ET
Table 'Stereoskopia II' 10-max Seat #6 is the button
Seat 1: VolkovDmitri ($173.98 in chips)
Seat 6: Paulllchen ($124.13 in chips)
Paulllchen: posts small blind $1
VolkovDmitri: posts big blind $3
*** HOLE CARDS ***
Paulllchen: calls $2
VolkovDmitri: raises $3 to $6
Paulllchen: calls $3
*** FLOP *** [8c 6s 6h]
VolkovDmitri: bets $3
Paulllchen: calls $3
*** TURN *** [8c 6s 6h] [5d]
VolkovDmitri: bets $6
Paulllchen: calls $6
*** RIVER *** [8c 6s 6h 5d] [Jc]
VolkovDmitri: bets $6
Paulllchen: folds
Uncalled bet ($6) returned to VolkovDmitri
VolkovDmitri collected $29.50 from pot
VolkovDmitri: doesn't show hand
*** SUMMARY ***
Total pot $30 | Rake $0.50
Board [8c 6s 6h 5d Jc]
Seat 1: VolkovDmitri (big blind) collected ($29.50)
Seat 6: Paulllchen (button) (small blind) folded on the River


PokerStars Hand #146799468188:  Hold'em Limit ($3/$6 USD) - 2016/01/10 10:36:53 ET
Table 'Stereoskopia II' 10-max Seat #1 is the button
Seat 1: VolkovDmitri ($182.98 in chips)
Seat 6: Paulllchen ($115.49 in chips)
VolkovDmitri: posts small blind $1
Paulllchen: posts big blind $3
*** HOLE CARDS ***
VolkovDmitri: raises $3 to $6
Paulllchen: raises $3 to $9
VolkovDmitri: calls $3
*** FLOP *** [8d 8h Tc]
Paulllchen: bets $3
VolkovDmitri: folds
Uncalled bet ($3) returned to Paulllchen
Paulllchen collected $17.64 from pot
Paulllchen: doesn't show hand
*** SUMMARY ***
Total pot $18 | Rake $0.36
Board [8d 8h Tc]
Seat 1: VolkovDmitri (button) (small blind) folded on the Flop
Seat 6: Paulllchen (big blind) collected ($17.64)


PokerStars Hand #146799447048:  Hold'em Limit ($3/$6 USD) - 2016/01/10 10:36:31 ET
Table 'Stereoskopia II' 10-max Seat #6 is the button
Seat 1: VolkovDmitri ($191.98 in chips)
Seat 6: Paulllchen ($106.85 in chips)
Paulllchen: posts small blind $1
VolkovDmitri: posts big blind $3
*** HOLE CARDS ***
Paulllchen: raises $3 to $6
VolkovDmitri: calls $3
*** FLOP *** [9c 3c 8d]
VolkovDmitri: checks
Paulllchen: bets $3
VolkovDmitri: calls $3
*** TURN *** [9c 3c 8d] [9d]
VolkovDmitri: checks
Paulllchen: bets $6
VolkovDmitri: folds
Uncalled bet ($6) returned to Paulllchen
Paulllchen collected $17.64 from pot
Paulllchen: doesn't show hand
*** SUMMARY ***
Total pot $18 | Rake $0.36
Board [9c 3c 8d 9d]
Seat 1: VolkovDmitri (big blind) folded on the Turn
Seat 6: Paulllchen (button) (small blind) collected ($17.64)


PokerStars Hand #146805889336:  Hold'em Limit ($3/$6 USD) - 2016/01/10 12:25:50 ET
Table 'Stereoskopia II' 10-max Seat #4 is the button
Seat 4: Norbert-04 ($18.03 in chips)
Seat 6: komornik ($85.96 in chips)
Norbert-04: posts small blind $1
komornik: posts big blind $3
*** HOLE CARDS ***
Norbert-04: folds
Uncalled bet ($2) returned to komornik
komornik collected $2 from pot
komornik: doesn't show hand
*** SUMMARY ***
Total pot $2 | Rake $0
Seat 4: Norbert-04 (button) (small blind) folded before Flop
Seat 6: komornik (big blind) collected ($2)


PokerStars Hand #146805883304:  Hold'em Limit ($3/$6 USD) - 2016/01/10 12:25:44 ET
Table 'Stereoskopia II' 10-max Seat #6 is the button
Seat 4: Norbert-04 ($17.03 in chips)
Seat 6: komornik ($86.96 in chips)
komornik: posts small blind $1
Norbert-04: posts big blind $3
*** HOLE CARDS ***
komornik: folds
Uncalled bet ($2) returned to Norbert-04
Norbert-04 collected $2 from pot
*** SUMMARY ***
Total pot $2 | Rake $0
Seat 4: Norbert-04 (big blind) collected ($2)
Seat 6: komornik (button) (small blind) folded before Flop


PokerStars Hand #146805878104:  Hold'em Limit ($3/$6 USD) - 2016/01/10 12:25:39 ET
Table 'Stereoskopia II' 10-max Seat #4 is the button
Seat 4: Norbert-04 ($18.03 in chips)
Seat 6: komornik ($85.96 in chips)
Norbert-04: posts small blind $1
komornik: posts big blind $3
*** HOLE CARDS ***
Norbert-04: folds
Uncalled bet ($2) returned to komornik
komornik collected $2 from pot
komornik: doesn't show hand
*** SUMMARY ***
Total pot $2 | Rake $0
Seat 4: Norbert-04 (button) (small blind) folded before Flop
Seat 6: komornik (big blind) collected ($2)


PokerStars Hand #146805868236:  Hold'em Limit ($3/$6 USD) - 2016/01/10 12:25:29 ET
Table 'Stereoskopia II' 10-max Seat #6 is the button
Seat 4: Norbert-04 ($21.03 in chips)
Seat 6: komornik ($82.96 in chips)
komornik: posts small blind $1
ZinZar: is sitting out
ZinZar leaves the table
Norbert-04: posts big blind $3
*** HOLE CARDS ***
komornik: raises $3 to $6
Norbert-04: folds
Uncalled bet ($3) returned to komornik
komornik collected $6 from pot
komornik: doesn't show hand
*** SUMMARY ***
Total pot $6 | Rake $0
Seat 4: Norbert-04 (big blind) folded before Flop
Seat 6: komornik (button) (small blind) collected ($6)


PokerStars Hand #146805938835:  Hold'em Limit ($3/$6 USD) - 2016/01/10 12:26:38 ET
Table 'Stereoskopia II' 10-max Seat #7 is the button
Seat 4: Norbert-04 ($28.67 in chips)
Seat 7: SmellyToes4u ($117 in chips)
SmellyToes4u: posts small blind $1
Norbert-04: posts big blind $3
*** HOLE CARDS ***
SmellyToes4u: raises $3 to $6
Norbert-04: calls $3
*** FLOP *** [7s 2s 2d]
Norbert-04: checks
SmellyToes4u: bets $3
Norbert-04: calls $3
*** TURN *** [7s 2s 2d] [Ts]
Norbert-04: checks
SmellyToes4u: bets $6
Norbert-04: calls $6
*** RIVER *** [7s 2s 2d Ts] [Ks]
Norbert-04: checks
SmellyToes4u: checks
*** SHOW DOWN ***
Norbert-04: shows [3d 3c] (two pair, Threes and Deuces)
SmellyToes4u: shows [Ah 7d] (two pair, Sevens and Deuces)
SmellyToes4u collected $29.50 from pot
*** SUMMARY ***
Total pot $30 | Rake $0.50
Board [7s 2s 2d Ts Ks]
Seat 4: Norbert-04 (big blind) showed [3d 3c] and lost with two pair, Threes and Deuces
Seat 7: SmellyToes4u (button) (small blind) showed [Ah 7d] and won ($29.50) with two pair, Sevens and Deuces


PokerStars Hand #146805929485:  Hold'em Limit ($3/$6 USD) - 2016/01/10 12:26:29 ET
Table 'Stereoskopia II' 10-max Seat #4 is the button
Seat 4: Norbert-04 ($25.67 in chips)
Seat 7: SmellyToes4u ($120 in chips)
Norbert-04: posts small blind $1
SmellyToes4u: posts big blind $3
*** HOLE CARDS ***
Norbert-04: raises $3 to $6
SmellyToes4u: folds
Uncalled bet ($3) returned to Norbert-04
Norbert-04 collected $6 from pot
*** SUMMARY ***
Total pot $6 | Rake $0
Seat 4: Norbert-04 (button) (small blind) collected ($6)
Seat 7: SmellyToes4u (big blind) folded before Flop


PokerStars Hand #146805895102:  Hold'em Limit ($3/$6 USD) - 2016/01/10 12:25:55 ET
Table 'Stereoskopia II' 10-max Seat #6 is the button
Seat 4: Norbert-04 ($17.03 in chips)
Seat 6: komornik ($86.96 in chips)
komornik: posts small blind $1
Norbert-04: posts big blind $3
*** HOLE CARDS ***
komornik: raises $3 to $6
Norbert-04: calls $3
*** FLOP *** [Qh 5d 7c]
Norbert-04: checks
komornik: bets $3
SmellyToes4u joins the table at seat #7
Norbert-04: calls $3
*** TURN *** [Qh 5d 7c] [3h]
Norbert-04: checks
komornik: checks
*** RIVER *** [Qh 5d 7c 3h] [3d]
Norbert-04: checks
komornik: checks
*** SHOW DOWN ***
Norbert-04: shows [Jd Ts] (a pair of Threes)
komornik: mucks hand
Norbert-04 collected $17.64 from pot
*** SUMMARY ***
Total pot $18 | Rake $0.36
Board [Qh 5d 7c 3h 3d]
Seat 4: Norbert-04 (big blind) showed [Jd Ts] and won ($17.64) with a pair of Threes
Seat 6: komornik (button) (small blind) mucked


PokerStars Hand #146805968856:  Hold'em Limit ($3/$6 USD) - 2016/01/10 12:27:07 ET
Table 'Stereoskopia II' 10-max Seat #7 is the button
Seat 4: Norbert-04 ($16.67 in chips)
Seat 7: SmellyToes4u ($128.50 in chips)
SmellyToes4u: posts small blind $1
Norbert-04: posts big blind $3
*** HOLE CARDS ***
SmellyToes4u: folds
Uncalled bet ($2) returned to Norbert-04
Norbert-04 collected $2 from pot
*** SUMMARY ***
Total pot $2 | Rake $0
Seat 4: Norbert-04 (big blind) collected ($2)
Seat 7: SmellyToes4u (button) (small blind) folded before Flop


PokerStars Hand #146805959872:  Hold'em Limit ($3/$6 USD) - 2016/01/10 12:26:58 ET
Table 'Stereoskopia II' 10-max Seat #4 is the button
Seat 4: Norbert-04 ($13.67 in chips)
Seat 7: SmellyToes4u ($131.50 in chips)
Norbert-04: posts small blind $1
SmellyToes4u: posts big blind $3
*** HOLE CARDS ***
Norbert-04: raises $3 to $6
SmellyToes4u: folds
Uncalled bet ($3) returned to Norbert-04
Norbert-04 collected $6 from pot
*** SUMMARY ***
Total pot $6 | Rake $0
Seat 4: Norbert-04 (button) (small blind) collected ($6)
Seat 7: SmellyToes4u (big blind) folded before Flop


PokerStars Hand #146806015143:  Hold'em Limit ($3/$6 USD) - 2016/01/10 12:27:52 ET
Table 'Stereoskopia II' 10-max Seat #4 is the button
Seat 4: Norbert-04 ($59.45 in chips)
Seat 7: SmellyToes4u ($84.50 in chips)
Norbert-04: posts small blind $1
SmellyToes4u: posts big blind $3
*** HOLE CARDS ***
Norbert-04: raises $3 to $6
SmellyToes4u: calls $3
*** FLOP *** [Ad 6s 4h]
SmellyToes4u: checks
Norbert-04: bets $3
SmellyToes4u: folds
Uncalled bet ($3) returned to Norbert-04
Norbert-04 collected $11.76 from pot
*** SUMMARY ***
Total pot $12 | Rake $0.24
Board [Ad 6s 4h]
Seat 4: Norbert-04 (button) (small blind) collected ($11.76)
Seat 7: SmellyToes4u (big blind) folded on the Flop


PokerStars Hand #146806009758:  Hold'em Limit ($3/$6 USD) - 2016/01/10 12:27:47 ET
Table 'Stereoskopia II' 10-max Seat #7 is the button
Seat 4: Norbert-04 ($58.45 in chips)
Seat 7: SmellyToes4u ($85.50 in chips)
SmellyToes4u: posts small blind $1
Norbert-04: posts big blind $3
*** HOLE CARDS ***
SmellyToes4u: folds
Uncalled bet ($2) returned to Norbert-04
Norbert-04 collected $2 from pot
*** SUMMARY ***
Total pot $2 | Rake $0
Seat 4: Norbert-04 (big blind) collected ($2)
Seat 7: SmellyToes4u (button) (small blind) folded before Flop


PokerStars Hand #146805996153:  Hold'em Limit ($3/$6 USD) - 2016/01/10 12:27:33 ET
Table 'Stereoskopia II' 10-max Seat #4 is the button
Seat 4: Norbert-04 ($34.95 in chips)
Seat 7: SmellyToes4u ($109.50 in chips)
Norbert-04: posts small blind $1
SmellyToes4u: posts big blind $3
*** HOLE CARDS ***
Norbert-04: raises $3 to $6
SmellyToes4u: raises $3 to $9
Norbert-04: calls $3
*** FLOP *** [9c 5d Ks]
SmellyToes4u: bets $3
Norbert-04: calls $3
*** TURN *** [9c 5d Ks] [4c]
SmellyToes4u: bets $6
Norbert-04: calls $6
*** RIVER *** [9c 5d Ks 4c] [6h]
SmellyToes4u: bets $6
Norbert-04: calls $6
*** SHOW DOWN ***
SmellyToes4u: shows [Td 8d] (high card King)
Norbert-04: shows [Th 9d] (a pair of Nines)
Norbert-04 collected $47.50 from pot
*** SUMMARY ***
Total pot $48 | Rake $0.50
Board [9c 5d Ks 4c 6h]
Seat 4: Norbert-04 (button) (small blind) showed [Th 9d] and won ($47.50) with a pair of Nines
Seat 7: SmellyToes4u (big blind) showed [Td 8d] and lost with high card King


PokerStars Hand #146805983327:  Hold'em Limit ($3/$6 USD) - 2016/01/10 12:27:21 ET
Table 'Stereoskopia II' 10-max Seat #7 is the button
Seat 4: Norbert-04 ($23.43 in chips)
Seat 7: SmellyToes4u ($121.50 in chips)
SmellyToes4u: posts small blind $1
Norbert-04: posts big blind $3
*** HOLE CARDS ***
SmellyToes4u: raises $3 to $6
Norbert-04: raises $3 to $9
SmellyToes4u: calls $3
*** FLOP *** [Jc 7d 5d]
Norbert-04: bets $3
SmellyToes4u: calls $3
*** TURN *** [Jc 7d 5d] [2h]
Norbert-04: bets $6
SmellyToes4u: folds
Uncalled bet ($6) returned to Norbert-04
Norbert-04 collected $23.52 from pot
*** SUMMARY ***
Total pot $24 | Rake $0.48
Board [Jc 7d 5d 2h]
Seat 4: Norbert-04 (big blind) collected ($23.52)
Seat 7: SmellyToes4u (button) (small blind) folded on the Turn


PokerStars Hand #146805973948:  Hold'em Limit ($3/$6 USD) - 2016/01/10 12:27:12 ET
Table 'Stereoskopia II' 10-max Seat #4 is the button
Seat 4: Norbert-04 ($17.67 in chips)
Seat 7: SmellyToes4u ($127.50 in chips)
Norbert-04: posts small blind $1
SmellyToes4u: posts big blind $3
*** HOLE CARDS ***
Norbert-04: raises $3 to $6
SmellyToes4u: calls $3
*** FLOP *** [2h 3d 4h]
SmellyToes4u: checks
Norbert-04: bets $3
SmellyToes4u: folds
Uncalled bet ($3) returned to Norbert-04
Norbert-04 collected $11.76 from pot
*** SUMMARY ***
Total pot $12 | Rake $0.24
Board [2h 3d 4h]
Seat 4: Norbert-04 (button) (small blind) collected ($11.76)
Seat 7: SmellyToes4u (big blind) folded on the Flop


PokerStars Hand #146806025468:  Hold'em Limit ($3/$6 USD) - 2016/01/10 12:28:02 ET
Table 'Stereoskopia II' 10-max Seat #7 is the button
Seat 4: Norbert-04 ($65.21 in chips)
Seat 7: SmellyToes4u ($78.50 in chips)
SmellyToes4u: posts small blind $1
Norbert-04: posts big blind $3
*** HOLE CARDS ***
SmellyToes4u: raises $3 to $6
Norbert-04: calls $3
*** FLOP *** [As 2d 8c]
Norbert-04: checks
SmellyToes4u: bets $3
Norbert-04: folds
Uncalled bet ($3) returned to SmellyToes4u
SmellyToes4u collected $11.76 from pot
SmellyToes4u: doesn't show hand
*** SUMMARY ***
Total pot $12 | Rake $0.24
Board [As 2d 8c]
Seat 4: Norbert-04 (big blind) folded on the Flop
Seat 7: SmellyToes4u (button) (small blind) collected ($11.76)


PokerStars Hand #146806067016:  Hold'em Limit ($3/$6 USD) - 2016/01/10 12:28:43 ET
Table 'Stereoskopia II' 10-max Seat #4 is the button
Seat 4: Norbert-04 ($52.21 in chips)
Seat 7: SmellyToes4u ($91.02 in chips)
Norbert-04: posts small blind $1
SmellyToes4u: posts big blind $3
*** HOLE CARDS ***
Norbert-04: raises $3 to $6
SmellyToes4u: calls $3
*** FLOP *** [Jc Qd Kd]
SmellyToes4u: checks
Norbert-04: bets $3
SmellyToes4u: raises $3 to $6
Norbert-04: calls $3
*** TURN *** [Jc Qd Kd] [2d]
SmellyToes4u: bets $6
Norbert-04: calls $6
*** RIVER *** [Jc Qd Kd 2d] [5s]
SmellyToes4u: bets $6
Norbert-04: calls $6
*** SHOW DOWN ***
SmellyToes4u: shows [7d Kc] (a pair of Kings)
Norbert-04: mucks hand
SmellyToes4u collected $47.50 from pot
*** SUMMARY ***
Total pot $48 | Rake $0.50
Board [Jc Qd Kd 2d 5s]
Seat 4: Norbert-04 (button) (small blind) mucked
Seat 7: SmellyToes4u (big blind) showed [7d Kc] and won ($47.50) with a pair of Kings


PokerStars Hand #146806053790:  Hold'em Limit ($3/$6 USD) - 2016/01/10 12:28:30 ET
Table 'Stereoskopia II' 10-max Seat #7 is the button
Seat 4: Norbert-04 ($58.21 in chips)
Seat 7: SmellyToes4u ($85.26 in chips)
SmellyToes4u: posts small blind $1
Norbert-04: posts big blind $3
*** HOLE CARDS ***
SmellyToes4u: raises $3 to $6
Norbert-04: calls $3
*** FLOP *** [Kh 6h 9s]
Norbert-04: checks
SmellyToes4u: bets $3
Norbert-04: folds
Uncalled bet ($3) returned to SmellyToes4u
SmellyToes4u collected $11.76 from pot
SmellyToes4u: doesn't show hand
*** SUMMARY ***
Total pot $12 | Rake $0.24
Board [Kh 6h 9s]
Seat 4: Norbert-04 (big blind) folded on the Flop
Seat 7: SmellyToes4u (button) (small blind) collected ($11.76)


PokerStars Hand #146806048305:  Hold'em Limit ($3/$6 USD) - 2016/01/10 12:28:25 ET
Table 'Stereoskopia II' 10-max Seat #4 is the button
Seat 4: Norbert-04 ($59.21 in chips)
Seat 7: SmellyToes4u ($84.26 in chips)
Norbert-04: posts small blind $1
SmellyToes4u: posts big blind $3
*** HOLE CARDS ***
Norbert-04: folds
Uncalled bet ($2) returned to SmellyToes4u
SmellyToes4u collected $2 from pot
SmellyToes4u: doesn't show hand
*** SUMMARY ***
Total pot $2 | Rake $0
Seat 4: Norbert-04 (button) (small blind) folded before Flop
Seat 7: SmellyToes4u (big blind) collected ($2)


PokerStars Hand #146806120626:  Hold'em Limit ($3/$6 USD) - 2016/01/10 12:29:35 ET
Table 'Stereoskopia II' 10-max Seat #7 is the button
Seat 4: Norbert-04 ($45.49 in chips)
Seat 7: SmellyToes4u ($96.52 in chips)
SmellyToes4u: posts small blind $1
Norbert-04: posts big blind $3
*** HOLE CARDS ***
SmellyToes4u: raises $3 to $6
boony444 joins the table at seat #5
Norbert-04: calls $3
*** FLOP *** [7c Ts 6c]
Norbert-04: checks
SmellyToes4u: bets $3
Norbert-04: folds
Uncalled bet ($3) returned to SmellyToes4u
SmellyToes4u collected $11.76 from pot
SmellyToes4u: doesn't show hand
*** SUMMARY ***
Total pot $12 | Rake $0.24
Board [7c Ts 6c]
Seat 4: Norbert-04 (big blind) folded on the Flop
Seat 7: SmellyToes4u (button) (small blind) collected ($11.76)


PokerStars Hand #146806104452:  Hold'em Limit ($3/$6 USD) - 2016/01/10 12:29:19 ET
Table 'Stereoskopia II' 10-max Seat #4 is the button
Seat 4: Norbert-04 ($36.85 in chips)
Seat 7: SmellyToes4u ($105.52 in chips)
Norbert-04: posts small blind $1
SmellyToes4u: posts big blind $3
*** HOLE CARDS ***
Norbert-04: raises $3 to $6
SmellyToes4u: calls $3
*** FLOP *** [3s Js 2d]
SmellyToes4u: checks
Norbert-04: bets $3
SmellyToes4u: calls $3
*** TURN *** [3s Js 2d] [9h]
SmellyToes4u: checks
Norbert-04: bets $6
SmellyToes4u: folds
Uncalled bet ($6) returned to Norbert-04
Norbert-04 collected $17.64 from pot
*** SUMMARY ***
Total pot $18 | Rake $0.36
Board [3s Js 2d 9h]
Seat 4: Norbert-04 (button) (small blind) collected ($17.64)
Seat 7: SmellyToes4u (big blind) folded on the Turn


PokerStars Hand #146806082844:  Hold'em Limit ($3/$6 USD) - 2016/01/10 12:28:58 ET
Table 'Stereoskopia II' 10-max Seat #7 is the button
Seat 4: Norbert-04 ($28.21 in chips)
Seat 7: SmellyToes4u ($114.52 in chips)
SmellyToes4u: posts small blind $1
Norbert-04: posts big blind $3
*** HOLE CARDS ***
SmellyToes4u: raises $3 to $6
Norbert-04: calls $3
*** FLOP *** [6s Td 2s]
Norbert-04: checks
SmellyToes4u: bets $3
Norbert-04: calls $3
*** TURN *** [6s Td 2s] [7s]
Norbert-04: checks
SmellyToes4u: checks
*** RIVER *** [6s Td 2s 7s] [7c]
Norbert-04: checks
SmellyToes4u: checks
*** SHOW DOWN ***
Norbert-04: shows [Kc 6c] (two pair, Sevens and Sixes)
SmellyToes4u: mucks hand
Norbert-04 collected $17.64 from pot
*** SUMMARY ***
Total pot $18 | Rake $0.36
Board [6s Td 2s 7s 7c]
Seat 4: Norbert-04 (big blind) showed [Kc 6c] and won ($17.64) with two pair, Sevens and Sixes
Seat 7: SmellyToes4u (button) (small blind) mucked


PokerStars Hand #146806555816:  Hold'em Limit ($3/$6 USD) - 2016/01/10 12:36:33 ET
Table 'Stereoskopia II' 10-max Seat #4 is the button
Seat 4: Norbert-04 ($9.52 in chips)
Seat 5: boony444 ($168.75 in chips)
Norbert-04: posts small blind $1
boony444: posts big blind $3
*** HOLE CARDS ***
Norbert-04: raises $3 to $6
boony444: calls $3
*** FLOP *** [Kd 5d 6c]
boony444: checks
Norbert-04: bets $3
boony444: raises $3 to $6
Norbert-04: calls $0.52 and is all-in
Uncalled bet ($2.48) returned to boony444
*** TURN *** [Kd 5d 6c] [8c]
*** RIVER *** [Kd 5d 6c 8c] [Ah]
*** SHOW DOWN ***
boony444: shows [Jc 8h] (a pair of Eights)
Norbert-04: mucks hand
boony444 collected $18.66 from pot
*** SUMMARY ***
Total pot $19.04 | Rake $0.38
Board [Kd 5d 6c 8c Ah]
Seat 4: Norbert-04 (button) (small blind) mucked
Seat 5: boony444 (big blind) showed [Jc 8h] and won ($18.66) with a pair of Eights


PokerStars Hand #146806535215:  Hold'em Limit ($3/$6 USD) - 2016/01/10 12:36:13 ET
Table 'Stereoskopia II' 10-max Seat #5 is the button
Seat 4: Norbert-04 ($30.52 in chips)
Seat 5: boony444 ($148.25 in chips)
boony444: posts small blind $1
SmellyToes4u: is sitting out
Norbert-04: posts big blind $3
*** HOLE CARDS ***
boony444: raises $3 to $6
SmellyToes4u leaves the table
Norbert-04: calls $3
*** FLOP *** [5c 3s 4c]
LR491 joins the table at seat #8
Norbert-04: checks
boony444: bets $3
Norbert-04: calls $3
*** TURN *** [5c 3s 4c] [As]
Norbert-04: checks
boony444: bets $6
Norbert-04: calls $6
*** RIVER *** [5c 3s 4c As] [Qs]
Norbert-04: checks
boony444: bets $6
Norbert-04: calls $6
*** SHOW DOWN ***
boony444: shows [3c 2c] (a straight, Ace to Five)
Norbert-04: mucks hand
boony444 collected $41.50 from pot
*** SUMMARY ***
Total pot $42 | Rake $0.50
Board [5c 3s 4c As Qs]
Seat 4: Norbert-04 (big blind) mucked
Seat 5: boony444 (button) (small blind) showed [3c 2c] and won ($41.50) with a straight, Ace to Five


PokerStars Hand #146806619731:  Hold'em Limit ($3/$6 USD) - 2016/01/10 12:37:34 ET
Table 'Stereoskopia II' 10-max Seat #8 is the button
Seat 5: boony444 ($168.53 in chips)
Seat 8: LR491 ($86 in chips)
LR491: posts small blind $1
boony444: posts big blind $3
*** HOLE CARDS ***
LR491: calls $2
boony444: raises $3 to $6
LR491: calls $3
*** FLOP *** [2d Ah Kd]
boony444: bets $3
LR491: folds
Uncalled bet ($3) returned to boony444
boony444 collected $11.76 from pot
boony444: doesn't show hand
*** SUMMARY ***
Total pot $12 | Rake $0.24
Board [2d Ah Kd]
Seat 5: boony444 (big blind) collected ($11.76)
Seat 8: LR491 (button) (small blind) folded on the Flop


PokerStars Hand #146806613754:  Hold'em Limit ($3/$6 USD) - 2016/01/10 12:37:28 ET
Table 'Stereoskopia II' 10-max Seat #5 is the button
Seat 5: boony444 ($165.53 in chips)
Seat 8: LR491 ($89 in chips)
boony444: posts small blind $1
LR491: posts big blind $3
*** HOLE CARDS ***
boony444: raises $3 to $6
LR491: folds
Uncalled bet ($3) returned to boony444
boony444 collected $6 from pot
boony444: doesn't show hand
*** SUMMARY ***
Total pot $6 | Rake $0
Seat 5: boony444 (button) (small blind) collected ($6)
Seat 8: LR491 (big blind) folded before Flop


PokerStars Hand #146806600951:  Hold'em Limit ($3/$6 USD) - 2016/01/10 12:37:16 ET
Table 'Stereoskopia II' 10-max Seat #8 is the button
Seat 5: boony444 ($156.89 in chips)
Seat 8: LR491 ($98 in chips)
LR491: posts small blind $1
boony444: posts big blind $3
*** HOLE CARDS ***
LR491: calls $2
boony444: raises $3 to $6
LR491: calls $3
*** FLOP *** [Jc 2c 5s]
boony444: bets $3
LR491: calls $3
*** TURN *** [Jc 2c 5s] [Kd]
boony444: bets $6
LR491: folds
Uncalled bet ($6) returned to boony444
boony444 collected $17.64 from pot
boony444: doesn't show hand
*** SUMMARY ***
Total pot $18 | Rake $0.36
Board [Jc 2c 5s Kd]
Seat 5: boony444 (big blind) collected ($17.64)
Seat 8: LR491 (button) (small blind) folded on the Turn


PokerStars Hand #146806580677:  Hold'em Limit ($3/$6 USD) - 2016/01/10 12:36:57 ET
Table 'Stereoskopia II' 10-max Seat #5 is the button
Seat 5: boony444 ($177.89 in chips)
Seat 8: LR491 ($77.50 in chips)
boony444: posts small blind $1
LR491: posts big blind $3
*** HOLE CARDS ***
boony444: raises $3 to $6
LR491: calls $3
*** FLOP *** [5d 5h 7c]
LR491: checks
boony444: bets $3
LR491: calls $3
*** TURN *** [5d 5h 7c] [Tc]
LR491: checks
boony444: bets $6
LR491: calls $6
*** RIVER *** [5d 5h 7c Tc] [Qd]
LR491: checks
Norbert-04 leaves the table
boony444: bets $6
LR491: calls $6
*** SHOW DOWN ***
boony444: shows [8s 4s] (a pair of Fives)
LR491: shows [As 9s] (a pair of Fives - Ace kicker)
LR491 collected $41.50 from pot
*** SUMMARY ***
Total pot $42 | Rake $0.50
Board [5d 5h 7c Tc Qd]
Seat 5: boony444 (button) (small blind) showed [8s 4s] and lost with a pair of Fives
Seat 8: LR491 (big blind) showed [As 9s] and won ($41.50) with a pair of Fives


