PokerStars Hand #144468365902:  Hold'em Limit ($3/$6 USD) - 2015/11/27 13:59:22 ET
Table 'Sternberga' 2-max Seat #2 is the button
Seat 1: TheU10 ($161 in chips)
Seat 2: jl45259071 ($219.88 in chips)
jl45259071: posts small blind $1
TheU10: posts big blind $3
*** HOLE CARDS ***
jl45259071: calls $2
TheU10: checks
*** FLOP *** [Jd 6c 7h]
TheU10: checks
jl45259071: checks
*** TURN *** [Jd 6c 7h] [Qs]
TheU10: checks
jl45259071: checks
*** RIVER *** [Jd 6c 7h Qs] [Kh]
TheU10: checks
jl45259071: checks
*** SHOW DOWN ***
TheU10: shows [2c Ad] (high card Ace)
jl45259071: mucks hand
TheU10 collected $5.88 from pot
*** SUMMARY ***
Total pot $6 | Rake $0.12
Board [Jd 6c 7h Qs Kh]
Seat 1: TheU10 (big blind) showed [2c Ad] and won ($5.88) with high card Ace
Seat 2: jl45259071 (button) (small blind) mucked


PokerStars Hand #144468352238:  Hold'em Limit ($3/$6 USD) - 2015/11/27 13:59:01 ET
Table 'Sternberga' 2-max Seat #1 is the button
Seat 1: TheU10 ($137.50 in chips)
Seat 2: jl45259071 ($243.88 in chips)
TheU10: posts small blind $1
jl45259071: posts big blind $3
*** HOLE CARDS ***
TheU10: raises $3 to $6
jl45259071: raises $3 to $9
TheU10: calls $3
*** FLOP *** [Qh 7h As]
jl45259071: checks
TheU10: bets $3
jl45259071: calls $3
*** TURN *** [Qh 7h As] [Ac]
jl45259071: checks
TheU10: bets $6
jl45259071: calls $6
*** RIVER *** [Qh 7h As Ac] [9c]
jl45259071: checks
TheU10: bets $6
jl45259071: calls $6
*** SHOW DOWN ***
TheU10: shows [Ad 8d] (three of a kind, Aces)
jl45259071: mucks hand
TheU10 collected $47.50 from pot
*** SUMMARY ***
Total pot $48 | Rake $0.50
Board [Qh 7h As Ac 9c]
Seat 1: TheU10 (button) (small blind) showed [Ad 8d] and won ($47.50) with three of a kind, Aces
Seat 2: jl45259071 (big blind) mucked


PokerStars Hand #144468405443:  Hold'em Limit ($3/$6 USD) - 2015/11/27 14:00:19 ET
Table 'Sternberga' 2-max Seat #2 is the button
Seat 1: TheU10 ($185.13 in chips)
Seat 2: jl45259071 ($194.63 in chips)
jl45259071: posts small blind $1
TheU10: posts big blind $3
*** HOLE CARDS ***
jl45259071: calls $2
TheU10: raises $3 to $6
jl45259071: calls $3
*** FLOP *** [4c Qh 9c]
TheU10: bets $3
jl45259071: calls $3
*** TURN *** [4c Qh 9c] [Tc]
TheU10: bets $6
jl45259071: calls $6
*** RIVER *** [4c Qh 9c Tc] [4d]
TheU10: bets $6
jl45259071: folds
Uncalled bet ($6) returned to TheU10
TheU10 collected $29.50 from pot
TheU10: doesn't show hand
*** SUMMARY ***
Total pot $30 | Rake $0.50
Board [4c Qh 9c Tc 4d]
Seat 1: TheU10 (big blind) collected ($29.50)
Seat 2: jl45259071 (button) (small blind) folded on the River


PokerStars Hand #144468391777:  Hold'em Limit ($3/$6 USD) - 2015/11/27 14:00:01 ET
Table 'Sternberga' 2-max Seat #1 is the button
Seat 1: TheU10 ($185.38 in chips)
Seat 2: jl45259071 ($194.88 in chips)
TheU10: posts small blind $1
jl45259071: posts big blind $3
*** HOLE CARDS ***
TheU10: raises $3 to $6
jl45259071: calls $3
*** FLOP *** [3h 9c Qd]
jl45259071: checks
TheU10: checks
*** TURN *** [3h 9c Qd] [Kh]
jl45259071: bets $6
TheU10: calls $6
*** RIVER *** [3h 9c Qd Kh] [Js]
jl45259071: bets $6
TheU10: raises $6 to $12
jl45259071: raises $6 to $18
TheU10: calls $6
*** SHOW DOWN ***
jl45259071: shows [Ts 9s] (a straight, Nine to King)
TheU10: shows [8d Td] (a straight, Nine to King)
jl45259071 collected $29.75 from pot
TheU10 collected $29.75 from pot
*** SUMMARY ***
Total pot $60 | Rake $0.50
Board [3h 9c Qd Kh Js]
Seat 1: TheU10 (button) (small blind) showed [8d Td] and won ($29.75) with a straight, Nine to King
Seat 2: jl45259071 (big blind) showed [Ts 9s] and won ($29.75) with a straight, Nine to King


PokerStars Hand #144468388257:  Hold'em Limit ($3/$6 USD) - 2015/11/27 13:59:56 ET
Table 'Sternberga' 2-max Seat #2 is the button
Seat 1: TheU10 ($184.38 in chips)
Seat 2: jl45259071 ($195.88 in chips)
jl45259071: posts small blind $1
TheU10: posts big blind $3
*** HOLE CARDS ***
jl45259071: folds
Uncalled bet ($2) returned to TheU10
TheU10 collected $2 from pot
TheU10: doesn't show hand
*** SUMMARY ***
Total pot $2 | Rake $0
Seat 1: TheU10 (big blind) collected ($2)
Seat 2: jl45259071 (button) (small blind) folded before Flop


PokerStars Hand #144468374989:  Hold'em Limit ($3/$6 USD) - 2015/11/27 13:59:36 ET
Table 'Sternberga' 2-max Seat #1 is the button
Seat 1: TheU10 ($163.88 in chips)
Seat 2: jl45259071 ($216.88 in chips)
TheU10: posts small blind $1
jl45259071: posts big blind $3
*** HOLE CARDS ***
TheU10: raises $3 to $6
jl45259071: calls $3
*** FLOP *** [4s 6h 6s]
jl45259071: checks
TheU10: bets $3
jl45259071: calls $3
*** TURN *** [4s 6h 6s] [Qc]
jl45259071: checks
TheU10: bets $6
jl45259071: calls $6
*** RIVER *** [4s 6h 6s Qc] [4c]
jl45259071: checks
TheU10: bets $6
jl45259071: calls $6
*** SHOW DOWN ***
TheU10: shows [Qd 6d] (a full house, Sixes full of Queens)
jl45259071: mucks hand
TheU10 collected $41.50 from pot
*** SUMMARY ***
Total pot $42 | Rake $0.50
Board [4s 6h 6s Qc 4c]
Seat 1: TheU10 (button) (small blind) showed [Qd 6d] and won ($41.50) with a full house, Sixes full of Queens
Seat 2: jl45259071 (big blind) mucked


PokerStars Hand #144468416592:  Hold'em Limit ($3/$6 USD) - 2015/11/27 14:00:36 ET
Table 'Sternberga' 2-max Seat #1 is the button
Seat 1: TheU10 ($199.63 in chips)
Seat 2: jl45259071 ($179.63 in chips)
TheU10: posts small blind $1
jl45259071: posts big blind $3
*** HOLE CARDS ***
TheU10: folds
Uncalled bet ($2) returned to jl45259071
jl45259071 collected $2 from pot
jl45259071: doesn't show hand
*** SUMMARY ***
Total pot $2 | Rake $0
Seat 1: TheU10 (button) (small blind) folded before Flop
Seat 2: jl45259071 (big blind) collected ($2)


PokerStars Hand #144468427317:  Hold'em Limit ($3/$6 USD) - 2015/11/27 14:00:51 ET
Table 'Sternberga' 2-max Seat #1 is the button
Seat 1: TheU10 ($192.63 in chips)
Seat 2: jl45259071 ($186.39 in chips)
TheU10: posts small blind $1
jl45259071: posts big blind $3
*** HOLE CARDS ***
TheU10: raises $3 to $6
jl45259071: raises $3 to $9
TheU10: calls $3
*** FLOP *** [7h 2c 9s]
jl45259071: bets $3
TheU10: calls $3
*** TURN *** [7h 2c 9s] [4c]
jl45259071: bets $6
TheU10: calls $6
*** RIVER *** [7h 2c 9s 4c] [9h]
jl45259071: bets $6
TheU10: calls $6
*** SHOW DOWN ***
jl45259071: shows [Jd Ah] (a pair of Nines)
TheU10: mucks hand
jl45259071 collected $47.50 from pot
*** SUMMARY ***
Total pot $48 | Rake $0.50
Board [7h 2c 9s 4c 9h]
Seat 1: TheU10 (button) (small blind) mucked
Seat 2: jl45259071 (big blind) showed [Jd Ah] and won ($47.50) with a pair of Nines


PokerStars Hand #144468419777:  Hold'em Limit ($3/$6 USD) - 2015/11/27 14:00:40 ET
Table 'Sternberga' 2-max Seat #2 is the button
Seat 1: TheU10 ($198.63 in chips)
Seat 2: jl45259071 ($180.63 in chips)
jl45259071: posts small blind $1
TheU10: posts big blind $3
*** HOLE CARDS ***
jl45259071: raises $3 to $6
TheU10: calls $3
*** FLOP *** [Qc 6d Th]
TheU10: checks
jl45259071: bets $3
TheU10: folds
Uncalled bet ($3) returned to jl45259071
jl45259071 collected $11.76 from pot
jl45259071: doesn't show hand
*** SUMMARY ***
Total pot $12 | Rake $0.24
Board [Qc 6d Th]
Seat 1: TheU10 (big blind) folded on the Flop
Seat 2: jl45259071 (button) (small blind) collected ($11.76)


PokerStars Hand #144468456982:  Hold'em Limit ($3/$6 USD) - 2015/11/27 14:01:29 ET
Table 'Sternberga' 2-max Seat #1 is the button
Seat 1: TheU10 ($138.63 in chips)
Seat 2: jl45259071 ($239.39 in chips)
TheU10: posts small blind $1
jl45259071: posts big blind $3
*** HOLE CARDS ***
TheU10: raises $3 to $6
jl45259071: calls $3
*** FLOP *** [Ad 6h Qc]
jl45259071: checks
TheU10: checks
*** TURN *** [Ad 6h Qc] [Ks]
jl45259071: checks
TheU10: checks
*** RIVER *** [Ad 6h Qc Ks] [Jc]
jl45259071: bets $6
TheU10: calls $6
*** SHOW DOWN ***
jl45259071: shows [7c Td] (a straight, Ten to Ace)
TheU10: mucks hand
jl45259071 collected $23.52 from pot
*** SUMMARY ***
Total pot $24 | Rake $0.48
Board [Ad 6h Qc Ks Jc]
Seat 1: TheU10 (button) (small blind) mucked
Seat 2: jl45259071 (big blind) showed [7c Td] and won ($23.52) with a straight, Ten to Ace


PokerStars Hand #144468496611:  Hold'em Limit ($3/$6 USD) - 2015/11/27 14:02:18 ET
Table 'Sternberga' 2-max Seat #2 is the button
Seat 1: TheU10 ($93.63 in chips)
Seat 2: jl45259071 ($283.17 in chips)
jl45259071: posts small blind $1
TheU10: posts big blind $3
*** HOLE CARDS ***
jl45259071: calls $2
TheU10: checks
*** FLOP *** [4d 2d Ac]
TheU10: bets $3
jl45259071: calls $3
*** TURN *** [4d 2d Ac] [2c]
TheU10: bets $6
jl45259071: folds
Uncalled bet ($6) returned to TheU10
TheU10 collected $11.76 from pot
TheU10: doesn't show hand
*** SUMMARY ***
Total pot $12 | Rake $0.24
Board [4d 2d Ac 2c]
Seat 1: TheU10 (big blind) collected ($11.76)
Seat 2: jl45259071 (button) (small blind) folded on the Turn


PokerStars Hand #144468485793:  Hold'em Limit ($3/$6 USD) - 2015/11/27 14:02:04 ET
Table 'Sternberga' 2-max Seat #1 is the button
Seat 1: TheU10 ($99.63 in chips)
Seat 2: jl45259071 ($277.41 in chips)
TheU10: posts small blind $1
jl45259071: posts big blind $3
*** HOLE CARDS ***
TheU10: raises $3 to $6
jl45259071: calls $3
*** FLOP *** [7h 4s 8h]
jl45259071: checks
TheU10: checks
*** TURN *** [7h 4s 8h] [As]
jl45259071: bets $6
TheU10: folds
Uncalled bet ($6) returned to jl45259071
jl45259071 collected $11.76 from pot
jl45259071: doesn't show hand
*** SUMMARY ***
Total pot $12 | Rake $0.24
Board [7h 4s 8h As]
Seat 1: TheU10 (button) (small blind) folded on the Turn
Seat 2: jl45259071 (big blind) collected ($11.76)


PokerStars Hand #144468468598:  Hold'em Limit ($3/$6 USD) - 2015/11/27 14:01:43 ET
Table 'Sternberga' 2-max Seat #2 is the button
Seat 1: TheU10 ($126.63 in chips)
Seat 2: jl45259071 ($250.91 in chips)
jl45259071: posts small blind $1
TheU10: posts big blind $3
*** HOLE CARDS ***
jl45259071: raises $3 to $6
TheU10: raises $3 to $9
jl45259071: raises $3 to $12
Betting is capped
TheU10: calls $3
*** FLOP *** [Qc Ah 4c]
TheU10: bets $3
jl45259071: calls $3
*** TURN *** [Qc Ah 4c] [Js]
TheU10: bets $6
jl45259071: calls $6
*** RIVER *** [Qc Ah 4c Js] [Th]
TheU10: checks
jl45259071: bets $6
TheU10: calls $6
*** SHOW DOWN ***
jl45259071: shows [Kc Ks] (a straight, Ten to Ace)
TheU10: mucks hand
jl45259071 collected $53.50 from pot
*** SUMMARY ***
Total pot $54 | Rake $0.50
Board [Qc Ah 4c Js Th]
Seat 1: TheU10 (big blind) mucked
Seat 2: jl45259071 (button) (small blind) showed [Kc Ks] and won ($53.50) with a straight, Ten to Ace


PokerStars Hand #144468551979:  Hold'em Limit ($3/$6 USD) - 2015/11/27 14:03:22 ET
Table 'Sternberga' 2-max Seat #1 is the button
Seat 1: TheU10 ($100.03 in chips)
Seat 2: jl45259071 ($275.81 in chips)
TheU10: posts small blind $1
jl45259071: posts big blind $3
*** HOLE CARDS ***
TheU10: raises $3 to $6
jl45259071: calls $3
*** FLOP *** [7h 9h 6s]
jl45259071: checks
TheU10: checks
*** TURN *** [7h 9h 6s] [4h]
jl45259071: checks
TheU10: bets $6
jl45259071: calls $6
*** RIVER *** [7h 9h 6s 4h] [2c]
jl45259071: checks
TheU10: checks
*** SHOW DOWN ***
jl45259071: shows [8d 6d] (a pair of Sixes)
TheU10: mucks hand
jl45259071 collected $23.52 from pot
*** SUMMARY ***
Total pot $24 | Rake $0.48
Board [7h 9h 6s 4h 2c]
Seat 1: TheU10 (button) (small blind) mucked
Seat 2: jl45259071 (big blind) showed [8d 6d] and won ($23.52) with a pair of Sixes


PokerStars Hand #144468547774:  Hold'em Limit ($3/$6 USD) - 2015/11/27 14:03:17 ET
Table 'Sternberga' 2-max Seat #2 is the button
Seat 1: TheU10 ($99.03 in chips)
Seat 2: jl45259071 ($276.81 in chips)
jl45259071: posts small blind $1
TheU10: posts big blind $3
*** HOLE CARDS ***
jl45259071: folds
Uncalled bet ($2) returned to TheU10
TheU10 collected $2 from pot
TheU10: doesn't show hand
*** SUMMARY ***
Total pot $2 | Rake $0
Seat 1: TheU10 (big blind) collected ($2)
Seat 2: jl45259071 (button) (small blind) folded before Flop


PokerStars Hand #144468536415:  Hold'em Limit ($3/$6 USD) - 2015/11/27 14:03:05 ET
Table 'Sternberga' 2-max Seat #1 is the button
Seat 1: TheU10 ($108.03 in chips)
Seat 2: jl45259071 ($268.17 in chips)
TheU10: posts small blind $1
jl45259071: posts big blind $3
*** HOLE CARDS ***
TheU10: raises $3 to $6
jl45259071: raises $3 to $9
TheU10: calls $3
*** FLOP *** [Kc 4s 9d]
jl45259071: bets $3
TheU10: folds
Uncalled bet ($3) returned to jl45259071
jl45259071 collected $17.64 from pot
jl45259071: doesn't show hand
*** SUMMARY ***
Total pot $18 | Rake $0.36
Board [Kc 4s 9d]
Seat 1: TheU10 (button) (small blind) folded on the Flop
Seat 2: jl45259071 (big blind) collected ($17.64)


PokerStars Hand #144468517835:  Hold'em Limit ($3/$6 USD) - 2015/11/27 14:02:43 ET
Table 'Sternberga' 2-max Seat #2 is the button
Seat 1: TheU10 ($105.15 in chips)
Seat 2: jl45259071 ($271.17 in chips)
jl45259071: posts small blind $1
TheU10: posts big blind $3
*** HOLE CARDS ***
jl45259071: calls $2
TheU10: checks
*** FLOP *** [Qh Kc 3d]
TheU10: checks
jl45259071: checks
*** TURN *** [Qh Kc 3d] [Tc]
TheU10: checks
jl45259071: checks
*** RIVER *** [Qh Kc 3d Tc] [9c]
TheU10: checks
jl45259071: checks
*** SHOW DOWN ***
TheU10: shows [Td 8c] (a pair of Tens)
jl45259071: mucks hand
TheU10 collected $5.88 from pot
*** SUMMARY ***
Total pot $6 | Rake $0.12
Board [Qh Kc 3d Tc 9c]
Seat 1: TheU10 (big blind) showed [Td 8c] and won ($5.88) with a pair of Tens
Seat 2: jl45259071 (button) (small blind) mucked


PokerStars Hand #144468585125:  Hold'em Limit ($3/$6 USD) - 2015/11/27 14:04:01 ET
Table 'Sternberga' 2-max Seat #1 is the button
Seat 1: TheU10 ($87.78 in chips)
Seat 2: jl45259071 ($287.08 in chips)
TheU10: posts small blind $1
jl45259071: posts big blind $3
*** HOLE CARDS ***
TheU10: raises $3 to $6
jl45259071: raises $3 to $9
TheU10: calls $3
*** FLOP *** [Qd 5h 2s]
jl45259071: bets $3
TheU10: calls $3
*** TURN *** [Qd 5h 2s] [9d]
jl45259071: bets $6
TheU10: folds
Uncalled bet ($6) returned to jl45259071
jl45259071 collected $23.52 from pot
jl45259071: doesn't show hand
*** SUMMARY ***
Total pot $24 | Rake $0.48
Board [Qd 5h 2s 9d]
Seat 1: TheU10 (button) (small blind) folded on the Turn
Seat 2: jl45259071 (big blind) collected ($23.52)


PokerStars Hand #144468565731:  Hold'em Limit ($3/$6 USD) - 2015/11/27 14:03:39 ET
Table 'Sternberga' 2-max Seat #2 is the button
Seat 1: TheU10 ($88.03 in chips)
Seat 2: jl45259071 ($287.33 in chips)
jl45259071: posts small blind $1
TheU10: posts big blind $3
*** HOLE CARDS ***
jl45259071: calls $2
TheU10: checks
*** FLOP *** [Qs 8h 6c]
TheU10: checks
jl45259071: bets $3
TheU10: raises $3 to $6
jl45259071: raises $3 to $9
TheU10: calls $3
*** TURN *** [Qs 8h 6c] [9s]
TheU10: checks
jl45259071: bets $6
TheU10: calls $6
*** RIVER *** [Qs 8h 6c 9s] [Kc]
TheU10: bets $6
jl45259071: calls $6
*** SHOW DOWN ***
TheU10: shows [6h 8c] (two pair, Eights and Sixes)
jl45259071: shows [6d 8s] (two pair, Eights and Sixes)
TheU10 collected $23.75 from pot
jl45259071 collected $23.75 from pot
*** SUMMARY ***
Total pot $48 | Rake $0.50
Board [Qs 8h 6c 9s Kc]
Seat 1: TheU10 (big blind) showed [6h 8c] and won ($23.75) with two pair, Eights and Sixes
Seat 2: jl45259071 (button) (small blind) showed [6d 8s] and won ($23.75) with two pair, Eights and Sixes


PokerStars Hand #144468606351:  Hold'em Limit ($3/$6 USD) - 2015/11/27 14:04:25 ET
Table 'Sternberga' 2-max Seat #1 is the button
Seat 1: TheU10 ($76.78 in chips)
Seat 2: jl45259071 ($297.60 in chips)
TheU10: posts small blind $1
jl45259071: posts big blind $3
*** HOLE CARDS ***
TheU10: calls $2
jl45259071: checks
*** FLOP *** [3h 6h 5c]
jl45259071: checks
TheU10: bets $3
jl45259071: calls $3
*** TURN *** [3h 6h 5c] [Td]
jl45259071: checks
TheU10: bets $6
jl45259071: calls $6
*** RIVER *** [3h 6h 5c Td] [Jh]
jl45259071: checks
TheU10: bets $6
jl45259071: folds
Uncalled bet ($6) returned to TheU10
TheU10 collected $23.52 from pot
TheU10: doesn't show hand
*** SUMMARY ***
Total pot $24 | Rake $0.48
Board [3h 6h 5c Td Jh]
Seat 1: TheU10 (button) (small blind) collected ($23.52)
Seat 2: jl45259071 (big blind) folded on the River


PokerStars Hand #144468652280:  Hold'em Limit ($3/$6 USD) - 2015/11/27 14:05:18 ET
Table 'Sternberga' 2-max Seat #2 is the button
Seat 1: TheU10 ($85.18 in chips)
Seat 2: jl45259071 ($288.36 in chips)
jl45259071: posts small blind $1
TheU10: posts big blind $3
*** HOLE CARDS ***
jl45259071: calls $2
TheU10: checks
*** FLOP *** [7c 9s 4s]
TheU10: checks
jl45259071: checks
*** TURN *** [7c 9s 4s] [6c]
TheU10: bets $6
jl45259071: calls $6
*** RIVER *** [7c 9s 4s 6c] [Ad]
TheU10: bets $6
jl45259071: folds
Uncalled bet ($6) returned to TheU10
TheU10 collected $17.64 from pot
TheU10: doesn't show hand
*** SUMMARY ***
Total pot $18 | Rake $0.36
Board [7c 9s 4s 6c Ad]
Seat 1: TheU10 (big blind) collected ($17.64)
Seat 2: jl45259071 (button) (small blind) folded on the River


PokerStars Hand #144468640671:  Hold'em Limit ($3/$6 USD) - 2015/11/27 14:05:05 ET
Table 'Sternberga' 2-max Seat #1 is the button
Seat 1: TheU10 ($91.18 in chips)
Seat 2: jl45259071 ($282.60 in chips)
TheU10: posts small blind $1
jl45259071: posts big blind $3
*** HOLE CARDS ***
TheU10: calls $2
jl45259071: raises $3 to $6
TheU10: calls $3
*** FLOP *** [Td Th 7c]
jl45259071: bets $3
TheU10: folds
Uncalled bet ($3) returned to jl45259071
jl45259071 collected $11.76 from pot
jl45259071: doesn't show hand
*** SUMMARY ***
Total pot $12 | Rake $0.24
Board [Td Th 7c]
Seat 1: TheU10 (button) (small blind) folded on the Flop
Seat 2: jl45259071 (big blind) collected ($11.76)


PokerStars Hand #144468626973:  Hold'em Limit ($3/$6 USD) - 2015/11/27 14:04:49 ET
Table 'Sternberga' 2-max Seat #2 is the button
Seat 1: TheU10 ($88.30 in chips)
Seat 2: jl45259071 ($285.60 in chips)
jl45259071: posts small blind $1
TheU10: posts big blind $3
*** HOLE CARDS ***
jl45259071: calls $2
TheU10: checks
*** FLOP *** [4c 9c Qc]
TheU10: checks
jl45259071: checks
*** TURN *** [4c 9c Qc] [2s]
TheU10: checks
jl45259071: checks
*** RIVER *** [4c 9c Qc 2s] [2c]
TheU10: checks
jl45259071: checks
*** SHOW DOWN ***
TheU10: shows [Tc 9h] (a flush, Queen high)
jl45259071: mucks hand
TheU10 collected $5.88 from pot
*** SUMMARY ***
Total pot $6 | Rake $0.12
Board [4c 9c Qc 2s 2c]
Seat 1: TheU10 (big blind) showed [Tc 9h] and won ($5.88) with a flush, Queen high
Seat 2: jl45259071 (button) (small blind) mucked


PokerStars Hand #144468701028:  Hold'em Limit ($3/$6 USD) - 2015/11/27 14:06:14 ET
Table 'Sternberga' 2-max Seat #1 is the button
Seat 1: TheU10 ($105.32 in chips)
Seat 2: jl45259071 ($267.24 in chips)
TheU10: posts small blind $1
jl45259071: posts big blind $3
*** HOLE CARDS ***
TheU10: calls $2
jl45259071: checks
*** FLOP *** [9s Jd 8d]
jl45259071: checks
TheU10: checks
*** TURN *** [9s Jd 8d] [5s]
jl45259071: checks
TheU10: bets $6
jl45259071: calls $6
*** RIVER *** [9s Jd 8d 5s] [6h]
jl45259071: checks
TheU10: bets $6
jl45259071: calls $6
*** SHOW DOWN ***
TheU10: shows [5d 8h] (two pair, Eights and Fives)
jl45259071: mucks hand
TheU10 collected $29.50 from pot
*** SUMMARY ***
Total pot $30 | Rake $0.50
Board [9s Jd 8d 5s 6h]
Seat 1: TheU10 (button) (small blind) showed [5d 8h] and won ($29.50) with two pair, Eights and Fives
Seat 2: jl45259071 (big blind) mucked


PokerStars Hand #144468669783:  Hold'em Limit ($3/$6 USD) - 2015/11/27 14:05:38 ET
Table 'Sternberga' 2-max Seat #1 is the button
Seat 1: TheU10 ($93.82 in chips)
Seat 2: jl45259071 ($279.36 in chips)
TheU10: posts small blind $1
jl45259071: posts big blind $3
*** HOLE CARDS ***
TheU10: calls $2
jl45259071: checks
*** FLOP *** [3d Jd Qc]
jl45259071: checks
TheU10: checks
*** TURN *** [3d Jd Qc] [6s]
jl45259071: bets $6
TheU10: folds
Uncalled bet ($6) returned to jl45259071
jl45259071 collected $5.88 from pot
jl45259071: doesn't show hand
*** SUMMARY ***
Total pot $6 | Rake $0.12
Board [3d Jd Qc 6s]
Seat 1: TheU10 (button) (small blind) folded on the Turn
Seat 2: jl45259071 (big blind) collected ($5.88)


PokerStars Hand #144468684281:  Hold'em Limit ($3/$6 USD) - 2015/11/27 14:05:55 ET
Table 'Sternberga' 2-max Seat #2 is the button
Seat 1: TheU10 ($90.82 in chips)
Seat 2: jl45259071 ($282.24 in chips)
jl45259071: posts small blind $1
TheU10: posts big blind $3
*** HOLE CARDS ***
jl45259071: calls $2
TheU10: checks
*** FLOP *** [4s Th Tc]
TheU10: checks
jl45259071: checks
*** TURN *** [4s Th Tc] [5s]
TheU10: checks
jl45259071: checks
*** RIVER *** [4s Th Tc 5s] [Qd]
TheU10: checks
jl45259071: bets $6
TheU10: raises $6 to $12
jl45259071: calls $6
*** SHOW DOWN ***
TheU10: shows [8c Td] (three of a kind, Tens)
jl45259071: mucks hand
TheU10 collected $29.50 from pot
*** SUMMARY ***
Total pot $30 | Rake $0.50
Board [4s Th Tc 5s Qd]
Seat 1: TheU10 (big blind) showed [8c Td] and won ($29.50) with three of a kind, Tens
Seat 2: jl45259071 (button) (small blind) mucked


PokerStars Hand #144468737980:  Hold'em Limit ($3/$6 USD) - 2015/11/27 14:06:57 ET
Table 'Sternberga' 2-max Seat #1 is the button
Seat 1: TheU10 ($92.82 in chips)
Seat 2: jl45259071 ($278.74 in chips)
TheU10: posts small blind $1
jl45259071: posts big blind $3
*** HOLE CARDS ***
TheU10: folds
Uncalled bet ($2) returned to jl45259071
jl45259071 collected $2 from pot
jl45259071: doesn't show hand
*** SUMMARY ***
Total pot $2 | Rake $0
Seat 1: TheU10 (button) (small blind) folded before Flop
Seat 2: jl45259071 (big blind) collected ($2)


PokerStars Hand #144468719873:  Hold'em Limit ($3/$6 USD) - 2015/11/27 14:06:36 ET
Table 'Sternberga' 2-max Seat #2 is the button
Seat 1: TheU10 ($119.82 in chips)
Seat 2: jl45259071 ($252.24 in chips)
jl45259071: posts small blind $1
TheU10: posts big blind $3
*** HOLE CARDS ***
jl45259071: calls $2
TheU10: checks
*** FLOP *** [5s 6c 2c]
TheU10: bets $3
jl45259071: raises $3 to $6
TheU10: raises $3 to $9
jl45259071: raises $3 to $12
Betting is capped
TheU10: calls $3
*** TURN *** [5s 6c 2c] [8d]
TheU10: checks
jl45259071: bets $6
TheU10: calls $6
*** RIVER *** [5s 6c 2c 8d] [Jd]
TheU10: checks
jl45259071: bets $6
TheU10: calls $6
*** SHOW DOWN ***
jl45259071: shows [6h 5d] (two pair, Sixes and Fives)
TheU10: mucks hand
jl45259071 collected $53.50 from pot
*** SUMMARY ***
Total pot $54 | Rake $0.50
Board [5s 6c 2c 8d Jd]
Seat 1: TheU10 (big blind) mucked
Seat 2: jl45259071 (button) (small blind) showed [6h 5d] and won ($53.50) with two pair, Sixes and Fives


PokerStars Hand #144468753259:  Hold'em Limit ($3/$6 USD) - 2015/11/27 14:07:14 ET
Table 'Sternberga' 2-max Seat #1 is the button
Seat 1: TheU10 ($91.76 in chips)
Seat 2: jl45259071 ($279.68 in chips)
TheU10: posts small blind $1
jl45259071: posts big blind $3
*** HOLE CARDS ***
TheU10: folds
Uncalled bet ($2) returned to jl45259071
jl45259071 collected $2 from pot
jl45259071: doesn't show hand
*** SUMMARY ***
Total pot $2 | Rake $0
Seat 1: TheU10 (button) (small blind) folded before Flop
Seat 2: jl45259071 (big blind) collected ($2)


PokerStars Hand #144468795422:  Hold'em Limit ($3/$6 USD) - 2015/11/27 14:08:03 ET
Table 'Sternberga' 2-max Seat #1 is the button
Seat 1: TheU10 ($84.76 in chips)
Seat 2: jl45259071 ($286.44 in chips)
TheU10: posts small blind $1
jl45259071: posts big blind $3
*** HOLE CARDS ***
TheU10: calls $2
jl45259071: raises $3 to $6
TheU10: calls $3
*** FLOP *** [5c 2s 3h]
jl45259071: bets $3
TheU10: calls $3
*** TURN *** [5c 2s 3h] [3s]
jl45259071: bets $6
TheU10: raises $6 to $12
jl45259071: calls $6
*** RIVER *** [5c 2s 3h 3s] [5d]
jl45259071: checks
TheU10: checks
*** SHOW DOWN ***
jl45259071: shows [Tc Kd] (two pair, Fives and Threes)
TheU10: mucks hand
jl45259071 collected $41.50 from pot
*** SUMMARY ***
Total pot $42 | Rake $0.50
Board [5c 2s 3h 3s 5d]
Seat 1: TheU10 (button) (small blind) mucked
Seat 2: jl45259071 (big blind) showed [Tc Kd] and won ($41.50) with two pair, Fives and Threes


PokerStars Hand #144468811113:  Hold'em Limit ($3/$6 USD) - 2015/11/27 14:08:21 ET
Table 'Sternberga' 2-max Seat #2 is the button
Seat 1: TheU10 ($63.76 in chips)
Seat 2: jl45259071 ($306.94 in chips)
jl45259071: posts small blind $1
TheU10: posts big blind $3
*** HOLE CARDS ***
jl45259071: calls $2
TheU10: checks
*** FLOP *** [4s 5c 4d]
TheU10: checks
jl45259071: checks
*** TURN *** [4s 5c 4d] [Ad]
TheU10: checks
jl45259071: checks
*** RIVER *** [4s 5c 4d Ad] [3h]
TheU10: bets $6
jl45259071: calls $6
*** SHOW DOWN ***
TheU10: shows [7d Ts] (a pair of Fours)
jl45259071: shows [8d Kd] (a pair of Fours - Ace+King kicker)
jl45259071 collected $17.64 from pot
*** SUMMARY ***
Total pot $18 | Rake $0.36
Board [4s 5c 4d Ad 3h]
Seat 1: TheU10 (big blind) showed [7d Ts] and lost with a pair of Fours
Seat 2: jl45259071 (button) (small blind) showed [8d Kd] and won ($17.64) with a pair of Fours


PokerStars Hand #144468827788:  Hold'em Limit ($3/$6 USD) - 2015/11/27 14:08:40 ET
Table 'Sternberga' 2-max Seat #1 is the button
Seat 1: TheU10 ($134.76 in chips)
Seat 2: jl45259071 ($315.58 in chips)
TheU10: posts small blind $1
jl45259071: posts big blind $3
*** HOLE CARDS ***
TheU10: raises $3 to $6
jl45259071: calls $3
*** FLOP *** [Ts Ks Qc]
jl45259071: checks
TheU10: bets $3
jl45259071: folds
Uncalled bet ($3) returned to TheU10
TheU10 collected $11.76 from pot
TheU10: doesn't show hand
*** SUMMARY ***
Total pot $12 | Rake $0.24
Board [Ts Ks Qc]
Seat 1: TheU10 (button) (small blind) collected ($11.76)
Seat 2: jl45259071 (big blind) folded on the Flop


PokerStars Hand #144469178555:  Hold'em Limit ($3/$6 USD) - 2015/11/27 14:15:27 ET
Table 'Sternberga' 2-max Seat #1 is the button
Seat 1: TheU10 ($137.52 in chips)
Seat 2: jl45259071 ($312.58 in chips)
TheU10: posts small blind $1
jl45259071: posts big blind $3
*** HOLE CARDS ***
TheU10: calls $2
jl45259071: checks
*** FLOP *** [6d 3s 8d]
jl45259071: checks
TheU10: checks
*** TURN *** [6d 3s 8d] [9h]
jl45259071: checks
TheU10: checks
*** RIVER *** [6d 3s 8d 9h] [2s]
jl45259071: bets $6
TheU10: folds
Uncalled bet ($6) returned to jl45259071
jl45259071 collected $5.88 from pot
jl45259071: doesn't show hand
*** SUMMARY ***
Total pot $6 | Rake $0.12
Board [6d 3s 8d 9h 2s]
Seat 1: TheU10 (button) (small blind) folded on the River
Seat 2: jl45259071 (big blind) collected ($5.88)


PokerStars Hand #144469213480:  Hold'em Limit ($3/$6 USD) - 2015/11/27 14:16:07 ET
Table 'Sternberga' 2-max Seat #2 is the button
Seat 1: TheU10 ($141.28 in chips)
Seat 2: jl45259071 ($308.46 in chips)
jl45259071: posts small blind $1
TheU10: posts big blind $3
*** HOLE CARDS ***
jl45259071: raises $3 to $6
TheU10: calls $3
*** FLOP *** [9s Kh 8h]
TheU10: checks
jl45259071: bets $3
TheU10: folds
Uncalled bet ($3) returned to jl45259071
jl45259071 collected $11.76 from pot
jl45259071: doesn't show hand
*** SUMMARY ***
Total pot $12 | Rake $0.24
Board [9s Kh 8h]
Seat 1: TheU10 (big blind) folded on the Flop
Seat 2: jl45259071 (button) (small blind) collected ($11.76)


PokerStars Hand #144469222273:  Hold'em Limit ($3/$6 USD) - 2015/11/27 14:16:17 ET
Table 'Sternberga' 2-max Seat #1 is the button
Seat 1: TheU10 ($135.28 in chips)
Seat 2: jl45259071 ($314.22 in chips)
TheU10: posts small blind $1
jl45259071: posts big blind $3
*** HOLE CARDS ***
TheU10: raises $3 to $6
jl45259071: calls $3
*** FLOP *** [6s 7d 4d]
jl45259071: checks
TheU10: checks
*** TURN *** [6s 7d 4d] [7s]
jl45259071: checks
TheU10: bets $6
jl45259071: folds
Uncalled bet ($6) returned to TheU10
TheU10 collected $11.76 from pot
TheU10: doesn't show hand
*** SUMMARY ***
Total pot $12 | Rake $0.24
Board [6s 7d 4d 7s]
Seat 1: TheU10 (button) (small blind) collected ($11.76)
Seat 2: jl45259071 (big blind) folded on the Turn


PokerStars Hand #144469235571:  Hold'em Limit ($3/$6 USD) - 2015/11/27 14:16:32 ET
Table 'Sternberga' 2-max Seat #2 is the button
Seat 1: TheU10 ($141.04 in chips)
Seat 2: jl45259071 ($308.22 in chips)
jl45259071: posts small blind $1
TheU10: posts big blind $3
*** HOLE CARDS ***
jl45259071: calls $2
TheU10: raises $3 to $6
jl45259071: calls $3
*** FLOP *** [3h Tc 6c]
TheU10: checks
jl45259071: checks
*** TURN *** [3h Tc 6c] [6s]
TheU10: bets $6
jl45259071: folds
Uncalled bet ($6) returned to TheU10
TheU10 collected $11.76 from pot
TheU10: doesn't show hand
*** SUMMARY ***
Total pot $12 | Rake $0.24
Board [3h Tc 6c 6s]
Seat 1: TheU10 (big blind) collected ($11.76)
Seat 2: jl45259071 (button) (small blind) folded on the Turn


PokerStars Hand #144469201665:  Hold'em Limit ($3/$6 USD) - 2015/11/27 14:15:53 ET
Table 'Sternberga' 2-max Seat #1 is the button
Seat 1: TheU10 ($135.52 in chips)
Seat 2: jl45259071 ($314.46 in chips)
TheU10: posts small blind $1
jl45259071: posts big blind $3
*** HOLE CARDS ***
TheU10: raises $3 to $6
jl45259071: calls $3
*** FLOP *** [7s 7c 3h]
jl45259071: checks
TheU10: checks
*** TURN *** [7s 7c 3h] [6h]
jl45259071: checks
TheU10: bets $6
jl45259071: folds
Uncalled bet ($6) returned to TheU10
TheU10 collected $11.76 from pot
TheU10: doesn't show hand
*** SUMMARY ***
Total pot $12 | Rake $0.24
Board [7s 7c 3h 6h]
Seat 1: TheU10 (button) (small blind) collected ($11.76)
Seat 2: jl45259071 (big blind) folded on the Turn


PokerStars Hand #144469263566:  Hold'em Limit ($3/$6 USD) - 2015/11/27 14:17:05 ET
Table 'Sternberga' 2-max Seat #2 is the button
Seat 1: TheU10 ($122.80 in chips)
Seat 2: jl45259071 ($325.72 in chips)
jl45259071: posts small blind $1
TheU10: posts big blind $3
*** HOLE CARDS ***
jl45259071: calls $2
TheU10: raises $3 to $6
jl45259071: calls $3
*** FLOP *** [Js 5d 4c]
TheU10: bets $3
jl45259071: calls $3
*** TURN *** [Js 5d 4c] [3s]
TheU10: bets $6
jl45259071: calls $6
*** RIVER *** [Js 5d 4c 3s] [4h]
TheU10: checks
jl45259071: checks
*** SHOW DOWN ***
TheU10: shows [Jc Kd] (two pair, Jacks and Fours)
jl45259071: mucks hand
TheU10 collected $29.50 from pot
*** SUMMARY ***
Total pot $30 | Rake $0.50
Board [Js 5d 4c 3s 4h]
Seat 1: TheU10 (big blind) showed [Jc Kd] and won ($29.50) with two pair, Jacks and Fours
Seat 2: jl45259071 (button) (small blind) mucked


PokerStars Hand #144469276468:  Hold'em Limit ($3/$6 USD) - 2015/11/27 14:17:19 ET
Table 'Sternberga' 2-max Seat #1 is the button
Seat 1: TheU10 ($137.30 in chips)
Seat 2: jl45259071 ($310.72 in chips)
TheU10: posts small blind $1
jl45259071: posts big blind $3
*** HOLE CARDS ***
TheU10: raises $3 to $6
jl45259071: calls $3
*** FLOP *** [Ks Ac Qs]
jl45259071: checks
TheU10: bets $3
jl45259071: calls $3
*** TURN *** [Ks Ac Qs] [6h]
jl45259071: checks
TheU10: bets $6
jl45259071: calls $6
*** RIVER *** [Ks Ac Qs 6h] [5c]
jl45259071: checks
TheU10: checks
*** SHOW DOWN ***
jl45259071: shows [Th 6d] (a pair of Sixes)
TheU10: shows [6s Js] (a pair of Sixes)
jl45259071 collected $14.75 from pot
TheU10 collected $14.75 from pot
*** SUMMARY ***
Total pot $30 | Rake $0.50
Board [Ks Ac Qs 6h 5c]
Seat 1: TheU10 (button) (small blind) showed [6s Js] and won ($14.75) with a pair of Sixes
Seat 2: jl45259071 (big blind) showed [Th 6d] and won ($14.75) with a pair of Sixes


PokerStars Hand #144469250728:  Hold'em Limit ($3/$6 USD) - 2015/11/27 14:16:50 ET
Table 'Sternberga' 2-max Seat #1 is the button
Seat 1: TheU10 ($146.80 in chips)
Seat 2: jl45259071 ($302.22 in chips)
TheU10: posts small blind $1
jl45259071: posts big blind $3
*** HOLE CARDS ***
TheU10: raises $3 to $6
jl45259071: raises $3 to $9
TheU10: calls $3
*** FLOP *** [2c 6s Ac]
jl45259071: bets $3
TheU10: calls $3
*** TURN *** [2c 6s Ac] [Ad]
jl45259071: bets $6
TheU10: calls $6
*** RIVER *** [2c 6s Ac Ad] [Kd]
jl45259071: bets $6
TheU10: calls $6
*** SHOW DOWN ***
jl45259071: shows [Ks Ah] (a full house, Aces full of Kings)
TheU10: mucks hand
jl45259071 collected $47.50 from pot
*** SUMMARY ***
Total pot $48 | Rake $0.50
Board [2c 6s Ac Ad Kd]
Seat 1: TheU10 (button) (small blind) mucked
Seat 2: jl45259071 (big blind) showed [Ks Ah] and won ($47.50) with a full house, Aces full of Kings


PokerStars Hand #144469314436:  Hold'em Limit ($3/$6 USD) - 2015/11/27 14:18:03 ET
Table 'Sternberga' 2-max Seat #1 is the button
Seat 1: TheU10 ($145.69 in chips)
Seat 2: jl45259071 ($301.47 in chips)
TheU10: posts small blind $1
jl45259071: posts big blind $3
*** HOLE CARDS ***
TheU10: calls $2
jl45259071: raises $3 to $6
TheU10: calls $3
*** FLOP *** [Jd Ks 4h]
jl45259071: bets $3
TheU10: folds
Uncalled bet ($3) returned to jl45259071
jl45259071 collected $11.76 from pot
jl45259071: doesn't show hand
*** SUMMARY ***
Total pot $12 | Rake $0.24
Board [Jd Ks 4h]
Seat 1: TheU10 (button) (small blind) folded on the Flop
Seat 2: jl45259071 (big blind) collected ($11.76)


PokerStars Hand #144469329397:  Hold'em Limit ($3/$6 USD) - 2015/11/27 14:18:20 ET
Table 'Sternberga' 2-max Seat #2 is the button
Seat 1: TheU10 ($139.69 in chips)
Seat 2: jl45259071 ($307.23 in chips)
jl45259071: posts small blind $1
TheU10: posts big blind $3
*** HOLE CARDS ***
jl45259071: calls $2
TheU10: raises $3 to $6
jl45259071: calls $3
*** FLOP *** [5h Qd 9h]
TheU10: bets $3
jl45259071: calls $3
*** TURN *** [5h Qd 9h] [Ad]
TheU10: bets $6
jl45259071: calls $6
*** RIVER *** [5h Qd 9h Ad] [Jd]
TheU10: bets $6
jl45259071: folds
Uncalled bet ($6) returned to TheU10
TheU10 collected $29.50 from pot
TheU10: doesn't show hand
*** SUMMARY ***
Total pot $30 | Rake $0.50
Board [5h Qd 9h Ad Jd]
Seat 1: TheU10 (big blind) collected ($29.50)
Seat 2: jl45259071 (button) (small blind) folded on the River


PokerStars Hand #144469341867:  Hold'em Limit ($3/$6 USD) - 2015/11/27 14:18:35 ET
Table 'Sternberga' 2-max Seat #1 is the button
Seat 1: TheU10 ($154.19 in chips)
Seat 2: jl45259071 ($292.23 in chips)
TheU10: posts small blind $1
jl45259071: posts big blind $3
*** HOLE CARDS ***
TheU10: raises $3 to $6
jl45259071: raises $3 to $9
TheU10: calls $3
*** FLOP *** [4d 7h 4s]
jl45259071: bets $3
TheU10: raises $3 to $6
jl45259071: calls $3
*** TURN *** [4d 7h 4s] [7d]
jl45259071: checks
TheU10: bets $6
jl45259071: calls $6
*** RIVER *** [4d 7h 4s 7d] [8h]
jl45259071: checks
TheU10: bets $6
jl45259071: folds
Uncalled bet ($6) returned to TheU10
TheU10 collected $41.50 from pot
TheU10: doesn't show hand
*** SUMMARY ***
Total pot $42 | Rake $0.50
Board [4d 7h 4s 7d 8h]
Seat 1: TheU10 (button) (small blind) collected ($41.50)
Seat 2: jl45259071 (big blind) folded on the River


PokerStars Hand #144469300178:  Hold'em Limit ($3/$6 USD) - 2015/11/27 14:17:47 ET
Table 'Sternberga' 2-max Seat #2 is the button
Seat 1: TheU10 ($137.05 in chips)
Seat 2: jl45259071 ($310.47 in chips)
jl45259071: posts small blind $1
TheU10: posts big blind $3
*** HOLE CARDS ***
jl45259071: calls $2
TheU10: raises $3 to $6
jl45259071: calls $3
*** FLOP *** [5h 4d Ad]
TheU10: bets $3
jl45259071: calls $3
*** TURN *** [5h 4d Ad] [Ac]
TheU10: checks
jl45259071: checks
*** RIVER *** [5h 4d Ad Ac] [4s]
TheU10: bets $6
jl45259071: folds
Uncalled bet ($6) returned to TheU10
TheU10 collected $17.64 from pot
TheU10: doesn't show hand
*** SUMMARY ***
Total pot $18 | Rake $0.36
Board [5h 4d Ad Ac 4s]
Seat 1: TheU10 (big blind) collected ($17.64)
Seat 2: jl45259071 (button) (small blind) folded on the River


PokerStars Hand #144469380949:  Hold'em Limit ($3/$6 USD) - 2015/11/27 14:19:20 ET
Table 'Sternberga' 2-max Seat #2 is the button
Seat 1: TheU10 ($183.33 in chips)
Seat 2: jl45259071 ($262.23 in chips)
jl45259071: posts small blind $1
TheU10: posts big blind $3
*** HOLE CARDS ***
jl45259071: folds
Uncalled bet ($2) returned to TheU10
TheU10 collected $2 from pot
TheU10: doesn't show hand
*** SUMMARY ***
Total pot $2 | Rake $0
Seat 1: TheU10 (big blind) collected ($2)
Seat 2: jl45259071 (button) (small blind) folded before Flop


PokerStars Hand #144469369208:  Hold'em Limit ($3/$6 USD) - 2015/11/27 14:19:06 ET
Table 'Sternberga' 2-max Seat #1 is the button
Seat 1: TheU10 ($177.57 in chips)
Seat 2: jl45259071 ($268.23 in chips)
TheU10: posts small blind $1
jl45259071: posts big blind $3
*** HOLE CARDS ***
TheU10: raises $3 to $6
jl45259071: calls $3
*** FLOP *** [9s Tc 4h]
jl45259071: checks
TheU10: bets $3
jl45259071: folds
Uncalled bet ($3) returned to TheU10
TheU10 collected $11.76 from pot
TheU10: doesn't show hand
*** SUMMARY ***
Total pot $12 | Rake $0.24
Board [9s Tc 4h]
Seat 1: TheU10 (button) (small blind) collected ($11.76)
Seat 2: jl45259071 (big blind) folded on the Flop


PokerStars Hand #144469385259:  Hold'em Limit ($3/$6 USD) - 2015/11/27 14:19:25 ET
Table 'Sternberga' 2-max Seat #1 is the button
Seat 1: TheU10 ($184.33 in chips)
Seat 2: jl45259071 ($261.23 in chips)
TheU10: posts small blind $1
jl45259071: posts big blind $3
*** HOLE CARDS ***
TheU10: calls $2
jl45259071: checks
*** FLOP *** [6d 5s 8s]
jl45259071: checks
TheU10: checks
*** TURN *** [6d 5s 8s] [8d]
jl45259071: checks
TheU10: bets $6
jl45259071: raises $6 to $12
TheU10: calls $6
*** RIVER *** [6d 5s 8s 8d] [Js]
jl45259071: checks
TheU10: checks
*** SHOW DOWN ***
jl45259071: shows [7c 2h] (a pair of Eights)
TheU10: shows [Kc 5h] (two pair, Eights and Fives)
TheU10 collected $29.50 from pot
*** SUMMARY ***
Total pot $30 | Rake $0.50
Board [6d 5s 8s 8d Js]
Seat 1: TheU10 (button) (small blind) showed [Kc 5h] and won ($29.50) with two pair, Eights and Fives
Seat 2: jl45259071 (big blind) showed [7c 2h] and lost with a pair of Eights


PokerStars Hand #144469357807:  Hold'em Limit ($3/$6 USD) - 2015/11/27 14:18:53 ET
Table 'Sternberga' 2-max Seat #2 is the button
Seat 1: TheU10 ($174.69 in chips)
Seat 2: jl45259071 ($271.23 in chips)
jl45259071: posts small blind $1
TheU10: posts big blind $3
*** HOLE CARDS ***
jl45259071: calls $2
TheU10: checks
*** FLOP *** [4h 4s 7c]
TheU10: checks
jl45259071: checks
*** TURN *** [4h 4s 7c] [Qh]
TheU10: checks
jl45259071: checks
*** RIVER *** [4h 4s 7c Qh] [Ks]
TheU10: bets $6
jl45259071: folds
Uncalled bet ($6) returned to TheU10
TheU10 collected $5.88 from pot
TheU10: doesn't show hand
*** SUMMARY ***
Total pot $6 | Rake $0.12
Board [4h 4s 7c Qh Ks]
Seat 1: TheU10 (big blind) collected ($5.88)
Seat 2: jl45259071 (button) (small blind) folded on the River


PokerStars Hand #144469423964:  Hold'em Limit ($3/$6 USD) - 2015/11/27 14:20:09 ET
Table 'Sternberga' 2-max Seat #2 is the button
Seat 1: TheU10 ($189.47 in chips)
Seat 2: jl45259071 ($254.73 in chips)
jl45259071: posts small blind $1
TheU10: posts big blind $3
*** HOLE CARDS ***
jl45259071: calls $2
TheU10: checks
*** FLOP *** [Jh Ks 9s]
TheU10: checks
jl45259071: checks
*** TURN *** [Jh Ks 9s] [9d]
TheU10: checks
jl45259071: checks
*** RIVER *** [Jh Ks 9s 9d] [Tc]
TheU10: checks
jl45259071: bets $6
TheU10: calls $6
*** SHOW DOWN ***
jl45259071: shows [6d Qs] (a straight, Nine to King)
TheU10: mucks hand
jl45259071 collected $17.64 from pot
*** SUMMARY ***
Total pot $18 | Rake $0.36
Board [Jh Ks 9s 9d Tc]
Seat 1: TheU10 (big blind) mucked
Seat 2: jl45259071 (button) (small blind) showed [6d Qs] and won ($17.64) with a straight, Nine to King


PokerStars Hand #144469400723:  Hold'em Limit ($3/$6 USD) - 2015/11/27 14:19:43 ET
Table 'Sternberga' 2-max Seat #2 is the button
Seat 1: TheU10 ($198.83 in chips)
Seat 2: jl45259071 ($246.23 in chips)
jl45259071: posts small blind $1
TheU10: posts big blind $3
*** HOLE CARDS ***
jl45259071: calls $2
TheU10: checks
*** FLOP *** [Tc 5c 7h]
TheU10: checks
jl45259071: checks
*** TURN *** [Tc 5c 7h] [Jc]
TheU10: checks
jl45259071: checks
*** RIVER *** [Tc 5c 7h Jc] [Jd]
TheU10: bets $6
jl45259071: calls $6
*** SHOW DOWN ***
TheU10: shows [Kh 7s] (two pair, Jacks and Sevens)
jl45259071: mucks hand
TheU10 collected $17.64 from pot
*** SUMMARY ***
Total pot $18 | Rake $0.36
Board [Tc 5c 7h Jc Jd]
Seat 1: TheU10 (big blind) showed [Kh 7s] and won ($17.64) with two pair, Jacks and Sevens
Seat 2: jl45259071 (button) (small blind) mucked


PokerStars Hand #144469412869:  Hold'em Limit ($3/$6 USD) - 2015/11/27 14:19:56 ET
Table 'Sternberga' 2-max Seat #1 is the button
Seat 1: TheU10 ($207.47 in chips)
Seat 2: jl45259071 ($237.23 in chips)
TheU10: posts small blind $1
jl45259071: posts big blind $3
*** HOLE CARDS ***
TheU10: raises $3 to $6
jl45259071: calls $3
*** FLOP *** [Qh Th 3h]
jl45259071: checks
TheU10: checks
*** TURN *** [Qh Th 3h] [Kh]
jl45259071: bets $6
TheU10: calls $6
*** RIVER *** [Qh Th 3h Kh] [Js]
jl45259071: bets $6
TheU10: calls $6
*** SHOW DOWN ***
jl45259071: shows [2h Ks] (a flush, King high)
TheU10: mucks hand
jl45259071 collected $35.50 from pot
*** SUMMARY ***
Total pot $36 | Rake $0.50
Board [Qh Th 3h Kh Js]
Seat 1: TheU10 (button) (small blind) mucked
Seat 2: jl45259071 (big blind) showed [2h Ks] and won ($35.50) with a flush, King high


PokerStars Hand #144469435684:  Hold'em Limit ($3/$6 USD) - 2015/11/27 14:20:23 ET
Table 'Sternberga' 2-max Seat #1 is the button
Seat 1: TheU10 ($180.47 in chips)
Seat 2: jl45259071 ($263.37 in chips)
TheU10: posts small blind $1
jl45259071: posts big blind $3
*** HOLE CARDS ***
TheU10: calls $2
jl45259071: raises $3 to $6
TheU10: calls $3
*** FLOP *** [5h 5d 2c]
jl45259071: bets $3
TheU10: calls $3
*** TURN *** [5h 5d 2c] [3s]
jl45259071: checks
TheU10: bets $6
jl45259071: calls $6
*** RIVER *** [5h 5d 2c 3s] [7h]
jl45259071: checks
TheU10: bets $6
jl45259071: calls $6
*** SHOW DOWN ***
TheU10: shows [8d 4s] (a pair of Fives)
jl45259071: shows [Jc Kd] (a pair of Fives - King kicker)
jl45259071 collected $41.50 from pot
*** SUMMARY ***
Total pot $42 | Rake $0.50
Board [5h 5d 2c 3s 7h]
Seat 1: TheU10 (button) (small blind) showed [8d 4s] and lost with a pair of Fives
Seat 2: jl45259071 (big blind) showed [Jc Kd] and won ($41.50) with a pair of Fives


PokerStars Hand #144469552906:  Hold'em Limit ($3/$6 USD) - 2015/11/27 14:22:37 ET
Table 'Sternberga' 2-max Seat #2 is the button
Seat 1: TheU10 ($179.73 in chips)
Seat 2: jl45259071 ($262.87 in chips)
jl45259071: posts small blind $1
TheU10: posts big blind $3
*** HOLE CARDS ***
jl45259071: raises $3 to $6
TheU10: calls $3
*** FLOP *** [7s 4s 9s]
TheU10: checks
jl45259071: checks
*** TURN *** [7s 4s 9s] [7c]
TheU10: bets $6
jl45259071: raises $6 to $12
TheU10: folds
Uncalled bet ($6) returned to jl45259071
jl45259071 collected $23.52 from pot
jl45259071: doesn't show hand
*** SUMMARY ***
Total pot $24 | Rake $0.48
Board [7s 4s 9s 7c]
Seat 1: TheU10 (big blind) folded on the Turn
Seat 2: jl45259071 (button) (small blind) collected ($23.52)


PokerStars Hand #144469532142:  Hold'em Limit ($3/$6 USD) - 2015/11/27 14:22:14 ET
Table 'Sternberga' 2-max Seat #1 is the button
Seat 1: TheU10 ($165.23 in chips)
Seat 2: jl45259071 ($277.87 in chips)
TheU10: posts small blind $1
jl45259071: posts big blind $3
*** HOLE CARDS ***
TheU10: raises $3 to $6
jl45259071: calls $3
*** FLOP *** [2h Qc Ts]
jl45259071: checks
TheU10: bets $3
jl45259071: calls $3
*** TURN *** [2h Qc Ts] [Jd]
jl45259071: checks
TheU10: bets $6
jl45259071: calls $6
*** RIVER *** [2h Qc Ts Jd] [4h]
jl45259071: checks
TheU10: bets $6
jl45259071: folds
Uncalled bet ($6) returned to TheU10
TheU10 collected $29.50 from pot
TheU10: doesn't show hand
*** SUMMARY ***
Total pot $30 | Rake $0.50
Board [2h Qc Ts Jd 4h]
Seat 1: TheU10 (button) (small blind) collected ($29.50)
Seat 2: jl45259071 (big blind) folded on the River


PokerStars Hand #144469603704:  Hold'em Limit ($3/$6 USD) - 2015/11/27 14:23:36 ET
Table 'Sternberga' 2-max Seat #1 is the button
Seat 1: TheU10 ($143.61 in chips)
Seat 2: jl45259071 ($297.89 in chips)
TheU10: posts small blind $1
jl45259071: posts big blind $3
*** HOLE CARDS ***
TheU10: raises $3 to $6
jl45259071: calls $3
*** FLOP *** [6c Th 7c]
jl45259071: checks
TheU10: checks
*** TURN *** [6c Th 7c] [Ts]
jl45259071: checks
TheU10: checks
*** RIVER *** [6c Th 7c Ts] [8c]
jl45259071: bets $6
TheU10: raises $6 to $12
jl45259071: calls $6
*** SHOW DOWN ***
TheU10: shows [9h Qd] (a straight, Six to Ten)
jl45259071: mucks hand
TheU10 collected $35.50 from pot
*** SUMMARY ***
Total pot $36 | Rake $0.50
Board [6c Th 7c Ts 8c]
Seat 1: TheU10 (button) (small blind) showed [9h Qd] and won ($35.50) with a straight, Six to Ten
Seat 2: jl45259071 (big blind) mucked


PokerStars Hand #144469591296:  Hold'em Limit ($3/$6 USD) - 2015/11/27 14:23:21 ET
Table 'Sternberga' 2-max Seat #2 is the button
Seat 1: TheU10 ($140.73 in chips)
Seat 2: jl45259071 ($300.89 in chips)
jl45259071: posts small blind $1
TheU10: posts big blind $3
*** HOLE CARDS ***
jl45259071: calls $2
TheU10: checks
*** FLOP *** [2d Kh Ks]
TheU10: checks
jl45259071: checks
*** TURN *** [2d Kh Ks] [Kc]
TheU10: checks
jl45259071: checks
*** RIVER *** [2d Kh Ks Kc] [7s]
TheU10: bets $6
jl45259071: folds
Uncalled bet ($6) returned to TheU10
TheU10 collected $5.88 from pot
TheU10: doesn't show hand
*** SUMMARY ***
Total pot $6 | Rake $0.12
Board [2d Kh Ks Kc 7s]
Seat 1: TheU10 (big blind) collected ($5.88)
Seat 2: jl45259071 (button) (small blind) folded on the River


PokerStars Hand #144469569479:  Hold'em Limit ($3/$6 USD) - 2015/11/27 14:22:57 ET
Table 'Sternberga' 2-max Seat #1 is the button
Seat 1: TheU10 ($167.73 in chips)
Seat 2: jl45259071 ($274.39 in chips)
TheU10: posts small blind $1
jl45259071: posts big blind $3
*** HOLE CARDS ***
TheU10: raises $3 to $6
jl45259071: calls $3
*** FLOP *** [8d 6d 8h]
jl45259071: checks
TheU10: bets $3
jl45259071: calls $3
*** TURN *** [8d 6d 8h] [7h]
jl45259071: checks
TheU10: bets $6
jl45259071: raises $6 to $12
TheU10: calls $6
*** RIVER *** [8d 6d 8h 7h] [Kc]
jl45259071: bets $6
TheU10: calls $6
*** SHOW DOWN ***
jl45259071: shows [Qc 8c] (three of a kind, Eights)
TheU10: mucks hand
jl45259071 collected $53.50 from pot
*** SUMMARY ***
Total pot $54 | Rake $0.50
Board [8d 6d 8h 7h Kc]
Seat 1: TheU10 (button) (small blind) mucked
Seat 2: jl45259071 (big blind) showed [Qc 8c] and won ($53.50) with three of a kind, Eights


PokerStars Hand #144469619486:  Hold'em Limit ($3/$6 USD) - 2015/11/27 14:23:53 ET
Table 'Sternberga' 2-max Seat #2 is the button
Seat 1: TheU10 ($161.11 in chips)
Seat 2: jl45259071 ($279.89 in chips)
jl45259071: posts small blind $1
TheU10: posts big blind $3
*** HOLE CARDS ***
jl45259071: calls $2
TheU10: checks
*** FLOP *** [4c 2s 6s]
TheU10: checks
jl45259071: checks
*** TURN *** [4c 2s 6s] [7c]
TheU10: checks
jl45259071: checks
*** RIVER *** [4c 2s 6s 7c] [2d]
TheU10: checks
jl45259071: checks
*** SHOW DOWN ***
TheU10: shows [9h Kd] (a pair of Deuces)
jl45259071: mucks hand
TheU10 collected $5.88 from pot
*** SUMMARY ***
Total pot $6 | Rake $0.12
Board [4c 2s 6s 7c 2d]
Seat 1: TheU10 (big blind) showed [9h Kd] and won ($5.88) with a pair of Deuces
Seat 2: jl45259071 (button) (small blind) mucked


PokerStars Hand #144469714181:  Hold'em Limit ($3/$6 USD) - 2015/11/27 14:25:42 ET
Table 'Sternberga' 2-max Seat #2 is the button
Seat 1: TheU10 ($177.99 in chips)
Seat 2: jl45259071 ($260.77 in chips)
jl45259071: posts small blind $1
TheU10: posts big blind $3
*** HOLE CARDS ***
jl45259071: calls $2
TheU10: checks
*** FLOP *** [Ac 5d 5s]
TheU10: checks
jl45259071: checks
*** TURN *** [Ac 5d 5s] [4c]
TheU10: checks
jl45259071: checks
*** RIVER *** [Ac 5d 5s 4c] [Jh]
TheU10: checks
jl45259071: bets $6
TheU10: raises $6 to $12
jl45259071: calls $6
*** SHOW DOWN ***
TheU10: shows [5h Tc] (three of a kind, Fives)
jl45259071: mucks hand
TheU10 collected $29.50 from pot
*** SUMMARY ***
Total pot $30 | Rake $0.50
Board [Ac 5d 5s 4c Jh]
Seat 1: TheU10 (big blind) showed [5h Tc] and won ($29.50) with three of a kind, Fives
Seat 2: jl45259071 (button) (small blind) mucked


PokerStars Hand #144469680769:  Hold'em Limit ($3/$6 USD) - 2015/11/27 14:25:03 ET
Table 'Sternberga' 2-max Seat #2 is the button
Seat 1: TheU10 ($160.49 in chips)
Seat 2: jl45259071 ($279.27 in chips)
jl45259071: posts small blind $1
TheU10: posts big blind $3
*** HOLE CARDS ***
jl45259071: calls $2
TheU10: checks
*** FLOP *** [Ks 4d Qs]
TheU10: bets $3
jl45259071: calls $3
*** TURN *** [Ks 4d Qs] [4h]
TheU10: checks
jl45259071: bets $6
TheU10: calls $6
*** RIVER *** [Ks 4d Qs 4h] [8d]
TheU10: checks
jl45259071: bets $6
TheU10: calls $6
*** SHOW DOWN ***
jl45259071: shows [Ad Ah] (two pair, Aces and Fours)
TheU10: mucks hand
jl45259071 collected $35.50 from pot
*** SUMMARY ***
Total pot $36 | Rake $0.50
Board [Ks 4d Qs 4h 8d]
Seat 1: TheU10 (big blind) mucked
Seat 2: jl45259071 (button) (small blind) showed [Ad Ah] and won ($35.50) with two pair, Aces and Fours


PokerStars Hand #144469661251:  Hold'em Limit ($3/$6 USD) - 2015/11/27 14:24:41 ET
Table 'Sternberga' 2-max Seat #1 is the button
Seat 1: TheU10 ($133.99 in chips)
Seat 2: jl45259071 ($306.27 in chips)
TheU10: posts small blind $1
jl45259071: posts big blind $3
*** HOLE CARDS ***
TheU10: raises $3 to $6
jl45259071: raises $3 to $9
TheU10: raises $3 to $12
Betting is capped
jl45259071: calls $3
*** FLOP *** [2s Jh Kh]
jl45259071: bets $3
TheU10: calls $3
*** TURN *** [2s Jh Kh] [2c]
jl45259071: checks
TheU10: bets $6
jl45259071: calls $6
*** RIVER *** [2s Jh Kh 2c] [5s]
jl45259071: checks
TheU10: bets $6
jl45259071: calls $6
*** SHOW DOWN ***
TheU10: shows [Ks Th] (two pair, Kings and Deuces)
jl45259071: mucks hand
TheU10 collected $53.50 from pot
*** SUMMARY ***
Total pot $54 | Rake $0.50
Board [2s Jh Kh 2c 5s]
Seat 1: TheU10 (button) (small blind) showed [Ks Th] and won ($53.50) with two pair, Kings and Deuces
Seat 2: jl45259071 (big blind) mucked


PokerStars Hand #144469757613:  Hold'em Limit ($3/$6 USD) - 2015/11/27 14:26:31 ET
Table 'Sternberga' 2-max Seat #2 is the button
Seat 1: TheU10 ($169.24 in chips)
Seat 2: jl45259071 ($268.02 in chips)
jl45259071: posts small blind $1
TheU10: posts big blind $3
*** HOLE CARDS ***
jl45259071: folds
Uncalled bet ($2) returned to TheU10
TheU10 collected $2 from pot
TheU10: doesn't show hand
*** SUMMARY ***
Total pot $2 | Rake $0
Seat 1: TheU10 (big blind) collected ($2)
Seat 2: jl45259071 (button) (small blind) folded before Flop


PokerStars Hand #144469745315:  Hold'em Limit ($3/$6 USD) - 2015/11/27 14:26:17 ET
Table 'Sternberga' 2-max Seat #1 is the button
Seat 1: TheU10 ($193.24 in chips)
Seat 2: jl45259071 ($244.52 in chips)
TheU10: posts small blind $1
jl45259071: posts big blind $3
*** HOLE CARDS ***
TheU10: raises $3 to $6
jl45259071: calls $3
*** FLOP *** [Ks 5h 8c]
jl45259071: checks
TheU10: bets $3
jl45259071: raises $3 to $6
TheU10: calls $3
*** TURN *** [Ks 5h 8c] [2d]
jl45259071: bets $6
TheU10: calls $6
*** RIVER *** [Ks 5h 8c 2d] [Kc]
jl45259071: bets $6
TheU10: calls $6
*** SHOW DOWN ***
jl45259071: shows [Tc 8d] (two pair, Kings and Eights)
TheU10: mucks hand
jl45259071 collected $47.50 from pot
*** SUMMARY ***
Total pot $48 | Rake $0.50
Board [Ks 5h 8c 2d Kc]
Seat 1: TheU10 (button) (small blind) mucked
Seat 2: jl45259071 (big blind) showed [Tc 8d] and won ($47.50) with two pair, Kings and Eights


PokerStars Hand #144469740824:  Hold'em Limit ($3/$6 USD) - 2015/11/27 14:26:12 ET
Table 'Sternberga' 2-max Seat #2 is the button
Seat 1: TheU10 ($192.24 in chips)
Seat 2: jl45259071 ($245.52 in chips)
jl45259071: posts small blind $1
TheU10: posts big blind $3
*** HOLE CARDS ***
jl45259071: folds
Uncalled bet ($2) returned to TheU10
TheU10 collected $2 from pot
TheU10: doesn't show hand
*** SUMMARY ***
Total pot $2 | Rake $0
Seat 1: TheU10 (big blind) collected ($2)
Seat 2: jl45259071 (button) (small blind) folded before Flop


PokerStars Hand #144469727425:  Hold'em Limit ($3/$6 USD) - 2015/11/27 14:25:57 ET
Table 'Sternberga' 2-max Seat #1 is the button
Seat 1: TheU10 ($192.49 in chips)
Seat 2: jl45259071 ($245.77 in chips)
TheU10: posts small blind $1
jl45259071: posts big blind $3
*** HOLE CARDS ***
TheU10: raises $3 to $6
jl45259071: calls $3
*** FLOP *** [Ad 4d 4h]
jl45259071: checks
TheU10: checks
*** TURN *** [Ad 4d 4h] [5h]
jl45259071: checks
TheU10: bets $6
jl45259071: calls $6
*** RIVER *** [Ad 4d 4h 5h] [5s]
jl45259071: checks
TheU10: bets $6
jl45259071: calls $6
*** SHOW DOWN ***
TheU10: shows [9c 6d] (two pair, Fives and Fours)
jl45259071: shows [2d Tc] (two pair, Fives and Fours)
jl45259071 collected $17.75 from pot
TheU10 collected $17.75 from pot
*** SUMMARY ***
Total pot $36 | Rake $0.50
Board [Ad 4d 4h 5h 5s]
Seat 1: TheU10 (button) (small blind) showed [9c 6d] and won ($17.75) with two pair, Fives and Fours
Seat 2: jl45259071 (big blind) showed [2d Tc] and won ($17.75) with two pair, Fives and Fours


PokerStars Hand #144469762316:  Hold'em Limit ($3/$6 USD) - 2015/11/27 14:26:36 ET
Table 'Sternberga' 2-max Seat #1 is the button
Seat 1: TheU10 ($170.24 in chips)
Seat 2: jl45259071 ($267.02 in chips)
TheU10: posts small blind $1
jl45259071: posts big blind $3
*** HOLE CARDS ***
TheU10: raises $3 to $6
jl45259071: calls $3
*** FLOP *** [3h 9d Ac]
jl45259071: checks
TheU10: checks
*** TURN *** [3h 9d Ac] [7c]
jl45259071: bets $6
TheU10: calls $6
*** RIVER *** [3h 9d Ac 7c] [Ah]
jl45259071: bets $6
TheU10: raises $6 to $12
jl45259071: calls $6
*** SHOW DOWN ***
TheU10: shows [Qc Qs] (two pair, Aces and Queens)
jl45259071: mucks hand
TheU10 collected $47.50 from pot
*** SUMMARY ***
Total pot $48 | Rake $0.50
Board [3h 9d Ac 7c Ah]
Seat 1: TheU10 (button) (small blind) showed [Qc Qs] and won ($47.50) with two pair, Aces and Queens
Seat 2: jl45259071 (big blind) mucked


PokerStars Hand #144469805108:  Hold'em Limit ($3/$6 USD) - 2015/11/27 14:27:25 ET
Table 'Sternberga' 2-max Seat #2 is the button
Seat 1: TheU10 ($193.24 in chips)
Seat 2: jl45259071 ($242.52 in chips)
jl45259071: posts small blind $1
TheU10: posts big blind $3
*** HOLE CARDS ***
jl45259071: calls $2
TheU10: checks
*** FLOP *** [Qd 5h Ts]
TheU10: checks
jl45259071: bets $3
TheU10: folds
Uncalled bet ($3) returned to jl45259071
jl45259071 collected $5.88 from pot
jl45259071: doesn't show hand
*** SUMMARY ***
Total pot $6 | Rake $0.12
Board [Qd 5h Ts]
Seat 1: TheU10 (big blind) folded on the Flop
Seat 2: jl45259071 (button) (small blind) collected ($5.88)


PokerStars Hand #144469793544:  Hold'em Limit ($3/$6 USD) - 2015/11/27 14:27:12 ET
Table 'Sternberga' 2-max Seat #1 is the button
Seat 1: TheU10 ($208.24 in chips)
Seat 2: jl45259071 ($228.02 in chips)
TheU10: posts small blind $1
jl45259071: posts big blind $3
*** HOLE CARDS ***
TheU10: raises $3 to $6
jl45259071: calls $3
*** FLOP *** [4d 9s Ac]
jl45259071: checks
TheU10: bets $3
jl45259071: calls $3
*** TURN *** [4d 9s Ac] [2d]
jl45259071: checks
TheU10: bets $6
jl45259071: raises $6 to $12
TheU10: folds
Uncalled bet ($6) returned to jl45259071
jl45259071 collected $29.50 from pot
jl45259071: doesn't show hand
*** SUMMARY ***
Total pot $30 | Rake $0.50
Board [4d 9s Ac 2d]
Seat 1: TheU10 (button) (small blind) folded on the Turn
Seat 2: jl45259071 (big blind) collected ($29.50)


PokerStars Hand #144469775760:  Hold'em Limit ($3/$6 USD) - 2015/11/27 14:26:51 ET
Table 'Sternberga' 2-max Seat #2 is the button
Seat 1: TheU10 ($193.74 in chips)
Seat 2: jl45259071 ($243.02 in chips)
jl45259071: posts small blind $1
TheU10: posts big blind $3
*** HOLE CARDS ***
jl45259071: calls $2
TheU10: checks
*** FLOP *** [9s 3c 8d]
TheU10: checks
jl45259071: checks
*** TURN *** [9s 3c 8d] [3d]
TheU10: checks
jl45259071: bets $6
TheU10: raises $6 to $12
jl45259071: calls $6
*** RIVER *** [9s 3c 8d 3d] [6s]
TheU10: bets $6
jl45259071: folds
Uncalled bet ($6) returned to TheU10
TheU10 collected $29.50 from pot
TheU10: doesn't show hand
*** SUMMARY ***
Total pot $30 | Rake $0.50
Board [9s 3c 8d 3d 6s]
Seat 1: TheU10 (big blind) collected ($29.50)
Seat 2: jl45259071 (button) (small blind) folded on the River


PokerStars Hand #144469813010:  Hold'em Limit ($3/$6 USD) - 2015/11/27 14:27:34 ET
Table 'Sternberga' 2-max Seat #1 is the button
Seat 1: TheU10 ($190.24 in chips)
Seat 2: jl45259071 ($245.40 in chips)
TheU10: posts small blind $1
jl45259071: posts big blind $3
*** HOLE CARDS ***
TheU10: folds
Uncalled bet ($2) returned to jl45259071
jl45259071 collected $2 from pot
jl45259071: doesn't show hand
*** SUMMARY ***
Total pot $2 | Rake $0
Seat 1: TheU10 (button) (small blind) folded before Flop
Seat 2: jl45259071 (big blind) collected ($2)


PokerStars Hand #144469860392:  Hold'em Limit ($3/$6 USD) - 2015/11/27 14:28:27 ET
Table 'Sternberga' 2-max Seat #1 is the button
Seat 1: TheU10 ($212.56 in chips)
Seat 2: jl45259071 ($222.34 in chips)
TheU10: posts small blind $1
jl45259071: posts big blind $3
*** HOLE CARDS ***
TheU10: raises $3 to $6
jl45259071: calls $3
*** FLOP *** [5c 8c 8d]
jl45259071: checks
TheU10: bets $3
jl45259071: folds
Uncalled bet ($3) returned to TheU10
TheU10 collected $11.76 from pot
TheU10: doesn't show hand
*** SUMMARY ***
Total pot $12 | Rake $0.24
Board [5c 8c 8d]
Seat 1: TheU10 (button) (small blind) collected ($11.76)
Seat 2: jl45259071 (big blind) folded on the Flop


PokerStars Hand #144469847232:  Hold'em Limit ($3/$6 USD) - 2015/11/27 14:28:12 ET
Table 'Sternberga' 2-max Seat #2 is the button
Seat 1: TheU10 ($209.68 in chips)
Seat 2: jl45259071 ($225.34 in chips)
jl45259071: posts small blind $1
TheU10: posts big blind $3
*** HOLE CARDS ***
jl45259071: calls $2
TheU10: checks
*** FLOP *** [5d 8h Qd]
TheU10: checks
jl45259071: checks
*** TURN *** [5d 8h Qd] [3c]
TheU10: checks
jl45259071: checks
*** RIVER *** [5d 8h Qd 3c] [Ts]
TheU10: bets $6
jl45259071: folds
Uncalled bet ($6) returned to TheU10
TheU10 collected $5.88 from pot
TheU10: doesn't show hand
*** SUMMARY ***
Total pot $6 | Rake $0.12
Board [5d 8h Qd 3c Ts]
Seat 1: TheU10 (big blind) collected ($5.88)
Seat 2: jl45259071 (button) (small blind) folded on the River


PokerStars Hand #144469828814:  Hold'em Limit ($3/$6 USD) - 2015/11/27 14:27:52 ET
Table 'Sternberga' 2-max Seat #1 is the button
Seat 1: TheU10 ($189.18 in chips)
Seat 2: jl45259071 ($246.34 in chips)
TheU10: posts small blind $1
jl45259071: posts big blind $3
*** HOLE CARDS ***
TheU10: raises $3 to $6
jl45259071: raises $3 to $9
TheU10: calls $3
*** FLOP *** [3c 5d 6c]
jl45259071: bets $3
TheU10: raises $3 to $6
jl45259071: calls $3
*** TURN *** [3c 5d 6c] [3h]
jl45259071: checks
TheU10: bets $6
jl45259071: calls $6
*** RIVER *** [3c 5d 6c 3h] [7d]
jl45259071: checks
TheU10: checks
*** SHOW DOWN ***
jl45259071: shows [Qs Kd] (a pair of Threes)
TheU10: shows [8h Ad] (a pair of Threes - Ace kicker)
TheU10 collected $41.50 from pot
*** SUMMARY ***
Total pot $42 | Rake $0.50
Board [3c 5d 6c 3h 7d]
Seat 1: TheU10 (button) (small blind) showed [8h Ad] and won ($41.50) with a pair of Threes
Seat 2: jl45259071 (big blind) showed [Qs Kd] and lost with a pair of Threes


PokerStars Hand #144469869938:  Hold'em Limit ($3/$6 USD) - 2015/11/27 14:28:38 ET
Table 'Sternberga' 2-max Seat #2 is the button
Seat 1: TheU10 ($218.32 in chips)
Seat 2: jl45259071 ($216.34 in chips)
jl45259071: posts small blind $1
TheU10: posts big blind $3
*** HOLE CARDS ***
jl45259071: calls $2
TheU10: checks
*** FLOP *** [7c Tc 8h]
TheU10: checks
jl45259071: checks
*** TURN *** [7c Tc 8h] [Ks]
TheU10: checks
jl45259071: checks
*** RIVER *** [7c Tc 8h Ks] [4h]
TheU10: checks
jl45259071: checks
*** SHOW DOWN ***
TheU10: shows [5h 3h] (high card King)
jl45259071: shows [Js 6d] (high card King - Jack kicker)
jl45259071 collected $5.88 from pot
*** SUMMARY ***
Total pot $6 | Rake $0.12
Board [7c Tc 8h Ks 4h]
Seat 1: TheU10 (big blind) showed [5h 3h] and lost with high card King
Seat 2: jl45259071 (button) (small blind) showed [Js 6d] and won ($5.88) with high card King


PokerStars Hand #144469894829:  Hold'em Limit ($3/$6 USD) - 2015/11/27 14:29:07 ET
Table 'Sternberga' 2-max Seat #2 is the button
Seat 1: TheU10 ($229.82 in chips)
Seat 2: jl45259071 ($204.22 in chips)
jl45259071: posts small blind $1
TheU10: posts big blind $3
*** HOLE CARDS ***
jl45259071: calls $2
TheU10: checks
*** FLOP *** [9s 5h 3d]
TheU10: checks
jl45259071: checks
*** TURN *** [9s 5h 3d] [9h]
TheU10: bets $6
jl45259071: calls $6
*** RIVER *** [9s 5h 3d 9h] [Kh]
TheU10: bets $6
jl45259071: folds
Uncalled bet ($6) returned to TheU10
TheU10 collected $17.64 from pot
TheU10: doesn't show hand
*** SUMMARY ***
Total pot $18 | Rake $0.36
Board [9s 5h 3d 9h Kh]
Seat 1: TheU10 (big blind) collected ($17.64)
Seat 2: jl45259071 (button) (small blind) folded on the River


PokerStars Hand #144469879455:  Hold'em Limit ($3/$6 USD) - 2015/11/27 14:28:49 ET
Table 'Sternberga' 2-max Seat #1 is the button
Seat 1: TheU10 ($215.32 in chips)
Seat 2: jl45259071 ($219.22 in chips)
TheU10: posts small blind $1
jl45259071: posts big blind $3
*** HOLE CARDS ***
TheU10: raises $3 to $6
jl45259071: calls $3
*** FLOP *** [Kh Kc Td]
jl45259071: checks
TheU10: bets $3
jl45259071: calls $3
*** TURN *** [Kh Kc Td] [2h]
jl45259071: checks
TheU10: checks
*** RIVER *** [Kh Kc Td 2h] [9s]
jl45259071: checks
TheU10: bets $6
jl45259071: calls $6
*** SHOW DOWN ***
TheU10: shows [Qc Qs] (two pair, Kings and Queens)
jl45259071: mucks hand
TheU10 collected $29.50 from pot
*** SUMMARY ***
Total pot $30 | Rake $0.50
Board [Kh Kc Td 2h 9s]
Seat 1: TheU10 (button) (small blind) showed [Qc Qs] and won ($29.50) with two pair, Kings and Queens
Seat 2: jl45259071 (big blind) mucked


PokerStars Hand #144469923867:  Hold'em Limit ($3/$6 USD) - 2015/11/27 14:29:40 ET
Table 'Sternberga' 2-max Seat #2 is the button
Seat 1: TheU10 ($244.22 in chips)
Seat 2: jl45259071 ($189.22 in chips)
jl45259071: posts small blind $1
TheU10: posts big blind $3
*** HOLE CARDS ***
jl45259071: raises $3 to $6
TheU10: calls $3
*** FLOP *** [7s Ts 3s]
TheU10: checks
jl45259071: checks
*** TURN *** [7s Ts 3s] [5d]
TheU10: checks
jl45259071: checks
*** RIVER *** [7s Ts 3s 5d] [Jc]
TheU10: bets $6
jl45259071: raises $6 to $12
TheU10: calls $6
*** SHOW DOWN ***
jl45259071: shows [As 8s] (a flush, Ace high)
TheU10: mucks hand
jl45259071 collected $35.50 from pot
*** SUMMARY ***
Total pot $36 | Rake $0.50
Board [7s Ts 3s 5d Jc]
Seat 1: TheU10 (big blind) mucked
Seat 2: jl45259071 (button) (small blind) showed [As 8s] and won ($35.50) with a flush, Ace high


PokerStars Hand #144469906640:  Hold'em Limit ($3/$6 USD) - 2015/11/27 14:29:20 ET
Table 'Sternberga' 2-max Seat #1 is the button
Seat 1: TheU10 ($238.46 in chips)
Seat 2: jl45259071 ($195.22 in chips)
TheU10: posts small blind $1
jl45259071: posts big blind $3
*** HOLE CARDS ***
TheU10: raises $3 to $6
jl45259071: calls $3
*** FLOP *** [9c 3h 3s]
jl45259071: checks
TheU10: checks
*** TURN *** [9c 3h 3s] [2d]
jl45259071: checks
TheU10: checks
*** RIVER *** [9c 3h 3s 2d] [5d]
jl45259071: checks
TheU10: bets $6
jl45259071: folds
Uncalled bet ($6) returned to TheU10
TheU10 collected $11.76 from pot
TheU10: doesn't show hand
*** SUMMARY ***
Total pot $12 | Rake $0.24
Board [9c 3h 3s 2d 5d]
Seat 1: TheU10 (button) (small blind) collected ($11.76)
Seat 2: jl45259071 (big blind) folded on the River


PokerStars Hand #144469951060:  Hold'em Limit ($3/$6 USD) - 2015/11/27 14:30:10 ET
Table 'Sternberga' 2-max Seat #2 is the button
Seat 1: TheU10 ($234.86 in chips)
Seat 2: jl45259071 ($197.72 in chips)
jl45259071: posts small blind $1
TheU10: posts big blind $3
*** HOLE CARDS ***
jl45259071: calls $2
TheU10: checks
*** FLOP *** [8h 7c 2d]
TheU10: checks
jl45259071: checks
*** TURN *** [8h 7c 2d] [9d]
TheU10: checks
jl45259071: bets $6
TheU10: folds
Uncalled bet ($6) returned to jl45259071
jl45259071 collected $5.88 from pot
jl45259071: doesn't show hand
*** SUMMARY ***
Total pot $6 | Rake $0.12
Board [8h 7c 2d 9d]
Seat 1: TheU10 (big blind) folded on the Turn
Seat 2: jl45259071 (button) (small blind) collected ($5.88)


PokerStars Hand #144469938751:  Hold'em Limit ($3/$6 USD) - 2015/11/27 14:29:57 ET
Table 'Sternberga' 2-max Seat #1 is the button
Seat 1: TheU10 ($226.22 in chips)
Seat 2: jl45259071 ($206.72 in chips)
TheU10: posts small blind $1
jl45259071: posts big blind $3
*** HOLE CARDS ***
TheU10: raises $3 to $6
jl45259071: calls $3
*** FLOP *** [Qs 7d Jd]
jl45259071: checks
TheU10: bets $3
jl45259071: calls $3
*** TURN *** [Qs 7d Jd] [Js]
jl45259071: checks
TheU10: bets $6
jl45259071: folds
Uncalled bet ($6) returned to TheU10
TheU10 collected $17.64 from pot
TheU10: doesn't show hand
*** SUMMARY ***
Total pot $18 | Rake $0.36
Board [Qs 7d Jd Js]
Seat 1: TheU10 (button) (small blind) collected ($17.64)
Seat 2: jl45259071 (big blind) folded on the Turn


PokerStars Hand #144469978123:  Hold'em Limit ($3/$6 USD) - 2015/11/27 14:30:42 ET
Table 'Sternberga' 2-max Seat #2 is the button
Seat 1: TheU10 ($210.86 in chips)
Seat 2: jl45259071 ($221.10 in chips)
jl45259071: posts small blind $1
TheU10: posts big blind $3
*** HOLE CARDS ***
jl45259071: calls $2
TheU10: checks
*** FLOP *** [9c 7c 3c]
TheU10: checks
jl45259071: bets $3
TheU10: calls $3
*** TURN *** [9c 7c 3c] [Kd]
TheU10: checks
jl45259071: checks
*** RIVER *** [9c 7c 3c Kd] [9d]
TheU10: checks
jl45259071: bets $6
TheU10: folds
Uncalled bet ($6) returned to jl45259071
jl45259071 collected $11.76 from pot
jl45259071: doesn't show hand
*** SUMMARY ***
Total pot $12 | Rake $0.24
Board [9c 7c 3c Kd 9d]
Seat 1: TheU10 (big blind) folded on the River
Seat 2: jl45259071 (button) (small blind) collected ($11.76)


PokerStars Hand #144469961173:  Hold'em Limit ($3/$6 USD) - 2015/11/27 14:30:22 ET
Table 'Sternberga' 2-max Seat #1 is the button
Seat 1: TheU10 ($231.86 in chips)
Seat 2: jl45259071 ($200.60 in chips)
TheU10: posts small blind $1
jl45259071: posts big blind $3
*** HOLE CARDS ***
TheU10: calls $2
jl45259071: raises $3 to $6
TheU10: calls $3
*** FLOP *** [Td 3s Qs]
jl45259071: bets $3
TheU10: calls $3
*** TURN *** [Td 3s Qs] [7d]
jl45259071: checks
TheU10: bets $6
jl45259071: calls $6
*** RIVER *** [Td 3s Qs 7d] [Ah]
jl45259071: checks
TheU10: bets $6
jl45259071: raises $6 to $12
TheU10: folds
Uncalled bet ($6) returned to jl45259071
jl45259071 collected $41.50 from pot
jl45259071: doesn't show hand
*** SUMMARY ***
Total pot $42 | Rake $0.50
Board [Td 3s Qs 7d Ah]
Seat 1: TheU10 (button) (small blind) folded on the River
Seat 2: jl45259071 (big blind) collected ($41.50)


PokerStars Hand #144470006937:  Hold'em Limit ($3/$6 USD) - 2015/11/27 14:31:15 ET
Table 'Sternberga' 2-max Seat #2 is the button
Seat 1: TheU10 ($225.36 in chips)
Seat 2: jl45259071 ($205.86 in chips)
jl45259071: posts small blind $1
TheU10: posts big blind $3
*** HOLE CARDS ***
jl45259071: calls $2
TheU10: raises $3 to $6
jl45259071: calls $3
*** FLOP *** [2c Td 5c]
TheU10: checks
jl45259071: checks
*** TURN *** [2c Td 5c] [6h]
TheU10: checks
jl45259071: checks
*** RIVER *** [2c Td 5c 6h] [8h]
TheU10: bets $6
jl45259071: calls $6
*** SHOW DOWN ***
TheU10: shows [7c 8s] (a pair of Eights)
jl45259071: shows [6s 2s] (two pair, Sixes and Deuces)
jl45259071 collected $23.52 from pot
*** SUMMARY ***
Total pot $24 | Rake $0.48
Board [2c Td 5c 6h 8h]
Seat 1: TheU10 (big blind) showed [7c 8s] and lost with a pair of Eights
Seat 2: jl45259071 (button) (small blind) showed [6s 2s] and won ($23.52) with two pair, Sixes and Deuces


PokerStars Hand #144469991877:  Hold'em Limit ($3/$6 USD) - 2015/11/27 14:30:58 ET
Table 'Sternberga' 2-max Seat #1 is the button
Seat 1: TheU10 ($204.86 in chips)
Seat 2: jl45259071 ($226.86 in chips)
TheU10: posts small blind $1
jl45259071: posts big blind $3
*** HOLE CARDS ***
TheU10: raises $3 to $6
jl45259071: calls $3
*** FLOP *** [Jh 2s Qd]
jl45259071: checks
TheU10: bets $3
jl45259071: calls $3
*** TURN *** [Jh 2s Qd] [Kh]
jl45259071: checks
TheU10: bets $6
jl45259071: calls $6
*** RIVER *** [Jh 2s Qd Kh] [Js]
jl45259071: checks
TheU10: bets $6
jl45259071: calls $6
*** SHOW DOWN ***
TheU10: shows [Jc Ks] (a full house, Jacks full of Kings)
jl45259071: mucks hand
TheU10 collected $41.50 from pot
*** SUMMARY ***
Total pot $42 | Rake $0.50
Board [Jh 2s Qd Kh Js]
Seat 1: TheU10 (button) (small blind) showed [Jc Ks] and won ($41.50) with a full house, Jacks full of Kings
Seat 2: jl45259071 (big blind) mucked


PokerStars Hand #144470047295:  Hold'em Limit ($3/$6 USD) - 2015/11/27 14:32:00 ET
Table 'Sternberga' 2-max Seat #1 is the button
Seat 1: TheU10 ($231.86 in chips)
Seat 2: jl45259071 ($198.38 in chips)
TheU10: posts small blind $1
jl45259071: posts big blind $3
*** HOLE CARDS ***
TheU10: calls $2
jl45259071: checks
*** FLOP *** [6s 5c Ad]
jl45259071: checks
TheU10: checks
*** TURN *** [6s 5c Ad] [Qd]
jl45259071: checks
TheU10: checks
*** RIVER *** [6s 5c Ad Qd] [Tc]
jl45259071: checks
TheU10: checks
*** SHOW DOWN ***
jl45259071: shows [3s Th] (a pair of Tens)
TheU10: mucks hand
jl45259071 collected $5.88 from pot
*** SUMMARY ***
Total pot $6 | Rake $0.12
Board [6s 5c Ad Qd Tc]
Seat 1: TheU10 (button) (small blind) mucked
Seat 2: jl45259071 (big blind) showed [3s Th] and won ($5.88) with a pair of Tens


PokerStars Hand #144470040999:  Hold'em Limit ($3/$6 USD) - 2015/11/27 14:31:53 ET
Table 'Sternberga' 2-max Seat #2 is the button
Seat 1: TheU10 ($230.86 in chips)
Seat 2: jl45259071 ($199.38 in chips)
jl45259071: posts small blind $1
TheU10: posts big blind $3
*** HOLE CARDS ***
jl45259071: folds
Uncalled bet ($2) returned to TheU10
TheU10 collected $2 from pot
TheU10: doesn't show hand
*** SUMMARY ***
Total pot $2 | Rake $0
Seat 1: TheU10 (big blind) collected ($2)
Seat 2: jl45259071 (button) (small blind) folded before Flop


PokerStars Hand #144470080639:  Hold'em Limit ($3/$6 USD) - 2015/11/27 14:32:38 ET
Table 'Sternberga' 2-max Seat #2 is the button
Seat 1: TheU10 ($198.86 in chips)
Seat 2: jl45259071 ($230.52 in chips)
jl45259071: posts small blind $1
TheU10: posts big blind $3
*** HOLE CARDS ***
jl45259071: calls $2
TheU10: raises $3 to $6
jl45259071: calls $3
*** FLOP *** [Jc 2d 5c]
TheU10: bets $3
jl45259071: calls $3
*** TURN *** [Jc 2d 5c] [9d]
TheU10: bets $6
jl45259071: folds
Uncalled bet ($6) returned to TheU10
TheU10 collected $17.64 from pot
TheU10: doesn't show hand
*** SUMMARY ***
Total pot $18 | Rake $0.36
Board [Jc 2d 5c 9d]
Seat 1: TheU10 (big blind) collected ($17.64)
Seat 2: jl45259071 (button) (small blind) folded on the Turn


PokerStars Hand #144470110316:  Hold'em Limit ($3/$6 USD) - 2015/11/27 14:33:12 ET
Table 'Sternberga' 2-max Seat #2 is the button
Seat 1: TheU10 ($183.50 in chips)
Seat 2: jl45259071 ($245.02 in chips)
jl45259071: posts small blind $1
TheU10: posts big blind $3
*** HOLE CARDS ***
jl45259071: calls $2
TheU10: checks
*** FLOP *** [As Kc 5h]
TheU10: checks
jl45259071: checks
*** TURN *** [As Kc 5h] [8c]
TheU10: checks
jl45259071: bets $6
TheU10: folds
Uncalled bet ($6) returned to jl45259071
jl45259071 collected $5.88 from pot
jl45259071: doesn't show hand
*** SUMMARY ***
Total pot $6 | Rake $0.12
Board [As Kc 5h 8c]
Seat 1: TheU10 (big blind) folded on the Turn
Seat 2: jl45259071 (button) (small blind) collected ($5.88)


PokerStars Hand #144470091871:  Hold'em Limit ($3/$6 USD) - 2015/11/27 14:32:51 ET
Table 'Sternberga' 2-max Seat #1 is the button
Seat 1: TheU10 ($207.50 in chips)
Seat 2: jl45259071 ($221.52 in chips)
TheU10: posts small blind $1
jl45259071: posts big blind $3
*** HOLE CARDS ***
TheU10: raises $3 to $6
jl45259071: raises $3 to $9
TheU10: calls $3
*** FLOP *** [2d 4c 8c]
jl45259071: bets $3
TheU10: calls $3
*** TURN *** [2d 4c 8c] [Qc]
jl45259071: bets $6
TheU10: calls $6
*** RIVER *** [2d 4c 8c Qc] [8d]
jl45259071: checks
TheU10: bets $6
jl45259071: raises $6 to $12
TheU10: folds
Uncalled bet ($6) returned to jl45259071
jl45259071 collected $47.50 from pot
jl45259071: doesn't show hand
*** SUMMARY ***
Total pot $48 | Rake $0.50
Board [2d 4c 8c Qc 8d]
Seat 1: TheU10 (button) (small blind) folded on the River
Seat 2: jl45259071 (big blind) collected ($47.50)


PokerStars Hand #144470121286:  Hold'em Limit ($3/$6 USD) - 2015/11/27 14:33:24 ET
Table 'Sternberga' 2-max Seat #1 is the button
Seat 1: TheU10 ($180.50 in chips)
Seat 2: jl45259071 ($247.90 in chips)
TheU10: posts small blind $1
jl45259071: posts big blind $3
*** HOLE CARDS ***
TheU10: raises $3 to $6
jl45259071: calls $3
*** FLOP *** [2s 3c Qs]
jl45259071: checks
TheU10: bets $3
jl45259071: calls $3
*** TURN *** [2s 3c Qs] [5s]
jl45259071: checks
TheU10: bets $6
jl45259071: calls $6
*** RIVER *** [2s 3c Qs 5s] [7s]
jl45259071: checks
TheU10: checks
*** SHOW DOWN ***
jl45259071: shows [9s Kh] (a flush, Queen high)
TheU10: mucks hand
jl45259071 collected $29.50 from pot
*** SUMMARY ***
Total pot $30 | Rake $0.50
Board [2s 3c Qs 5s 7s]
Seat 1: TheU10 (button) (small blind) mucked
Seat 2: jl45259071 (big blind) showed [9s Kh] and won ($29.50) with a flush, Queen high


PokerStars Hand #144470170397:  Hold'em Limit ($3/$6 USD) - 2015/11/27 14:34:19 ET
Table 'Sternberga' 2-max Seat #1 is the button
Seat 1: TheU10 ($166.26 in chips)
Seat 2: jl45259071 ($261.16 in chips)
TheU10: posts small blind $1
jl45259071: posts big blind $3
*** HOLE CARDS ***
TheU10: calls $2
jl45259071: checks
*** FLOP *** [9s As Ks]
jl45259071: checks
TheU10: checks
*** TURN *** [9s As Ks] [7s]
jl45259071: checks
TheU10: checks
*** RIVER *** [9s As Ks 7s] [Ah]
jl45259071: checks
TheU10: bets $6
jl45259071: folds
Uncalled bet ($6) returned to TheU10
TheU10 collected $5.88 from pot
TheU10: doesn't show hand
*** SUMMARY ***
Total pot $6 | Rake $0.12
Board [9s As Ks 7s Ah]
Seat 1: TheU10 (button) (small blind) collected ($5.88)
Seat 2: jl45259071 (big blind) folded on the River


PokerStars Hand #144470157676:  Hold'em Limit ($3/$6 USD) - 2015/11/27 14:34:05 ET
Table 'Sternberga' 2-max Seat #2 is the button
Seat 1: TheU10 ($160.50 in chips)
Seat 2: jl45259071 ($267.16 in chips)
jl45259071: posts small blind $1
TheU10: posts big blind $3
*** HOLE CARDS ***
jl45259071: calls $2
TheU10: raises $3 to $6
jl45259071: calls $3
*** FLOP *** [6d Ah 9c]
TheU10: bets $3
jl45259071: folds
Uncalled bet ($3) returned to TheU10
TheU10 collected $11.76 from pot
TheU10: doesn't show hand
*** SUMMARY ***
Total pot $12 | Rake $0.24
Board [6d Ah 9c]
Seat 1: TheU10 (big blind) collected ($11.76)
Seat 2: jl45259071 (button) (small blind) folded on the Flop


PokerStars Hand #144470143821:  Hold'em Limit ($3/$6 USD) - 2015/11/27 14:33:49 ET
Table 'Sternberga' 2-max Seat #1 is the button
Seat 1: TheU10 ($166.50 in chips)
Seat 2: jl45259071 ($261.40 in chips)
TheU10: posts small blind $1
jl45259071: posts big blind $3
*** HOLE CARDS ***
TheU10: raises $3 to $6
jl45259071: calls $3
*** FLOP *** [Jc Td 7d]
jl45259071: checks
TheU10: checks
*** TURN *** [Jc Td 7d] [Qs]
jl45259071: checks
TheU10: checks
*** RIVER *** [Jc Td 7d Qs] [2h]
jl45259071: checks
TheU10: checks
*** SHOW DOWN ***
jl45259071: shows [Th 6c] (a pair of Tens)
TheU10: mucks hand
jl45259071 collected $11.76 from pot
*** SUMMARY ***
Total pot $12 | Rake $0.24
Board [Jc Td 7d Qs 2h]
Seat 1: TheU10 (button) (small blind) mucked
Seat 2: jl45259071 (big blind) showed [Th 6c] and won ($11.76) with a pair of Tens


PokerStars Hand #144470186929:  Hold'em Limit ($3/$6 USD) - 2015/11/27 14:34:39 ET
Table 'Sternberga' 2-max Seat #2 is the button
Seat 1: TheU10 ($169.14 in chips)
Seat 2: jl45259071 ($258.16 in chips)
jl45259071: posts small blind $1
TheU10: posts big blind $3
*** HOLE CARDS ***
jl45259071: calls $2
TheU10: checks
*** FLOP *** [Qc Tc 5s]
TheU10: checks
jl45259071: checks
*** TURN *** [Qc Tc 5s] [Kc]
TheU10: checks
jl45259071: checks
*** RIVER *** [Qc Tc 5s Kc] [7c]
TheU10: checks
jl45259071: checks
*** SHOW DOWN ***
TheU10: shows [Kh 4c] (a flush, King high)
jl45259071: mucks hand
TheU10 collected $5.88 from pot
*** SUMMARY ***
Total pot $6 | Rake $0.12
Board [Qc Tc 5s Kc 7c]
Seat 1: TheU10 (big blind) showed [Kh 4c] and won ($5.88) with a flush, King high
Seat 2: jl45259071 (button) (small blind) mucked


PokerStars Hand #144470199143:  Hold'em Limit ($3/$6 USD) - 2015/11/27 14:34:53 ET
Table 'Sternberga' 2-max Seat #1 is the button
Seat 1: TheU10 ($172.02 in chips)
Seat 2: jl45259071 ($255.16 in chips)
TheU10: posts small blind $1
jl45259071: posts big blind $3
*** HOLE CARDS ***
TheU10: raises $3 to $6
jl45259071: calls $3
*** FLOP *** [2s 5s 8d]
jl45259071: checks
TheU10: checks
*** TURN *** [2s 5s 8d] [3s]
jl45259071: bets $6
TheU10: calls $6
*** RIVER *** [2s 5s 8d 3s] [3h]
jl45259071: checks
TheU10: checks
*** SHOW DOWN ***
jl45259071: shows [Qs 9c] (a pair of Threes)
TheU10: mucks hand
jl45259071 collected $23.52 from pot
*** SUMMARY ***
Total pot $24 | Rake $0.48
Board [2s 5s 8d 3s 3h]
Seat 1: TheU10 (button) (small blind) mucked
Seat 2: jl45259071 (big blind) showed [Qs 9c] and won ($23.52) with a pair of Threes


PokerStars Hand #144470239900:  Hold'em Limit ($3/$6 USD) - 2015/11/27 14:35:37 ET
Table 'Sternberga' 2-max Seat #1 is the button
Seat 1: TheU10 ($151.02 in chips)
Seat 2: jl45259071 ($275.32 in chips)
TheU10: posts small blind $1
jl45259071: posts big blind $3
*** HOLE CARDS ***
TheU10: folds
Uncalled bet ($2) returned to jl45259071
jl45259071 collected $2 from pot
jl45259071: doesn't show hand
*** SUMMARY ***
Total pot $2 | Rake $0
Seat 1: TheU10 (button) (small blind) folded before Flop
Seat 2: jl45259071 (big blind) collected ($2)


PokerStars Hand #144470270377:  Hold'em Limit ($3/$6 USD) - 2015/11/27 14:36:11 ET
Table 'Sternberga' 2-max Seat #2 is the button
Seat 1: TheU10 ($146.02 in chips)
Seat 2: jl45259071 ($280.20 in chips)
jl45259071: posts small blind $1
TheU10: posts big blind $3
*** HOLE CARDS ***
jl45259071: calls $2
TheU10: raises $3 to $6
jl45259071: calls $3
*** FLOP *** [4h 8h 6c]
TheU10: checks
jl45259071: checks
*** TURN *** [4h 8h 6c] [8s]
TheU10: bets $6
jl45259071: calls $6
*** RIVER *** [4h 8h 6c 8s] [8c]
TheU10: bets $6
jl45259071: calls $6
*** SHOW DOWN ***
TheU10: shows [Qs Jd] (three of a kind, Eights)
jl45259071: shows [Th Kd] (three of a kind, Eights - King kicker)
jl45259071 collected $35.50 from pot
*** SUMMARY ***
Total pot $36 | Rake $0.50
Board [4h 8h 6c 8s 8c]
Seat 1: TheU10 (big blind) showed [Qs Jd] and lost with three of a kind, Eights
Seat 2: jl45259071 (button) (small blind) showed [Th Kd] and won ($35.50) with three of a kind, Eights


PokerStars Hand #144470292563:  Hold'em Limit ($3/$6 USD) - 2015/11/27 14:36:35 ET
Table 'Sternberga' 2-max Seat #1 is the button
Seat 1: TheU10 ($128.02 in chips)
Seat 2: jl45259071 ($297.70 in chips)
TheU10: posts small blind $1
jl45259071: posts big blind $3
*** HOLE CARDS ***
TheU10: raises $3 to $6
jl45259071: calls $3
*** FLOP *** [2d Kc 9h]
jl45259071: checks
TheU10: bets $3
jl45259071: calls $3
*** TURN *** [2d Kc 9h] [9d]
jl45259071: checks
TheU10: bets $6
jl45259071: calls $6
*** RIVER *** [2d Kc 9h 9d] [2c]
jl45259071: checks
TheU10: checks
*** SHOW DOWN ***
jl45259071: shows [Ks 4s] (two pair, Kings and Nines)
TheU10: mucks hand
jl45259071 collected $29.50 from pot
*** SUMMARY ***
Total pot $30 | Rake $0.50
Board [2d Kc 9h 9d 2c]
Seat 1: TheU10 (button) (small blind) mucked
Seat 2: jl45259071 (big blind) showed [Ks 4s] and won ($29.50) with two pair, Kings and Nines


PokerStars Hand #144470266190:  Hold'em Limit ($3/$6 USD) - 2015/11/27 14:36:06 ET
Table 'Sternberga' 2-max Seat #1 is the button
Seat 1: TheU10 ($147.02 in chips)
Seat 2: jl45259071 ($279.20 in chips)
TheU10: posts small blind $1
jl45259071: posts big blind $3
*** HOLE CARDS ***
TheU10: folds
Uncalled bet ($2) returned to jl45259071
jl45259071 collected $2 from pot
jl45259071: doesn't show hand
*** SUMMARY ***
Total pot $2 | Rake $0
Seat 1: TheU10 (button) (small blind) folded before Flop
Seat 2: jl45259071 (big blind) collected ($2)


PokerStars Hand #144470244294:  Hold'em Limit ($3/$6 USD) - 2015/11/27 14:35:41 ET
Table 'Sternberga' 2-max Seat #2 is the button
Seat 1: TheU10 ($150.02 in chips)
Seat 2: jl45259071 ($276.32 in chips)
jl45259071: posts small blind $1
TheU10: posts big blind $3
*** HOLE CARDS ***
jl45259071: calls $2
TheU10: checks
*** FLOP *** [8c 9h Ks]
TheU10: checks
jl45259071: bets $3
TheU10: folds
Uncalled bet ($3) returned to jl45259071
jl45259071 collected $5.88 from pot
jl45259071: doesn't show hand
*** SUMMARY ***
Total pot $6 | Rake $0.12
Board [8c 9h Ks]
Seat 1: TheU10 (big blind) folded on the Flop
Seat 2: jl45259071 (button) (small blind) collected ($5.88)


PokerStars Hand #144470312780:  Hold'em Limit ($3/$6 USD) - 2015/11/27 14:36:57 ET
Table 'Sternberga' 2-max Seat #2 is the button
Seat 1: TheU10 ($113.02 in chips)
Seat 2: jl45259071 ($312.20 in chips)
jl45259071: posts small blind $1
TheU10: posts big blind $3
*** HOLE CARDS ***
jl45259071: calls $2
TheU10: raises $3 to $6
jl45259071: calls $3
*** FLOP *** [Kc Ks Js]
TheU10: bets $3
jl45259071: calls $3
*** TURN *** [Kc Ks Js] [9d]
TheU10: checks
jl45259071: checks
*** RIVER *** [Kc Ks Js 9d] [Td]
TheU10: checks
jl45259071: bets $6
TheU10: calls $6
*** SHOW DOWN ***
jl45259071: shows [6s Qh] (a straight, Nine to King)
TheU10: mucks hand
jl45259071 collected $29.50 from pot
*** SUMMARY ***
Total pot $30 | Rake $0.50
Board [Kc Ks Js 9d Td]
Seat 1: TheU10 (big blind) mucked
Seat 2: jl45259071 (button) (small blind) showed [6s Qh] and won ($29.50) with a straight, Nine to King


PokerStars Hand #144470327154:  Hold'em Limit ($3/$6 USD) - 2015/11/27 14:37:13 ET
Table 'Sternberga' 2-max Seat #1 is the button
Seat 1: TheU10 ($98.02 in chips)
Seat 2: jl45259071 ($326.70 in chips)
TheU10: posts small blind $1
jl45259071: posts big blind $3
*** HOLE CARDS ***
TheU10: raises $3 to $6
jl45259071: calls $3
*** FLOP *** [2s 8c Ac]
jl45259071: checks
TheU10: bets $3
jl45259071: calls $3
*** TURN *** [2s 8c Ac] [2d]
jl45259071: checks
TheU10: bets $6
jl45259071: folds
Uncalled bet ($6) returned to TheU10
TheU10 collected $17.64 from pot
TheU10: doesn't show hand
*** SUMMARY ***
Total pot $18 | Rake $0.36
Board [2s 8c Ac 2d]
Seat 1: TheU10 (button) (small blind) collected ($17.64)
Seat 2: jl45259071 (big blind) folded on the Turn


PokerStars Hand #144470346522:  Hold'em Limit ($3/$6 USD) - 2015/11/27 14:37:33 ET
Table 'Sternberga' 2-max Seat #2 is the button
Seat 1: TheU10 ($106.66 in chips)
Seat 2: jl45259071 ($317.70 in chips)
jl45259071: posts small blind $1
TheU10: posts big blind $3
*** HOLE CARDS ***
jl45259071: calls $2
TheU10: checks
*** FLOP *** [6s 2s 2h]
TheU10: checks
jl45259071: checks
*** TURN *** [6s 2s 2h] [4d]
TheU10: checks
jl45259071: bets $6
TheU10: folds
Uncalled bet ($6) returned to jl45259071
jl45259071 collected $5.88 from pot
jl45259071: doesn't show hand
*** SUMMARY ***
Total pot $6 | Rake $0.12
Board [6s 2s 2h 4d]
Seat 1: TheU10 (big blind) folded on the Turn
Seat 2: jl45259071 (button) (small blind) collected ($5.88)


PokerStars Hand #144470379731:  Hold'em Limit ($3/$6 USD) - 2015/11/27 14:38:09 ET
Table 'Sternberga' 2-max Seat #2 is the button
Seat 1: TheU10 ($91.66 in chips)
Seat 2: jl45259071 ($332.10 in chips)
jl45259071: posts small blind $1
TheU10: posts big blind $3
*** HOLE CARDS ***
jl45259071: calls $2
TheU10: checks
*** FLOP *** [Ks Jc 2c]
TheU10: checks
jl45259071: checks
*** TURN *** [Ks Jc 2c] [8d]
TheU10: checks
jl45259071: checks
*** RIVER *** [Ks Jc 2c 8d] [5h]
TheU10: checks
jl45259071: bets $6
TheU10: folds
Uncalled bet ($6) returned to jl45259071
jl45259071 collected $5.88 from pot
jl45259071: doesn't show hand
*** SUMMARY ***
Total pot $6 | Rake $0.12
Board [Ks Jc 2c 8d 5h]
Seat 1: TheU10 (big blind) folded on the River
Seat 2: jl45259071 (button) (small blind) collected ($5.88)


PokerStars Hand #144470396273:  Hold'em Limit ($3/$6 USD) - 2015/11/27 14:38:27 ET
Table 'Sternberga' 2-max Seat #1 is the button
Seat 1: TheU10 ($88.66 in chips)
Seat 2: jl45259071 ($334.98 in chips)
TheU10: posts small blind $1
jl45259071: posts big blind $3
*** HOLE CARDS ***
TheU10: raises $3 to $6
jl45259071: calls $3
*** FLOP *** [Jc Ac Ts]
jl45259071: checks
TheU10: checks
*** TURN *** [Jc Ac Ts] [3c]
jl45259071: bets $6
TheU10: calls $6
*** RIVER *** [Jc Ac Ts 3c] [8c]
jl45259071: bets $6
TheU10: raises $6 to $12
jl45259071: calls $6
*** SHOW DOWN ***
TheU10: shows [9d Tc] (a flush, Ace high)
jl45259071: mucks hand
TheU10 collected $47.50 from pot
*** SUMMARY ***
Total pot $48 | Rake $0.50
Board [Jc Ac Ts 3c 8c]
Seat 1: TheU10 (button) (small blind) showed [9d Tc] and won ($47.50) with a flush, Ace high
Seat 2: jl45259071 (big blind) mucked


PokerStars Hand #144470430306:  Hold'em Limit ($3/$6 USD) - 2015/11/27 14:39:04 ET
Table 'Sternberga' 2-max Seat #1 is the button
Seat 1: TheU10 ($94.16 in chips)
Seat 2: jl45259071 ($328.48 in chips)
TheU10: posts small blind $1
jl45259071: posts big blind $3
*** HOLE CARDS ***
TheU10: raises $3 to $6
jl45259071: calls $3
*** FLOP *** [7h 4d Qs]
jl45259071: checks
TheU10: checks
*** TURN *** [7h 4d Qs] [4c]
jl45259071: checks
TheU10: bets $6
jl45259071: folds
Uncalled bet ($6) returned to TheU10
TheU10 collected $11.76 from pot
TheU10: doesn't show hand
*** SUMMARY ***
Total pot $12 | Rake $0.24
Board [7h 4d Qs 4c]
Seat 1: TheU10 (button) (small blind) collected ($11.76)
Seat 2: jl45259071 (big blind) folded on the Turn


PokerStars Hand #144470443573:  Hold'em Limit ($3/$6 USD) - 2015/11/27 14:39:19 ET
Table 'Sternberga' 2-max Seat #2 is the button
Seat 1: TheU10 ($99.92 in chips)
Seat 2: jl45259071 ($322.48 in chips)
jl45259071: posts small blind $1
TheU10: posts big blind $3
*** HOLE CARDS ***
jl45259071: calls $2
TheU10: raises $3 to $6
jl45259071: calls $3
*** FLOP *** [9s 9d Kd]
TheU10: bets $3
jl45259071: calls $3
*** TURN *** [9s 9d Kd] [Ad]
TheU10: bets $6
jl45259071: calls $6
*** RIVER *** [9s 9d Kd Ad] [8d]
TheU10: bets $6
jl45259071: calls $6
*** SHOW DOWN ***
TheU10: shows [3d 3h] (a flush, Ace high)
jl45259071: mucks hand
TheU10 collected $41.50 from pot
*** SUMMARY ***
Total pot $42 | Rake $0.50
Board [9s 9d Kd Ad 8d]
Seat 1: TheU10 (big blind) showed [3d 3h] and won ($41.50) with a flush, Ace high
Seat 2: jl45259071 (button) (small blind) mucked


PokerStars Hand #144470472063:  Hold'em Limit ($3/$6 USD) - 2015/11/27 14:39:50 ET
Table 'Sternberga' 2-max Seat #2 is the button
Seat 1: TheU10 ($129.06 in chips)
Seat 2: jl45259071 ($292.48 in chips)
jl45259071: posts small blind $1
TheU10: posts big blind $3
*** HOLE CARDS ***
jl45259071: calls $2
TheU10: checks
*** FLOP *** [Ah Kh 9c]
TheU10: checks
jl45259071: checks
*** TURN *** [Ah Kh 9c] [3d]
TheU10: checks
jl45259071: bets $6
TheU10: calls $6
*** RIVER *** [Ah Kh 9c 3d] [5s]
TheU10: checks
jl45259071: bets $6
TheU10: calls $6
*** SHOW DOWN ***
jl45259071: shows [2s Ks] (a pair of Kings)
TheU10: shows [2c As] (a pair of Aces)
TheU10 collected $29.50 from pot
*** SUMMARY ***
Total pot $30 | Rake $0.50
Board [Ah Kh 9c 3d 5s]
Seat 1: TheU10 (big blind) showed [2c As] and won ($29.50) with a pair of Aces
Seat 2: jl45259071 (button) (small blind) showed [2s Ks] and lost with a pair of Kings


PokerStars Hand #144470487209:  Hold'em Limit ($3/$6 USD) - 2015/11/27 14:40:06 ET
Table 'Sternberga' 2-max Seat #1 is the button
Seat 1: TheU10 ($143.56 in chips)
Seat 2: jl45259071 ($277.48 in chips)
TheU10: posts small blind $1
jl45259071: posts big blind $3
*** HOLE CARDS ***
TheU10: raises $3 to $6
jl45259071: raises $3 to $9
TheU10: calls $3
*** FLOP *** [9s 4h 4c]
jl45259071: bets $3
TheU10: calls $3
*** TURN *** [9s 4h 4c] [Tc]
jl45259071: bets $6
TheU10: calls $6
*** RIVER *** [9s 4h 4c Tc] [Jd]
jl45259071: bets $6
TheU10: raises $6 to $12
jl45259071: folds
Uncalled bet ($6) returned to TheU10
TheU10 collected $47.50 from pot
TheU10: doesn't show hand
*** SUMMARY ***
Total pot $48 | Rake $0.50
Board [9s 4h 4c Tc Jd]
Seat 1: TheU10 (button) (small blind) collected ($47.50)
Seat 2: jl45259071 (big blind) folded on the River


PokerStars Hand #144470504555:  Hold'em Limit ($3/$6 USD) - 2015/11/27 14:40:25 ET
Table 'Sternberga' 2-max Seat #2 is the button
Seat 1: TheU10 ($167.06 in chips)
Seat 2: jl45259071 ($253.48 in chips)
jl45259071: posts small blind $1
TheU10: posts big blind $3
*** HOLE CARDS ***
jl45259071: calls $2
TheU10: raises $3 to $6
jl45259071: calls $3
*** FLOP *** [Ac Ah 4s]
TheU10: bets $3
jl45259071: calls $3
*** TURN *** [Ac Ah 4s] [6c]
TheU10: checks
jl45259071: checks
*** RIVER *** [Ac Ah 4s 6c] [8d]
TheU10: bets $6
jl45259071: folds
Uncalled bet ($6) returned to TheU10
TheU10 collected $17.64 from pot
TheU10: doesn't show hand
*** SUMMARY ***
Total pot $18 | Rake $0.36
Board [Ac Ah 4s 6c 8d]
Seat 1: TheU10 (big blind) collected ($17.64)
Seat 2: jl45259071 (button) (small blind) folded on the River


PokerStars Hand #144470523862:  Hold'em Limit ($3/$6 USD) - 2015/11/27 14:40:46 ET
Table 'Sternberga' 2-max Seat #1 is the button
Seat 1: TheU10 ($175.70 in chips)
Seat 2: jl45259071 ($244.48 in chips)
TheU10: posts small blind $1
jl45259071: posts big blind $3
*** HOLE CARDS ***
TheU10: raises $3 to $6
jl45259071: calls $3
*** FLOP *** [Js 6c Ks]
jl45259071: checks
TheU10: bets $3
jl45259071: folds
Uncalled bet ($3) returned to TheU10
TheU10 collected $11.76 from pot
TheU10: doesn't show hand
*** SUMMARY ***
Total pot $12 | Rake $0.24
Board [Js 6c Ks]
Seat 1: TheU10 (button) (small blind) collected ($11.76)
Seat 2: jl45259071 (big blind) folded on the Flop


PokerStars Hand #144470549174:  Hold'em Limit ($3/$6 USD) - 2015/11/27 14:41:14 ET
Table 'Sternberga' 2-max Seat #2 is the button
Seat 1: TheU10 ($174.46 in chips)
Seat 2: jl45259071 ($245.24 in chips)
jl45259071: posts small blind $1
TheU10: posts big blind $3
*** HOLE CARDS ***
jl45259071: calls $2
TheU10: checks
*** FLOP *** [6c Kh 2d]
TheU10: checks
jl45259071: checks
*** TURN *** [6c Kh 2d] [4c]
TheU10: checks
jl45259071: checks
*** RIVER *** [6c Kh 2d 4c] [3h]
TheU10: bets $6
jl45259071: raises $6 to $12
TheU10: calls $6
*** SHOW DOWN ***
jl45259071: shows [5s Ac] (a straight, Deuce to Six)
TheU10: mucks hand
jl45259071 collected $29.50 from pot
*** SUMMARY ***
Total pot $30 | Rake $0.50
Board [6c Kh 2d 4c 3h]
Seat 1: TheU10 (big blind) mucked
Seat 2: jl45259071 (button) (small blind) showed [5s Ac] and won ($29.50) with a straight, Deuce to Six


PokerStars Hand #144470566291:  Hold'em Limit ($3/$6 USD) - 2015/11/27 14:41:32 ET
Table 'Sternberga' 2-max Seat #1 is the button
Seat 1: TheU10 ($159.46 in chips)
Seat 2: jl45259071 ($259.74 in chips)
TheU10: posts small blind $1
jl45259071: posts big blind $3
*** HOLE CARDS ***
TheU10: raises $3 to $6
jl45259071: calls $3
*** FLOP *** [Td Jd Ts]
jl45259071: checks
TheU10: checks
*** TURN *** [Td Jd Ts] [Ah]
jl45259071: checks
TheU10: checks
*** RIVER *** [Td Jd Ts Ah] [5h]
jl45259071: checks
TheU10: checks
*** SHOW DOWN ***
jl45259071: shows [9c 7c] (a pair of Tens)
TheU10: shows [Qh 6d] (a pair of Tens - Ace+Queen kicker)
TheU10 collected $11.76 from pot
*** SUMMARY ***
Total pot $12 | Rake $0.24
Board [Td Jd Ts Ah 5h]
Seat 1: TheU10 (button) (small blind) showed [Qh 6d] and won ($11.76) with a pair of Tens
Seat 2: jl45259071 (big blind) showed [9c 7c] and lost with a pair of Tens


PokerStars Hand #144470576358:  Hold'em Limit ($3/$6 USD) - 2015/11/27 14:41:44 ET
Table 'Sternberga' 2-max Seat #2 is the button
Seat 1: TheU10 ($165.22 in chips)
Seat 2: jl45259071 ($253.74 in chips)
jl45259071: posts small blind $1
TheU10: posts big blind $3
*** HOLE CARDS ***
jl45259071: calls $2
TheU10: raises $3 to $6
jl45259071: calls $3
*** FLOP *** [Qs Qc 3h]
TheU10: bets $3
jl45259071: calls $3
*** TURN *** [Qs Qc 3h] [4c]
TheU10: bets $6
jl45259071: calls $6
*** RIVER *** [Qs Qc 3h 4c] [4d]
TheU10: bets $6
jl45259071: calls $6
*** SHOW DOWN ***
TheU10: shows [8s Ts] (two pair, Queens and Fours)
jl45259071: shows [7c Kh] (two pair, Queens and Fours - King kicker)
jl45259071 collected $41.50 from pot
*** SUMMARY ***
Total pot $42 | Rake $0.50
Board [Qs Qc 3h 4c 4d]
Seat 1: TheU10 (big blind) showed [8s Ts] and lost with two pair, Queens and Fours
Seat 2: jl45259071 (button) (small blind) showed [7c Kh] and won ($41.50) with two pair, Queens and Fours


PokerStars Hand #144470534183:  Hold'em Limit ($3/$6 USD) - 2015/11/27 14:40:57 ET
Table 'Sternberga' 2-max Seat #2 is the button
Seat 1: TheU10 ($181.46 in chips)
Seat 2: jl45259071 ($238.48 in chips)
jl45259071: posts small blind $1
TheU10: posts big blind $3
*** HOLE CARDS ***
jl45259071: raises $3 to $6
TheU10: calls $3
*** FLOP *** [2s 9h 4s]
TheU10: checks
jl45259071: bets $3
TheU10: folds
Uncalled bet ($3) returned to jl45259071
jl45259071 collected $11.76 from pot
jl45259071: doesn't show hand
*** SUMMARY ***
Total pot $12 | Rake $0.24
Board [2s 9h 4s]
Seat 1: TheU10 (big blind) folded on the Flop
Seat 2: jl45259071 (button) (small blind) collected ($11.76)


PokerStars Hand #144470544386:  Hold'em Limit ($3/$6 USD) - 2015/11/27 14:41:08 ET
Table 'Sternberga' 2-max Seat #1 is the button
Seat 1: TheU10 ($175.46 in chips)
Seat 2: jl45259071 ($244.24 in chips)
TheU10: posts small blind $1
jl45259071: posts big blind $3
*** HOLE CARDS ***
TheU10: folds
Uncalled bet ($2) returned to jl45259071
jl45259071 collected $2 from pot
jl45259071: doesn't show hand
*** SUMMARY ***
Total pot $2 | Rake $0
Seat 1: TheU10 (button) (small blind) folded before Flop
Seat 2: jl45259071 (big blind) collected ($2)


PokerStars Hand #144470607484:  Hold'em Limit ($3/$6 USD) - 2015/11/27 14:42:18 ET
Table 'Sternberga' 2-max Seat #2 is the button
Seat 1: TheU10 ($149.98 in chips)
Seat 2: jl45259071 ($268.24 in chips)
jl45259071: posts small blind $1
TheU10: posts big blind $3
*** HOLE CARDS ***
jl45259071: calls $2
TheU10: checks
*** FLOP *** [9c Qs 5h]
TheU10: checks
jl45259071: bets $3
TheU10: calls $3
*** TURN *** [9c Qs 5h] [Kd]
TheU10: checks
jl45259071: bets $6
TheU10: raises $6 to $12
jl45259071: calls $6
*** RIVER *** [9c Qs 5h Kd] [Qc]
TheU10: bets $6
jl45259071: calls $6
*** SHOW DOWN ***
TheU10: shows [Kc 2c] (two pair, Kings and Queens)
jl45259071: mucks hand
TheU10 collected $47.50 from pot
*** SUMMARY ***
Total pot $48 | Rake $0.50
Board [9c Qs 5h Kd Qc]
Seat 1: TheU10 (big blind) showed [Kc 2c] and won ($47.50) with two pair, Kings and Queens
Seat 2: jl45259071 (button) (small blind) mucked


PokerStars Hand #144470591298:  Hold'em Limit ($3/$6 USD) - 2015/11/27 14:42:00 ET
Table 'Sternberga' 2-max Seat #1 is the button
Seat 1: TheU10 ($144.22 in chips)
Seat 2: jl45259071 ($274.24 in chips)
TheU10: posts small blind $1
jl45259071: posts big blind $3
*** HOLE CARDS ***
TheU10: raises $3 to $6
jl45259071: calls $3
*** FLOP *** [Td Kc 6s]
jl45259071: checks
TheU10: checks
*** TURN *** [Td Kc 6s] [9s]
jl45259071: checks
TheU10: bets $6
jl45259071: folds
Uncalled bet ($6) returned to TheU10
TheU10 collected $11.76 from pot
TheU10: doesn't show hand
*** SUMMARY ***
Total pot $12 | Rake $0.24
Board [Td Kc 6s 9s]
Seat 1: TheU10 (button) (small blind) collected ($11.76)
Seat 2: jl45259071 (big blind) folded on the Turn


PokerStars Hand #144470665747:  Hold'em Limit ($3/$6 USD) - 2015/11/27 14:43:21 ET
Table 'Sternberga' 2-max Seat #2 is the button
Seat 1: TheU10 ($174.24 in chips)
Seat 2: jl45259071 ($243 in chips)
jl45259071: posts small blind $1
TheU10: posts big blind $3
*** HOLE CARDS ***
jl45259071: calls $2
TheU10: checks
*** FLOP *** [9s Tc 3d]
TheU10: checks
jl45259071: checks
*** TURN *** [9s Tc 3d] [5c]
TheU10: checks
jl45259071: checks
*** RIVER *** [9s Tc 3d 5c] [7c]
TheU10: bets $6
jl45259071: calls $6
*** SHOW DOWN ***
TheU10: shows [9h 4d] (a pair of Nines)
jl45259071: mucks hand
TheU10 collected $17.64 from pot
*** SUMMARY ***
Total pot $18 | Rake $0.36
Board [9s Tc 3d 5c 7c]
Seat 1: TheU10 (big blind) showed [9h 4d] and won ($17.64) with a pair of Nines
Seat 2: jl45259071 (button) (small blind) mucked


PokerStars Hand #144470676301:  Hold'em Limit ($3/$6 USD) - 2015/11/27 14:43:33 ET
Table 'Sternberga' 2-max Seat #1 is the button
Seat 1: TheU10 ($182.88 in chips)
Seat 2: jl45259071 ($234 in chips)
TheU10: posts small blind $1
jl45259071: posts big blind $3
*** HOLE CARDS ***
TheU10: raises $3 to $6
jl45259071: raises $3 to $9
TheU10: calls $3
*** FLOP *** [3d Jd 4c]
jl45259071: bets $3
TheU10: raises $3 to $6
jl45259071: calls $3
*** TURN *** [3d Jd 4c] [Qd]
jl45259071: checks
TheU10: bets $6
jl45259071: folds
Uncalled bet ($6) returned to TheU10
TheU10 collected $29.50 from pot
TheU10: doesn't show hand
*** SUMMARY ***
Total pot $30 | Rake $0.50
Board [3d Jd 4c Qd]
Seat 1: TheU10 (button) (small blind) collected ($29.50)
Seat 2: jl45259071 (big blind) folded on the Turn


PokerStars Hand #144470689891:  Hold'em Limit ($3/$6 USD) - 2015/11/27 14:43:48 ET
Table 'Sternberga' 2-max Seat #2 is the button
Seat 1: TheU10 ($197.38 in chips)
Seat 2: jl45259071 ($219 in chips)
jl45259071: posts small blind $1
TheU10: posts big blind $3
*** HOLE CARDS ***
jl45259071: calls $2
TheU10: checks
*** FLOP *** [Kd Jd 2d]
TheU10: checks
jl45259071: bets $3
TheU10: folds
Uncalled bet ($3) returned to jl45259071
jl45259071 collected $5.88 from pot
jl45259071: doesn't show hand
*** SUMMARY ***
Total pot $6 | Rake $0.12
Board [Kd Jd 2d]
Seat 1: TheU10 (big blind) folded on the Flop
Seat 2: jl45259071 (button) (small blind) collected ($5.88)


PokerStars Hand #144470649357:  Hold'em Limit ($3/$6 USD) - 2015/11/27 14:43:03 ET
Table 'Sternberga' 2-max Seat #2 is the button
Seat 1: TheU10 ($179.24 in chips)
Seat 2: jl45259071 ($238.24 in chips)
jl45259071: posts small blind $1
TheU10: posts big blind $3
*** HOLE CARDS ***
jl45259071: folds
Uncalled bet ($2) returned to TheU10
TheU10 collected $2 from pot
TheU10: doesn't show hand
*** SUMMARY ***
Total pot $2 | Rake $0
Seat 1: TheU10 (big blind) collected ($2)
Seat 2: jl45259071 (button) (small blind) folded before Flop


PokerStars Hand #144470631123:  Hold'em Limit ($3/$6 USD) - 2015/11/27 14:42:44 ET
Table 'Sternberga' 2-max Seat #1 is the button
Seat 1: TheU10 ($173.48 in chips)
Seat 2: jl45259071 ($244.24 in chips)
TheU10: posts small blind $1
jl45259071: posts big blind $3
*** HOLE CARDS ***
TheU10: raises $3 to $6
jl45259071: calls $3
*** FLOP *** [Jc Qs 2c]
jl45259071: checks
TheU10: checks
*** TURN *** [Jc Qs 2c] [7h]
jl45259071: checks
TheU10: checks
*** RIVER *** [Jc Qs 2c 7h] [2h]
jl45259071: checks
TheU10: bets $6
jl45259071: folds
Uncalled bet ($6) returned to TheU10
TheU10 collected $11.76 from pot
TheU10: doesn't show hand
*** SUMMARY ***
Total pot $12 | Rake $0.24
Board [Jc Qs 2c 7h 2h]
Seat 1: TheU10 (button) (small blind) collected ($11.76)
Seat 2: jl45259071 (big blind) folded on the River


PokerStars Hand #144470654431:  Hold'em Limit ($3/$6 USD) - 2015/11/27 14:43:09 ET
Table 'Sternberga' 2-max Seat #1 is the button
Seat 1: TheU10 ($180.24 in chips)
Seat 2: jl45259071 ($237.24 in chips)
TheU10: posts small blind $1
jl45259071: posts big blind $3
*** HOLE CARDS ***
TheU10: raises $3 to $6
jl45259071: calls $3
*** FLOP *** [9s 6c 8s]
jl45259071: checks
TheU10: checks
*** TURN *** [9s 6c 8s] [6s]
jl45259071: bets $6
TheU10: folds
Uncalled bet ($6) returned to jl45259071
jl45259071 collected $11.76 from pot
jl45259071: doesn't show hand
*** SUMMARY ***
Total pot $12 | Rake $0.24
Board [9s 6c 8s 6s]
Seat 1: TheU10 (button) (small blind) folded on the Turn
Seat 2: jl45259071 (big blind) collected ($11.76)


PokerStars Hand #144470715314:  Hold'em Limit ($3/$6 USD) - 2015/11/27 14:44:16 ET
Table 'Sternberga' 2-max Seat #2 is the button
Seat 1: TheU10 ($211.88 in chips)
Seat 2: jl45259071 ($203.88 in chips)
jl45259071: posts small blind $1
TheU10: posts big blind $3
*** HOLE CARDS ***
jl45259071: raises $3 to $6
TheU10: calls $3
*** FLOP *** [Qc 2c 3h]
TheU10: checks
jl45259071: bets $3
TheU10: raises $3 to $6
jl45259071: calls $3
*** TURN *** [Qc 2c 3h] [7d]
TheU10: bets $6
jl45259071: calls $6
*** RIVER *** [Qc 2c 3h 7d] [Tc]
TheU10: bets $6
jl45259071: calls $6
*** SHOW DOWN ***
TheU10: shows [7s 3s] (two pair, Sevens and Threes)
jl45259071: mucks hand
TheU10 collected $47.50 from pot
*** SUMMARY ***
Total pot $48 | Rake $0.50
Board [Qc 2c 3h 7d Tc]
Seat 1: TheU10 (big blind) showed [7s 3s] and won ($47.50) with two pair, Sevens and Threes
Seat 2: jl45259071 (button) (small blind) mucked


PokerStars Hand #144470728344:  Hold'em Limit ($3/$6 USD) - 2015/11/27 14:44:30 ET
Table 'Sternberga' 2-max Seat #1 is the button
Seat 1: TheU10 ($235.38 in chips)
Seat 2: jl45259071 ($179.88 in chips)
TheU10: posts small blind $1
jl45259071: posts big blind $3
*** HOLE CARDS ***
TheU10: raises $3 to $6
jl45259071: calls $3
*** FLOP *** [5c 2c 2d]
jl45259071: checks
TheU10: bets $3
jl45259071: calls $3
*** TURN *** [5c 2c 2d] [4s]
jl45259071: checks
TheU10: bets $6
jl45259071: calls $6
*** RIVER *** [5c 2c 2d 4s] [Ts]
jl45259071: checks
TheU10: bets $6
jl45259071: folds
Uncalled bet ($6) returned to TheU10
TheU10 collected $29.50 from pot
TheU10: doesn't show hand
*** SUMMARY ***
Total pot $30 | Rake $0.50
Board [5c 2c 2d 4s Ts]
Seat 1: TheU10 (button) (small blind) collected ($29.50)
Seat 2: jl45259071 (big blind) folded on the River


PokerStars Hand #144470698574:  Hold'em Limit ($3/$6 USD) - 2015/11/27 14:43:57 ET
Table 'Sternberga' 2-max Seat #1 is the button
Seat 1: TheU10 ($194.38 in chips)
Seat 2: jl45259071 ($221.88 in chips)
TheU10: posts small blind $1
jl45259071: posts big blind $3
*** HOLE CARDS ***
TheU10: raises $3 to $6
jl45259071: calls $3
*** FLOP *** [Ah 7d 6s]
jl45259071: checks
TheU10: bets $3
jl45259071: raises $3 to $6
TheU10: calls $3
*** TURN *** [Ah 7d 6s] [3h]
jl45259071: bets $6
TheU10: calls $6
*** RIVER *** [Ah 7d 6s 3h] [6h]
jl45259071: checks
TheU10: bets $6
jl45259071: folds
Uncalled bet ($6) returned to TheU10
TheU10 collected $35.50 from pot
TheU10: doesn't show hand
*** SUMMARY ***
Total pot $36 | Rake $0.50
Board [Ah 7d 6s 3h 6h]
Seat 1: TheU10 (button) (small blind) collected ($35.50)
Seat 2: jl45259071 (big blind) folded on the River


PokerStars Hand #144470785609:  Hold'em Limit ($3/$6 USD) - 2015/11/27 14:45:34 ET
Table 'Sternberga' 2-max Seat #1 is the button
Seat 1: TheU10 ($246.26 in chips)
Seat 2: jl45259071 ($167.38 in chips)
TheU10: posts small blind $1
jl45259071: posts big blind $3
*** HOLE CARDS ***
TheU10: raises $3 to $6
jl45259071: calls $3
*** FLOP *** [Kc 9h Ac]
jl45259071: checks
TheU10: bets $3
jl45259071: folds
Uncalled bet ($3) returned to TheU10
TheU10 collected $11.76 from pot
TheU10: doesn't show hand
*** SUMMARY ***
Total pot $12 | Rake $0.24
Board [Kc 9h Ac]
Seat 1: TheU10 (button) (small blind) collected ($11.76)
Seat 2: jl45259071 (big blind) folded on the Flop


PokerStars Hand #144470794979:  Hold'em Limit ($3/$6 USD) - 2015/11/27 14:45:44 ET
Table 'Sternberga' 2-max Seat #2 is the button
Seat 1: TheU10 ($252.02 in chips)
Seat 2: jl45259071 ($161.38 in chips)
jl45259071: posts small blind $1
TheU10: posts big blind $3
*** HOLE CARDS ***
jl45259071: raises $3 to $6
TheU10: calls $3
*** FLOP *** [Td 7h Qc]
TheU10: checks
jl45259071: bets $3
TheU10: calls $3
*** TURN *** [Td 7h Qc] [9c]
TheU10: checks
jl45259071: checks
*** RIVER *** [Td 7h Qc 9c] [7d]
TheU10: bets $6
jl45259071: calls $6
*** SHOW DOWN ***
TheU10: shows [7s Jd] (three of a kind, Sevens)
jl45259071: mucks hand
TheU10 collected $29.50 from pot
*** SUMMARY ***
Total pot $30 | Rake $0.50
Board [Td 7h Qc 9c 7d]
Seat 1: TheU10 (big blind) showed [7s Jd] and won ($29.50) with three of a kind, Sevens
Seat 2: jl45259071 (button) (small blind) mucked


PokerStars Hand #144470743736:  Hold'em Limit ($3/$6 USD) - 2015/11/27 14:44:47 ET
Table 'Sternberga' 2-max Seat #2 is the button
Seat 1: TheU10 ($249.88 in chips)
Seat 2: jl45259071 ($164.88 in chips)
jl45259071: posts small blind $1
TheU10: posts big blind $3
*** HOLE CARDS ***
jl45259071: calls $2
TheU10: raises $3 to $6
jl45259071: calls $3
*** FLOP *** [3s 9h 3h]
TheU10: checks
jl45259071: checks
*** TURN *** [3s 9h 3h] [Qd]
TheU10: checks
jl45259071: bets $6
TheU10: raises $6 to $12
jl45259071: raises $6 to $18
TheU10: calls $6
*** RIVER *** [3s 9h 3h Qd] [As]
TheU10: checks
jl45259071: bets $6
TheU10: calls $6
*** SHOW DOWN ***
jl45259071: shows [5h 3d] (three of a kind, Threes)
TheU10: mucks hand
jl45259071 collected $59.50 from pot
*** SUMMARY ***
Total pot $60 | Rake $0.50
Board [3s 9h 3h Qd As]
Seat 1: TheU10 (big blind) mucked
Seat 2: jl45259071 (button) (small blind) showed [5h 3d] and won ($59.50) with three of a kind, Threes


PokerStars Hand #144470760768:  Hold'em Limit ($3/$6 USD) - 2015/11/27 14:45:06 ET
Table 'Sternberga' 2-max Seat #1 is the button
Seat 1: TheU10 ($219.88 in chips)
Seat 2: jl45259071 ($194.38 in chips)
TheU10: posts small blind $1
jl45259071: posts big blind $3
*** HOLE CARDS ***
TheU10: raises $3 to $6
jl45259071: calls $3
*** FLOP *** [4c 5c 3d]
jl45259071: checks
TheU10: checks
*** TURN *** [4c 5c 3d] [Ks]
jl45259071: bets $6
TheU10: raises $6 to $12
jl45259071: calls $6
*** RIVER *** [4c 5c 3d Ks] [3h]
jl45259071: checks
TheU10: bets $6
jl45259071: calls $6
*** SHOW DOWN ***
TheU10: shows [8s Kd] (two pair, Kings and Threes)
jl45259071: mucks hand
TheU10 collected $47.50 from pot
*** SUMMARY ***
Total pot $48 | Rake $0.50
Board [4c 5c 3d Ks 3h]
Seat 1: TheU10 (button) (small blind) showed [8s Kd] and won ($47.50) with two pair, Kings and Threes
Seat 2: jl45259071 (big blind) mucked


PokerStars Hand #144470827308:  Hold'em Limit ($3/$6 USD) - 2015/11/27 14:46:20 ET
Table 'Sternberga' 2-max Seat #2 is the button
Seat 1: TheU10 ($278.04 in chips)
Seat 2: jl45259071 ($134.38 in chips)
jl45259071: posts small blind $1
TheU10: posts big blind $3
*** HOLE CARDS ***
jl45259071: calls $2
TheU10: checks
*** FLOP *** [Td 5h 9c]
TheU10: checks
jl45259071: checks
*** TURN *** [Td 5h 9c] [4d]
TheU10: bets $6
jl45259071: folds
Uncalled bet ($6) returned to TheU10
TheU10 collected $5.88 from pot
TheU10: doesn't show hand
*** SUMMARY ***
Total pot $6 | Rake $0.12
Board [Td 5h 9c 4d]
Seat 1: TheU10 (big blind) collected ($5.88)
Seat 2: jl45259071 (button) (small blind) folded on the Turn


PokerStars Hand #144470836910:  Hold'em Limit ($3/$6 USD) - 2015/11/27 14:46:30 ET
Table 'Sternberga' 2-max Seat #1 is the button
Seat 1: TheU10 ($280.92 in chips)
Seat 2: jl45259071 ($131.38 in chips)
TheU10: posts small blind $1
jl45259071: posts big blind $3
*** HOLE CARDS ***
TheU10: raises $3 to $6
jl45259071: calls $3
*** FLOP *** [Kd 7h Ad]
jl45259071: checks
TheU10: bets $3
jl45259071: calls $3
*** TURN *** [Kd 7h Ad] [2c]
jl45259071: checks
TheU10: checks
*** RIVER *** [Kd 7h Ad 2c] [4s]
jl45259071: checks
TheU10: bets $6
jl45259071: calls $6
*** SHOW DOWN ***
TheU10: shows [8c 7c] (a pair of Sevens)
jl45259071: mucks hand
TheU10 collected $29.50 from pot
*** SUMMARY ***
Total pot $30 | Rake $0.50
Board [Kd 7h Ad 2c 4s]
Seat 1: TheU10 (button) (small blind) showed [8c 7c] and won ($29.50) with a pair of Sevens
Seat 2: jl45259071 (big blind) mucked


PokerStars Hand #144470808156:  Hold'em Limit ($3/$6 USD) - 2015/11/27 14:45:59 ET
Table 'Sternberga' 2-max Seat #1 is the button
Seat 1: TheU10 ($266.52 in chips)
Seat 2: jl45259071 ($146.38 in chips)
TheU10: posts small blind $1
jl45259071: posts big blind $3
*** HOLE CARDS ***
TheU10: raises $3 to $6
jl45259071: calls $3
*** FLOP *** [5s 3d 3h]
jl45259071: checks
TheU10: checks
*** TURN *** [5s 3d 3h] [5h]
jl45259071: checks
TheU10: bets $6
jl45259071: calls $6
*** RIVER *** [5s 3d 3h 5h] [9d]
jl45259071: checks
TheU10: bets $6
jl45259071: folds
Uncalled bet ($6) returned to TheU10
TheU10 collected $23.52 from pot
TheU10: doesn't show hand
*** SUMMARY ***
Total pot $24 | Rake $0.48
Board [5s 3d 3h 5h 9d]
Seat 1: TheU10 (button) (small blind) collected ($23.52)
Seat 2: jl45259071 (big blind) folded on the River


PokerStars Hand #144470884303:  Hold'em Limit ($3/$6 USD) - 2015/11/27 14:47:22 ET
Table 'Sternberga' 2-max Seat #2 is the button
Seat 1: TheU10 ($256.42 in chips)
Seat 2: jl45259071 ($154.38 in chips)
jl45259071: posts small blind $1
TheU10: posts big blind $3
*** HOLE CARDS ***
jl45259071: calls $2
TheU10: checks
*** FLOP *** [4c Jc 3s]
TheU10: checks
jl45259071: bets $3
TheU10: calls $3
*** TURN *** [4c Jc 3s] [Qc]
TheU10: checks
jl45259071: bets $6
TheU10: calls $6
*** RIVER *** [4c Jc 3s Qc] [Ad]
TheU10: checks
jl45259071: bets $6
TheU10: folds
Uncalled bet ($6) returned to jl45259071
jl45259071 collected $23.52 from pot
jl45259071: doesn't show hand
*** SUMMARY ***
Total pot $24 | Rake $0.48
Board [4c Jc 3s Qc Ad]
Seat 1: TheU10 (big blind) folded on the River
Seat 2: jl45259071 (button) (small blind) collected ($23.52)


PokerStars Hand #144470897705:  Hold'em Limit ($3/$6 USD) - 2015/11/27 14:47:37 ET
Table 'Sternberga' 2-max Seat #1 is the button
Seat 1: TheU10 ($244.42 in chips)
Seat 2: jl45259071 ($165.90 in chips)
TheU10: posts small blind $1
jl45259071: posts big blind $3
*** HOLE CARDS ***
TheU10: raises $3 to $6
jl45259071: calls $3
*** FLOP *** [Kd 8s Th]
jl45259071: checks
TheU10: bets $3
jl45259071: raises $3 to $6
TheU10: calls $3
*** TURN *** [Kd 8s Th] [Ks]
jl45259071: bets $6
TheU10: calls $6
*** RIVER *** [Kd 8s Th Ks] [3d]
jl45259071: bets $6
TheU10: calls $6
*** SHOW DOWN ***
jl45259071: shows [6h Kc] (three of a kind, Kings)
TheU10: mucks hand
jl45259071 collected $47.50 from pot
*** SUMMARY ***
Total pot $48 | Rake $0.50
Board [Kd 8s Th Ks 3d]
Seat 1: TheU10 (button) (small blind) mucked
Seat 2: jl45259071 (big blind) showed [6h Kc] and won ($47.50) with three of a kind, Kings


PokerStars Hand #144470910677:  Hold'em Limit ($3/$6 USD) - 2015/11/27 14:47:51 ET
Table 'Sternberga' 2-max Seat #2 is the button
Seat 1: TheU10 ($220.42 in chips)
Seat 2: jl45259071 ($189.40 in chips)
jl45259071: posts small blind $1
TheU10: posts big blind $3
*** HOLE CARDS ***
jl45259071: calls $2
TheU10: raises $3 to $6
jl45259071: calls $3
*** FLOP *** [Th As Ts]
TheU10: bets $3
jl45259071: folds
Uncalled bet ($3) returned to TheU10
TheU10 collected $11.76 from pot
TheU10: doesn't show hand
*** SUMMARY ***
Total pot $12 | Rake $0.24
Board [Th As Ts]
Seat 1: TheU10 (big blind) collected ($11.76)
Seat 2: jl45259071 (button) (small blind) folded on the Flop


PokerStars Hand #144470855983:  Hold'em Limit ($3/$6 USD) - 2015/11/27 14:46:51 ET
Table 'Sternberga' 2-max Seat #2 is the button
Seat 1: TheU10 ($295.42 in chips)
Seat 2: jl45259071 ($116.38 in chips)
jl45259071: posts small blind $1
TheU10: posts big blind $3
*** HOLE CARDS ***
jl45259071: calls $2
TheU10: checks
*** FLOP *** [Kd 4c 5d]
TheU10: checks
jl45259071: checks
*** TURN *** [Kd 4c 5d] [3h]
TheU10: checks
jl45259071: bets $6
TheU10: calls $6
*** RIVER *** [Kd 4c 5d 3h] [4d]
TheU10: checks
jl45259071: bets $6
TheU10: calls $6
*** SHOW DOWN ***
jl45259071: shows [Kh 3d] (two pair, Kings and Fours)
TheU10: mucks hand
jl45259071 collected $29.50 from pot
*** SUMMARY ***
Total pot $30 | Rake $0.50
Board [Kd 4c 5d 3h 4d]
Seat 1: TheU10 (big blind) mucked
Seat 2: jl45259071 (button) (small blind) showed [Kh 3d] and won ($29.50) with two pair, Kings and Fours


PokerStars Hand #144470869167:  Hold'em Limit ($3/$6 USD) - 2015/11/27 14:47:05 ET
Table 'Sternberga' 2-max Seat #1 is the button
Seat 1: TheU10 ($280.42 in chips)
Seat 2: jl45259071 ($130.88 in chips)
TheU10: posts small blind $1
jl45259071: posts big blind $3
*** HOLE CARDS ***
TheU10: raises $3 to $6
jl45259071: calls $3
*** FLOP *** [8c 7s 3c]
jl45259071: checks
TheU10: bets $3
jl45259071: raises $3 to $6
TheU10: calls $3
*** TURN *** [8c 7s 3c] [Td]
jl45259071: bets $6
TheU10: calls $6
*** RIVER *** [8c 7s 3c Td] [2d]
jl45259071: bets $6
TheU10: calls $6
*** SHOW DOWN ***
jl45259071: shows [Qs 8s] (a pair of Eights)
TheU10: mucks hand
jl45259071 collected $47.50 from pot
*** SUMMARY ***
Total pot $48 | Rake $0.50
Board [8c 7s 3c Td 2d]
Seat 1: TheU10 (button) (small blind) mucked
Seat 2: jl45259071 (big blind) showed [Qs 8s] and won ($47.50) with a pair of Eights


PokerStars Hand #144470934376:  Hold'em Limit ($3/$6 USD) - 2015/11/27 14:48:17 ET
Table 'Sternberga' 2-max Seat #2 is the button
Seat 1: TheU10 ($240.68 in chips)
Seat 2: jl45259071 ($168.40 in chips)
jl45259071: posts small blind $1
TheU10: posts big blind $3
*** HOLE CARDS ***
jl45259071: calls $2
TheU10: raises $3 to $6
jl45259071: calls $3
*** FLOP *** [Ad Td Qs]
TheU10: bets $3
jl45259071: calls $3
*** TURN *** [Ad Td Qs] [8h]
TheU10: checks
jl45259071: checks
*** RIVER *** [Ad Td Qs 8h] [3h]
TheU10: checks
jl45259071: checks
*** SHOW DOWN ***
TheU10: shows [9d 9h] (a pair of Nines)
jl45259071: mucks hand
TheU10 collected $17.64 from pot
*** SUMMARY ***
Total pot $18 | Rake $0.36
Board [Ad Td Qs 8h 3h]
Seat 1: TheU10 (big blind) showed [9d 9h] and won ($17.64) with a pair of Nines
Seat 2: jl45259071 (button) (small blind) mucked


PokerStars Hand #144470920452:  Hold'em Limit ($3/$6 USD) - 2015/11/27 14:48:02 ET
Table 'Sternberga' 2-max Seat #1 is the button
Seat 1: TheU10 ($226.18 in chips)
Seat 2: jl45259071 ($183.40 in chips)
TheU10: posts small blind $1
jl45259071: posts big blind $3
*** HOLE CARDS ***
TheU10: raises $3 to $6
jl45259071: calls $3
*** FLOP *** [Tc Ts Ad]
jl45259071: checks
TheU10: bets $3
jl45259071: calls $3
*** TURN *** [Tc Ts Ad] [2c]
jl45259071: checks
TheU10: checks
*** RIVER *** [Tc Ts Ad 2c] [Ac]
jl45259071: checks
TheU10: bets $6
jl45259071: calls $6
*** SHOW DOWN ***
TheU10: shows [6h As] (a full house, Aces full of Tens)
jl45259071: mucks hand
TheU10 collected $29.50 from pot
*** SUMMARY ***
Total pot $30 | Rake $0.50
Board [Tc Ts Ad 2c Ac]
Seat 1: TheU10 (button) (small blind) showed [6h As] and won ($29.50) with a full house, Aces full of Tens
Seat 2: jl45259071 (big blind) mucked


PokerStars Hand #144470991222:  Hold'em Limit ($3/$6 USD) - 2015/11/27 14:49:19 ET
Table 'Sternberga' 2-max Seat #1 is the button
Seat 1: TheU10 ($266.82 in chips)
Seat 2: jl45259071 ($141.16 in chips)
TheU10: posts small blind $1
jl45259071: posts big blind $3
*** HOLE CARDS ***
TheU10: raises $3 to $6
jl45259071: calls $3
*** FLOP *** [6d 2d Ah]
jl45259071: checks
TheU10: checks
*** TURN *** [6d 2d Ah] [5c]
jl45259071: checks
TheU10: checks
*** RIVER *** [6d 2d Ah 5c] [Th]
jl45259071: checks
TheU10: bets $6
jl45259071: folds
Uncalled bet ($6) returned to TheU10
TheU10 collected $11.76 from pot
TheU10: doesn't show hand
*** SUMMARY ***
Total pot $12 | Rake $0.24
Board [6d 2d Ah 5c Th]
Seat 1: TheU10 (button) (small blind) collected ($11.76)
Seat 2: jl45259071 (big blind) folded on the River


PokerStars Hand #144470948889:  Hold'em Limit ($3/$6 USD) - 2015/11/27 14:48:33 ET
Table 'Sternberga' 2-max Seat #1 is the button
Seat 1: TheU10 ($249.32 in chips)
Seat 2: jl45259071 ($159.40 in chips)
TheU10: posts small blind $1
jl45259071: posts big blind $3
*** HOLE CARDS ***
TheU10: raises $3 to $6
jl45259071: calls $3
*** FLOP *** [Th 9h 5c]
jl45259071: checks
TheU10: bets $3
jl45259071: raises $3 to $6
TheU10: calls $3
*** TURN *** [Th 9h 5c] [Qc]
jl45259071: checks
TheU10: bets $6
jl45259071: calls $6
*** RIVER *** [Th 9h 5c Qc] [4c]
jl45259071: checks
TheU10: bets $6
jl45259071: calls $6
*** SHOW DOWN ***
TheU10: shows [6c 9c] (a flush, Queen high)
jl45259071: mucks hand
TheU10 collected $47.50 from pot
*** SUMMARY ***
Total pot $48 | Rake $0.50
Board [Th 9h 5c Qc 4c]
Seat 1: TheU10 (button) (small blind) showed [6c 9c] and won ($47.50) with a flush, Queen high
Seat 2: jl45259071 (big blind) mucked


PokerStars Hand #144470979122:  Hold'em Limit ($3/$6 USD) - 2015/11/27 14:49:06 ET
Table 'Sternberga' 2-max Seat #2 is the button
Seat 1: TheU10 ($272.82 in chips)
Seat 2: jl45259071 ($135.40 in chips)
jl45259071: posts small blind $1
TheU10: posts big blind $3
*** HOLE CARDS ***
jl45259071: raises $3 to $6
TheU10: calls $3
*** FLOP *** [Th 2c Jh]
TheU10: checks
jl45259071: bets $3
TheU10: folds
Uncalled bet ($3) returned to jl45259071
jl45259071 collected $11.76 from pot
jl45259071: doesn't show hand
*** SUMMARY ***
Total pot $12 | Rake $0.24
Board [Th 2c Jh]
Seat 1: TheU10 (big blind) folded on the Flop
Seat 2: jl45259071 (button) (small blind) collected ($11.76)


PokerStars Hand #144471050352:  Hold'em Limit ($3/$6 USD) - 2015/11/27 14:50:25 ET
Table 'Sternberga' 2-max Seat #2 is the button
Seat 1: TheU10 ($278.46 in chips)
Seat 2: jl45259071 ($129.16 in chips)
jl45259071: posts small blind $1
TheU10: posts big blind $3
*** HOLE CARDS ***
jl45259071: calls $2
TheU10: checks
*** FLOP *** [9h 6d Ks]
TheU10: checks
jl45259071: bets $3
TheU10: folds
Uncalled bet ($3) returned to jl45259071
jl45259071 collected $5.88 from pot
jl45259071: doesn't show hand
*** SUMMARY ***
Total pot $6 | Rake $0.12
Board [9h 6d Ks]
Seat 1: TheU10 (big blind) folded on the Flop
Seat 2: jl45259071 (button) (small blind) collected ($5.88)


PokerStars Hand #144471043553:  Hold'em Limit ($3/$6 USD) - 2015/11/27 14:50:18 ET
Table 'Sternberga' 2-max Seat #1 is the button
Seat 1: TheU10 ($275.46 in chips)
Seat 2: jl45259071 ($132.16 in chips)
TheU10: posts small blind $1
jl45259071: posts big blind $3
*** HOLE CARDS ***
TheU10: raises $3 to $6
jl45259071: folds
Uncalled bet ($3) returned to TheU10
TheU10 collected $6 from pot
TheU10: doesn't show hand
*** SUMMARY ***
Total pot $6 | Rake $0
Seat 1: TheU10 (button) (small blind) collected ($6)
Seat 2: jl45259071 (big blind) folded before Flop


PokerStars Hand #144471058621:  Hold'em Limit ($3/$6 USD) - 2015/11/27 14:50:34 ET
Table 'Sternberga' 2-max Seat #1 is the button
Seat 1: TheU10 ($275.46 in chips)
Seat 2: jl45259071 ($132.04 in chips)
TheU10: posts small blind $1
jl45259071: posts big blind $3
*** HOLE CARDS ***
TheU10: folds
Uncalled bet ($2) returned to jl45259071
jl45259071 collected $2 from pot
jl45259071: doesn't show hand
*** SUMMARY ***
Total pot $2 | Rake $0
Seat 1: TheU10 (button) (small blind) folded before Flop
Seat 2: jl45259071 (big blind) collected ($2)


PokerStars Hand #144471062844:  Hold'em Limit ($3/$6 USD) - 2015/11/27 14:50:39 ET
Table 'Sternberga' 2-max Seat #2 is the button
Seat 1: TheU10 ($274.46 in chips)
Seat 2: jl45259071 ($133.04 in chips)
jl45259071: posts small blind $1
TheU10: posts big blind $3
*** HOLE CARDS ***
jl45259071: raises $3 to $6
TheU10: calls $3
*** FLOP *** [7h 8c 6h]
TheU10: checks
jl45259071: bets $3
TheU10: folds
Uncalled bet ($3) returned to jl45259071
jl45259071 collected $11.76 from pot
jl45259071: doesn't show hand
*** SUMMARY ***
Total pot $12 | Rake $0.24
Board [7h 8c 6h]
Seat 1: TheU10 (big blind) folded on the Flop
Seat 2: jl45259071 (button) (small blind) collected ($11.76)


PokerStars Hand #144471026147:  Hold'em Limit ($3/$6 USD) - 2015/11/27 14:49:58 ET
Table 'Sternberga' 2-max Seat #2 is the button
Seat 1: TheU10 ($272.58 in chips)
Seat 2: jl45259071 ($135.16 in chips)
jl45259071: posts small blind $1
TheU10: posts big blind $3
*** HOLE CARDS ***
jl45259071: calls $2
TheU10: checks
*** FLOP *** [Qc Qd 2c]
TheU10: checks
jl45259071: checks
*** TURN *** [Qc Qd 2c] [7c]
TheU10: checks
jl45259071: checks
*** RIVER *** [Qc Qd 2c 7c] [9d]
TheU10: checks
jl45259071: checks
*** SHOW DOWN ***
TheU10: shows [3c Ts] (a pair of Queens)
jl45259071: mucks hand
TheU10 collected $5.88 from pot
*** SUMMARY ***
Total pot $6 | Rake $0.12
Board [Qc Qd 2c 7c 9d]
Seat 1: TheU10 (big blind) showed [3c Ts] and won ($5.88) with a pair of Queens
Seat 2: jl45259071 (button) (small blind) mucked


PokerStars Hand #144471071784:  Hold'em Limit ($3/$6 USD) - 2015/11/27 14:50:49 ET
Table 'Sternberga' 2-max Seat #1 is the button
Seat 1: TheU10 ($268.46 in chips)
Seat 2: jl45259071 ($138.80 in chips)
TheU10: posts small blind $1
jl45259071: posts big blind $3
*** HOLE CARDS ***
TheU10: folds
Uncalled bet ($2) returned to jl45259071
jl45259071 collected $2 from pot
jl45259071: doesn't show hand
*** SUMMARY ***
Total pot $2 | Rake $0
Seat 1: TheU10 (button) (small blind) folded before Flop
Seat 2: jl45259071 (big blind) collected ($2)


PokerStars Hand #144471092126:  Hold'em Limit ($3/$6 USD) - 2015/11/27 14:51:11 ET
Table 'Sternberga' 2-max Seat #2 is the button
Seat 1: TheU10 ($263.46 in chips)
Seat 2: jl45259071 ($143.68 in chips)
jl45259071: posts small blind $1
TheU10: posts big blind $3
*** HOLE CARDS ***
jl45259071: raises $3 to $6
TheU10: calls $3
*** FLOP *** [Qh Jd Jc]
TheU10: bets $3
jl45259071: calls $3
*** TURN *** [Qh Jd Jc] [Tc]
TheU10: checks
jl45259071: checks
*** RIVER *** [Qh Jd Jc Tc] [2c]
TheU10: bets $6
jl45259071: calls $6
*** SHOW DOWN ***
TheU10: shows [9s Ad] (a pair of Jacks)
jl45259071: mucks hand
TheU10 collected $29.50 from pot
*** SUMMARY ***
Total pot $30 | Rake $0.50
Board [Qh Jd Jc Tc 2c]
Seat 1: TheU10 (big blind) showed [9s Ad] and won ($29.50) with a pair of Jacks
Seat 2: jl45259071 (button) (small blind) mucked


PokerStars Hand #144471114908:  Hold'em Limit ($3/$6 USD) - 2015/11/27 14:51:36 ET
Table 'Sternberga' 2-max Seat #2 is the button
Seat 1: TheU10 ($276.96 in chips)
Seat 2: jl45259071 ($129.68 in chips)
jl45259071: posts small blind $1
TheU10: posts big blind $3
*** HOLE CARDS ***
jl45259071: calls $2
TheU10: checks
*** FLOP *** [Td Kd Qs]
TheU10: checks
jl45259071: checks
*** TURN *** [Td Kd Qs] [Ks]
TheU10: checks
jl45259071: bets $6
TheU10: folds
Uncalled bet ($6) returned to jl45259071
jl45259071 collected $5.88 from pot
jl45259071: doesn't show hand
*** SUMMARY ***
Total pot $6 | Rake $0.12
Board [Td Kd Qs Ks]
Seat 1: TheU10 (big blind) folded on the Turn
Seat 2: jl45259071 (button) (small blind) collected ($5.88)


PokerStars Hand #144471110737:  Hold'em Limit ($3/$6 USD) - 2015/11/27 14:51:32 ET
Table 'Sternberga' 2-max Seat #1 is the button
Seat 1: TheU10 ($277.96 in chips)
Seat 2: jl45259071 ($128.68 in chips)
TheU10: posts small blind $1
jl45259071: posts big blind $3
*** HOLE CARDS ***
TheU10: folds
Uncalled bet ($2) returned to jl45259071
jl45259071 collected $2 from pot
jl45259071: doesn't show hand
*** SUMMARY ***
Total pot $2 | Rake $0
Seat 1: TheU10 (button) (small blind) folded before Flop
Seat 2: jl45259071 (big blind) collected ($2)


PokerStars Hand #144471088190:  Hold'em Limit ($3/$6 USD) - 2015/11/27 14:51:07 ET
Table 'Sternberga' 2-max Seat #1 is the button
Seat 1: TheU10 ($264.46 in chips)
Seat 2: jl45259071 ($142.68 in chips)
TheU10: posts small blind $1
jl45259071: posts big blind $3
*** HOLE CARDS ***
TheU10: folds
Uncalled bet ($2) returned to jl45259071
jl45259071 collected $2 from pot
jl45259071: doesn't show hand
*** SUMMARY ***
Total pot $2 | Rake $0
Seat 1: TheU10 (button) (small blind) folded before Flop
Seat 2: jl45259071 (big blind) collected ($2)


PokerStars Hand #144471123302:  Hold'em Limit ($3/$6 USD) - 2015/11/27 14:51:46 ET
Table 'Sternberga' 2-max Seat #1 is the button
Seat 1: TheU10 ($273.96 in chips)
Seat 2: jl45259071 ($132.56 in chips)
TheU10: posts small blind $1
jl45259071: posts big blind $3
*** HOLE CARDS ***
TheU10: raises $3 to $6
jl45259071: calls $3
*** FLOP *** [Qd 5h 6h]
jl45259071: checks
TheU10: checks
*** TURN *** [Qd 5h 6h] [2h]
jl45259071: bets $6
TheU10: calls $6
*** RIVER *** [Qd 5h 6h 2h] [8s]
jl45259071: bets $6
TheU10: calls $6
*** SHOW DOWN ***
jl45259071: shows [Jc 6s] (a pair of Sixes)
TheU10: shows [8h 7s] (a pair of Eights)
TheU10 collected $35.50 from pot
*** SUMMARY ***
Total pot $36 | Rake $0.50
Board [Qd 5h 6h 2h 8s]
Seat 1: TheU10 (button) (small blind) showed [8h 7s] and won ($35.50) with a pair of Eights
Seat 2: jl45259071 (big blind) showed [Jc 6s] and lost with a pair of Sixes


PokerStars Hand #144471157979:  Hold'em Limit ($3/$6 USD) - 2015/11/27 14:52:24 ET
Table 'Sternberga' 2-max Seat #2 is the button
Seat 1: TheU10 ($299.10 in chips)
Seat 2: jl45259071 ($106.56 in chips)
jl45259071: posts small blind $1
TheU10: posts big blind $3
*** HOLE CARDS ***
jl45259071: calls $2
TheU10: checks
*** FLOP *** [8h 9c Jc]
TheU10: bets $3
jl45259071: calls $3
*** TURN *** [8h 9c Jc] [6s]
TheU10: bets $6
jl45259071: calls $6
*** RIVER *** [8h 9c Jc 6s] [Ts]
TheU10: bets $6
jl45259071: calls $6
*** SHOW DOWN ***
TheU10: shows [6d Jd] (two pair, Jacks and Sixes)
jl45259071: mucks hand
TheU10 collected $35.50 from pot
*** SUMMARY ***
Total pot $36 | Rake $0.50
Board [8h 9c Jc 6s Ts]
Seat 1: TheU10 (big blind) showed [6d Jd] and won ($35.50) with two pair, Jacks and Sixes
Seat 2: jl45259071 (button) (small blind) mucked


PokerStars Hand #144471152781:  Hold'em Limit ($3/$6 USD) - 2015/11/27 14:52:18 ET
Table 'Sternberga' 2-max Seat #1 is the button
Seat 1: TheU10 ($300.10 in chips)
Seat 2: jl45259071 ($105.56 in chips)
TheU10: posts small blind $1
jl45259071: posts big blind $3
*** HOLE CARDS ***
TheU10: folds
Uncalled bet ($2) returned to jl45259071
jl45259071 collected $2 from pot
jl45259071: doesn't show hand
*** SUMMARY ***
Total pot $2 | Rake $0
Seat 1: TheU10 (button) (small blind) folded before Flop
Seat 2: jl45259071 (big blind) collected ($2)


PokerStars Hand #144471134385:  Hold'em Limit ($3/$6 USD) - 2015/11/27 14:51:58 ET
Table 'Sternberga' 2-max Seat #2 is the button
Seat 1: TheU10 ($291.46 in chips)
Seat 2: jl45259071 ($114.56 in chips)
jl45259071: posts small blind $1
TheU10: posts big blind $3
*** HOLE CARDS ***
jl45259071: calls $2
TheU10: raises $3 to $6
jl45259071: calls $3
*** FLOP *** [Th 6s Jh]
TheU10: bets $3
jl45259071: calls $3
*** TURN *** [Th 6s Jh] [Ks]
TheU10: checks
jl45259071: checks
*** RIVER *** [Th 6s Jh Ks] [3d]
TheU10: checks
jl45259071: checks
*** SHOW DOWN ***
TheU10: shows [Tc Qd] (a pair of Tens)
jl45259071: mucks hand
TheU10 collected $17.64 from pot
*** SUMMARY ***
Total pot $18 | Rake $0.36
Board [Th 6s Jh Ks 3d]
Seat 1: TheU10 (big blind) showed [Tc Qd] and won ($17.64) with a pair of Tens
Seat 2: jl45259071 (button) (small blind) mucked


PokerStars Hand #144471209765:  Hold'em Limit ($3/$6 USD) - 2015/11/27 14:53:22 ET
Table 'Sternberga' 2-max Seat #2 is the button
Seat 1: TheU10 ($283.60 in chips)
Seat 2: jl45259071 ($121.06 in chips)
jl45259071: posts small blind $1
TheU10: posts big blind $3
*** HOLE CARDS ***
jl45259071: calls $2
TheU10: checks
*** FLOP *** [3s 8c 9h]
TheU10: checks
jl45259071: checks
*** TURN *** [3s 8c 9h] [5s]
TheU10: checks
jl45259071: checks
*** RIVER *** [3s 8c 9h 5s] [Ad]
TheU10: checks
jl45259071: checks
*** SHOW DOWN ***
TheU10: shows [Ks 7d] (high card Ace)
jl45259071: mucks hand
TheU10 collected $5.88 from pot
*** SUMMARY ***
Total pot $6 | Rake $0.12
Board [3s 8c 9h 5s Ad]
Seat 1: TheU10 (big blind) showed [Ks 7d] and won ($5.88) with high card Ace
Seat 2: jl45259071 (button) (small blind) mucked


PokerStars Hand #144471182099:  Hold'em Limit ($3/$6 USD) - 2015/11/27 14:52:51 ET
Table 'Sternberga' 2-max Seat #1 is the button
Seat 1: TheU10 ($316.60 in chips)
Seat 2: jl45259071 ($88.56 in chips)
TheU10: posts small blind $1
jl45259071: posts big blind $3
*** HOLE CARDS ***
TheU10: raises $3 to $6
jl45259071: raises $3 to $9
TheU10: raises $3 to $12
Betting is capped
jl45259071: calls $3
*** FLOP *** [Qd Jd 6c]
jl45259071: bets $3
TheU10: calls $3
*** TURN *** [Qd Jd 6c] [5d]
jl45259071: bets $6
TheU10: raises $6 to $12
jl45259071: calls $6
*** RIVER *** [Qd Jd 6c 5d] [9s]
jl45259071: checks
TheU10: bets $6
jl45259071: calls $6
*** SHOW DOWN ***
TheU10: shows [Ac Ad] (a pair of Aces)
jl45259071: shows [Qc Qs] (three of a kind, Queens)
jl45259071 collected $65.50 from pot
*** SUMMARY ***
Total pot $66 | Rake $0.50
Board [Qd Jd 6c 5d 9s]
Seat 1: TheU10 (button) (small blind) showed [Ac Ad] and lost with a pair of Aces
Seat 2: jl45259071 (big blind) showed [Qc Qs] and won ($65.50) with three of a kind, Queens


PokerStars Hand #144471293814:  Hold'em Limit ($3/$6 USD) - 2015/11/27 14:54:55 ET
Table 'Sternberga' 2-max Seat #2 is the button
Seat 1: TheU10 ($288.76 in chips)
Seat 2: jl45259071 ($114.56 in chips)
jl45259071: posts small blind $1
TheU10: posts big blind $3
*** HOLE CARDS ***
jl45259071: calls $2
TheU10: checks
*** FLOP *** [Th 9s Jc]
TheU10: checks
jl45259071: bets $3
TheU10: folds
Uncalled bet ($3) returned to jl45259071
jl45259071 collected $5.88 from pot
jl45259071: doesn't show hand
*** SUMMARY ***
Total pot $6 | Rake $0.12
Board [Th 9s Jc]
Seat 1: TheU10 (big blind) folded on the Flop
Seat 2: jl45259071 (button) (small blind) collected ($5.88)


PokerStars Hand #144471265177:  Hold'em Limit ($3/$6 USD) - 2015/11/27 14:54:24 ET
Table 'Sternberga' 2-max Seat #1 is the button
Seat 1: TheU10 ($280.12 in chips)
Seat 2: jl45259071 ($123.56 in chips)
TheU10: posts small blind $1
jl45259071: posts big blind $3
*** HOLE CARDS ***
TheU10: raises $3 to $6
jl45259071: calls $3
*** FLOP *** [2h Jd 7s]
jl45259071: checks
TheU10: bets $3
jl45259071: calls $3
*** TURN *** [2h Jd 7s] [8d]
jl45259071: checks
TheU10: bets $6
jl45259071: folds
Uncalled bet ($6) returned to TheU10
TheU10 collected $17.64 from pot
TheU10: doesn't show hand
*** SUMMARY ***
Total pot $18 | Rake $0.36
Board [2h Jd 7s 8d]
Seat 1: TheU10 (button) (small blind) collected ($17.64)
Seat 2: jl45259071 (big blind) folded on the Turn


PokerStars Hand #144471252456:  Hold'em Limit ($3/$6 USD) - 2015/11/27 14:54:09 ET
Table 'Sternberga' 2-max Seat #2 is the button
Seat 1: TheU10 ($271.48 in chips)
Seat 2: jl45259071 ($132.56 in chips)
jl45259071: posts small blind $1
TheU10: posts big blind $3
*** HOLE CARDS ***
jl45259071: calls $2
TheU10: raises $3 to $6
jl45259071: calls $3
*** FLOP *** [7s Td 2d]
TheU10: bets $3
jl45259071: calls $3
*** TURN *** [7s Td 2d] [Qs]
TheU10: checks
jl45259071: checks
*** RIVER *** [7s Td 2d Qs] [Kd]
TheU10: checks
jl45259071: checks
*** SHOW DOWN ***
TheU10: shows [7h 5h] (a pair of Sevens)
jl45259071: mucks hand
TheU10 collected $17.64 from pot
*** SUMMARY ***
Total pot $18 | Rake $0.36
Board [7s Td 2d Qs Kd]
Seat 1: TheU10 (big blind) showed [7h 5h] and won ($17.64) with a pair of Sevens
Seat 2: jl45259071 (button) (small blind) mucked


PokerStars Hand #144471233848:  Hold'em Limit ($3/$6 USD) - 2015/11/27 14:53:49 ET
Table 'Sternberga' 2-max Seat #1 is the button
Seat 1: TheU10 ($286.48 in chips)
Seat 2: jl45259071 ($118.06 in chips)
TheU10: posts small blind $1
jl45259071: posts big blind $3
*** HOLE CARDS ***
TheU10: raises $3 to $6
jl45259071: calls $3
*** FLOP *** [Ah 6c 8d]
jl45259071: checks
TheU10: bets $3
jl45259071: calls $3
*** TURN *** [Ah 6c 8d] [2s]
jl45259071: checks
TheU10: checks
*** RIVER *** [Ah 6c 8d 2s] [5c]
jl45259071: checks
TheU10: bets $6
jl45259071: calls $6
*** SHOW DOWN ***
TheU10: shows [5s Kd] (a pair of Fives)
jl45259071: shows [6s Jd] (a pair of Sixes)
jl45259071 collected $29.50 from pot
*** SUMMARY ***
Total pot $30 | Rake $0.50
Board [Ah 6c 8d 2s 5c]
Seat 1: TheU10 (button) (small blind) showed [5s Kd] and lost with a pair of Fives
Seat 2: jl45259071 (big blind) showed [6s Jd] and won ($29.50) with a pair of Sixes


PokerStars Hand #144471314351:  Hold'em Limit ($3/$6 USD) - 2015/11/27 14:55:21 ET
Table 'Sternberga' 2-max Seat #2 is the button
Seat 1: TheU10 ($288.64 in chips)
Seat 2: jl45259071 ($114.44 in chips)
jl45259071: posts small blind $1
TheU10: posts big blind $3
*** HOLE CARDS ***
jl45259071: calls $2
TheU10: raises $3 to $6
jl45259071: calls $3
*** FLOP *** [7d Jh 5c]
TheU10: bets $3
jl45259071: raises $3 to $6
TheU10: calls $3
*** TURN *** [7d Jh 5c] [9h]
TheU10: checks
jl45259071: bets $6
TheU10: calls $6
*** RIVER *** [7d Jh 5c 9h] [Qd]
TheU10: bets $6
jl45259071: raises $6 to $12
TheU10: calls $6
*** SHOW DOWN ***
jl45259071: shows [Js 5h] (two pair, Jacks and Fives)
TheU10: mucks hand
jl45259071 collected $59.50 from pot
*** SUMMARY ***
Total pot $60 | Rake $0.50
Board [7d Jh 5c 9h Qd]
Seat 1: TheU10 (big blind) mucked
Seat 2: jl45259071 (button) (small blind) showed [Js 5h] and won ($59.50) with two pair, Jacks and Fives


PokerStars Hand #144471347388:  Hold'em Limit ($3/$6 USD) - 2015/11/27 14:56:10 ET
Table 'Sternberga' 2-max Seat #2 is the button
Seat 1: TheU10 ($246.64 in chips)
Seat 2: jl45259071 ($155.46 in chips)
jl45259071: posts small blind $1
TheU10: posts big blind $3
*** HOLE CARDS ***
jl45259071: calls $2
TheU10: checks
*** FLOP *** [3h 2d Ac]
TheU10: checks
jl45259071: checks
*** TURN *** [3h 2d Ac] [7c]
TheU10: bets $6
jl45259071: raises $6 to $12
TheU10: folds
Uncalled bet ($6) returned to jl45259071
jl45259071 collected $17.64 from pot
jl45259071: doesn't show hand
*** SUMMARY ***
Total pot $18 | Rake $0.36
Board [3h 2d Ac 7c]
Seat 1: TheU10 (big blind) folded on the Turn
Seat 2: jl45259071 (button) (small blind) collected ($17.64)


PokerStars Hand #144471402112:  Hold'em Limit ($3/$6 USD) - 2015/11/27 14:57:30 ET
Table 'Sternberga' 2-max Seat #2 is the button
Seat 1: TheU10 ($268.90 in chips)
Seat 2: jl45259071 ($132.10 in chips)
jl45259071: posts small blind $1
TheU10: posts big blind $3
*** HOLE CARDS ***
jl45259071: calls $2
TheU10: checks
*** FLOP *** [Kd Jd Qs]
TheU10: checks
jl45259071: checks
*** TURN *** [Kd Jd Qs] [5d]
TheU10: checks
jl45259071: checks
*** RIVER *** [Kd Jd Qs 5d] [8c]
TheU10: bets $6
jl45259071: calls $6
*** SHOW DOWN ***
TheU10: shows [5c Js] (two pair, Jacks and Fives)
jl45259071: mucks hand
TheU10 collected $17.64 from pot
*** SUMMARY ***
Total pot $18 | Rake $0.36
Board [Kd Jd Qs 5d 8c]
Seat 1: TheU10 (big blind) showed [5c Js] and won ($17.64) with two pair, Jacks and Fives
Seat 2: jl45259071 (button) (small blind) mucked


PokerStars Hand #144471388187:  Hold'em Limit ($3/$6 USD) - 2015/11/27 14:57:10 ET
Table 'Sternberga' 2-max Seat #1 is the button
Seat 1: TheU10 ($263.14 in chips)
Seat 2: jl45259071 ($138.10 in chips)
TheU10: posts small blind $1
jl45259071: posts big blind $3
*** HOLE CARDS ***
TheU10: raises $3 to $6
jl45259071: calls $3
*** FLOP *** [8c 9h 2c]
jl45259071: checks
TheU10: checks
*** TURN *** [8c 9h 2c] [7d]
jl45259071: checks
TheU10: checks
*** RIVER *** [8c 9h 2c 7d] [Kh]
jl45259071: checks
TheU10: checks
*** SHOW DOWN ***
jl45259071: shows [Jc 6h] (high card King)
TheU10: shows [Ah 4c] (high card Ace)
TheU10 collected $11.76 from pot
*** SUMMARY ***
Total pot $12 | Rake $0.24
Board [8c 9h 2c 7d Kh]
Seat 1: TheU10 (button) (small blind) showed [Ah 4c] and won ($11.76) with high card Ace
Seat 2: jl45259071 (big blind) showed [Jc 6h] and lost with high card King


PokerStars Hand #144471367525:  Hold'em Limit ($3/$6 USD) - 2015/11/27 14:56:39 ET
Table 'Sternberga' 2-max Seat #2 is the button
Seat 1: TheU10 ($236.64 in chips)
Seat 2: jl45259071 ($165.10 in chips)
jl45259071: posts small blind $1
TheU10: posts big blind $3
*** HOLE CARDS ***
jl45259071: calls $2
TheU10: raises $3 to $6
jl45259071: calls $3
*** FLOP *** [8h Qc 6c]
TheU10: bets $3
jl45259071: raises $3 to $6
TheU10: raises $3 to $9
jl45259071: calls $3
*** TURN *** [8h Qc 6c] [3d]
TheU10: bets $6
jl45259071: calls $6
*** RIVER *** [8h Qc 6c 3d] [7d]
TheU10: bets $6
jl45259071: calls $6
*** SHOW DOWN ***
TheU10: shows [Kc Qh] (a pair of Queens)
jl45259071: mucks hand
TheU10 collected $53.50 from pot
*** SUMMARY ***
Total pot $54 | Rake $0.50
Board [8h Qc 6c 3d 7d]
Seat 1: TheU10 (big blind) showed [Kc Qh] and won ($53.50) with a pair of Queens
Seat 2: jl45259071 (button) (small blind) mucked


PokerStars Hand #144471417766:  Hold'em Limit ($3/$6 USD) - 2015/11/27 14:57:53 ET
Table 'Sternberga' 2-max Seat #2 is the button
Seat 1: TheU10 ($271.54 in chips)
Seat 2: jl45259071 ($128.86 in chips)
jl45259071: posts small blind $1
TheU10: posts big blind $3
*** HOLE CARDS ***
jl45259071: raises $3 to $6
TheU10: calls $3
*** FLOP *** [5c 8s 3h]
TheU10: checks
jl45259071: bets $3
TheU10: calls $3
*** TURN *** [5c 8s 3h] [Jh]
TheU10: checks
jl45259071: bets $6
TheU10: folds
Uncalled bet ($6) returned to jl45259071
jl45259071 collected $17.64 from pot
jl45259071: doesn't show hand
*** SUMMARY ***
Total pot $18 | Rake $0.36
Board [5c 8s 3h Jh]
Seat 1: TheU10 (big blind) folded on the Turn
Seat 2: jl45259071 (button) (small blind) collected ($17.64)


PokerStars Hand #144471411972:  Hold'em Limit ($3/$6 USD) - 2015/11/27 14:57:44 ET
Table 'Sternberga' 2-max Seat #1 is the button
Seat 1: TheU10 ($277.54 in chips)
Seat 2: jl45259071 ($123.10 in chips)
TheU10: posts small blind $1
jl45259071: posts big blind $3
*** HOLE CARDS ***
TheU10: calls $2
jl45259071: raises $3 to $6
TheU10: calls $3
*** FLOP *** [Qh Js 2h]
jl45259071: bets $3
TheU10: folds
Uncalled bet ($3) returned to jl45259071
jl45259071 collected $11.76 from pot
jl45259071: doesn't show hand
*** SUMMARY ***
Total pot $12 | Rake $0.24
Board [Qh Js 2h]
Seat 1: TheU10 (button) (small blind) folded on the Flop
Seat 2: jl45259071 (big blind) collected ($11.76)


PokerStars Hand #144471431930:  Hold'em Limit ($3/$6 USD) - 2015/11/27 14:58:13 ET
Table 'Sternberga' 2-max Seat #2 is the button
Seat 1: TheU10 ($268.30 in chips)
Seat 2: jl45259071 ($131.50 in chips)
jl45259071: posts small blind $1
TheU10: posts big blind $3
*** HOLE CARDS ***
jl45259071: calls $2
TheU10: raises $3 to $6
jl45259071: raises $3 to $9
TheU10: calls $3
*** FLOP *** [Ah Kd 7h]
TheU10: checks
jl45259071: bets $3
TheU10: raises $3 to $6
jl45259071: calls $3
*** TURN *** [Ah Kd 7h] [Tc]
TheU10: bets $6
jl45259071: calls $6
*** RIVER *** [Ah Kd 7h Tc] [Kc]
TheU10: bets $6
jl45259071: calls $6
*** SHOW DOWN ***
TheU10: shows [Ac 7c] (two pair, Aces and Kings)
jl45259071: shows [Ad 4d] (two pair, Aces and Kings)
TheU10 collected $26.75 from pot
jl45259071 collected $26.75 from pot
*** SUMMARY ***
Total pot $54 | Rake $0.50
Board [Ah Kd 7h Tc Kc]
Seat 1: TheU10 (big blind) showed [Ac 7c] and won ($26.75) with two pair, Aces and Kings
Seat 2: jl45259071 (button) (small blind) showed [Ad 4d] and won ($26.75) with two pair, Aces and Kings


PokerStars Hand #144471425660:  Hold'em Limit ($3/$6 USD) - 2015/11/27 14:58:04 ET
Table 'Sternberga' 2-max Seat #1 is the button
Seat 1: TheU10 ($262.54 in chips)
Seat 2: jl45259071 ($137.50 in chips)
TheU10: posts small blind $1
jl45259071: posts big blind $3
*** HOLE CARDS ***
TheU10: raises $3 to $6
jl45259071: calls $3
*** FLOP *** [Ah 5s As]
jl45259071: checks
TheU10: bets $3
jl45259071: folds
Uncalled bet ($3) returned to TheU10
TheU10 collected $11.76 from pot
TheU10: doesn't show hand
*** SUMMARY ***
Total pot $12 | Rake $0.24
Board [Ah 5s As]
Seat 1: TheU10 (button) (small blind) collected ($11.76)
Seat 2: jl45259071 (big blind) folded on the Flop


PokerStars Hand #144471447007:  Hold'em Limit ($3/$6 USD) - 2015/11/27 14:58:35 ET
Table 'Sternberga' 2-max Seat #1 is the button
Seat 1: TheU10 ($268.05 in chips)
Seat 2: jl45259071 ($131.25 in chips)
TheU10: posts small blind $1
jl45259071: posts big blind $3
*** HOLE CARDS ***
TheU10: raises $3 to $6
jl45259071: calls $3
*** FLOP *** [Ks 3c 2d]
jl45259071: checks
TheU10: bets $3
jl45259071: calls $3
*** TURN *** [Ks 3c 2d] [Js]
jl45259071: checks
TheU10: bets $6
jl45259071: calls $6
*** RIVER *** [Ks 3c 2d Js] [4s]
jl45259071: checks
TheU10: bets $6
jl45259071: folds
Uncalled bet ($6) returned to TheU10
TheU10 collected $29.50 from pot
TheU10: doesn't show hand
*** SUMMARY ***
Total pot $30 | Rake $0.50
Board [Ks 3c 2d Js 4s]
Seat 1: TheU10 (button) (small blind) collected ($29.50)
Seat 2: jl45259071 (big blind) folded on the River


PokerStars Hand #144471478832:  Hold'em Limit ($3/$6 USD) - 2015/11/27 14:59:22 ET
Table 'Sternberga' 2-max Seat #2 is the button
Seat 1: TheU10 ($296.95 in chips)
Seat 2: jl45259071 ($101.25 in chips)
jl45259071: posts small blind $1
TheU10: posts big blind $3
*** HOLE CARDS ***
jl45259071: calls $2
TheU10: raises $3 to $6
jl45259071: calls $3
*** FLOP *** [6h 8s 3s]
TheU10: checks
jl45259071: bets $3
TheU10: raises $3 to $6
jl45259071: calls $3
*** TURN *** [6h 8s 3s] [2d]
TheU10: bets $6
jl45259071: calls $6
*** RIVER *** [6h 8s 3s 2d] [Ks]
TheU10: bets $6
jl45259071: calls $6
*** SHOW DOWN ***
TheU10: shows [3h 3c] (three of a kind, Threes)
jl45259071: mucks hand
TheU10 collected $47.50 from pot
*** SUMMARY ***
Total pot $48 | Rake $0.50
Board [6h 8s 3s 2d Ks]
Seat 1: TheU10 (big blind) showed [3h 3c] and won ($47.50) with three of a kind, Threes
Seat 2: jl45259071 (button) (small blind) mucked


PokerStars Hand #144471469990:  Hold'em Limit ($3/$6 USD) - 2015/11/27 14:59:09 ET
Table 'Sternberga' 2-max Seat #1 is the button
Seat 1: TheU10 ($291.19 in chips)
Seat 2: jl45259071 ($107.25 in chips)
TheU10: posts small blind $1
jl45259071: posts big blind $3
*** HOLE CARDS ***
TheU10: raises $3 to $6
jl45259071: calls $3
*** FLOP *** [5s 8c 7h]
jl45259071: checks
TheU10: checks
*** TURN *** [5s 8c 7h] [8d]
jl45259071: checks
TheU10: checks
*** RIVER *** [5s 8c 7h 8d] [2h]
jl45259071: checks
TheU10: checks
*** SHOW DOWN ***
jl45259071: shows [3h Tc] (a pair of Eights)
TheU10: shows [Js Kh] (a pair of Eights - King kicker)
TheU10 collected $11.76 from pot
*** SUMMARY ***
Total pot $12 | Rake $0.24
Board [5s 8c 7h 8d 2h]
Seat 1: TheU10 (button) (small blind) showed [Js Kh] and won ($11.76) with a pair of Eights
Seat 2: jl45259071 (big blind) showed [3h Tc] and lost with a pair of Eights


PokerStars Hand #144471457216:  Hold'em Limit ($3/$6 USD) - 2015/11/27 14:58:50 ET
Table 'Sternberga' 2-max Seat #2 is the button
Seat 1: TheU10 ($282.55 in chips)
Seat 2: jl45259071 ($116.25 in chips)
jl45259071: posts small blind $1
TheU10: posts big blind $3
*** HOLE CARDS ***
jl45259071: raises $3 to $6
TheU10: calls $3
*** FLOP *** [Ks 5h 8d]
TheU10: checks
jl45259071: bets $3
TheU10: calls $3
*** TURN *** [Ks 5h 8d] [Td]
TheU10: checks
jl45259071: checks
*** RIVER *** [Ks 5h 8d Td] [4s]
TheU10: bets $6
jl45259071: folds
Uncalled bet ($6) returned to TheU10
TheU10 collected $17.64 from pot
TheU10: doesn't show hand
*** SUMMARY ***
Total pot $18 | Rake $0.36
Board [Ks 5h 8d Td 4s]
Seat 1: TheU10 (big blind) collected ($17.64)
Seat 2: jl45259071 (button) (small blind) folded on the River


PokerStars Hand #144471499606:  Hold'em Limit ($3/$6 USD) - 2015/11/27 14:59:52 ET
Table 'Sternberga' 2-max Seat #2 is the button
Seat 1: TheU10 ($311.45 in chips)
Seat 2: jl45259071 ($85.89 in chips)
jl45259071: posts small blind $1
TheU10: posts big blind $3
*** HOLE CARDS ***
jl45259071: raises $3 to $6
TheU10: folds
Uncalled bet ($3) returned to jl45259071
jl45259071 collected $6 from pot
jl45259071: doesn't show hand
*** SUMMARY ***
Total pot $6 | Rake $0
Seat 1: TheU10 (big blind) folded before Flop
Seat 2: jl45259071 (button) (small blind) collected ($6)


PokerStars Hand #144471534297:  Hold'em Limit ($3/$6 USD) - 2015/11/27 15:00:37 ET
Table 'Sternberga' 2-max Seat #2 is the button
Seat 1: TheU10 ($304.33 in chips)
Seat 2: jl45259071 ($92.65 in chips)
jl45259071: posts small blind $1
TheU10: posts big blind $3
*** HOLE CARDS ***
jl45259071: calls $2
TheU10: checks
*** FLOP *** [9s 9h 4d]
TheU10: checks
jl45259071: checks
*** TURN *** [9s 9h 4d] [Jc]
TheU10: checks
jl45259071: checks
*** RIVER *** [9s 9h 4d Jc] [5c]
TheU10: checks
jl45259071: checks
*** SHOW DOWN ***
TheU10: shows [3c 7s] (a pair of Nines)
jl45259071: shows [Kc 8d] (a pair of Nines - King kicker)
jl45259071 collected $5.88 from pot
*** SUMMARY ***
Total pot $6 | Rake $0.12
Board [9s 9h 4d Jc 5c]
Seat 1: TheU10 (big blind) showed [3c 7s] and lost with a pair of Nines
Seat 2: jl45259071 (button) (small blind) showed [Kc 8d] and won ($5.88) with a pair of Nines


PokerStars Hand #144471519344:  Hold'em Limit ($3/$6 USD) - 2015/11/27 15:00:17 ET
Table 'Sternberga' 2-max Seat #2 is the button
Seat 1: TheU10 ($302.45 in chips)
Seat 2: jl45259071 ($94.65 in chips)
jl45259071: posts small blind $1
TheU10: posts big blind $3
*** HOLE CARDS ***
jl45259071: calls $2
TheU10: checks
*** FLOP *** [As 5d Js]
TheU10: checks
jl45259071: checks
*** TURN *** [As 5d Js] [6d]
TheU10: checks
jl45259071: checks
*** RIVER *** [As 5d Js 6d] [2d]
TheU10: checks
jl45259071: checks
*** SHOW DOWN ***
TheU10: shows [4h Kc] (high card Ace)
jl45259071: mucks hand
TheU10 collected $5.88 from pot
*** SUMMARY ***
Total pot $6 | Rake $0.12
Board [As 5d Js 6d 2d]
Seat 1: TheU10 (big blind) showed [4h Kc] and won ($5.88) with high card Ace
Seat 2: jl45259071 (button) (small blind) mucked


PokerStars Hand #144471504933:  Hold'em Limit ($3/$6 USD) - 2015/11/27 14:59:59 ET
Table 'Sternberga' 2-max Seat #1 is the button
Seat 1: TheU10 ($308.45 in chips)
Seat 2: jl45259071 ($88.89 in chips)
TheU10: posts small blind $1
jl45259071: posts big blind $3
*** HOLE CARDS ***
TheU10: raises $3 to $6
jl45259071: calls $3
*** FLOP *** [Kd 7h 4d]
jl45259071: checks
TheU10: checks
*** TURN *** [Kd 7h 4d] [Ac]
jl45259071: bets $6
TheU10: folds
Uncalled bet ($6) returned to jl45259071
jl45259071 collected $11.76 from pot
*** SUMMARY ***
Total pot $12 | Rake $0.24
Board [Kd 7h 4d Ac]
Seat 1: TheU10 (button) (small blind) folded on the Turn
Seat 2: jl45259071 (big blind) collected ($11.76)


PokerStars Hand #144471541761:  Hold'em Limit ($3/$6 USD) - 2015/11/27 15:00:48 ET
Table 'Sternberga' 2-max Seat #1 is the button
Seat 1: TheU10 ($301.33 in chips)
Seat 2: jl45259071 ($95.53 in chips)
TheU10: posts small blind $1
jl45259071: posts big blind $3
*** HOLE CARDS ***
TheU10: raises $3 to $6
jl45259071: folds
Uncalled bet ($3) returned to TheU10
TheU10 collected $6 from pot
TheU10: doesn't show hand
*** SUMMARY ***
Total pot $6 | Rake $0
Seat 1: TheU10 (button) (small blind) collected ($6)
Seat 2: jl45259071 (big blind) folded before Flop


PokerStars Hand #144471583602:  Hold'em Limit ($3/$6 USD) - 2015/11/27 15:01:37 ET
Table 'Sternberga' 2-max Seat #1 is the button
Seat 1: TheU10 ($327.47 in chips)
Seat 2: jl45259071 ($68.03 in chips)
TheU10: posts small blind $1
jl45259071: posts big blind $3
*** HOLE CARDS ***
TheU10: folds
Uncalled bet ($2) returned to jl45259071
jl45259071 collected $2 from pot
jl45259071: doesn't show hand
*** SUMMARY ***
Total pot $2 | Rake $0
Seat 1: TheU10 (button) (small blind) folded before Flop
Seat 2: jl45259071 (big blind) collected ($2)


PokerStars Hand #144471573130:  Hold'em Limit ($3/$6 USD) - 2015/11/27 15:01:25 ET
Table 'Sternberga' 2-max Seat #2 is the button
Seat 1: TheU10 ($318.83 in chips)
Seat 2: jl45259071 ($77.03 in chips)
jl45259071: posts small blind $1
TheU10: posts big blind $3
*** HOLE CARDS ***
jl45259071: raises $3 to $6
TheU10: calls $3
*** FLOP *** [4d As 3h]
TheU10: checks
jl45259071: bets $3
TheU10: calls $3
*** TURN *** [4d As 3h] [7s]
TheU10: checks
jl45259071: checks
*** RIVER *** [4d As 3h 7s] [9c]
TheU10: bets $6
jl45259071: folds
Uncalled bet ($6) returned to TheU10
TheU10 collected $17.64 from pot
TheU10: doesn't show hand
*** SUMMARY ***
Total pot $18 | Rake $0.36
Board [4d As 3h 7s 9c]
Seat 1: TheU10 (big blind) collected ($17.64)
Seat 2: jl45259071 (button) (small blind) folded on the River


PokerStars Hand #144471562145:  Hold'em Limit ($3/$6 USD) - 2015/11/27 15:01:11 ET
Table 'Sternberga' 2-max Seat #1 is the button
Seat 1: TheU10 ($339.83 in chips)
Seat 2: jl45259071 ($56.53 in chips)
TheU10: posts small blind $1
jl45259071: posts big blind $3
*** HOLE CARDS ***
TheU10: calls $2
jl45259071: raises $3 to $6
TheU10: calls $3
*** FLOP *** [7c 5d Jc]
jl45259071: bets $3
TheU10: calls $3
*** TURN *** [7c 5d Jc] [Ts]
jl45259071: bets $6
TheU10: calls $6
*** RIVER *** [7c 5d Jc Ts] [8h]
jl45259071: bets $6
TheU10: calls $6
*** SHOW DOWN ***
jl45259071: shows [Jh Ah] (a pair of Jacks)
TheU10: mucks hand
jl45259071 collected $41.50 from pot
*** SUMMARY ***
Total pot $42 | Rake $0.50
Board [7c 5d Jc Ts 8h]
Seat 1: TheU10 (button) (small blind) mucked
Seat 2: jl45259071 (big blind) showed [Jh Ah] and won ($41.50) with a pair of Jacks


PokerStars Hand #144471546445:  Hold'em Limit ($3/$6 USD) - 2015/11/27 15:00:53 ET
Table 'Sternberga' 2-max Seat #2 is the button
Seat 1: TheU10 ($304.33 in chips)
Seat 2: jl45259071 ($92.53 in chips)
jl45259071: posts small blind $1
TheU10: posts big blind $3
*** HOLE CARDS ***
jl45259071: raises $3 to $6
TheU10: raises $3 to $9
jl45259071: raises $3 to $12
Betting is capped
TheU10: calls $3
*** FLOP *** [Qc Qs Jh]
TheU10: bets $3
jl45259071: raises $3 to $6
TheU10: calls $3
*** TURN *** [Qc Qs Jh] [8s]
TheU10: checks
jl45259071: bets $6
TheU10: calls $6
*** RIVER *** [Qc Qs Jh 8s] [9c]
TheU10: checks
jl45259071: bets $6
TheU10: raises $6 to $12
jl45259071: calls $6
*** SHOW DOWN ***
TheU10: shows [Tc Td] (a straight, Eight to Queen)
jl45259071: mucks hand
TheU10 collected $71.50 from pot
*** SUMMARY ***
Total pot $72 | Rake $0.50
Board [Qc Qs Jh 8s 9c]
Seat 1: TheU10 (big blind) showed [Tc Td] and won ($71.50) with a straight, Eight to Queen
Seat 2: jl45259071 (button) (small blind) mucked


PokerStars Hand #144471588020:  Hold'em Limit ($3/$6 USD) - 2015/11/27 15:01:42 ET
Table 'Sternberga' 2-max Seat #2 is the button
Seat 1: TheU10 ($326.47 in chips)
Seat 2: jl45259071 ($69.03 in chips)
jl45259071: posts small blind $1
TheU10: posts big blind $3
*** HOLE CARDS ***
jl45259071: calls $2
TheU10: raises $3 to $6
jl45259071: calls $3
*** FLOP *** [7c 8c Ts]
TheU10: bets $3
jl45259071: raises $3 to $6
TheU10: calls $3
*** TURN *** [7c 8c Ts] [2c]
TheU10: checks
jl45259071: bets $6
TheU10: calls $6
*** RIVER *** [7c 8c Ts 2c] [5c]
TheU10: bets $6
jl45259071: calls $6
*** SHOW DOWN ***
TheU10: shows [Jc Th] (a flush, Jack high)
jl45259071: mucks hand
TheU10 collected $47.50 from pot
*** SUMMARY ***
Total pot $48 | Rake $0.50
Board [7c 8c Ts 2c 5c]
Seat 1: TheU10 (big blind) showed [Jc Th] and won ($47.50) with a flush, Jack high
Seat 2: jl45259071 (button) (small blind) mucked


PokerStars Hand #144471643977:  Hold'em Limit ($3/$6 USD) - 2015/11/27 15:02:43 ET
Table 'Sternberga' 2-max Seat #2 is the button
Seat 1: TheU10 ($379.11 in chips)
Seat 2: jl45259071 ($15.03 in chips)
jl45259071: posts small blind $1
TheU10: posts big blind $3
*** HOLE CARDS ***
jl45259071: folds
Uncalled bet ($2) returned to TheU10
TheU10 collected $2 from pot
TheU10: doesn't show hand
*** SUMMARY ***
Total pot $2 | Rake $0
Seat 1: TheU10 (big blind) collected ($2)
Seat 2: jl45259071 (button) (small blind) folded before Flop


PokerStars Hand #144471625325:  Hold'em Limit ($3/$6 USD) - 2015/11/27 15:02:23 ET
Table 'Sternberga' 2-max Seat #1 is the button
Seat 1: TheU10 ($358.61 in chips)
Seat 2: jl45259071 ($36.03 in chips)
TheU10: posts small blind $1
jl45259071: posts big blind $3
*** HOLE CARDS ***
TheU10: raises $3 to $6
jl45259071: calls $3
*** FLOP *** [5d 3s Td]
jl45259071: checks
TheU10: bets $3
jl45259071: raises $3 to $6
TheU10: raises $3 to $9
jl45259071: calls $3
*** TURN *** [5d 3s Td] [6d]
jl45259071: checks
TheU10: checks
*** RIVER *** [5d 3s Td 6d] [8c]
jl45259071: checks
TheU10: bets $6
jl45259071: calls $6
*** SHOW DOWN ***
TheU10: shows [Th 8d] (two pair, Tens and Eights)
jl45259071: mucks hand
TheU10 collected $41.50 from pot
*** SUMMARY ***
Total pot $42 | Rake $0.50
Board [5d 3s Td 6d 8c]
Seat 1: TheU10 (button) (small blind) showed [Th 8d] and won ($41.50) with two pair, Tens and Eights
Seat 2: jl45259071 (big blind) mucked


PokerStars Hand #144471605846:  Hold'em Limit ($3/$6 USD) - 2015/11/27 15:02:02 ET
Table 'Sternberga' 2-max Seat #1 is the button
Seat 1: TheU10 ($349.97 in chips)
Seat 2: jl45259071 ($45.03 in chips)
TheU10: posts small blind $1
jl45259071: posts big blind $3
*** HOLE CARDS ***
TheU10: raises $3 to $6
jl45259071: calls $3
*** FLOP *** [8c Ad 7d]
jl45259071: checks
TheU10: bets $3
jl45259071: folds
Uncalled bet ($3) returned to TheU10
TheU10 collected $11.76 from pot
TheU10: doesn't show hand
*** SUMMARY ***
Total pot $12 | Rake $0.24
Board [8c Ad 7d]
Seat 1: TheU10 (button) (small blind) collected ($11.76)
Seat 2: jl45259071 (big blind) folded on the Flop


PokerStars Hand #144471648997:  Hold'em Limit ($3/$6 USD) - 2015/11/27 15:02:48 ET
Table 'Sternberga' 2-max Seat #1 is the button
Seat 1: TheU10 ($380.11 in chips)
Seat 2: jl45259071 ($14.03 in chips)
TheU10: posts small blind $1
jl45259071: posts big blind $3
*** HOLE CARDS ***
TheU10: raises $3 to $6
jl45259071: raises $3 to $9
TheU10: raises $3 to $12
Betting is capped
jl45259071: calls $3
*** FLOP *** [2s 9h 6s]
jl45259071: bets $2.03 and is all-in
TheU10: calls $2.03
*** TURN *** [2s 9h 6s] [As]
*** RIVER *** [2s 9h 6s As] [2h]
*** SHOW DOWN ***
jl45259071: shows [8d 7d] (a pair of Deuces)
TheU10: shows [Qh 2c] (three of a kind, Deuces)
TheU10 collected $27.56 from pot
*** SUMMARY ***
Total pot $28.06 | Rake $0.50
Board [2s 9h 6s As 2h]
Seat 1: TheU10 (button) (small blind) showed [Qh 2c] and won ($27.56) with three of a kind, Deuces
Seat 2: jl45259071 (big blind) showed [8d 7d] and lost with a pair of Deuces


