PokerStars Hand #164475620240:  Hold'em Limit ($3/$6 USD) - 2017/01/12 17:28:11 ET
Table 'Stereoskopia' 6-max Seat #3 is the button
Seat 3: lelala ($120 in chips)
Seat 4: Krazy90 ($120 in chips)
lelala: posts small blind $1
Krazy90: posts big blind $3
*** HOLE CARDS ***
lelala: raises $3 to $6
REZOLUTION84 joins the table at seat #6
Krazy90: calls $3
*** FLOP *** [4d 2s 4s]
Krazy90: checks
lelala: bets $3
Krazy90: calls $3
*** TURN *** [4d 2s 4s] [Jc]
Krazy90: checks
lelala: bets $6
Krazy90: calls $6
*** RIVER *** [4d 2s 4s Jc] [6c]
Krazy90: checks
lelala: bets $6
Krazy90: calls $6
*** SHOW DOWN ***
lelala: shows [Ks Jd] (two pair, Jacks and Fours)
Krazy90: mucks hand
lelala collected $41.50 from pot
*** SUMMARY ***
Total pot $42 | Rake $0.50
Board [4d 2s 4s Jc 6c]
Seat 3: lelala (button) (small blind) showed [Ks Jd] and won ($41.50) with two pair, Jacks and Fours
Seat 4: Krazy90 (big blind) mucked


PokerStars Hand #164475708658:  Hold'em Limit ($3/$6 USD) - 2017/01/12 17:29:44 ET
Table 'Stereoskopia' 6-max Seat #6 is the button
Seat 4: Krazy90 ($143.53 in chips)
Seat 6: REZOLUTION84 ($60 in chips)
REZOLUTION84: posts small blind $1
lelala: is sitting out
Krazy90: posts big blind $3
*** HOLE CARDS ***
REZOLUTION84: raises $3 to $6
Krazy90: calls $3
*** FLOP *** [3d 8s 8c]
lelala leaves the table
Krazy90: checks
REZOLUTION84: checks
*** TURN *** [3d 8s 8c] [2h]
Krazy90: checks
REZOLUTION84: checks
*** RIVER *** [3d 8s 8c 2h] [3s]
jarellmaniac joins the table at seat #3
Krazy90: checks
REZOLUTION84: checks
*** SHOW DOWN ***
Krazy90: shows [9h 6s] (two pair, Eights and Threes)
REZOLUTION84: shows [6d Qh] (two pair, Eights and Threes - Queen kicker)
REZOLUTION84 collected $11.76 from pot
*** SUMMARY ***
Total pot $12 | Rake $0.24
Board [3d 8s 8c 2h 3s]
Seat 4: Krazy90 (big blind) showed [9h 6s] and lost with two pair, Eights and Threes
Seat 6: REZOLUTION84 (button) (small blind) showed [6d Qh] and won ($11.76) with two pair, Eights and Threes


PokerStars Hand #164476999857:  Hold'em Limit ($3/$6 USD) - 2017/01/12 17:52:40 ET
Table 'Stereoskopia' 6-max Seat #4 is the button
Seat 4: Krazy90 ($171.37 in chips)
Seat 5: stasschi ($149.40 in chips)
abouiss69 will be allowed to play after the button
Krazy90: posts small blind $1
B_loJkl joins the table at seat #6
stasschi: posts big blind $3
*** HOLE CARDS ***
Krazy90: raises $3 to $6
stasschi: raises $3 to $9
Krazy90: raises $3 to $12
Betting is capped
stasschi: calls $3
*** FLOP *** [7s 8h 6c]
stasschi: checks
Krazy90: bets $3
jarellmaniac joins the table at seat #2
stasschi: calls $3
*** TURN *** [7s 8h 6c] [4h]
stasschi: checks
Krazy90: bets $6
stasschi: calls $6
*** RIVER *** [7s 8h 6c 4h] [4c]
stasschi: checks
Krazy90: bets $6
stasschi: folds
Uncalled bet ($6) returned to Krazy90
Krazy90 collected $41.50 from pot
Krazy90: doesn't show hand
montana77728 joins the table at seat #1
*** SUMMARY ***
Total pot $42 | Rake $0.50
Board [7s 8h 6c 4h 4c]
Seat 4: Krazy90 (button) (small blind) collected ($41.50)
Seat 5: stasschi (big blind) folded on the River


