PokerStars Hand #169211127310:  Hold'em Limit ($3/$6 USD) - 2017/04/18 8:58:36 ET
Table 'Sthenelos' 6-max Seat #4 is the button
Seat 3: cheungchina ($53 in chips)
Seat 4: BugerDV ($73 in chips)
BugerDV: posts small blind $1
cheungchina: posts big blind $3
*** HOLE CARDS ***
BugerDV: raises $3 to $6
cheungchina: folds
Uncalled bet ($3) returned to BugerDV
BugerDV collected $6 from pot
BugerDV: doesn't show hand
*** SUMMARY ***
Total pot $6 | Rake $0
Seat 3: cheungchina (big blind) folded before Flop
Seat 4: BugerDV (button) (small blind) collected ($6)


PokerStars Hand #169211149483:  Hold'em Limit ($3/$6 USD) - 2017/04/18 8:59:21 ET
Table 'Sthenelos' 6-max Seat #3 is the button
Seat 3: cheungchina ($34 in chips)
Seat 4: BugerDV ($91.50 in chips)
cheungchina: posts small blind $1
BugerDV: posts big blind $3
*** HOLE CARDS ***
cheungchina: folds
Uncalled bet ($2) returned to BugerDV
BugerDV collected $2 from pot
BugerDV: doesn't show hand
*** SUMMARY ***
Total pot $2 | Rake $0
Seat 3: cheungchina (button) (small blind) folded before Flop
Seat 4: BugerDV (big blind) collected ($2)


PokerStars Hand #169211133906:  Hold'em Limit ($3/$6 USD) - 2017/04/18 8:58:49 ET
Table 'Sthenelos' 6-max Seat #4 is the button
Seat 3: cheungchina ($49 in chips)
Seat 4: BugerDV ($77 in chips)
BugerDV: posts small blind $1
cheungchina: posts big blind $3
*** HOLE CARDS ***
BugerDV: raises $3 to $6
cheungchina: calls $3
*** FLOP *** [6d Ad Kc]
cheungchina: bets $3
BugerDV: calls $3
*** TURN *** [6d Ad Kc] [Jc]
LifeisagameX leaves the table
cheungchina: bets $6
BugerDV: calls $6
*** RIVER *** [6d Ad Kc Jc] [7s]
cheungchina: checks
BugerDV: bets $6
cheungchina: folds
Uncalled bet ($6) returned to BugerDV
BugerDV collected $29.50 from pot
BugerDV: doesn't show hand
*** SUMMARY ***
Total pot $30 | Rake $0.50
Board [6d Ad Kc Jc 7s]
Seat 3: cheungchina (big blind) folded on the River
Seat 4: BugerDV (button) (small blind) collected ($29.50)


PokerStars Hand #169211130853:  Hold'em Limit ($3/$6 USD) - 2017/04/18 8:58:43 ET
Table 'Sthenelos' 6-max Seat #3 is the button
Seat 3: cheungchina ($50 in chips)
Seat 4: BugerDV ($76 in chips)
cheungchina: posts small blind $1
BugerDV: posts big blind $3
*** HOLE CARDS ***
cheungchina: folds
Uncalled bet ($2) returned to BugerDV
BugerDV collected $2 from pot
BugerDV: doesn't show hand
*** SUMMARY ***
Total pot $2 | Rake $0
Seat 3: cheungchina (button) (small blind) folded before Flop
Seat 4: BugerDV (big blind) collected ($2)


PokerStars Hand #169211182158:  Hold'em Limit ($3/$6 USD) - 2017/04/18 9:00:27 ET
Table 'Sthenelos' 6-max Seat #5 is the button
Seat 3: cheungchina ($77 in chips)
Seat 5: sim5sim5 ($73 in chips)
sim5sim5: posts small blind $1
cheungchina: posts big blind $3
*** HOLE CARDS ***
sim5sim5: raises $3 to $6
cheungchina: folds
Uncalled bet ($3) returned to sim5sim5
sim5sim5 collected $6 from pot
sim5sim5: doesn't show hand
*** SUMMARY ***
Total pot $6 | Rake $0
Seat 3: cheungchina (big blind) folded before Flop
Seat 5: sim5sim5 (button) (small blind) collected ($6)


PokerStars Hand #169211179269:  Hold'em Limit ($3/$6 USD) - 2017/04/18 9:00:21 ET
Table 'Sthenelos' 6-max Seat #3 is the button
Seat 3: cheungchina ($78 in chips)
Seat 5: sim5sim5 ($72 in chips)
cheungchina: posts small blind $1
sim5sim5: posts big blind $3
*** HOLE CARDS ***
cheungchina: folds
Uncalled bet ($2) returned to sim5sim5
sim5sim5 collected $2 from pot
sim5sim5: doesn't show hand
*** SUMMARY ***
Total pot $2 | Rake $0
Seat 3: cheungchina (button) (small blind) folded before Flop
Seat 5: sim5sim5 (big blind) collected ($2)


PokerStars Hand #169211165877:  Hold'em Limit ($3/$6 USD) - 2017/04/18 8:59:55 ET
Table 'Sthenelos' 6-max Seat #4 is the button
Seat 3: cheungchina ($17 in chips)
Seat 4: BugerDV ($108 in chips)
BugerDV: posts small blind $1
cheungchina: posts big blind $3
*** HOLE CARDS ***
sim5sim5 joins the table at seat #5
BugerDV said, "add chips pls"
cheungchina said, "kkk"
BugerDV: folds
Uncalled bet ($2) returned to cheungchina
cheungchina collected $2 from pot
cheungchina: doesn't show hand
*** SUMMARY ***
Total pot $2 | Rake $0
Seat 3: cheungchina (big blind) collected ($2)
Seat 4: BugerDV (button) (small blind) folded before Flop


PokerStars Hand #169211163137:  Hold'em Limit ($3/$6 USD) - 2017/04/18 8:59:49 ET
Table 'Sthenelos' 6-max Seat #3 is the button
Seat 3: cheungchina ($18 in chips)
Seat 4: BugerDV ($107 in chips)
cheungchina: posts small blind $1
BugerDV: posts big blind $3
*** HOLE CARDS ***
cheungchina: folds
Uncalled bet ($2) returned to BugerDV
BugerDV collected $2 from pot
BugerDV: doesn't show hand
*** SUMMARY ***
Total pot $2 | Rake $0
Seat 3: cheungchina (button) (small blind) folded before Flop
Seat 4: BugerDV (big blind) collected ($2)


PokerStars Hand #169211151962:  Hold'em Limit ($3/$6 USD) - 2017/04/18 8:59:26 ET
Table 'Sthenelos' 6-max Seat #4 is the button
Seat 3: cheungchina ($33 in chips)
Seat 4: BugerDV ($92.50 in chips)
BugerDV: posts small blind $1
cheungchina: posts big blind $3
*** HOLE CARDS ***
BugerDV: raises $3 to $6
cheungchina: calls $3
*** FLOP *** [4s 9d 9h]
cheungchina: checks
BugerDV: bets $3
cheungchina: calls $3
*** TURN *** [4s 9d 9h] [5s]
cheungchina: checks
BugerDV: checks
*** RIVER *** [4s 9d 9h 5s] [Td]
cheungchina: bets $6
BugerDV: calls $6
*** SHOW DOWN ***
cheungchina: shows [Kc Ah] (a pair of Nines)
BugerDV: shows [8h Tc] (two pair, Tens and Nines)
BugerDV collected $29.50 from pot
*** SUMMARY ***
Total pot $30 | Rake $0.50
Board [4s 9d 9h 5s Td]
Seat 3: cheungchina (big blind) showed [Kc Ah] and lost with a pair of Nines
Seat 4: BugerDV (button) (small blind) showed [8h Tc] and won ($29.50) with two pair, Tens and Nines


PokerStars Hand #169211549156:  Hold'em Limit ($3/$6 USD) - 2017/04/18 9:11:21 ET
Table 'Sthenelos' 6-max Seat #6 is the button
Seat 3: Qvidde ($105 in chips)
Seat 6: sezZzam002 ($32.64 in chips)
sezZzam002: posts small blind $1
HAL9QQQ: is sitting out
Qvidde: posts big blind $3
*** HOLE CARDS ***
sezZzam002: folds
Uncalled bet ($2) returned to Qvidde
Qvidde collected $2 from pot
Qvidde: doesn't show hand
*** SUMMARY ***
Total pot $2 | Rake $0
Seat 3: Qvidde (big blind) collected ($2)
Seat 6: sezZzam002 (button) (small blind) folded before Flop


PokerStars Hand #169211552798:  Hold'em Limit ($3/$6 USD) - 2017/04/18 9:11:27 ET
Table 'Sthenelos' 6-max Seat #3 is the button
Seat 3: Qvidde ($106 in chips)
Seat 6: sezZzam002 ($31.64 in chips)
Qvidde: posts small blind $1
sezZzam002: posts big blind $3
*** HOLE CARDS ***
Qvidde: raises $3 to $6
sezZzam002: folds
Uncalled bet ($3) returned to Qvidde
Qvidde collected $6 from pot
Qvidde: doesn't show hand
*** SUMMARY ***
Total pot $6 | Rake $0
Seat 3: Qvidde (button) (small blind) collected ($6)
Seat 6: sezZzam002 (big blind) folded before Flop


PokerStars Hand #169211560032:  Hold'em Limit ($3/$6 USD) - 2017/04/18 9:11:39 ET
Table 'Sthenelos' 6-max Seat #6 is the button
Seat 3: Qvidde ($109 in chips)
Seat 6: sezZzam002 ($28.64 in chips)
sezZzam002: posts small blind $1
Qvidde: posts big blind $3
*** HOLE CARDS ***
sezZzam002: calls $2
Qvidde: raises $3 to $6
sezZzam002: calls $3
*** FLOP *** [4s 5d 6h]
Qvidde: bets $3
sezZzam002: folds
Uncalled bet ($3) returned to Qvidde
Qvidde collected $11.76 from pot
Qvidde: doesn't show hand
*** SUMMARY ***
Total pot $12 | Rake $0.24
Board [4s 5d 6h]
Seat 3: Qvidde (big blind) collected ($11.76)
Seat 6: sezZzam002 (button) (small blind) folded on the Flop


PokerStars Hand #169211569684:  Hold'em Limit ($3/$6 USD) - 2017/04/18 9:11:56 ET
Table 'Sthenelos' 6-max Seat #3 is the button
Seat 3: Qvidde ($114.76 in chips)
Seat 6: sezZzam002 ($22.64 in chips)
Qvidde: posts small blind $1
sezZzam002: posts big blind $3
*** HOLE CARDS ***
Qvidde: raises $3 to $6
sezZzam002: calls $3
*** FLOP *** [3c Kd 2c]
sezZzam002: checks
Qvidde: bets $3
sezZzam002: calls $3
*** TURN *** [3c Kd 2c] [Jc]
sezZzam002: bets $6
Qvidde: folds
Uncalled bet ($6) returned to sezZzam002
sezZzam002 collected $17.64 from pot
sezZzam002: doesn't show hand
*** SUMMARY ***
Total pot $18 | Rake $0.36
Board [3c Kd 2c Jc]
Seat 3: Qvidde (button) (small blind) folded on the Turn
Seat 6: sezZzam002 (big blind) collected ($17.64)


PokerStars Hand #169211588516:  Hold'em Limit ($3/$6 USD) - 2017/04/18 9:12:29 ET
Table 'Sthenelos' 6-max Seat #6 is the button
Seat 3: Qvidde ($105.76 in chips)
Seat 6: sezZzam002 ($31.28 in chips)
sezZzam002: posts small blind $1
Qvidde: posts big blind $3
*** HOLE CARDS ***
sezZzam002: calls $2
Qvidde: raises $3 to $6
sezZzam002: calls $3
*** FLOP *** [Qh 5s 6h]
Qvidde: bets $3
sezZzam002: calls $3
*** TURN *** [Qh 5s 6h] [Qs]
Qvidde: bets $6
sezZzam002: calls $6
*** RIVER *** [Qh 5s 6h Qs] [5d]
Qvidde: bets $6
sezZzam002: calls $6
*** SHOW DOWN ***
Qvidde: shows [Kh 5h] (a full house, Fives full of Queens)
sezZzam002: mucks hand
Qvidde collected $41.50 from pot
*** SUMMARY ***
Total pot $42 | Rake $0.50
Board [Qh 5s 6h Qs 5d]
Seat 3: Qvidde (big blind) showed [Kh 5h] and won ($41.50) with a full house, Fives full of Queens
Seat 6: sezZzam002 (button) (small blind) mucked


PokerStars Hand #169211615450:  Hold'em Limit ($3/$6 USD) - 2017/04/18 9:13:15 ET
Table 'Sthenelos' 6-max Seat #3 is the button
Seat 3: Qvidde ($126.26 in chips)
Seat 6: sezZzam002 ($10.28 in chips)
Qvidde: posts small blind $1
sezZzam002: posts big blind $3
*** HOLE CARDS ***
sim5sim5 joins the table at seat #4
Qvidde: raises $3 to $6
sezZzam002: folds
Uncalled bet ($3) returned to Qvidde
Qvidde collected $6 from pot
Qvidde: doesn't show hand
*** SUMMARY ***
Total pot $6 | Rake $0
Seat 3: Qvidde (button) (small blind) collected ($6)
Seat 6: sezZzam002 (big blind) folded before Flop


PokerStars Hand #169211620559:  Hold'em Limit ($3/$6 USD) - 2017/04/18 9:13:24 ET
Table 'Sthenelos' 6-max Seat #6 is the button
Seat 3: Qvidde ($129.26 in chips)
Seat 6: sezZzam002 ($7.28 in chips)
sezZzam002: posts small blind $1
Qvidde: posts big blind $3
*** HOLE CARDS ***
sezZzam002: folds
Uncalled bet ($2) returned to Qvidde
Qvidde collected $2 from pot
Qvidde: doesn't show hand
*** SUMMARY ***
Total pot $2 | Rake $0
Seat 3: Qvidde (big blind) collected ($2)
Seat 6: sezZzam002 (button) (small blind) folded before Flop


PokerStars Hand #169211638699:  Hold'em Limit ($3/$6 USD) - 2017/04/18 9:13:55 ET
Table 'Sthenelos' 6-max Seat #6 is the button
Seat 3: Qvidde ($132.26 in chips)
Seat 6: sezZzam002 ($126.38 in chips)
sezZzam002: posts small blind $1
Qvidde: posts big blind $3
*** HOLE CARDS ***
sezZzam002: raises $3 to $6
Qvidde: calls $3
*** FLOP *** [5h 7s 9c]
Qvidde: checks
sezZzam002: checks
*** TURN *** [5h 7s 9c] [Kd]
Qvidde: bets $6
sezZzam002: calls $6
*** RIVER *** [5h 7s 9c Kd] [2s]
Qvidde: bets $6
sezZzam002: calls $6
*** SHOW DOWN ***
Qvidde: shows [3c 5d] (a pair of Fives)
sezZzam002: mucks hand
Qvidde collected $35.50 from pot
*** SUMMARY ***
Total pot $36 | Rake $0.50
Board [5h 7s 9c Kd 2s]
Seat 3: Qvidde (big blind) showed [3c 5d] and won ($35.50) with a pair of Fives
Seat 6: sezZzam002 (button) (small blind) mucked


PokerStars Hand #169211658878:  Hold'em Limit ($3/$6 USD) - 2017/04/18 9:14:29 ET
Table 'Sthenelos' 6-max Seat #3 is the button
Seat 3: Qvidde ($149.76 in chips)
Seat 6: sezZzam002 ($108.38 in chips)
Qvidde: posts small blind $1
sezZzam002: posts big blind $3
*** HOLE CARDS ***
Qvidde: raises $3 to $6
sezZzam002: folds
Uncalled bet ($3) returned to Qvidde
Qvidde collected $6 from pot
Qvidde: doesn't show hand
*** SUMMARY ***
Total pot $6 | Rake $0
Seat 3: Qvidde (button) (small blind) collected ($6)
Seat 6: sezZzam002 (big blind) folded before Flop


PokerStars Hand #169211631989:  Hold'em Limit ($3/$6 USD) - 2017/04/18 9:13:43 ET
Table 'Sthenelos' 6-max Seat #3 is the button
Seat 3: Qvidde ($129.26 in chips)
Seat 6: sezZzam002 ($129.38 in chips)
Qvidde: posts small blind $1
sezZzam002: posts big blind $3
*** HOLE CARDS ***
Qvidde: raises $3 to $6
sim5sim5 leaves the table
sezZzam002: folds
Uncalled bet ($3) returned to Qvidde
Qvidde collected $6 from pot
Qvidde: doesn't show hand
*** SUMMARY ***
Total pot $6 | Rake $0
Seat 3: Qvidde (button) (small blind) collected ($6)
Seat 6: sezZzam002 (big blind) folded before Flop


PokerStars Hand #169211686677:  Hold'em Limit ($3/$6 USD) - 2017/04/18 9:15:16 ET
Table 'Sthenelos' 6-max Seat #3 is the button
Seat 3: Qvidde ($176.26 in chips)
Seat 6: sezZzam002 ($81.38 in chips)
Qvidde: posts small blind $1
sezZzam002: posts big blind $3
*** HOLE CARDS ***
Qvidde: raises $3 to $6
sezZzam002: folds
Uncalled bet ($3) returned to Qvidde
Qvidde collected $6 from pot
Qvidde: doesn't show hand
*** SUMMARY ***
Total pot $6 | Rake $0
Seat 3: Qvidde (button) (small blind) collected ($6)
Seat 6: sezZzam002 (big blind) folded before Flop


PokerStars Hand #169211667207:  Hold'em Limit ($3/$6 USD) - 2017/04/18 9:14:43 ET
Table 'Sthenelos' 6-max Seat #6 is the button
Seat 3: Qvidde ($152.76 in chips)
Seat 6: sezZzam002 ($105.38 in chips)
sezZzam002: posts small blind $1
Qvidde: posts big blind $3
*** HOLE CARDS ***
sezZzam002: raises $3 to $6
Qvidde: raises $3 to $9
sezZzam002: calls $3
*** FLOP *** [5s 4s 8d]
Qvidde: bets $3
sezZzam002: calls $3
*** TURN *** [5s 4s 8d] [8s]
Qvidde: bets $6
sezZzam002: calls $6
*** RIVER *** [5s 4s 8d 8s] [4d]
Qvidde: bets $6
sezZzam002: calls $6
*** SHOW DOWN ***
Qvidde: shows [As Ad] (two pair, Aces and Eights)
sezZzam002: mucks hand
Qvidde collected $47.50 from pot
*** SUMMARY ***
Total pot $48 | Rake $0.50
Board [5s 4s 8d 8s 4d]
Seat 3: Qvidde (big blind) showed [As Ad] and won ($47.50) with two pair, Aces and Eights
Seat 6: sezZzam002 (button) (small blind) mucked


PokerStars Hand #169211690155:  Hold'em Limit ($3/$6 USD) - 2017/04/18 9:15:22 ET
Table 'Sthenelos' 6-max Seat #6 is the button
Seat 3: Qvidde ($179.26 in chips)
Seat 6: sezZzam002 ($78.38 in chips)
sezZzam002: posts small blind $1
Qvidde: posts big blind $3
*** HOLE CARDS ***
sezZzam002: calls $2
Qvidde: checks
*** FLOP *** [7h Js 4d]
Qvidde: checks
sezZzam002: checks
*** TURN *** [7h Js 4d] [Kc]
Qvidde: bets $6
sezZzam002: folds
Uncalled bet ($6) returned to Qvidde
Qvidde collected $5.88 from pot
Qvidde: doesn't show hand
*** SUMMARY ***
Total pot $6 | Rake $0.12
Board [7h Js 4d Kc]
Seat 3: Qvidde (big blind) collected ($5.88)
Seat 6: sezZzam002 (button) (small blind) folded on the Turn


PokerStars Hand #169211707470:  Hold'em Limit ($3/$6 USD) - 2017/04/18 9:15:52 ET
Table 'Sthenelos' 6-max Seat #6 is the button
Seat 3: Qvidde ($185.14 in chips)
Seat 6: sezZzam002 ($72.38 in chips)
sezZzam002: posts small blind $1
Qvidde: posts big blind $3
*** HOLE CARDS ***
sezZzam002: calls $2
Qvidde: raises $3 to $6
sezZzam002: calls $3
*** FLOP *** [Jh 4d Qs]
Qvidde: bets $3
sezZzam002: calls $3
*** TURN *** [Jh 4d Qs] [2c]
Qvidde: bets $6
sezZzam002: calls $6
*** RIVER *** [Jh 4d Qs 2c] [5s]
Qvidde: checks
sezZzam002: checks
*** SHOW DOWN ***
Qvidde: shows [3d 5d] (a pair of Fives)
sezZzam002: shows [6s 6c] (a pair of Sixes)
sezZzam002 collected $29.50 from pot
*** SUMMARY ***
Total pot $30 | Rake $0.50
Board [Jh 4d Qs 2c 5s]
Seat 3: Qvidde (big blind) showed [3d 5d] and lost with a pair of Fives
Seat 6: sezZzam002 (button) (small blind) showed [6s 6c] and won ($29.50) with a pair of Sixes


PokerStars Hand #169211724748:  Hold'em Limit ($3/$6 USD) - 2017/04/18 9:16:21 ET
Table 'Sthenelos' 6-max Seat #3 is the button
Seat 3: Qvidde ($170.14 in chips)
Seat 6: sezZzam002 ($86.88 in chips)
Qvidde: posts small blind $1
sezZzam002: posts big blind $3
*** HOLE CARDS ***
Qvidde: raises $3 to $6
sezZzam002: folds
Uncalled bet ($3) returned to Qvidde
Qvidde collected $6 from pot
Qvidde: doesn't show hand
*** SUMMARY ***
Total pot $6 | Rake $0
Seat 3: Qvidde (button) (small blind) collected ($6)
Seat 6: sezZzam002 (big blind) folded before Flop


PokerStars Hand #169211703960:  Hold'em Limit ($3/$6 USD) - 2017/04/18 9:15:46 ET
Table 'Sthenelos' 6-max Seat #3 is the button
Seat 3: Qvidde ($182.14 in chips)
Seat 6: sezZzam002 ($75.38 in chips)
Qvidde: posts small blind $1
sezZzam002: posts big blind $3
*** HOLE CARDS ***
Qvidde: raises $3 to $6
sezZzam002: folds
Uncalled bet ($3) returned to Qvidde
Qvidde collected $6 from pot
Qvidde: doesn't show hand
*** SUMMARY ***
Total pot $6 | Rake $0
Seat 3: Qvidde (button) (small blind) collected ($6)
Seat 6: sezZzam002 (big blind) folded before Flop


PokerStars Hand #169211731267:  Hold'em Limit ($3/$6 USD) - 2017/04/18 9:16:32 ET
Table 'Sthenelos' 6-max Seat #6 is the button
Seat 3: Qvidde ($173.14 in chips)
Seat 6: sezZzam002 ($83.88 in chips)
sezZzam002: posts small blind $1
Qvidde: posts big blind $3
*** HOLE CARDS ***
sezZzam002: raises $3 to $6
Qvidde: calls $3
*** FLOP *** [Td Tc Kd]
Qvidde: checks
sezZzam002: bets $3
Qvidde: folds
Uncalled bet ($3) returned to sezZzam002
sezZzam002 collected $11.76 from pot
sezZzam002: doesn't show hand
*** SUMMARY ***
Total pot $12 | Rake $0.24
Board [Td Tc Kd]
Seat 3: Qvidde (big blind) folded on the Flop
Seat 6: sezZzam002 (button) (small blind) collected ($11.76)


PokerStars Hand #169211743845:  Hold'em Limit ($3/$6 USD) - 2017/04/18 9:16:52 ET
Table 'Sthenelos' 6-max Seat #3 is the button
Seat 3: Qvidde ($167.14 in chips)
Seat 6: sezZzam002 ($89.64 in chips)
Qvidde: posts small blind $1
sezZzam002: posts big blind $3
*** HOLE CARDS ***
Qvidde: raises $3 to $6
sezZzam002: folds
Uncalled bet ($3) returned to Qvidde
Qvidde collected $6 from pot
Qvidde: doesn't show hand
*** SUMMARY ***
Total pot $6 | Rake $0
Seat 3: Qvidde (button) (small blind) collected ($6)
Seat 6: sezZzam002 (big blind) folded before Flop


PokerStars Hand #169211749985:  Hold'em Limit ($3/$6 USD) - 2017/04/18 9:17:03 ET
Table 'Sthenelos' 6-max Seat #6 is the button
Seat 3: Qvidde ($170.14 in chips)
Seat 6: sezZzam002 ($86.64 in chips)
sezZzam002: posts small blind $1
Qvidde: posts big blind $3
*** HOLE CARDS ***
sezZzam002: raises $3 to $6
Qvidde: calls $3
*** FLOP *** [3s Ad Qs]
Qvidde: checks
sezZzam002: bets $3
Qvidde: folds
Uncalled bet ($3) returned to sezZzam002
sezZzam002 collected $11.76 from pot
sezZzam002: doesn't show hand
*** SUMMARY ***
Total pot $12 | Rake $0.24
Board [3s Ad Qs]
Seat 3: Qvidde (big blind) folded on the Flop
Seat 6: sezZzam002 (button) (small blind) collected ($11.76)


PokerStars Hand #169211763197:  Hold'em Limit ($3/$6 USD) - 2017/04/18 9:17:25 ET
Table 'Sthenelos' 6-max Seat #3 is the button
Seat 3: Qvidde ($164.14 in chips)
Seat 6: sezZzam002 ($92.40 in chips)
Qvidde: posts small blind $1
sezZzam002: posts big blind $3
*** HOLE CARDS ***
Qvidde: raises $3 to $6
sezZzam002: calls $3
*** FLOP *** [4h Ac 6s]
sezZzam002: bets $3
Qvidde: calls $3
*** TURN *** [4h Ac 6s] [Ad]
sezZzam002: bets $6
Qvidde: raises $6 to $12
sezZzam002: raises $6 to $18
Qvidde: folds
Uncalled bet ($6) returned to sezZzam002
sezZzam002 collected $41.50 from pot
sezZzam002: doesn't show hand
*** SUMMARY ***
Total pot $42 | Rake $0.50
Board [4h Ac 6s Ad]
Seat 3: Qvidde (button) (small blind) folded on the Turn
Seat 6: sezZzam002 (big blind) collected ($41.50)


PokerStars Hand #169211781422:  Hold'em Limit ($3/$6 USD) - 2017/04/18 9:17:56 ET
Table 'Sthenelos' 6-max Seat #6 is the button
Seat 3: Qvidde ($143.14 in chips)
Seat 6: sezZzam002 ($112.90 in chips)
sezZzam002: posts small blind $1
Qvidde: posts big blind $3
*** HOLE CARDS ***
sezZzam002: folds
Uncalled bet ($2) returned to Qvidde
Qvidde collected $2 from pot
Qvidde: doesn't show hand
*** SUMMARY ***
Total pot $2 | Rake $0
Seat 3: Qvidde (big blind) collected ($2)
Seat 6: sezZzam002 (button) (small blind) folded before Flop


PokerStars Hand #169211805696:  Hold'em Limit ($3/$6 USD) - 2017/04/18 9:18:38 ET
Table 'Sthenelos' 6-max Seat #6 is the button
Seat 3: Qvidde ($123.14 in chips)
Seat 6: sezZzam002 ($132.40 in chips)
sezZzam002: posts small blind $1
Qvidde: posts big blind $3
*** HOLE CARDS ***
sezZzam002: folds
Uncalled bet ($2) returned to Qvidde
Qvidde collected $2 from pot
Qvidde: doesn't show hand
*** SUMMARY ***
Total pot $2 | Rake $0
Seat 3: Qvidde (big blind) collected ($2)
Seat 6: sezZzam002 (button) (small blind) folded before Flop


PokerStars Hand #169211784529:  Hold'em Limit ($3/$6 USD) - 2017/04/18 9:18:01 ET
Table 'Sthenelos' 6-max Seat #3 is the button
Seat 3: Qvidde ($144.14 in chips)
Seat 6: sezZzam002 ($111.90 in chips)
Qvidde: posts small blind $1
sezZzam002: posts big blind $3
*** HOLE CARDS ***
Qvidde: raises $3 to $6
sezZzam002: calls $3
*** FLOP *** [6d Kd Ks]
sezZzam002: checks
Qvidde: bets $3
sezZzam002: calls $3
*** TURN *** [6d Kd Ks] [2c]
sezZzam002: checks
Qvidde: bets $6
sezZzam002: calls $6
*** RIVER *** [6d Kd Ks 2c] [4c]
sezZzam002: checks
Qvidde: bets $6
sezZzam002: calls $6
*** SHOW DOWN ***
Qvidde: shows [7d 9c] (a pair of Kings)
sezZzam002: shows [8h 8c] (two pair, Kings and Eights)
sezZzam002 collected $41.50 from pot
*** SUMMARY ***
Total pot $42 | Rake $0.50
Board [6d Kd Ks 2c 4c]
Seat 3: Qvidde (button) (small blind) showed [7d 9c] and lost with a pair of Kings
Seat 6: sezZzam002 (big blind) showed [8h 8c] and won ($41.50) with two pair, Kings and Eights


PokerStars Hand #169211831642:  Hold'em Limit ($3/$6 USD) - 2017/04/18 9:19:22 ET
Table 'Sthenelos' 6-max Seat #3 is the button
Seat 3: Qvidde ($132.14 in chips)
Seat 6: sezZzam002 ($123.40 in chips)
Qvidde: posts small blind $1
sezZzam002: posts big blind $3
*** HOLE CARDS ***
Qvidde: raises $3 to $6
sezZzam002: folds
Uncalled bet ($3) returned to Qvidde
Qvidde collected $6 from pot
Qvidde: doesn't show hand
*** SUMMARY ***
Total pot $6 | Rake $0
Seat 3: Qvidde (button) (small blind) collected ($6)
Seat 6: sezZzam002 (big blind) folded before Flop


PokerStars Hand #169211827761:  Hold'em Limit ($3/$6 USD) - 2017/04/18 9:19:15 ET
Table 'Sthenelos' 6-max Seat #6 is the button
Seat 3: Qvidde ($131.14 in chips)
Seat 6: sezZzam002 ($124.40 in chips)
sezZzam002: posts small blind $1
Qvidde: posts big blind $3
*** HOLE CARDS ***
sezZzam002: folds
Uncalled bet ($2) returned to Qvidde
Qvidde collected $2 from pot
Qvidde: doesn't show hand
*** SUMMARY ***
Total pot $2 | Rake $0
Seat 3: Qvidde (big blind) collected ($2)
Seat 6: sezZzam002 (button) (small blind) folded before Flop


PokerStars Hand #169211813886:  Hold'em Limit ($3/$6 USD) - 2017/04/18 9:18:52 ET
Table 'Sthenelos' 6-max Seat #6 is the button
Seat 3: Qvidde ($127.14 in chips)
Seat 6: sezZzam002 ($128.40 in chips)
sezZzam002: posts small blind $1
Qvidde: posts big blind $3
*** HOLE CARDS ***
sezZzam002: folds
Uncalled bet ($2) returned to Qvidde
Qvidde collected $2 from pot
Qvidde: doesn't show hand
*** SUMMARY ***
Total pot $2 | Rake $0
Seat 3: Qvidde (big blind) collected ($2)
Seat 6: sezZzam002 (button) (small blind) folded before Flop


PokerStars Hand #169211817817:  Hold'em Limit ($3/$6 USD) - 2017/04/18 9:18:58 ET
Table 'Sthenelos' 6-max Seat #3 is the button
Seat 3: Qvidde ($128.14 in chips)
Seat 6: sezZzam002 ($127.40 in chips)
Qvidde: posts small blind $1
sezZzam002: posts big blind $3
*** HOLE CARDS ***
Qvidde: raises $3 to $6
sezZzam002: folds
Uncalled bet ($3) returned to Qvidde
Qvidde collected $6 from pot
Qvidde: doesn't show hand
*** SUMMARY ***
Total pot $6 | Rake $0
Seat 3: Qvidde (button) (small blind) collected ($6)
Seat 6: sezZzam002 (big blind) folded before Flop


PokerStars Hand #169211808847:  Hold'em Limit ($3/$6 USD) - 2017/04/18 9:18:43 ET
Table 'Sthenelos' 6-max Seat #3 is the button
Seat 3: Qvidde ($124.14 in chips)
Seat 6: sezZzam002 ($131.40 in chips)
Qvidde: posts small blind $1
sezZzam002: posts big blind $3
*** HOLE CARDS ***
Qvidde: raises $3 to $6
sezZzam002: folds
Uncalled bet ($3) returned to Qvidde
Qvidde collected $6 from pot
Qvidde: doesn't show hand
*** SUMMARY ***
Total pot $6 | Rake $0
Seat 3: Qvidde (button) (small blind) collected ($6)
Seat 6: sezZzam002 (big blind) folded before Flop


PokerStars Hand #169211851870:  Hold'em Limit ($3/$6 USD) - 2017/04/18 9:19:56 ET
Table 'Sthenelos' 6-max Seat #3 is the button
Seat 3: Qvidde ($149.64 in chips)
Seat 6: sezZzam002 ($105.40 in chips)
Qvidde: posts small blind $1
sezZzam002: posts big blind $3
*** HOLE CARDS ***
Qvidde: raises $3 to $6
sezZzam002: folds
Uncalled bet ($3) returned to Qvidde
Qvidde collected $6 from pot
Qvidde: doesn't show hand
*** SUMMARY ***
Total pot $6 | Rake $0
Seat 3: Qvidde (button) (small blind) collected ($6)
Seat 6: sezZzam002 (big blind) folded before Flop


PokerStars Hand #169211856598:  Hold'em Limit ($3/$6 USD) - 2017/04/18 9:20:04 ET
Table 'Sthenelos' 6-max Seat #6 is the button
Seat 3: Qvidde ($152.64 in chips)
Seat 6: sezZzam002 ($102.40 in chips)
sezZzam002: posts small blind $1
Qvidde: posts big blind $3
*** HOLE CARDS ***
sezZzam002: folds
Uncalled bet ($2) returned to Qvidde
Qvidde collected $2 from pot
Qvidde: doesn't show hand
*** SUMMARY ***
Total pot $2 | Rake $0
Seat 3: Qvidde (big blind) collected ($2)
Seat 6: sezZzam002 (button) (small blind) folded before Flop


PokerStars Hand #169211860991:  Hold'em Limit ($3/$6 USD) - 2017/04/18 9:20:12 ET
Table 'Sthenelos' 6-max Seat #3 is the button
Seat 3: Qvidde ($153.64 in chips)
Seat 6: sezZzam002 ($101.40 in chips)
Qvidde: posts small blind $1
sezZzam002: posts big blind $3
*** HOLE CARDS ***
Qvidde: raises $3 to $6
sezZzam002: raises $3 to $9
pdsnr joins the table at seat #2
Qvidde: calls $3
*** FLOP *** [Kc Th 4s]
sezZzam002: bets $3
Qvidde: folds
Uncalled bet ($3) returned to sezZzam002
pdsnr leaves the table
sezZzam002 collected $17.64 from pot
sezZzam002: doesn't show hand
*** SUMMARY ***
Total pot $18 | Rake $0.36
Board [Kc Th 4s]
Seat 3: Qvidde (button) (small blind) folded on the Flop
Seat 6: sezZzam002 (big blind) collected ($17.64)


PokerStars Hand #169211835242:  Hold'em Limit ($3/$6 USD) - 2017/04/18 9:19:28 ET
Table 'Sthenelos' 6-max Seat #6 is the button
Seat 3: Qvidde ($135.14 in chips)
Seat 6: sezZzam002 ($120.40 in chips)
sezZzam002: posts small blind $1
Qvidde: posts big blind $3
*** HOLE CARDS ***
sezZzam002: calls $2
Qvidde: raises $3 to $6
sezZzam002: calls $3
*** FLOP *** [9c 3s Jd]
Qvidde: bets $3
sezZzam002: calls $3
*** TURN *** [9c 3s Jd] [Ah]
Qvidde: bets $6
sezZzam002: calls $6
*** RIVER *** [9c 3s Jd Ah] [4h]
Qvidde: bets $6
sezZzam002: folds
Uncalled bet ($6) returned to Qvidde
Qvidde collected $29.50 from pot
Qvidde: doesn't show hand
*** SUMMARY ***
Total pot $30 | Rake $0.50
Board [9c 3s Jd Ah 4h]
Seat 3: Qvidde (big blind) collected ($29.50)
Seat 6: sezZzam002 (button) (small blind) folded on the River


PokerStars Hand #169211873144:  Hold'em Limit ($3/$6 USD) - 2017/04/18 9:20:33 ET
Table 'Sthenelos' 6-max Seat #6 is the button
Seat 3: Qvidde ($144.64 in chips)
Seat 6: sezZzam002 ($110.04 in chips)
sezZzam002: posts small blind $1
Qvidde: posts big blind $3
*** HOLE CARDS ***
sezZzam002: calls $2
Qvidde: raises $3 to $6
sezZzam002: calls $3
*** FLOP *** [Kd 3h Qh]
pdsnr joins the table at seat #4
Qvidde: bets $3
sezZzam002: calls $3
*** TURN *** [Kd 3h Qh] [2c]
Qvidde: bets $6
sezZzam002: calls $6
*** RIVER *** [Kd 3h Qh 2c] [5s]
BugerDV joins the table at seat #2
Qvidde: bets $6
sezZzam002: calls $6
*** SHOW DOWN ***
Qvidde: shows [Qc Ts] (a pair of Queens)
sezZzam002: mucks hand
Qvidde collected $41.50 from pot
*** SUMMARY ***
Total pot $42 | Rake $0.50
Board [Kd 3h Qh 2c 5s]
Seat 3: Qvidde (big blind) showed [Qc Ts] and won ($41.50) with a pair of Queens
Seat 6: sezZzam002 (button) (small blind) mucked


PokerStars Hand #169219794457:  Hold'em Limit ($3/$6 USD) - 2017/04/18 12:41:08 ET
Table 'Sthenelos' 6-max Seat #3 is the button
Seat 2: nineflower ($112.82 in chips)
Seat 3: B_loJkl ($350.65 in chips)
B_loJkl: posts small blind $1
Apanage: is sitting out
nineflower: posts big blind $3
*** HOLE CARDS ***
B_loJkl: raises $3 to $6
nineflower: folds
Uncalled bet ($3) returned to B_loJkl
nineflower leaves the table
B_loJkl collected $6 from pot
B_loJkl: doesn't show hand
*** SUMMARY ***
Total pot $6 | Rake $0
Seat 2: nineflower (big blind) folded before Flop
Seat 3: B_loJkl (button) (small blind) collected ($6)


