PokerStars Hand #165832357041:  Hold'em Limit ($3/$6 USD) - 2017/02/07 11:10:47 ET
Table 'Sthenelos' 6-max Seat #3 is the button
Seat 1: nikosha8 ($77.15 in chips)
Seat 3: RaisemyNut$ ($78.83 in chips)
RaisemyNut$: posts small blind $1
kolaz03: is sitting out
belik555: is sitting out
nikosha8: posts big blind $3
*** HOLE CARDS ***
kolaz03 leaves the table
RaisemyNut$: folds
Uncalled bet ($2) returned to nikosha8
nikosha8 collected $2 from pot
*** SUMMARY ***
Total pot $2 | Rake $0
Seat 1: nikosha8 (big blind) collected ($2)
Seat 3: RaisemyNut$ (button) (small blind) folded before Flop


PokerStars Hand #165832380948:  Hold'em Limit ($3/$6 USD) - 2017/02/07 11:11:18 ET
Table 'Sthenelos' 6-max Seat #3 is the button
Seat 1: nikosha8 ($81.15 in chips)
Seat 3: RaisemyNut$ ($74.83 in chips)
RaisemyNut$: posts small blind $1
nikosha8: posts big blind $3
*** HOLE CARDS ***
RaisemyNut$: raises $3 to $6
nikosha8: calls $3
*** FLOP *** [2d 5h Qd]
belik555 leaves the table
nikosha8: checks
RaisemyNut$: bets $3
nikosha8: calls $3
*** TURN *** [2d 5h Qd] [4s]
nikosha8: checks
RaisemyNut$: bets $6
nikosha8: raises $6 to $12
RaisemyNut$: calls $6
*** RIVER *** [2d 5h Qd 4s] [Th]
nikosha8: bets $6
RaisemyNut$: calls $6
*** SHOW DOWN ***
nikosha8: shows [3h 3c] (a pair of Threes)
RaisemyNut$: shows [Qc 3s] (a pair of Queens)
RaisemyNut$ collected $53.50 from pot
*** SUMMARY ***
Total pot $54 | Rake $0.50
Board [2d 5h Qd 4s Th]
Seat 1: nikosha8 (big blind) showed [3h 3c] and lost with a pair of Threes
Seat 3: RaisemyNut$ (button) (small blind) showed [Qc 3s] and won ($53.50) with a pair of Queens


PokerStars Hand #165832365182:  Hold'em Limit ($3/$6 USD) - 2017/02/07 11:10:57 ET
Table 'Sthenelos' 6-max Seat #1 is the button
Seat 1: nikosha8 ($78.15 in chips)
Seat 3: RaisemyNut$ ($77.83 in chips)
nikosha8: posts small blind $1
RaisemyNut$: posts big blind $3
*** HOLE CARDS ***
nikosha8: raises $3 to $6
belik555 leaves the table
belik555 joins the table at seat #5
RaisemyNut$: folds
Uncalled bet ($3) returned to nikosha8
nikosha8 collected $6 from pot
*** SUMMARY ***
Total pot $6 | Rake $0
Seat 1: nikosha8 (button) (small blind) collected ($6)
Seat 3: RaisemyNut$ (big blind) folded before Flop


PokerStars Hand #165832443284:  Hold'em Limit ($3/$6 USD) - 2017/02/07 11:12:39 ET
Table 'Sthenelos' 6-max Seat #3 is the button
Seat 1: nikosha8 ($68.65 in chips)
Seat 3: RaisemyNut$ ($86.33 in chips)
RaisemyNut$: posts small blind $1
nikosha8: posts big blind $3
*** HOLE CARDS ***
RaisemyNut$: raises $3 to $6
nikosha8: raises $3 to $9
RaisemyNut$: calls $3
*** FLOP *** [2h Jc Ts]
nikosha8: bets $3
RaisemyNut$: folds
Uncalled bet ($3) returned to nikosha8
nikosha8 collected $17.64 from pot
*** SUMMARY ***
Total pot $18 | Rake $0.36
Board [2h Jc Ts]
Seat 1: nikosha8 (big blind) collected ($17.64)
Seat 3: RaisemyNut$ (button) (small blind) folded on the Flop


PokerStars Hand #165832411221:  Hold'em Limit ($3/$6 USD) - 2017/02/07 11:11:57 ET
Table 'Sthenelos' 6-max Seat #1 is the button
Seat 1: nikosha8 ($54.15 in chips)
Seat 3: RaisemyNut$ ($101.33 in chips)
nikosha8: posts small blind $1
RaisemyNut$: posts big blind $3
*** HOLE CARDS ***
nikosha8: raises $3 to $6
RaisemyNut$: calls $3
*** FLOP *** [3c 9s 4h]
RaisemyNut$: checks
nikosha8: bets $3
RaisemyNut$: calls $3
*** TURN *** [3c 9s 4h] [Qc]
RaisemyNut$: checks
nikosha8: checks
*** RIVER *** [3c 9s 4h Qc] [Kc]
RaisemyNut$: bets $6
nikosha8: calls $6
*** SHOW DOWN ***
RaisemyNut$: shows [Ks Th] (a pair of Kings)
nikosha8: shows [Kd 3s] (two pair, Kings and Threes)
nikosha8 collected $29.50 from pot
*** SUMMARY ***
Total pot $30 | Rake $0.50
Board [3c 9s 4h Qc Kc]
Seat 1: nikosha8 (button) (small blind) showed [Kd 3s] and won ($29.50) with two pair, Kings and Threes
Seat 3: RaisemyNut$ (big blind) showed [Ks Th] and lost with a pair of Kings


PokerStars Hand #165832481324:  Hold'em Limit ($3/$6 USD) - 2017/02/07 11:13:28 ET
Table 'Sthenelos' 6-max Seat #3 is the button
Seat 1: nikosha8 ($88.81 in chips)
Seat 3: RaisemyNut$ ($65.33 in chips)
RaisemyNut$: posts small blind $1
nikosha8: posts big blind $3
*** HOLE CARDS ***
RaisemyNut$: raises $3 to $6
nikosha8: folds
Uncalled bet ($3) returned to RaisemyNut$
RaisemyNut$ collected $6 from pot
RaisemyNut$: doesn't show hand
*** SUMMARY ***
Total pot $6 | Rake $0
Seat 1: nikosha8 (big blind) folded before Flop
Seat 3: RaisemyNut$ (button) (small blind) collected ($6)


PokerStars Hand #165832477213:  Hold'em Limit ($3/$6 USD) - 2017/02/07 11:13:23 ET
Table 'Sthenelos' 6-max Seat #1 is the button
Seat 1: nikosha8 ($85.81 in chips)
Seat 3: RaisemyNut$ ($68.33 in chips)
nikosha8: posts small blind $1
RaisemyNut$: posts big blind $3
*** HOLE CARDS ***
nikosha8: raises $3 to $6
RaisemyNut$: folds
Uncalled bet ($3) returned to nikosha8
nikosha8 collected $6 from pot
*** SUMMARY ***
Total pot $6 | Rake $0
Seat 1: nikosha8 (button) (small blind) collected ($6)
Seat 3: RaisemyNut$ (big blind) folded before Flop


PokerStars Hand #165832470670:  Hold'em Limit ($3/$6 USD) - 2017/02/07 11:13:15 ET
Table 'Sthenelos' 6-max Seat #3 is the button
Seat 1: nikosha8 ($88.81 in chips)
Seat 3: RaisemyNut$ ($65.33 in chips)
RaisemyNut$: posts small blind $1
nikosha8: posts big blind $3
*** HOLE CARDS ***
RaisemyNut$: raises $3 to $6
nikosha8: folds
Uncalled bet ($3) returned to RaisemyNut$
RaisemyNut$ collected $6 from pot
RaisemyNut$: doesn't show hand
*** SUMMARY ***
Total pot $6 | Rake $0
Seat 1: nikosha8 (big blind) folded before Flop
Seat 3: RaisemyNut$ (button) (small blind) collected ($6)


PokerStars Hand #165832454985:  Hold'em Limit ($3/$6 USD) - 2017/02/07 11:12:54 ET
Table 'Sthenelos' 6-max Seat #1 is the button
Seat 1: nikosha8 ($77.29 in chips)
Seat 3: RaisemyNut$ ($77.33 in chips)
nikosha8: posts small blind $1
RaisemyNut$: posts big blind $3
*** HOLE CARDS ***
nikosha8: raises $3 to $6
RaisemyNut$: calls $3
*** FLOP *** [4d Qd 2s]
RaisemyNut$: checks
nikosha8: checks
*** TURN *** [4d Qd 2s] [7s]
RaisemyNut$: checks
nikosha8: checks
*** RIVER *** [4d Qd 2s 7s] [7d]
RaisemyNut$: bets $6
nikosha8: calls $6
*** SHOW DOWN ***
RaisemyNut$: shows [6c 9h] (a pair of Sevens)
nikosha8: shows [Kc 9s] (a pair of Sevens - King kicker)
nikosha8 collected $23.52 from pot
*** SUMMARY ***
Total pot $24 | Rake $0.48
Board [4d Qd 2s 7s 7d]
Seat 1: nikosha8 (button) (small blind) showed [Kc 9s] and won ($23.52) with a pair of Sevens
Seat 3: RaisemyNut$ (big blind) showed [6c 9h] and lost with a pair of Sevens


PokerStars Hand #165832485054:  Hold'em Limit ($3/$6 USD) - 2017/02/07 11:13:33 ET
Table 'Sthenelos' 6-max Seat #1 is the button
Seat 1: nikosha8 ($85.81 in chips)
Seat 3: RaisemyNut$ ($68.33 in chips)
nikosha8: posts small blind $1
WSpieler was removed from the table for failing to post
RaisemyNut$: posts big blind $3
*** HOLE CARDS ***
nikosha8: calls $2
RaisemyNut$: raises $3 to $6
nikosha8: calls $3
*** FLOP *** [2d 8h 7d]
RaisemyNut$: bets $3
nikosha8: calls $3
*** TURN *** [2d 8h 7d] [6c]
RaisemyNut$: bets $6
nikosha8: calls $6
*** RIVER *** [2d 8h 7d 6c] [5c]
RaisemyNut$: bets $6
nikosha8: calls $6
*** SHOW DOWN ***
RaisemyNut$: shows [4s Ts] (a straight, Four to Eight)
nikosha8: mucks hand
RaisemyNut$ collected $41.50 from pot
*** SUMMARY ***
Total pot $42 | Rake $0.50
Board [2d 8h 7d 6c 5c]
Seat 1: nikosha8 (button) (small blind) mucked
Seat 3: RaisemyNut$ (big blind) showed [4s Ts] and won ($41.50) with a straight, Four to Eight


PokerStars Hand #165832531183:  Hold'em Limit ($3/$6 USD) - 2017/02/07 11:14:33 ET
Table 'Sthenelos' 6-max Seat #1 is the button
Seat 1: nikosha8 ($76.33 in chips)
Seat 3: RaisemyNut$ ($76.83 in chips)
nikosha8: posts small blind $1
RaisemyNut$: posts big blind $3
*** HOLE CARDS ***
nikosha8: raises $3 to $6
RaisemyNut$: calls $3
*** FLOP *** [3c Ac 4c]
RaisemyNut$: checks
nikosha8: checks
*** TURN *** [3c Ac 4c] [As]
RaisemyNut$: bets $6
nikosha8: folds
Uncalled bet ($6) returned to RaisemyNut$
lelala joins the table at seat #2
RaisemyNut$ collected $11.76 from pot
RaisemyNut$: doesn't show hand
*** SUMMARY ***
Total pot $12 | Rake $0.24
Board [3c Ac 4c As]
Seat 1: nikosha8 (button) (small blind) folded on the Turn
Seat 3: RaisemyNut$ (big blind) collected ($11.76)


PokerStars Hand #165832542147:  Hold'em Limit ($3/$6 USD) - 2017/02/07 11:14:47 ET
Table 'Sthenelos' 6-max Seat #3 is the button
Seat 1: nikosha8 ($70.33 in chips)
Seat 3: RaisemyNut$ ($82.59 in chips)
RaisemyNut$: posts small blind $1
nikosha8: posts big blind $3
*** HOLE CARDS ***
RaisemyNut$: raises $3 to $6
nikosha8: raises $3 to $9
RaisemyNut$: calls $3
*** FLOP *** [Tc Jc 4h]
nikosha8: bets $3
RaisemyNut$: calls $3
*** TURN *** [Tc Jc 4h] [7d]
nikosha8: checks
RaisemyNut$: bets $6
nikosha8: calls $6
*** RIVER *** [Tc Jc 4h 7d] [Kc]
nikosha8: checks
RaisemyNut$: checks
*** SHOW DOWN ***
nikosha8: shows [6s 6h] (a pair of Sixes)
RaisemyNut$: shows [9c Js] (a pair of Jacks)
RaisemyNut$ collected $35.50 from pot
*** SUMMARY ***
Total pot $36 | Rake $0.50
Board [Tc Jc 4h 7d Kc]
Seat 1: nikosha8 (big blind) showed [6s 6h] and lost with a pair of Sixes
Seat 3: RaisemyNut$ (button) (small blind) showed [9c Js] and won ($35.50) with a pair of Jacks


PokerStars Hand #165832645176:  Hold'em Limit ($3/$6 USD) - 2017/02/07 11:17:00 ET
Table 'Sthenelos' 6-max Seat #3 is the button
Seat 1: nikosha8 ($53.49 in chips)
Seat 3: RaisemyNut$ ($100.98 in chips)
RaisemyNut$: posts small blind $1
nikosha8: posts big blind $3
*** HOLE CARDS ***
RaisemyNut$: folds
Uncalled bet ($2) returned to nikosha8
nikosha8 collected $2 from pot
*** SUMMARY ***
Total pot $2 | Rake $0
Seat 1: nikosha8 (big blind) collected ($2)
Seat 3: RaisemyNut$ (button) (small blind) folded before Flop


PokerStars Hand #165832641319:  Hold'em Limit ($3/$6 USD) - 2017/02/07 11:16:55 ET
Table 'Sthenelos' 6-max Seat #1 is the button
Seat 1: nikosha8 ($54.49 in chips)
Seat 3: RaisemyNut$ ($99.98 in chips)
nikosha8: posts small blind $1
RaisemyNut$: posts big blind $3
*** HOLE CARDS ***
nikosha8: folds
Uncalled bet ($2) returned to RaisemyNut$
RaisemyNut$ collected $2 from pot
RaisemyNut$: doesn't show hand
*** SUMMARY ***
Total pot $2 | Rake $0
Seat 1: nikosha8 (button) (small blind) folded before Flop
Seat 3: RaisemyNut$ (big blind) collected ($2)


PokerStars Hand #165832626345:  Hold'em Limit ($3/$6 USD) - 2017/02/07 11:16:35 ET
Table 'Sthenelos' 6-max Seat #3 is the button
Seat 1: nikosha8 ($42.97 in chips)
Seat 3: RaisemyNut$ ($111.98 in chips)
RaisemyNut$: posts small blind $1
nikosha8: posts big blind $3
*** HOLE CARDS ***
RaisemyNut$: raises $3 to $6
nikosha8: raises $3 to $9
RaisemyNut$: calls $3
*** FLOP *** [2c 5d 4s]
nikosha8: bets $3
RaisemyNut$: calls $3
*** TURN *** [2c 5d 4s] [Ts]
nikosha8: bets $6
RaisemyNut$: folds
Uncalled bet ($6) returned to nikosha8
nikosha8 collected $23.52 from pot
*** SUMMARY ***
Total pot $24 | Rake $0.48
Board [2c 5d 4s Ts]
Seat 1: nikosha8 (big blind) collected ($23.52)
Seat 3: RaisemyNut$ (button) (small blind) folded on the Turn


PokerStars Hand #165832607164:  Hold'em Limit ($3/$6 USD) - 2017/02/07 11:16:11 ET
Table 'Sthenelos' 6-max Seat #1 is the button
Seat 1: nikosha8 ($34.33 in chips)
Seat 3: RaisemyNut$ ($120.98 in chips)
nikosha8: posts small blind $1
RaisemyNut$: posts big blind $3
*** HOLE CARDS ***
nikosha8: raises $3 to $6
RaisemyNut$: calls $3
*** FLOP *** [Qd 5c 4h]
RaisemyNut$: checks
nikosha8: bets $3
RaisemyNut$: calls $3
*** TURN *** [Qd 5c 4h] [Jc]
RaisemyNut$: checks
nikosha8: bets $6
RaisemyNut$: folds
Uncalled bet ($6) returned to nikosha8
nikosha8 collected $17.64 from pot
*** SUMMARY ***
Total pot $18 | Rake $0.36
Board [Qd 5c 4h Jc]
Seat 1: nikosha8 (button) (small blind) collected ($17.64)
Seat 3: RaisemyNut$ (big blind) folded on the Turn


PokerStars Hand #165832650141:  Hold'em Limit ($3/$6 USD) - 2017/02/07 11:17:06 ET
Table 'Sthenelos' 6-max Seat #1 is the button
Seat 1: nikosha8 ($54.49 in chips)
Seat 3: RaisemyNut$ ($99.98 in chips)
nikosha8: posts small blind $1
RaisemyNut$: posts big blind $3
*** HOLE CARDS ***
nikosha8: raises $3 to $6
nevwon joins the table at seat #6
RaisemyNut$: calls $3
*** FLOP *** [Js 8c Ah]
RaisemyNut$: checks
nikosha8: bets $3
RaisemyNut$: folds
Uncalled bet ($3) returned to nikosha8
nikosha8 collected $11.76 from pot
*** SUMMARY ***
Total pot $12 | Rake $0.24
Board [Js 8c Ah]
Seat 1: nikosha8 (button) (small blind) collected ($11.76)
Seat 3: RaisemyNut$ (big blind) folded on the Flop


PokerStars Hand #165837972496:  Hold'em Limit ($3/$6 USD) - 2017/02/07 13:03:35 ET
Table 'Sthenelos' 6-max Seat #4 is the button
Seat 3: RaisemyNut$ ($287.96 in chips)
Seat 4: PikkuHUMPPA ($60.48 in chips)
PikkuHUMPPA: posts small blind $1
belik555: is sitting out
RaisemyNut$: posts big blind $3
*** HOLE CARDS ***
PikkuHUMPPA: folds
Uncalled bet ($2) returned to RaisemyNut$
RaisemyNut$ collected $2 from pot
RaisemyNut$: doesn't show hand
*** SUMMARY ***
Total pot $2 | Rake $0
Seat 3: RaisemyNut$ (big blind) collected ($2)
Seat 4: PikkuHUMPPA (button) (small blind) folded before Flop


PokerStars Hand #165837977095:  Hold'em Limit ($3/$6 USD) - 2017/02/07 13:03:39 ET
Table 'Sthenelos' 6-max Seat #3 is the button
Seat 3: RaisemyNut$ ($288.96 in chips)
Seat 4: PikkuHUMPPA ($59.48 in chips)
RaisemyNut$: posts small blind $1
PikkuHUMPPA: posts big blind $3
*** HOLE CARDS ***
belik555 leaves the table
RaisemyNut$: raises $3 to $6
PikkuHUMPPA: raises $3 to $9
cola26licht joins the table at seat #2
RaisemyNut$: calls $3
*** FLOP *** [As Ks 8h]
PikkuHUMPPA: bets $3
RaisemyNut$: raises $3 to $6
PikkuHUMPPA: calls $3
*** TURN *** [As Ks 8h] [Ad]
PikkuHUMPPA: checks
RaisemyNut$: bets $6
PikkuHUMPPA: calls $6
*** RIVER *** [As Ks 8h Ad] [9h]
PikkuHUMPPA: checks
RaisemyNut$: bets $6
PikkuHUMPPA: calls $6
*** SHOW DOWN ***
RaisemyNut$: shows [5h Ac] (three of a kind, Aces)
PikkuHUMPPA: mucks hand
RaisemyNut$ collected $53.50 from pot
*** SUMMARY ***
Total pot $54 | Rake $0.50
Board [As Ks 8h Ad 9h]
Seat 3: RaisemyNut$ (button) (small blind) showed [5h Ac] and won ($53.50) with three of a kind, Aces
Seat 4: PikkuHUMPPA (big blind) mucked


PokerStars Hand #165838857579:  Hold'em Limit ($3/$6 USD) - 2017/02/07 13:19:12 ET
Table 'Sthenelos' 6-max Seat #5 is the button
Seat 3: RaisemyNut$ ($363.99 in chips)
Seat 5: StormToTo ($106.17 in chips)
StormToTo: posts small blind $1
RaisemyNut$: posts big blind $3
*** HOLE CARDS ***
StormToTo: folds
Uncalled bet ($2) returned to RaisemyNut$
RaisemyNut$ collected $2 from pot
RaisemyNut$: doesn't show hand
*** SUMMARY ***
Total pot $2 | Rake $0
Seat 3: RaisemyNut$ (big blind) collected ($2)
Seat 5: StormToTo (button) (small blind) folded before Flop


PokerStars Hand #165838862914:  Hold'em Limit ($3/$6 USD) - 2017/02/07 13:19:18 ET
Table 'Sthenelos' 6-max Seat #3 is the button
Seat 3: RaisemyNut$ ($364.99 in chips)
Seat 5: StormToTo ($105.17 in chips)
RaisemyNut$: posts small blind $1
StormToTo: posts big blind $3
*** HOLE CARDS ***
RaisemyNut$: raises $3 to $6
2010scharf leaves the table
StormToTo: calls $3
*** FLOP *** [6h Kc 7h]
StormToTo: checks
RaisemyNut$: bets $3
StormToTo: calls $3
*** TURN *** [6h Kc 7h] [As]
StormToTo: checks
RaisemyNut$: checks
*** RIVER *** [6h Kc 7h As] [Th]
StormToTo: checks
RaisemyNut$: checks
*** SHOW DOWN ***
StormToTo: shows [8s 6d] (a pair of Sixes)
RaisemyNut$: mucks hand
StormToTo collected $17.64 from pot
*** SUMMARY ***
Total pot $18 | Rake $0.36
Board [6h Kc 7h As Th]
Seat 3: RaisemyNut$ (button) (small blind) mucked
Seat 5: StormToTo (big blind) showed [8s 6d] and won ($17.64) with a pair of Sixes


PokerStars Hand #165838892686:  Hold'em Limit ($3/$6 USD) - 2017/02/07 13:19:49 ET
Table 'Sthenelos' 6-max Seat #5 is the button
Seat 3: RaisemyNut$ ($355.99 in chips)
Seat 5: StormToTo ($113.81 in chips)
StormToTo: posts small blind $1
RaisemyNut$: posts big blind $3
*** HOLE CARDS ***
StormToTo: raises $3 to $6
RaisemyNut$: raises $3 to $9
StormToTo: calls $3
*** FLOP *** [8s 5s 6d]
RaisemyNut$: bets $3
Nerthus0305 joins the table at seat #4
StormToTo: calls $3
*** TURN *** [8s 5s 6d] [7d]
RaisemyNut$: bets $6
StormToTo: folds
Uncalled bet ($6) returned to RaisemyNut$
RaisemyNut$ collected $23.52 from pot
RaisemyNut$: doesn't show hand
*** SUMMARY ***
Total pot $24 | Rake $0.48
Board [8s 5s 6d 7d]
Seat 3: RaisemyNut$ (big blind) collected ($23.52)
Seat 5: StormToTo (button) (small blind) folded on the Turn


PokerStars Hand #165848391420:  Hold'em Limit ($3/$6 USD) - 2017/02/07 16:02:54 ET
Table 'Sthenelos' 6-max Seat #3 is the button
Seat 2: Kikimor1220 ($81.55 in chips)
Seat 3: RaisemyNut$ ($426.34 in chips)
RaisemyNut$: posts small blind $1
pompier40: is sitting out
Kikimor1220: posts big blind $3
*** HOLE CARDS ***
RaisemyNut$: raises $3 to $6
Kikimor1220: calls $3
*** FLOP *** [7s 5h 2d]
Kikimor1220: checks
RaisemyNut$: bets $3
Kikimor1220: raises $3 to $6
RaisemyNut$: calls $3
*** TURN *** [7s 5h 2d] [3d]
pompier40 leaves the table
Kikimor1220: bets $6
RaisemyNut$: calls $6
*** RIVER *** [7s 5h 2d 3d] [Td]
Kikimor1220: bets $6
RaisemyNut$: folds
Uncalled bet ($6) returned to Kikimor1220
Kikimor1220 collected $35.50 from pot
Kikimor1220: doesn't show hand
*** SUMMARY ***
Total pot $36 | Rake $0.50
Board [7s 5h 2d 3d Td]
Seat 2: Kikimor1220 (big blind) collected ($35.50)
Seat 3: RaisemyNut$ (button) (small blind) folded on the River


PokerStars Hand #165848459727:  Hold'em Limit ($3/$6 USD) - 2017/02/07 16:04:01 ET
Table 'Sthenelos' 6-max Seat #2 is the button
Seat 2: Kikimor1220 ($126.55 in chips)
Seat 3: RaisemyNut$ ($380.34 in chips)
Kikimor1220: posts small blind $1
RaisemyNut$: posts big blind $3
*** HOLE CARDS ***
Kikimor1220: raises $3 to $6
RaisemyNut$: calls $3
*** FLOP *** [Kh 8d Jc]
RaisemyNut$: checks
Kikimor1220: checks
*** TURN *** [Kh 8d Jc] [Qc]
RaisemyNut$: bets $6
Kikimor1220: folds
Uncalled bet ($6) returned to RaisemyNut$
RaisemyNut$ collected $11.76 from pot
RaisemyNut$: doesn't show hand
*** SUMMARY ***
Total pot $12 | Rake $0.24
Board [Kh 8d Jc Qc]
Seat 2: Kikimor1220 (button) (small blind) folded on the Turn
Seat 3: RaisemyNut$ (big blind) collected ($11.76)


PokerStars Hand #165848416869:  Hold'em Limit ($3/$6 USD) - 2017/02/07 16:03:19 ET
Table 'Sthenelos' 6-max Seat #2 is the button
Seat 2: Kikimor1220 ($99.05 in chips)
Seat 3: RaisemyNut$ ($408.34 in chips)
Kikimor1220: posts small blind $1
RaisemyNut$: posts big blind $3
*** HOLE CARDS ***
Kikimor1220: raises $3 to $6
RaisemyNut$: raises $3 to $9
Kikimor1220: calls $3
*** FLOP *** [9h Kd 5d]
RaisemyNut$: bets $3
Kikimor1220: raises $3 to $6
RaisemyNut$: calls $3
*** TURN *** [9h Kd 5d] [Kc]
RaisemyNut$: checks
Kikimor1220: bets $6
RaisemyNut$: calls $6
*** RIVER *** [9h Kd 5d Kc] [7d]
RaisemyNut$: checks
Kikimor1220: bets $6
RaisemyNut$: calls $6
*** SHOW DOWN ***
Kikimor1220: shows [8h Kh] (three of a kind, Kings)
RaisemyNut$: mucks hand
Kikimor1220 collected $53.50 from pot
*** SUMMARY ***
Total pot $54 | Rake $0.50
Board [9h Kd 5d Kc 7d]
Seat 2: Kikimor1220 (button) (small blind) showed [8h Kh] and won ($53.50) with three of a kind, Kings
Seat 3: RaisemyNut$ (big blind) mucked


PokerStars Hand #165848453570:  Hold'em Limit ($3/$6 USD) - 2017/02/07 16:03:55 ET
Table 'Sthenelos' 6-max Seat #3 is the button
Seat 2: Kikimor1220 ($125.55 in chips)
Seat 3: RaisemyNut$ ($381.34 in chips)
RaisemyNut$: posts small blind $1
Kikimor1220: posts big blind $3
*** HOLE CARDS ***
RaisemyNut$: folds
Uncalled bet ($2) returned to Kikimor1220
Kikimor1220 collected $2 from pot
Kikimor1220: doesn't show hand
*** SUMMARY ***
Total pot $2 | Rake $0
Seat 2: Kikimor1220 (big blind) collected ($2)
Seat 3: RaisemyNut$ (button) (small blind) folded before Flop


PokerStars Hand #165848489250:  Hold'em Limit ($3/$6 USD) - 2017/02/07 16:04:30 ET
Table 'Sthenelos' 6-max Seat #2 is the button
Seat 2: Kikimor1220 ($114.55 in chips)
Seat 3: RaisemyNut$ ($391.86 in chips)
Kikimor1220: posts small blind $1
RaisemyNut$: posts big blind $3
*** HOLE CARDS ***
Kikimor1220: raises $3 to $6
RaisemyNut$: calls $3
*** FLOP *** [4h Qh Jd]
RaisemyNut$: checks
Kikimor1220: checks
*** TURN *** [4h Qh Jd] [5h]
RaisemyNut$: bets $6
Kikimor1220: calls $6
*** RIVER *** [4h Qh Jd 5h] [7d]
RaisemyNut$: bets $6
Kikimor1220: folds
Uncalled bet ($6) returned to RaisemyNut$
RaisemyNut$ collected $23.52 from pot
RaisemyNut$: doesn't show hand
*** SUMMARY ***
Total pot $24 | Rake $0.48
Board [4h Qh Jd 5h 7d]
Seat 2: Kikimor1220 (button) (small blind) folded on the River
Seat 3: RaisemyNut$ (big blind) collected ($23.52)


PokerStars Hand #165848474963:  Hold'em Limit ($3/$6 USD) - 2017/02/07 16:04:16 ET
Table 'Sthenelos' 6-max Seat #3 is the button
Seat 2: Kikimor1220 ($120.55 in chips)
Seat 3: RaisemyNut$ ($386.10 in chips)
RaisemyNut$: posts small blind $1
Kikimor1220: posts big blind $3
*** HOLE CARDS ***
RaisemyNut$: raises $3 to $6
Kikimor1220: calls $3
*** FLOP *** [Qd Td 2h]
Kikimor1220: checks
RaisemyNut$: bets $3
Kikimor1220: folds
Uncalled bet ($3) returned to RaisemyNut$
RaisemyNut$ collected $11.76 from pot
RaisemyNut$: doesn't show hand
*** SUMMARY ***
Total pot $12 | Rake $0.24
Board [Qd Td 2h]
Seat 2: Kikimor1220 (big blind) folded on the Flop
Seat 3: RaisemyNut$ (button) (small blind) collected ($11.76)


PokerStars Hand #165848514767:  Hold'em Limit ($3/$6 USD) - 2017/02/07 16:04:55 ET
Table 'Sthenelos' 6-max Seat #3 is the button
Seat 2: Kikimor1220 ($102.55 in chips)
Seat 3: RaisemyNut$ ($403.38 in chips)
RaisemyNut$: posts small blind $1
Kikimor1220: posts big blind $3
*** HOLE CARDS ***
RaisemyNut$: raises $3 to $6
Kikimor1220: calls $3
*** FLOP *** [Td 2h 3s]
Kikimor1220: checks
RaisemyNut$: bets $3
Kikimor1220: folds
Uncalled bet ($3) returned to RaisemyNut$
RaisemyNut$ collected $11.76 from pot
RaisemyNut$: doesn't show hand
*** SUMMARY ***
Total pot $12 | Rake $0.24
Board [Td 2h 3s]
Seat 2: Kikimor1220 (big blind) folded on the Flop
Seat 3: RaisemyNut$ (button) (small blind) collected ($11.76)


PokerStars Hand #165848530553:  Hold'em Limit ($3/$6 USD) - 2017/02/07 16:05:11 ET
Table 'Sthenelos' 6-max Seat #2 is the button
Seat 2: Kikimor1220 ($96.55 in chips)
Seat 3: RaisemyNut$ ($409.14 in chips)
Kikimor1220: posts small blind $1
RaisemyNut$: posts big blind $3
*** HOLE CARDS ***
Kikimor1220: raises $3 to $6
RaisemyNut$: calls $3
*** FLOP *** [2d 6d Ah]
RaisemyNut$: checks
Kikimor1220: checks
*** TURN *** [2d 6d Ah] [9c]
RaisemyNut$: bets $6
Kikimor1220: calls $6
*** RIVER *** [2d 6d Ah 9c] [3d]
RaisemyNut$: checks
Kikimor1220: checks
*** SHOW DOWN ***
RaisemyNut$: shows [Jd 7c] (high card Ace)
Kikimor1220: shows [8s Ks] (high card Ace - King kicker)
Kikimor1220 collected $23.52 from pot
*** SUMMARY ***
Total pot $24 | Rake $0.48
Board [2d 6d Ah 9c 3d]
Seat 2: Kikimor1220 (button) (small blind) showed [8s Ks] and won ($23.52) with high card Ace
Seat 3: RaisemyNut$ (big blind) showed [Jd 7c] and lost with high card Ace


PokerStars Hand #165848640824:  Hold'em Limit ($3/$6 USD) - 2017/02/07 16:07:00 ET
Table 'Sthenelos' 6-max Seat #2 is the button
Seat 2: Kikimor1220 ($95.83 in chips)
Seat 3: RaisemyNut$ ($408.64 in chips)
Kikimor1220: posts small blind $1
RaisemyNut$: posts big blind $3
*** HOLE CARDS ***
Kikimor1220: raises $3 to $6
RaisemyNut$: calls $3
*** FLOP *** [Qs 5h As]
RaisemyNut$: checks
Kikimor1220: bets $3
RaisemyNut$: folds
Uncalled bet ($3) returned to Kikimor1220
Kikimor1220 collected $11.76 from pot
Kikimor1220: doesn't show hand
*** SUMMARY ***
Total pot $12 | Rake $0.24
Board [Qs 5h As]
Seat 2: Kikimor1220 (button) (small blind) collected ($11.76)
Seat 3: RaisemyNut$ (big blind) folded on the Flop


PokerStars Hand #165848612627:  Hold'em Limit ($3/$6 USD) - 2017/02/07 16:06:32 ET
Table 'Sthenelos' 6-max Seat #3 is the button
Seat 2: Kikimor1220 ($92.07 in chips)
Seat 3: RaisemyNut$ ($412.64 in chips)
RaisemyNut$: posts small blind $1
Kikimor1220: posts big blind $3
*** HOLE CARDS ***
RaisemyNut$: raises $3 to $6
Kikimor1220: folds
Uncalled bet ($3) returned to RaisemyNut$
RaisemyNut$ collected $6 from pot
RaisemyNut$: doesn't show hand
*** SUMMARY ***
Total pot $6 | Rake $0
Seat 2: Kikimor1220 (big blind) folded before Flop
Seat 3: RaisemyNut$ (button) (small blind) collected ($6)


PokerStars Hand #165848563546:  Hold'em Limit ($3/$6 USD) - 2017/02/07 16:05:43 ET
Table 'Sthenelos' 6-max Seat #3 is the button
Seat 2: Kikimor1220 ($108.07 in chips)
Seat 3: RaisemyNut$ ($397.14 in chips)
RaisemyNut$: posts small blind $1
Kikimor1220: posts big blind $3
*** HOLE CARDS ***
RaisemyNut$: raises $3 to $6
Kikimor1220: calls $3
*** FLOP *** [7s Td 5d]
Kikimor1220: checks
RaisemyNut$: bets $3
Kikimor1220: calls $3
*** TURN *** [7s Td 5d] [Ad]
Kikimor1220: checks
RaisemyNut$: bets $6
Kikimor1220: calls $6
*** RIVER *** [7s Td 5d Ad] [6s]
Kikimor1220: checks
RaisemyNut$: checks
*** SHOW DOWN ***
Kikimor1220: shows [3d 3c] (a pair of Threes)
RaisemyNut$: shows [7d Qs] (a pair of Sevens)
RaisemyNut$ collected $29.50 from pot
*** SUMMARY ***
Total pot $30 | Rake $0.50
Board [7s Td 5d Ad 6s]
Seat 2: Kikimor1220 (big blind) showed [3d 3c] and lost with a pair of Threes
Seat 3: RaisemyNut$ (button) (small blind) showed [7d Qs] and won ($29.50) with a pair of Sevens


PokerStars Hand #165848607648:  Hold'em Limit ($3/$6 USD) - 2017/02/07 16:06:27 ET
Table 'Sthenelos' 6-max Seat #2 is the button
Seat 2: Kikimor1220 ($93.07 in chips)
Seat 3: RaisemyNut$ ($411.64 in chips)
Kikimor1220: posts small blind $1
RaisemyNut$: posts big blind $3
*** HOLE CARDS ***
Kikimor1220: folds
Uncalled bet ($2) returned to RaisemyNut$
RaisemyNut$ collected $2 from pot
RaisemyNut$: doesn't show hand
*** SUMMARY ***
Total pot $2 | Rake $0
Seat 2: Kikimor1220 (button) (small blind) folded before Flop
Seat 3: RaisemyNut$ (big blind) collected ($2)


PokerStars Hand #165848634874:  Hold'em Limit ($3/$6 USD) - 2017/02/07 16:06:54 ET
Table 'Sthenelos' 6-max Seat #3 is the button
Seat 2: Kikimor1220 ($94.83 in chips)
Seat 3: RaisemyNut$ ($409.64 in chips)
RaisemyNut$: posts small blind $1
Kikimor1220: posts big blind $3
*** HOLE CARDS ***
RaisemyNut$: folds
Uncalled bet ($2) returned to Kikimor1220
Kikimor1220 collected $2 from pot
Kikimor1220: doesn't show hand
*** SUMMARY ***
Total pot $2 | Rake $0
Seat 2: Kikimor1220 (big blind) collected ($2)
Seat 3: RaisemyNut$ (button) (small blind) folded before Flop


PokerStars Hand #165848622844:  Hold'em Limit ($3/$6 USD) - 2017/02/07 16:06:42 ET
Table 'Sthenelos' 6-max Seat #2 is the button
Seat 2: Kikimor1220 ($89.07 in chips)
Seat 3: RaisemyNut$ ($415.64 in chips)
Kikimor1220: posts small blind $1
RaisemyNut$: posts big blind $3
*** HOLE CARDS ***
Kikimor1220: raises $3 to $6
RaisemyNut$: calls $3
*** FLOP *** [3d Ac 5d]
RaisemyNut$: checks
Kikimor1220: bets $3
RaisemyNut$: folds
Uncalled bet ($3) returned to Kikimor1220
Kikimor1220 collected $11.76 from pot
Kikimor1220: doesn't show hand
*** SUMMARY ***
Total pot $12 | Rake $0.24
Board [3d Ac 5d]
Seat 2: Kikimor1220 (button) (small blind) collected ($11.76)
Seat 3: RaisemyNut$ (big blind) folded on the Flop


PokerStars Hand #165848676771:  Hold'em Limit ($3/$6 USD) - 2017/02/07 16:07:35 ET
Table 'Sthenelos' 6-max Seat #2 is the button
Seat 2: Kikimor1220 ($95.59 in chips)
Seat 3: RaisemyNut$ ($408.40 in chips)
Kikimor1220: posts small blind $1
RaisemyNut$: posts big blind $3
*** HOLE CARDS ***
Kikimor1220: raises $3 to $6
RaisemyNut$: calls $3
*** FLOP *** [Td Ad Js]
RaisemyNut$: checks
Kikimor1220: bets $3
RaisemyNut$: raises $3 to $6
Kikimor1220: calls $3
*** TURN *** [Td Ad Js] [Ts]
RaisemyNut$: bets $6
Kikimor1220: calls $6
*** RIVER *** [Td Ad Js Ts] [6d]
RaisemyNut$: bets $6
Kikimor1220: calls $6
*** SHOW DOWN ***
RaisemyNut$: shows [Ac 4h] (two pair, Aces and Tens)
Kikimor1220: shows [8h Ah] (two pair, Aces and Tens)
RaisemyNut$ collected $23.75 from pot
Kikimor1220 collected $23.75 from pot
*** SUMMARY ***
Total pot $48 | Rake $0.50
Board [Td Ad Js Ts 6d]
Seat 2: Kikimor1220 (button) (small blind) showed [8h Ah] and won ($23.75) with two pair, Aces and Tens
Seat 3: RaisemyNut$ (big blind) showed [Ac 4h] and won ($23.75) with two pair, Aces and Tens


PokerStars Hand #165848661740:  Hold'em Limit ($3/$6 USD) - 2017/02/07 16:07:21 ET
Table 'Sthenelos' 6-max Seat #3 is the button
Seat 2: Kikimor1220 ($101.59 in chips)
Seat 3: RaisemyNut$ ($402.64 in chips)
RaisemyNut$: posts small blind $1
Kikimor1220: posts big blind $3
*** HOLE CARDS ***
RaisemyNut$: raises $3 to $6
Kikimor1220: calls $3
*** FLOP *** [Qd Ks 7c]
Kikimor1220: checks
RaisemyNut$: bets $3
Kikimor1220: folds
Uncalled bet ($3) returned to RaisemyNut$
RaisemyNut$ collected $11.76 from pot
RaisemyNut$: doesn't show hand
*** SUMMARY ***
Total pot $12 | Rake $0.24
Board [Qd Ks 7c]
Seat 2: Kikimor1220 (big blind) folded on the Flop
Seat 3: RaisemyNut$ (button) (small blind) collected ($11.76)


PokerStars Hand #165848704840:  Hold'em Limit ($3/$6 USD) - 2017/02/07 16:08:03 ET
Table 'Sthenelos' 6-max Seat #3 is the button
Seat 2: Kikimor1220 ($95.34 in chips)
Seat 3: RaisemyNut$ ($408.15 in chips)
RaisemyNut$: posts small blind $1
Kikimor1220: posts big blind $3
*** HOLE CARDS ***
RaisemyNut$: raises $3 to $6
Kikimor1220: folds
Uncalled bet ($3) returned to RaisemyNut$
RaisemyNut$ collected $6 from pot
RaisemyNut$: doesn't show hand
*** SUMMARY ***
Total pot $6 | Rake $0
Seat 2: Kikimor1220 (big blind) folded before Flop
Seat 3: RaisemyNut$ (button) (small blind) collected ($6)


PokerStars Hand #165848715045:  Hold'em Limit ($3/$6 USD) - 2017/02/07 16:08:13 ET
Table 'Sthenelos' 6-max Seat #2 is the button
Seat 2: Kikimor1220 ($92.34 in chips)
Seat 3: RaisemyNut$ ($411.15 in chips)
Kikimor1220: posts small blind $1
RaisemyNut$: posts big blind $3
*** HOLE CARDS ***
Kikimor1220: raises $3 to $6
RaisemyNut$: calls $3
*** FLOP *** [2s Ah Ac]
RaisemyNut$: checks
Kikimor1220: bets $3
RaisemyNut$: calls $3
*** TURN *** [2s Ah Ac] [Ts]
RaisemyNut$: checks
Kikimor1220: bets $6
RaisemyNut$: calls $6
*** RIVER *** [2s Ah Ac Ts] [7d]
RaisemyNut$: checks
Kikimor1220: checks
*** SHOW DOWN ***
RaisemyNut$: shows [9h Kd] (a pair of Aces)
Kikimor1220: shows [Th Jd] (two pair, Aces and Tens)
Kikimor1220 collected $29.50 from pot
*** SUMMARY ***
Total pot $30 | Rake $0.50
Board [2s Ah Ac Ts 7d]
Seat 2: Kikimor1220 (button) (small blind) showed [Th Jd] and won ($29.50) with two pair, Aces and Tens
Seat 3: RaisemyNut$ (big blind) showed [9h Kd] and lost with a pair of Aces


PokerStars Hand #165848749364:  Hold'em Limit ($3/$6 USD) - 2017/02/07 16:08:47 ET
Table 'Sthenelos' 6-max Seat #3 is the button
Seat 2: Kikimor1220 ($106.84 in chips)
Seat 3: RaisemyNut$ ($396.15 in chips)
RaisemyNut$: posts small blind $1
Kikimor1220: posts big blind $3
*** HOLE CARDS ***
RaisemyNut$: raises $3 to $6
Kikimor1220: calls $3
*** FLOP *** [2h Ts 2s]
Kikimor1220: checks
RaisemyNut$: bets $3
Kikimor1220: calls $3
*** TURN *** [2h Ts 2s] [8d]
Kikimor1220: checks
RaisemyNut$: bets $6
Kikimor1220: folds
Uncalled bet ($6) returned to RaisemyNut$
RaisemyNut$ collected $17.64 from pot
RaisemyNut$: doesn't show hand
*** SUMMARY ***
Total pot $18 | Rake $0.36
Board [2h Ts 2s 8d]
Seat 2: Kikimor1220 (big blind) folded on the Turn
Seat 3: RaisemyNut$ (button) (small blind) collected ($17.64)


PokerStars Hand #165848779894:  Hold'em Limit ($3/$6 USD) - 2017/02/07 16:09:17 ET
Table 'Sthenelos' 6-max Seat #2 is the button
Seat 2: Kikimor1220 ($97.84 in chips)
Seat 3: RaisemyNut$ ($404.79 in chips)
Kikimor1220: posts small blind $1
RaisemyNut$: posts big blind $3
*** HOLE CARDS ***
Kikimor1220: folds
Uncalled bet ($2) returned to RaisemyNut$
RaisemyNut$ collected $2 from pot
RaisemyNut$: doesn't show hand
*** SUMMARY ***
Total pot $2 | Rake $0
Seat 2: Kikimor1220 (button) (small blind) folded before Flop
Seat 3: RaisemyNut$ (big blind) collected ($2)


PokerStars Hand #165848785039:  Hold'em Limit ($3/$6 USD) - 2017/02/07 16:09:23 ET
Table 'Sthenelos' 6-max Seat #3 is the button
Seat 2: Kikimor1220 ($96.84 in chips)
Seat 3: RaisemyNut$ ($405.79 in chips)
RaisemyNut$: posts small blind $1
Kikimor1220: posts big blind $3
*** HOLE CARDS ***
RaisemyNut$: raises $3 to $6
Kikimor1220: calls $3
*** FLOP *** [7h 4s 9h]
Kikimor1220: checks
RaisemyNut$: bets $3
Kikimor1220: raises $3 to $6
RaisemyNut$: calls $3
*** TURN *** [7h 4s 9h] [Qs]
Kikimor1220: checks
RaisemyNut$: checks
*** RIVER *** [7h 4s 9h Qs] [Ts]
Kikimor1220: checks
RaisemyNut$: checks
*** SHOW DOWN ***
Kikimor1220: shows [4c Ad] (a pair of Fours)
RaisemyNut$: mucks hand
Kikimor1220 collected $23.52 from pot
*** SUMMARY ***
Total pot $24 | Rake $0.48
Board [7h 4s 9h Qs Ts]
Seat 2: Kikimor1220 (big blind) showed [4c Ad] and won ($23.52) with a pair of Fours
Seat 3: RaisemyNut$ (button) (small blind) mucked


PokerStars Hand #165848807952:  Hold'em Limit ($3/$6 USD) - 2017/02/07 16:09:46 ET
Table 'Sthenelos' 6-max Seat #3 is the button
Seat 2: Kikimor1220 ($107.36 in chips)
Seat 3: RaisemyNut$ ($394.79 in chips)
RaisemyNut$: posts small blind $1
Kikimor1220: posts big blind $3
*** HOLE CARDS ***
RaisemyNut$: raises $3 to $6
Kikimor1220: raises $3 to $9
RaisemyNut$: calls $3
*** FLOP *** [Jd Qc 6d]
Kikimor1220: bets $3
RaisemyNut$: calls $3
*** TURN *** [Jd Qc 6d] [8s]
Kikimor1220: checks
RaisemyNut$: bets $6
Kikimor1220: folds
Uncalled bet ($6) returned to RaisemyNut$
RaisemyNut$ collected $23.52 from pot
RaisemyNut$: doesn't show hand
*** SUMMARY ***
Total pot $24 | Rake $0.48
Board [Jd Qc 6d 8s]
Seat 2: Kikimor1220 (big blind) folded on the Turn
Seat 3: RaisemyNut$ (button) (small blind) collected ($23.52)


PokerStars Hand #165848803104:  Hold'em Limit ($3/$6 USD) - 2017/02/07 16:09:41 ET
Table 'Sthenelos' 6-max Seat #2 is the button
Seat 2: Kikimor1220 ($108.36 in chips)
Seat 3: RaisemyNut$ ($393.79 in chips)
Kikimor1220: posts small blind $1
RaisemyNut$: posts big blind $3
*** HOLE CARDS ***
Kikimor1220: folds
Uncalled bet ($2) returned to RaisemyNut$
RaisemyNut$ collected $2 from pot
RaisemyNut$: doesn't show hand
*** SUMMARY ***
Total pot $2 | Rake $0
Seat 2: Kikimor1220 (button) (small blind) folded before Flop
Seat 3: RaisemyNut$ (big blind) collected ($2)


PokerStars Hand #165848857340:  Hold'em Limit ($3/$6 USD) - 2017/02/07 16:10:35 ET
Table 'Sthenelos' 6-max Seat #3 is the button
Seat 2: Kikimor1220 ($71.36 in chips)
Seat 3: RaisemyNut$ ($429.81 in chips)
RaisemyNut$: posts small blind $1
Kikimor1220: posts big blind $3
*** HOLE CARDS ***
RaisemyNut$: raises $3 to $6
Kikimor1220: calls $3
*** FLOP *** [Jh Qh 5d]
Kikimor1220: checks
RaisemyNut$: bets $3
Kikimor1220: folds
Uncalled bet ($3) returned to RaisemyNut$
RaisemyNut$ collected $11.76 from pot
RaisemyNut$: doesn't show hand
*** SUMMARY ***
Total pot $12 | Rake $0.24
Board [Jh Qh 5d]
Seat 2: Kikimor1220 (big blind) folded on the Flop
Seat 3: RaisemyNut$ (button) (small blind) collected ($11.76)


PokerStars Hand #165848831110:  Hold'em Limit ($3/$6 USD) - 2017/02/07 16:10:09 ET
Table 'Sthenelos' 6-max Seat #2 is the button
Seat 2: Kikimor1220 ($95.36 in chips)
Seat 3: RaisemyNut$ ($406.31 in chips)
Kikimor1220: posts small blind $1
RaisemyNut$: posts big blind $3
*** HOLE CARDS ***
Kikimor1220: raises $3 to $6
RaisemyNut$: calls $3
*** FLOP *** [5c 3d 2s]
RaisemyNut$: checks
Kikimor1220: bets $3
RaisemyNut$: raises $3 to $6
Kikimor1220: calls $3
*** TURN *** [5c 3d 2s] [Js]
RaisemyNut$: bets $6
Kikimor1220: calls $6
*** RIVER *** [5c 3d 2s Js] [Tc]
RaisemyNut$: bets $6
Kikimor1220: calls $6
*** SHOW DOWN ***
RaisemyNut$: shows [6s Jd] (a pair of Jacks)
Kikimor1220: mucks hand
RaisemyNut$ collected $47.50 from pot
*** SUMMARY ***
Total pot $48 | Rake $0.50
Board [5c 3d 2s Js Tc]
Seat 2: Kikimor1220 (button) (small blind) mucked
Seat 3: RaisemyNut$ (big blind) showed [6s Jd] and won ($47.50) with a pair of Jacks


PokerStars Hand #165848887754:  Hold'em Limit ($3/$6 USD) - 2017/02/07 16:11:05 ET
Table 'Sthenelos' 6-max Seat #3 is the button
Seat 2: Kikimor1220 ($56.36 in chips)
Seat 3: RaisemyNut$ ($444.21 in chips)
RaisemyNut$: posts small blind $1
Kikimor1220: posts big blind $3
*** HOLE CARDS ***
RaisemyNut$: folds
Uncalled bet ($2) returned to Kikimor1220
Kikimor1220 collected $2 from pot
Kikimor1220: doesn't show hand
*** SUMMARY ***
Total pot $2 | Rake $0
Seat 2: Kikimor1220 (big blind) collected ($2)
Seat 3: RaisemyNut$ (button) (small blind) folded before Flop


PokerStars Hand #165848874751:  Hold'em Limit ($3/$6 USD) - 2017/02/07 16:10:52 ET
Table 'Sthenelos' 6-max Seat #2 is the button
Seat 2: Kikimor1220 ($65.36 in chips)
Seat 3: RaisemyNut$ ($435.57 in chips)
Kikimor1220: posts small blind $1
RaisemyNut$: posts big blind $3
*** HOLE CARDS ***
Kikimor1220: raises $3 to $6
RaisemyNut$: calls $3
*** FLOP *** [8d Kc Ks]
RaisemyNut$: checks
Kikimor1220: bets $3
RaisemyNut$: raises $3 to $6
Kikimor1220: folds
Uncalled bet ($3) returned to RaisemyNut$
RaisemyNut$ collected $17.64 from pot
RaisemyNut$: doesn't show hand
*** SUMMARY ***
Total pot $18 | Rake $0.36
Board [8d Kc Ks]
Seat 2: Kikimor1220 (button) (small blind) folded on the Flop
Seat 3: RaisemyNut$ (big blind) collected ($17.64)


PokerStars Hand #165848918553:  Hold'em Limit ($3/$6 USD) - 2017/02/07 16:11:36 ET
Table 'Sthenelos' 6-max Seat #2 is the button
Seat 2: Kikimor1220 ($77.86 in chips)
Seat 3: RaisemyNut$ ($422.21 in chips)
Kikimor1220: posts small blind $1
RaisemyNut$: posts big blind $3
*** HOLE CARDS ***
Kikimor1220: raises $3 to $6
RaisemyNut$: calls $3
*** FLOP *** [Td Kc Ac]
RaisemyNut$: checks
Kikimor1220: checks
*** TURN *** [Td Kc Ac] [8h]
RaisemyNut$: bets $6
Kikimor1220: calls $6
*** RIVER *** [Td Kc Ac 8h] [6h]
RaisemyNut$: checks
Kikimor1220: bets $6
RaisemyNut$: folds
Uncalled bet ($6) returned to Kikimor1220
Kikimor1220 collected $23.52 from pot
Kikimor1220: doesn't show hand
*** SUMMARY ***
Total pot $24 | Rake $0.48
Board [Td Kc Ac 8h 6h]
Seat 2: Kikimor1220 (button) (small blind) collected ($23.52)
Seat 3: RaisemyNut$ (big blind) folded on the River


PokerStars Hand #165848911446:  Hold'em Limit ($3/$6 USD) - 2017/02/07 16:11:29 ET
Table 'Sthenelos' 6-max Seat #3 is the button
Seat 2: Kikimor1220 ($80.86 in chips)
Seat 3: RaisemyNut$ ($419.21 in chips)
RaisemyNut$: posts small blind $1
Kikimor1220: posts big blind $3
*** HOLE CARDS ***
RaisemyNut$: raises $3 to $6
Kikimor1220: folds
Uncalled bet ($3) returned to RaisemyNut$
RaisemyNut$ collected $6 from pot
RaisemyNut$: doesn't show hand
*** SUMMARY ***
Total pot $6 | Rake $0
Seat 2: Kikimor1220 (big blind) folded before Flop
Seat 3: RaisemyNut$ (button) (small blind) collected ($6)


PokerStars Hand #165848939555:  Hold'em Limit ($3/$6 USD) - 2017/02/07 16:11:57 ET
Table 'Sthenelos' 6-max Seat #3 is the button
Seat 2: Kikimor1220 ($89.38 in chips)
Seat 3: RaisemyNut$ ($410.21 in chips)
RaisemyNut$: posts small blind $1
Kikimor1220: posts big blind $3
*** HOLE CARDS ***
RaisemyNut$: raises $3 to $6
Kikimor1220: calls $3
*** FLOP *** [7h 5s 2h]
Kikimor1220: checks
RaisemyNut$: bets $3
Kikimor1220: calls $3
*** TURN *** [7h 5s 2h] [Qd]
Kikimor1220: checks
RaisemyNut$: bets $6
Kikimor1220: calls $6
*** RIVER *** [7h 5s 2h Qd] [Jc]
Kikimor1220: checks
RaisemyNut$: bets $6
Kikimor1220: calls $6
*** SHOW DOWN ***
RaisemyNut$: shows [9d 9c] (a pair of Nines)
Kikimor1220: shows [Jh Kc] (a pair of Jacks)
Kikimor1220 collected $41.50 from pot
*** SUMMARY ***
Total pot $42 | Rake $0.50
Board [7h 5s 2h Qd Jc]
Seat 2: Kikimor1220 (big blind) showed [Jh Kc] and won ($41.50) with a pair of Jacks
Seat 3: RaisemyNut$ (button) (small blind) showed [9d 9c] and lost with a pair of Nines


PokerStars Hand #165848892824:  Hold'em Limit ($3/$6 USD) - 2017/02/07 16:11:10 ET
Table 'Sthenelos' 6-max Seat #2 is the button
Seat 2: Kikimor1220 ($57.36 in chips)
Seat 3: RaisemyNut$ ($443.21 in chips)
Kikimor1220: posts small blind $1
RaisemyNut$: posts big blind $3
*** HOLE CARDS ***
Kikimor1220: raises $3 to $6
RaisemyNut$: calls $3
*** FLOP *** [4d 6c 5d]
RaisemyNut$: checks
Kikimor1220: checks
*** TURN *** [4d 6c 5d] [5c]
RaisemyNut$: bets $6
Kikimor1220: calls $6
*** RIVER *** [4d 6c 5d 5c] [8c]
RaisemyNut$: bets $6
Kikimor1220: raises $6 to $12
RaisemyNut$: calls $6
*** SHOW DOWN ***
Kikimor1220: shows [3c Kc] (a flush, King high)
RaisemyNut$: mucks hand
Kikimor1220 collected $47.50 from pot
*** SUMMARY ***
Total pot $48 | Rake $0.50
Board [4d 6c 5d 5c 8c]
Seat 2: Kikimor1220 (button) (small blind) showed [3c Kc] and won ($47.50) with a flush, King high
Seat 3: RaisemyNut$ (big blind) mucked


PokerStars Hand #165848973541:  Hold'em Limit ($3/$6 USD) - 2017/02/07 16:12:31 ET
Table 'Sthenelos' 6-max Seat #2 is the button
Seat 2: Kikimor1220 ($113.88 in chips)
Seat 3: RaisemyNut$ ($385.21 in chips)
Kikimor1220: posts small blind $1
RaisemyNut$: posts big blind $3
*** HOLE CARDS ***
Kikimor1220: raises $3 to $6
RaisemyNut$: folds
Uncalled bet ($3) returned to Kikimor1220
Kikimor1220 collected $6 from pot
Kikimor1220: doesn't show hand
*** SUMMARY ***
Total pot $6 | Rake $0
Seat 2: Kikimor1220 (button) (small blind) collected ($6)
Seat 3: RaisemyNut$ (big blind) folded before Flop


PokerStars Hand #165848968713:  Hold'em Limit ($3/$6 USD) - 2017/02/07 16:12:26 ET
Table 'Sthenelos' 6-max Seat #3 is the button
Seat 2: Kikimor1220 ($112.88 in chips)
Seat 3: RaisemyNut$ ($386.21 in chips)
RaisemyNut$: posts small blind $1
Kikimor1220: posts big blind $3
*** HOLE CARDS ***
RaisemyNut$: folds
Uncalled bet ($2) returned to Kikimor1220
Kikimor1220 collected $2 from pot
Kikimor1220: doesn't show hand
*** SUMMARY ***
Total pot $2 | Rake $0
Seat 2: Kikimor1220 (big blind) collected ($2)
Seat 3: RaisemyNut$ (button) (small blind) folded before Flop


PokerStars Hand #165848959467:  Hold'em Limit ($3/$6 USD) - 2017/02/07 16:12:17 ET
Table 'Sthenelos' 6-max Seat #2 is the button
Seat 2: Kikimor1220 ($109.88 in chips)
Seat 3: RaisemyNut$ ($389.21 in chips)
Kikimor1220: posts small blind $1
RaisemyNut$: posts big blind $3
*** HOLE CARDS ***
Kikimor1220: raises $3 to $6
RaisemyNut$: folds
Uncalled bet ($3) returned to Kikimor1220
Kikimor1220 collected $6 from pot
Kikimor1220: doesn't show hand
*** SUMMARY ***
Total pot $6 | Rake $0
Seat 2: Kikimor1220 (button) (small blind) collected ($6)
Seat 3: RaisemyNut$ (big blind) folded before Flop


PokerStars Hand #165848983287:  Hold'em Limit ($3/$6 USD) - 2017/02/07 16:12:40 ET
Table 'Sthenelos' 6-max Seat #3 is the button
Seat 2: Kikimor1220 ($116.88 in chips)
Seat 3: RaisemyNut$ ($382.21 in chips)
RaisemyNut$: posts small blind $1
Kikimor1220: posts big blind $3
*** HOLE CARDS ***
RaisemyNut$: raises $3 to $6
Kikimor1220: calls $3
*** FLOP *** [Jd Ad As]
Kikimor1220: checks
RaisemyNut$: bets $3
Kikimor1220: folds
Uncalled bet ($3) returned to RaisemyNut$
RaisemyNut$ collected $11.76 from pot
RaisemyNut$: doesn't show hand
*** SUMMARY ***
Total pot $12 | Rake $0.24
Board [Jd Ad As]
Seat 2: Kikimor1220 (big blind) folded on the Flop
Seat 3: RaisemyNut$ (button) (small blind) collected ($11.76)


PokerStars Hand #165849040788:  Hold'em Limit ($3/$6 USD) - 2017/02/07 16:13:38 ET
Table 'Sthenelos' 6-max Seat #2 is the button
Seat 2: Kikimor1220 ($62.88 in chips)
Seat 3: RaisemyNut$ ($435.47 in chips)
Kikimor1220: posts small blind $1
RaisemyNut$: posts big blind $3
*** HOLE CARDS ***
Kikimor1220: folds
Uncalled bet ($2) returned to RaisemyNut$
RaisemyNut$ collected $2 from pot
RaisemyNut$: doesn't show hand
*** SUMMARY ***
Total pot $2 | Rake $0
Seat 2: Kikimor1220 (button) (small blind) folded before Flop
Seat 3: RaisemyNut$ (big blind) collected ($2)


PokerStars Hand #165849034076:  Hold'em Limit ($3/$6 USD) - 2017/02/07 16:13:31 ET
Table 'Sthenelos' 6-max Seat #3 is the button
Seat 2: Kikimor1220 ($65.88 in chips)
Seat 3: RaisemyNut$ ($432.47 in chips)
RaisemyNut$: posts small blind $1
Kikimor1220: posts big blind $3
*** HOLE CARDS ***
RaisemyNut$: raises $3 to $6
Kikimor1220: folds
Uncalled bet ($3) returned to RaisemyNut$
RaisemyNut$ collected $6 from pot
RaisemyNut$: doesn't show hand
*** SUMMARY ***
Total pot $6 | Rake $0
Seat 2: Kikimor1220 (big blind) folded before Flop
Seat 3: RaisemyNut$ (button) (small blind) collected ($6)


PokerStars Hand #165849045964:  Hold'em Limit ($3/$6 USD) - 2017/02/07 16:13:43 ET
Table 'Sthenelos' 6-max Seat #3 is the button
Seat 2: Kikimor1220 ($61.88 in chips)
Seat 3: RaisemyNut$ ($436.47 in chips)
RaisemyNut$: posts small blind $1
Kikimor1220: posts big blind $3
*** HOLE CARDS ***
RaisemyNut$: raises $3 to $6
Kikimor1220: calls $3
*** FLOP *** [3h 8c 8s]
Kikimor1220: checks
RaisemyNut$: bets $3
Kikimor1220: calls $3
*** TURN *** [3h 8c 8s] [5c]
Kikimor1220: checks
RaisemyNut$: checks
*** RIVER *** [3h 8c 8s 5c] [2s]
Kikimor1220: checks
RaisemyNut$: checks
*** SHOW DOWN ***
Kikimor1220: shows [9d Qh] (a pair of Eights)
RaisemyNut$: mucks hand
Kikimor1220 collected $17.64 from pot
*** SUMMARY ***
Total pot $18 | Rake $0.36
Board [3h 8c 8s 5c 2s]
Seat 2: Kikimor1220 (big blind) showed [9d Qh] and won ($17.64) with a pair of Eights
Seat 3: RaisemyNut$ (button) (small blind) mucked


PokerStars Hand #165849129140:  Hold'em Limit ($3/$6 USD) - 2017/02/07 16:15:06 ET
Table 'Sthenelos' 6-max Seat #3 is the button
Seat 2: Kikimor1220 ($64.52 in chips)
Seat 3: RaisemyNut$ ($433.23 in chips)
RaisemyNut$: posts small blind $1
Kikimor1220: posts big blind $3
*** HOLE CARDS ***
RaisemyNut$: raises $3 to $6
Kikimor1220: calls $3
*** FLOP *** [As 2h Kd]
Kikimor1220: checks
RaisemyNut$: bets $3
Kikimor1220: folds
Uncalled bet ($3) returned to RaisemyNut$
RaisemyNut$ collected $11.76 from pot
RaisemyNut$: doesn't show hand
*** SUMMARY ***
Total pot $12 | Rake $0.24
Board [As 2h Kd]
Seat 2: Kikimor1220 (big blind) folded on the Flop
Seat 3: RaisemyNut$ (button) (small blind) collected ($11.76)


PokerStars Hand #165849078241:  Hold'em Limit ($3/$6 USD) - 2017/02/07 16:14:15 ET
Table 'Sthenelos' 6-max Seat #2 is the button
Seat 2: Kikimor1220 ($70.52 in chips)
Seat 3: RaisemyNut$ ($427.47 in chips)
Kikimor1220: posts small blind $1
RaisemyNut$: posts big blind $3
*** HOLE CARDS ***
Kikimor1220: raises $3 to $6
RaisemyNut$: calls $3
*** FLOP *** [Qc Ts 2c]
RaisemyNut$: checks
Kikimor1220: checks
*** TURN *** [Qc Ts 2c] [8h]
RaisemyNut$: checks
Kikimor1220: checks
*** RIVER *** [Qc Ts 2c 8h] [Js]
RaisemyNut$: bets $6
Kikimor1220: folds
Uncalled bet ($6) returned to RaisemyNut$
RaisemyNut$ collected $11.76 from pot
RaisemyNut$: doesn't show hand
*** SUMMARY ***
Total pot $12 | Rake $0.24
Board [Qc Ts 2c 8h Js]
Seat 2: Kikimor1220 (button) (small blind) folded on the River
Seat 3: RaisemyNut$ (big blind) collected ($11.76)


PokerStars Hand #165849171152:  Hold'em Limit ($3/$6 USD) - 2017/02/07 16:15:48 ET
Table 'Sthenelos' 6-max Seat #2 is the button
Seat 2: Kikimor1220 ($50.52 in chips)
Seat 3: RaisemyNut$ ($446.63 in chips)
Kikimor1220: posts small blind $1
RaisemyNut$: posts big blind $3
*** HOLE CARDS ***
Kikimor1220: raises $3 to $6
RaisemyNut$: folds
Uncalled bet ($3) returned to Kikimor1220
Kikimor1220 collected $6 from pot
Kikimor1220: doesn't show hand
*** SUMMARY ***
Total pot $6 | Rake $0
Seat 2: Kikimor1220 (button) (small blind) collected ($6)
Seat 3: RaisemyNut$ (big blind) folded before Flop


PokerStars Hand #165849163829:  Hold'em Limit ($3/$6 USD) - 2017/02/07 16:15:41 ET
Table 'Sthenelos' 6-max Seat #3 is the button
Seat 2: Kikimor1220 ($49.52 in chips)
Seat 3: RaisemyNut$ ($447.63 in chips)
RaisemyNut$: posts small blind $1
Kikimor1220: posts big blind $3
*** HOLE CARDS ***
RaisemyNut$: folds
Uncalled bet ($2) returned to Kikimor1220
Kikimor1220 collected $2 from pot
Kikimor1220: doesn't show hand
*** SUMMARY ***
Total pot $2 | Rake $0
Seat 2: Kikimor1220 (big blind) collected ($2)
Seat 3: RaisemyNut$ (button) (small blind) folded before Flop


PokerStars Hand #165849190737:  Hold'em Limit ($3/$6 USD) - 2017/02/07 16:16:08 ET
Table 'Sthenelos' 6-max Seat #3 is the button
Seat 2: Kikimor1220 ($49.52 in chips)
Seat 3: RaisemyNut$ ($447.63 in chips)
RaisemyNut$: posts small blind $1
Kikimor1220: posts big blind $3
*** HOLE CARDS ***
RaisemyNut$: folds
Uncalled bet ($2) returned to Kikimor1220
Kikimor1220 collected $2 from pot
Kikimor1220: doesn't show hand
*** SUMMARY ***
Total pot $2 | Rake $0
Seat 2: Kikimor1220 (big blind) collected ($2)
Seat 3: RaisemyNut$ (button) (small blind) folded before Flop


PokerStars Hand #165849184149:  Hold'em Limit ($3/$6 USD) - 2017/02/07 16:16:01 ET
Table 'Sthenelos' 6-max Seat #2 is the button
Seat 2: Kikimor1220 ($50.52 in chips)
Seat 3: RaisemyNut$ ($446.63 in chips)
Kikimor1220: posts small blind $1
RaisemyNut$: posts big blind $3
*** HOLE CARDS ***
Kikimor1220: folds
Uncalled bet ($2) returned to RaisemyNut$
RaisemyNut$ collected $2 from pot
RaisemyNut$: doesn't show hand
*** SUMMARY ***
Total pot $2 | Rake $0
Seat 2: Kikimor1220 (button) (small blind) folded before Flop
Seat 3: RaisemyNut$ (big blind) collected ($2)


PokerStars Hand #165849200356:  Hold'em Limit ($3/$6 USD) - 2017/02/07 16:16:17 ET
Table 'Sthenelos' 6-max Seat #3 is the button
Seat 2: Kikimor1220 ($49.52 in chips)
Seat 3: RaisemyNut$ ($447.63 in chips)
RaisemyNut$: posts small blind $1
Kikimor1220: posts big blind $3
*** HOLE CARDS ***
RaisemyNut$: folds
Uncalled bet ($2) returned to Kikimor1220
Kikimor1220 collected $2 from pot
Kikimor1220: doesn't show hand
*** SUMMARY ***
Total pot $2 | Rake $0
Seat 2: Kikimor1220 (big blind) collected ($2)
Seat 3: RaisemyNut$ (button) (small blind) folded before Flop


PokerStars Hand #165849195207:  Hold'em Limit ($3/$6 USD) - 2017/02/07 16:16:12 ET
Table 'Sthenelos' 6-max Seat #2 is the button
Seat 2: Kikimor1220 ($50.52 in chips)
Seat 3: RaisemyNut$ ($446.63 in chips)
Kikimor1220: posts small blind $1
RaisemyNut$: posts big blind $3
*** HOLE CARDS ***
Kikimor1220: folds
Uncalled bet ($2) returned to RaisemyNut$
RaisemyNut$ collected $2 from pot
RaisemyNut$: doesn't show hand
*** SUMMARY ***
Total pot $2 | Rake $0
Seat 2: Kikimor1220 (button) (small blind) folded before Flop
Seat 3: RaisemyNut$ (big blind) collected ($2)


PokerStars Hand #165849141541:  Hold'em Limit ($3/$6 USD) - 2017/02/07 16:15:18 ET
Table 'Sthenelos' 6-max Seat #2 is the button
Seat 2: Kikimor1220 ($58.52 in chips)
Seat 3: RaisemyNut$ ($438.99 in chips)
Kikimor1220: posts small blind $1
RaisemyNut$: posts big blind $3
*** HOLE CARDS ***
Kikimor1220: raises $3 to $6
RaisemyNut$: raises $3 to $9
Kikimor1220: calls $3
*** FLOP *** [3c 5s Ah]
RaisemyNut$: bets $3
Kikimor1220: folds
Uncalled bet ($3) returned to RaisemyNut$
RaisemyNut$ collected $17.64 from pot
RaisemyNut$: doesn't show hand
*** SUMMARY ***
Total pot $18 | Rake $0.36
Board [3c 5s Ah]
Seat 2: Kikimor1220 (button) (small blind) folded on the Flop
Seat 3: RaisemyNut$ (big blind) collected ($17.64)


PokerStars Hand #165849229311:  Hold'em Limit ($3/$6 USD) - 2017/02/07 16:16:46 ET
Table 'Sthenelos' 6-max Seat #2 is the button
Seat 2: Kikimor1220 ($53.28 in chips)
Seat 3: RaisemyNut$ ($443.63 in chips)
Kikimor1220: posts small blind $1
RaisemyNut$: posts big blind $3
*** HOLE CARDS ***
Kikimor1220: raises $3 to $6
RaisemyNut$: calls $3
*** FLOP *** [Jh Tc 2c]
RaisemyNut$: checks
Kikimor1220: bets $3
RaisemyNut$: calls $3
*** TURN *** [Jh Tc 2c] [Ks]
RaisemyNut$: bets $6
Kikimor1220: folds
Uncalled bet ($6) returned to RaisemyNut$
RaisemyNut$ collected $17.64 from pot
RaisemyNut$: doesn't show hand
*** SUMMARY ***
Total pot $18 | Rake $0.36
Board [Jh Tc 2c Ks]
Seat 2: Kikimor1220 (button) (small blind) folded on the Turn
Seat 3: RaisemyNut$ (big blind) collected ($17.64)


PokerStars Hand #165849205326:  Hold'em Limit ($3/$6 USD) - 2017/02/07 16:16:22 ET
Table 'Sthenelos' 6-max Seat #2 is the button
Seat 2: Kikimor1220 ($50.52 in chips)
Seat 3: RaisemyNut$ ($446.63 in chips)
Kikimor1220: posts small blind $1
RaisemyNut$: posts big blind $3
*** HOLE CARDS ***
Kikimor1220: raises $3 to $6
RaisemyNut$: calls $3
*** FLOP *** [4h 9d Kd]
RaisemyNut$: checks
Kikimor1220: bets $3
RaisemyNut$: folds
Uncalled bet ($3) returned to Kikimor1220
Kikimor1220 collected $11.76 from pot
Kikimor1220: doesn't show hand
*** SUMMARY ***
Total pot $12 | Rake $0.24
Board [4h 9d Kd]
Seat 2: Kikimor1220 (button) (small blind) collected ($11.76)
Seat 3: RaisemyNut$ (big blind) folded on the Flop


PokerStars Hand #165849267821:  Hold'em Limit ($3/$6 USD) - 2017/02/07 16:17:25 ET
Table 'Sthenelos' 6-max Seat #3 is the button
Seat 2: Kikimor1220 ($44.28 in chips)
Seat 3: RaisemyNut$ ($452.27 in chips)
RaisemyNut$: posts small blind $1
Kikimor1220: posts big blind $3
*** HOLE CARDS ***
RaisemyNut$: raises $3 to $6
Kikimor1220: calls $3
*** FLOP *** [5s 8s Tc]
Kikimor1220: checks
RaisemyNut$: checks
*** TURN *** [5s 8s Tc] [6s]
Kikimor1220: checks
RaisemyNut$: bets $6
Kikimor1220: calls $6
*** RIVER *** [5s 8s Tc 6s] [Kh]
Kikimor1220: checks
RaisemyNut$: checks
*** SHOW DOWN ***
Kikimor1220: shows [7h Ac] (high card Ace)
RaisemyNut$: shows [6h 3h] (a pair of Sixes)
RaisemyNut$ collected $23.52 from pot
*** SUMMARY ***
Total pot $24 | Rake $0.48
Board [5s 8s Tc 6s Kh]
Seat 2: Kikimor1220 (big blind) showed [7h Ac] and lost with high card Ace
Seat 3: RaisemyNut$ (button) (small blind) showed [6h 3h] and won ($23.52) with a pair of Sixes


PokerStars Hand #165850479994:  Hold'em Limit ($3/$6 USD) - 2017/02/07 16:37:49 ET
Table 'Sthenelos' 6-max Seat #2 is the button
Seat 2: lelala ($62.55 in chips)
Seat 3: RaisemyNut$ ($499.79 in chips)
lelala: posts small blind $1
RaisemyNut$: posts big blind $3
*** HOLE CARDS ***
lelala: folds
Uncalled bet ($2) returned to RaisemyNut$
RaisemyNut$ collected $2 from pot
RaisemyNut$: doesn't show hand
*** SUMMARY ***
Total pot $2 | Rake $0
Seat 2: lelala (button) (small blind) folded before Flop
Seat 3: RaisemyNut$ (big blind) collected ($2)


PokerStars Hand #165850474142:  Hold'em Limit ($3/$6 USD) - 2017/02/07 16:37:43 ET
Table 'Sthenelos' 6-max Seat #3 is the button
Seat 2: lelala ($65.55 in chips)
Seat 3: RaisemyNut$ ($496.79 in chips)
RaisemyNut$: posts small blind $1
lelala: posts big blind $3
*** HOLE CARDS ***
RaisemyNut$: raises $3 to $6
lelala: folds
Uncalled bet ($3) returned to RaisemyNut$
RaisemyNut$ collected $6 from pot
RaisemyNut$: doesn't show hand
*** SUMMARY ***
Total pot $6 | Rake $0
Seat 2: lelala (big blind) folded before Flop
Seat 3: RaisemyNut$ (button) (small blind) collected ($6)


PokerStars Hand #165850451528:  Hold'em Limit ($3/$6 USD) - 2017/02/07 16:37:20 ET
Table 'Sthenelos' 6-max Seat #2 is the button
Seat 2: lelala ($80.55 in chips)
Seat 3: RaisemyNut$ ($482.29 in chips)
lelala: posts small blind $1
RaisemyNut$: posts big blind $3
*** HOLE CARDS ***
lelala: raises $3 to $6
RaisemyNut$: calls $3
*** FLOP *** [4c Ah 9c]
RaisemyNut$: checks
lelala: bets $3
RaisemyNut$: calls $3
*** TURN *** [4c Ah 9c] [2c]
RaisemyNut$: checks
lelala: bets $6
RaisemyNut$: calls $6
*** RIVER *** [4c Ah 9c 2c] [5s]
RaisemyNut$: checks
lelala: checks
*** SHOW DOWN ***
RaisemyNut$: shows [Ks Qd] (high card Ace)
lelala: mucks hand
RaisemyNut$ collected $29.50 from pot
*** SUMMARY ***
Total pot $30 | Rake $0.50
Board [4c Ah 9c 2c 5s]
Seat 2: lelala (button) (small blind) mucked
Seat 3: RaisemyNut$ (big blind) showed [Ks Qd] and won ($29.50) with high card Ace


PokerStars Hand #165850517944:  Hold'em Limit ($3/$6 USD) - 2017/02/07 16:38:29 ET
Table 'Sthenelos' 6-max Seat #2 is the button
Seat 2: lelala ($71.05 in chips)
Seat 3: RaisemyNut$ ($490.55 in chips)
lelala: posts small blind $1
RaisemyNut$: posts big blind $3
*** HOLE CARDS ***
lelala: raises $3 to $6
RaisemyNut$: raises $3 to $9
lelala: calls $3
*** FLOP *** [8d 4h 8c]
RaisemyNut$: bets $3
lelala: calls $3
*** TURN *** [8d 4h 8c] [Ts]
RaisemyNut$: bets $6
lelala: raises $6 to $12
RaisemyNut$: calls $6
*** RIVER *** [8d 4h 8c Ts] [7d]
RaisemyNut$: checks
lelala: bets $6
RaisemyNut$: calls $6
*** SHOW DOWN ***
lelala: shows [Th Jh] (two pair, Tens and Eights)
RaisemyNut$: mucks hand
lelala collected $59.50 from pot
*** SUMMARY ***
Total pot $60 | Rake $0.50
Board [8d 4h 8c Ts 7d]
Seat 2: lelala (button) (small blind) showed [Th Jh] and won ($59.50) with two pair, Tens and Eights
Seat 3: RaisemyNut$ (big blind) mucked


PokerStars Hand #165850513279:  Hold'em Limit ($3/$6 USD) - 2017/02/07 16:38:24 ET
Table 'Sthenelos' 6-max Seat #3 is the button
Seat 2: lelala ($70.05 in chips)
Seat 3: RaisemyNut$ ($491.55 in chips)
RaisemyNut$: posts small blind $1
lelala: posts big blind $3
*** HOLE CARDS ***
RaisemyNut$: folds
Uncalled bet ($2) returned to lelala
lelala collected $2 from pot
*** SUMMARY ***
Total pot $2 | Rake $0
Seat 2: lelala (big blind) collected ($2)
Seat 3: RaisemyNut$ (button) (small blind) folded before Flop


PokerStars Hand #165850495680:  Hold'em Limit ($3/$6 USD) - 2017/02/07 16:38:06 ET
Table 'Sthenelos' 6-max Seat #2 is the button
Seat 2: lelala ($55.55 in chips)
Seat 3: RaisemyNut$ ($506.55 in chips)
lelala: posts small blind $1
RaisemyNut$: posts big blind $3
*** HOLE CARDS ***
lelala: raises $3 to $6
RaisemyNut$: calls $3
*** FLOP *** [5h 7c Jc]
RaisemyNut$: checks
lelala: bets $3
RaisemyNut$: calls $3
*** TURN *** [5h 7c Jc] [8d]
RaisemyNut$: checks
lelala: bets $6
RaisemyNut$: calls $6
*** RIVER *** [5h 7c Jc 8d] [8c]
RaisemyNut$: checks
lelala: bets $6
RaisemyNut$: folds
Uncalled bet ($6) returned to lelala
lelala collected $29.50 from pot
*** SUMMARY ***
Total pot $30 | Rake $0.50
Board [5h 7c Jc 8d 8c]
Seat 2: lelala (button) (small blind) collected ($29.50)
Seat 3: RaisemyNut$ (big blind) folded on the River


PokerStars Hand #165850484458:  Hold'em Limit ($3/$6 USD) - 2017/02/07 16:37:54 ET
Table 'Sthenelos' 6-max Seat #3 is the button
Seat 2: lelala ($61.55 in chips)
Seat 3: RaisemyNut$ ($500.79 in chips)
RaisemyNut$: posts small blind $1
lelala: posts big blind $3
*** HOLE CARDS ***
RaisemyNut$: raises $3 to $6
lelala: calls $3
*** FLOP *** [3s Ah Ad]
lelala: checks
RaisemyNut$: bets $3
lelala: folds
Uncalled bet ($3) returned to RaisemyNut$
RaisemyNut$ collected $11.76 from pot
RaisemyNut$: doesn't show hand
*** SUMMARY ***
Total pot $12 | Rake $0.24
Board [3s Ah Ad]
Seat 2: lelala (big blind) folded on the Flop
Seat 3: RaisemyNut$ (button) (small blind) collected ($11.76)


PokerStars Hand #165850570973:  Hold'em Limit ($3/$6 USD) - 2017/02/07 16:39:24 ET
Table 'Sthenelos' 6-max Seat #3 is the button
Seat 2: lelala ($93.55 in chips)
Seat 3: RaisemyNut$ ($467.31 in chips)
RaisemyNut$: posts small blind $1
lelala: posts big blind $3
*** HOLE CARDS ***
RaisemyNut$: raises $3 to $6
lelala: calls $3
*** FLOP *** [6d 4h Ah]
lelala: checks
RaisemyNut$: bets $3
lelala: calls $3
*** TURN *** [6d 4h Ah] [8c]
lelala: checks
RaisemyNut$: bets $6
lelala: folds
Uncalled bet ($6) returned to RaisemyNut$
RaisemyNut$ collected $17.64 from pot
RaisemyNut$: doesn't show hand
*** SUMMARY ***
Total pot $18 | Rake $0.36
Board [6d 4h Ah 8c]
Seat 2: lelala (big blind) folded on the Turn
Seat 3: RaisemyNut$ (button) (small blind) collected ($17.64)


PokerStars Hand #165850566209:  Hold'em Limit ($3/$6 USD) - 2017/02/07 16:39:19 ET
Table 'Sthenelos' 6-max Seat #2 is the button
Seat 2: lelala ($94.55 in chips)
Seat 3: RaisemyNut$ ($466.31 in chips)
lelala: posts small blind $1
RaisemyNut$: posts big blind $3
*** HOLE CARDS ***
lelala: folds
Uncalled bet ($2) returned to RaisemyNut$
RaisemyNut$ collected $2 from pot
RaisemyNut$: doesn't show hand
*** SUMMARY ***
Total pot $2 | Rake $0
Seat 2: lelala (button) (small blind) folded before Flop
Seat 3: RaisemyNut$ (big blind) collected ($2)


PokerStars Hand #165850554975:  Hold'em Limit ($3/$6 USD) - 2017/02/07 16:39:07 ET
Table 'Sthenelos' 6-max Seat #3 is the button
Seat 2: lelala ($100.55 in chips)
Seat 3: RaisemyNut$ ($460.55 in chips)
RaisemyNut$: posts small blind $1
lelala: posts big blind $3
*** HOLE CARDS ***
RaisemyNut$: raises $3 to $6
lelala: calls $3
*** FLOP *** [As 6c Ts]
lelala: checks
RaisemyNut$: bets $3
lelala: folds
Uncalled bet ($3) returned to RaisemyNut$
RaisemyNut$ collected $11.76 from pot
RaisemyNut$: doesn't show hand
*** SUMMARY ***
Total pot $12 | Rake $0.24
Board [As 6c Ts]
Seat 2: lelala (big blind) folded on the Flop
Seat 3: RaisemyNut$ (button) (small blind) collected ($11.76)


PokerStars Hand #165850550480:  Hold'em Limit ($3/$6 USD) - 2017/02/07 16:39:03 ET
Table 'Sthenelos' 6-max Seat #2 is the button
Seat 2: lelala ($101.55 in chips)
Seat 3: RaisemyNut$ ($459.55 in chips)
lelala: posts small blind $1
RaisemyNut$: posts big blind $3
*** HOLE CARDS ***
lelala: folds
Uncalled bet ($2) returned to RaisemyNut$
RaisemyNut$ collected $2 from pot
RaisemyNut$: doesn't show hand
*** SUMMARY ***
Total pot $2 | Rake $0
Seat 2: lelala (button) (small blind) folded before Flop
Seat 3: RaisemyNut$ (big blind) collected ($2)


PokerStars Hand #165850543917:  Hold'em Limit ($3/$6 USD) - 2017/02/07 16:38:56 ET
Table 'Sthenelos' 6-max Seat #3 is the button
Seat 2: lelala ($100.55 in chips)
Seat 3: RaisemyNut$ ($460.55 in chips)
RaisemyNut$: posts small blind $1
lelala: posts big blind $3
*** HOLE CARDS ***
RaisemyNut$: folds
Uncalled bet ($2) returned to lelala
lelala collected $2 from pot
*** SUMMARY ***
Total pot $2 | Rake $0
Seat 2: lelala (big blind) collected ($2)
Seat 3: RaisemyNut$ (button) (small blind) folded before Flop


PokerStars Hand #165850648014:  Hold'em Limit ($3/$6 USD) - 2017/02/07 16:40:43 ET
Table 'Sthenelos' 6-max Seat #2 is the button
Seat 2: lelala ($3.55 in chips)
Seat 3: RaisemyNut$ ($555.21 in chips)
lelala: posts small blind $1
RaisemyNut$: posts big blind $3
*** HOLE CARDS ***
lelala: raises $0.55 to $3.55 and is all-in
RaisemyNut$: calls $0.55
*** FLOP *** [2c 2d Jd]
*** TURN *** [2c 2d Jd] [6d]
*** RIVER *** [2c 2d Jd 6d] [4d]
*** SHOW DOWN ***
RaisemyNut$: shows [Th Ks] (a pair of Deuces)
lelala: shows [3s Ah] (a pair of Deuces - Ace kicker)
lelala collected $6.96 from pot
*** SUMMARY ***
Total pot $7.10 | Rake $0.14
Board [2c 2d Jd 6d 4d]
Seat 2: lelala (button) (small blind) showed [3s Ah] and won ($6.96) with a pair of Deuces
Seat 3: RaisemyNut$ (big blind) showed [Th Ks] and lost with a pair of Deuces


PokerStars Hand #165850632500:  Hold'em Limit ($3/$6 USD) - 2017/02/07 16:40:27 ET
Table 'Sthenelos' 6-max Seat #3 is the button
Seat 2: lelala ($33.55 in chips)
Seat 3: RaisemyNut$ ($525.71 in chips)
RaisemyNut$: posts small blind $1
lelala: posts big blind $3
*** HOLE CARDS ***
RaisemyNut$: raises $3 to $6
lelala: raises $3 to $9
RaisemyNut$: calls $3
*** FLOP *** [Jc Kc Jh]
lelala: bets $3
RaisemyNut$: calls $3
*** TURN *** [Jc Kc Jh] [7d]
lelala: bets $6
RaisemyNut$: calls $6
*** RIVER *** [Jc Kc Jh 7d] [5d]
lelala: bets $6
RaisemyNut$: raises $6 to $12
lelala: calls $6
*** SHOW DOWN ***
RaisemyNut$: shows [Ks 9d] (two pair, Kings and Jacks)
lelala: mucks hand
RaisemyNut$ collected $59.50 from pot
*** SUMMARY ***
Total pot $60 | Rake $0.50
Board [Jc Kc Jh 7d 5d]
Seat 2: lelala (big blind) mucked
Seat 3: RaisemyNut$ (button) (small blind) showed [Ks 9d] and won ($59.50) with two pair, Kings and Jacks


PokerStars Hand #165850615993:  Hold'em Limit ($3/$6 USD) - 2017/02/07 16:40:10 ET
Table 'Sthenelos' 6-max Seat #2 is the button
Seat 2: lelala ($57.55 in chips)
Seat 3: RaisemyNut$ ($502.21 in chips)
lelala: posts small blind $1
RaisemyNut$: posts big blind $3
*** HOLE CARDS ***
lelala: raises $3 to $6
RaisemyNut$: calls $3
*** FLOP *** [8h Ah 3d]
RaisemyNut$: checks
lelala: bets $3
RaisemyNut$: raises $3 to $6
lelala: calls $3
*** TURN *** [8h Ah 3d] [2h]
RaisemyNut$: bets $6
lelala: calls $6
*** RIVER *** [8h Ah 3d 2h] [Tc]
RaisemyNut$: bets $6
lelala: calls $6
*** SHOW DOWN ***
RaisemyNut$: shows [As 5d] (a pair of Aces)
lelala: mucks hand
RaisemyNut$ collected $47.50 from pot
*** SUMMARY ***
Total pot $48 | Rake $0.50
Board [8h Ah 3d 2h Tc]
Seat 2: lelala (button) (small blind) mucked
Seat 3: RaisemyNut$ (big blind) showed [As 5d] and won ($47.50) with a pair of Aces


PokerStars Hand #165850606386:  Hold'em Limit ($3/$6 USD) - 2017/02/07 16:40:00 ET
Table 'Sthenelos' 6-max Seat #3 is the button
Seat 2: lelala ($63.55 in chips)
Seat 3: RaisemyNut$ ($496.45 in chips)
RaisemyNut$: posts small blind $1
lelala: posts big blind $3
*** HOLE CARDS ***
RaisemyNut$: raises $3 to $6
lelala: calls $3
*** FLOP *** [As Ks 9h]
lelala: checks
RaisemyNut$: bets $3
lelala: folds
Uncalled bet ($3) returned to RaisemyNut$
RaisemyNut$ collected $11.76 from pot
RaisemyNut$: doesn't show hand
*** SUMMARY ***
Total pot $12 | Rake $0.24
Board [As Ks 9h]
Seat 2: lelala (big blind) folded on the Flop
Seat 3: RaisemyNut$ (button) (small blind) collected ($11.76)


