PokerStars Hand #157297735449:  Hold'em Limit ($3/$6 USD) - 2016/08/15 5:43:37 ET
Table 'Sthenelos' 6-max Seat #1 is the button
Seat 1: nudziar ($44.56 in chips)
Seat 4: VolkovDmitri ($120 in chips)
nudziar: posts small blind $1
VolkovDmitri: posts big blind $3
*** HOLE CARDS ***
nudziar: folds
Uncalled bet ($2) returned to VolkovDmitri
VolkovDmitri collected $2 from pot
VolkovDmitri: doesn't show hand
*** SUMMARY ***
Total pot $2 | Rake $0
Seat 1: nudziar (button) (small blind) folded before Flop
Seat 4: VolkovDmitri (big blind) collected ($2)


PokerStars Hand #157297722777:  Hold'em Limit ($3/$6 USD) - 2016/08/15 5:43:01 ET
Table 'Sthenelos' 6-max Seat #4 is the button
Seat 1: nudziar ($35.92 in chips)
Seat 4: VolkovDmitri ($120 in chips)
VolkovDmitri: posts small blind $1
nudziar: posts big blind $3
*** HOLE CARDS ***
VolkovDmitri: raises $3 to $6
nudziar: raises $3 to $9
VolkovDmitri: calls $3
*** FLOP *** [Qd 4s 7d]
nudziar: bets $3
VolkovDmitri: folds
Uncalled bet ($3) returned to nudziar
nudziar collected $17.64 from pot
nudziar: doesn't show hand
*** SUMMARY ***
Total pot $18 | Rake $0.36
Board [Qd 4s 7d]
Seat 1: nudziar (big blind) collected ($17.64)
Seat 4: VolkovDmitri (button) (small blind) folded on the Flop


PokerStars Hand #157297713884:  Hold'em Limit ($3/$6 USD) - 2016/08/15 5:42:36 ET
Table 'Sthenelos' 6-max Seat #1 is the button
Seat 1: nudziar ($30.16 in chips)
Seat 4: VolkovDmitri ($120 in chips)
nudziar: posts small blind $1
VolkovDmitri: posts big blind $3
*** HOLE CARDS ***
nudziar: raises $3 to $6
VolkovDmitri: calls $3
*** FLOP *** [4c Th 9c]
VolkovDmitri: checks
nudziar: bets $3
VolkovDmitri: folds
Uncalled bet ($3) returned to nudziar
nudziar collected $11.76 from pot
nudziar: doesn't show hand
*** SUMMARY ***
Total pot $12 | Rake $0.24
Board [4c Th 9c]
Seat 1: nudziar (button) (small blind) collected ($11.76)
Seat 4: VolkovDmitri (big blind) folded on the Flop


PokerStars Hand #157297737357:  Hold'em Limit ($3/$6 USD) - 2016/08/15 5:43:42 ET
Table 'Sthenelos' 6-max Seat #4 is the button
Seat 1: nudziar ($43.56 in chips)
Seat 4: VolkovDmitri ($121 in chips)
VolkovDmitri: posts small blind $1
nudziar: posts big blind $3
*** HOLE CARDS ***
VolkovDmitri: raises $3 to $6
nudziar: calls $3
*** FLOP *** [9s 8c 7c]
nudziar: checks
VolkovDmitri: checks
*** TURN *** [9s 8c 7c] [6h]
nudziar: bets $6
VolkovDmitri: folds
Uncalled bet ($6) returned to nudziar
nudziar collected $11.76 from pot
nudziar: doesn't show hand
*** SUMMARY ***
Total pot $12 | Rake $0.24
Board [9s 8c 7c 6h]
Seat 1: nudziar (big blind) collected ($11.76)
Seat 4: VolkovDmitri (button) (small blind) folded on the Turn


PokerStars Hand #157297746326:  Hold'em Limit ($3/$6 USD) - 2016/08/15 5:44:07 ET
Table 'Sthenelos' 6-max Seat #1 is the button
Seat 1: nudziar ($49.32 in chips)
Seat 4: VolkovDmitri ($120 in chips)
nudziar: posts small blind $1
VolkovDmitri: posts big blind $3
*** HOLE CARDS ***
nudziar: calls $2
VolkovDmitri: raises $3 to $6
nudziar: calls $3
*** FLOP *** [Qh Kh 4h]
VolkovDmitri: checks
nudziar: checks
*** TURN *** [Qh Kh 4h] [8h]
VolkovDmitri: checks
nudziar: checks
*** RIVER *** [Qh Kh 4h 8h] [6c]
VolkovDmitri: checks
nudziar: checks
*** SHOW DOWN ***
VolkovDmitri: shows [Js 6s] (a pair of Sixes)
nudziar: mucks hand
VolkovDmitri collected $11.76 from pot
*** SUMMARY ***
Total pot $12 | Rake $0.24
Board [Qh Kh 4h 8h 6c]
Seat 1: nudziar (button) (small blind) mucked
Seat 4: VolkovDmitri (big blind) showed [Js 6s] and won ($11.76) with a pair of Sixes


PokerStars Hand #157297761869:  Hold'em Limit ($3/$6 USD) - 2016/08/15 5:44:51 ET
Table 'Sthenelos' 6-max Seat #4 is the button
Seat 1: nudziar ($43.32 in chips)
Seat 4: VolkovDmitri ($125.76 in chips)
VolkovDmitri: posts small blind $1
nudziar: posts big blind $3
*** HOLE CARDS ***
VolkovDmitri: raises $3 to $6
nudziar: calls $3
*** FLOP *** [As 2h 5c]
nudziar: checks
VolkovDmitri: bets $3
nudziar: folds
Uncalled bet ($3) returned to VolkovDmitri
VolkovDmitri collected $11.76 from pot
VolkovDmitri: doesn't show hand
*** SUMMARY ***
Total pot $12 | Rake $0.24
Board [As 2h 5c]
Seat 1: nudziar (big blind) folded on the Flop
Seat 4: VolkovDmitri (button) (small blind) collected ($11.76)


PokerStars Hand #157297768319:  Hold'em Limit ($3/$6 USD) - 2016/08/15 5:45:09 ET
Table 'Sthenelos' 6-max Seat #1 is the button
Seat 1: nudziar ($37.32 in chips)
Seat 4: VolkovDmitri ($131.52 in chips)
nudziar: posts small blind $1
VolkovDmitri: posts big blind $3
*** HOLE CARDS ***
nudziar: raises $3 to $6
VolkovDmitri: calls $3
*** FLOP *** [6s 3s 6h]
VolkovDmitri: checks
nudziar: bets $3
VolkovDmitri: raises $3 to $6
nudziar: calls $3
*** TURN *** [6s 3s 6h] [Kh]
SALZHERZ joins the table at seat #6
VolkovDmitri: checks
nudziar: bets $6
VolkovDmitri: folds
Uncalled bet ($6) returned to nudziar
nudziar collected $23.52 from pot
nudziar: doesn't show hand
*** SUMMARY ***
Total pot $24 | Rake $0.48
Board [6s 3s 6h Kh]
Seat 1: nudziar (button) (small blind) collected ($23.52)
Seat 4: VolkovDmitri (big blind) folded on the Turn


PokerStars Hand #157299636310:  Hold'em Limit ($3/$6 USD) - 2016/08/15 7:08:47 ET
Table 'Sthenelos' 6-max Seat #3 is the button
Seat 2: hairy1961 ($311.29 in chips)
Seat 3: masterblstr8 ($74.14 in chips)
masterblstr8: posts small blind $1
krossguard: is sitting out
hairy1961: posts big blind $3
*** HOLE CARDS ***
masterblstr8: folds
Uncalled bet ($2) returned to hairy1961
hairy1961 collected $2 from pot
hairy1961: doesn't show hand
*** SUMMARY ***
Total pot $2 | Rake $0
Seat 2: hairy1961 (big blind) collected ($2)
Seat 3: masterblstr8 (button) (small blind) folded before Flop


PokerStars Hand #157299653624:  Hold'em Limit ($3/$6 USD) - 2016/08/15 7:09:31 ET
Table 'Sthenelos' 6-max Seat #2 is the button
Seat 2: hairy1961 ($297.29 in chips)
Seat 3: masterblstr8 ($87.66 in chips)
hairy1961: posts small blind $1
masterblstr8: posts big blind $3
*** HOLE CARDS ***
hairy1961: folds
Uncalled bet ($2) returned to masterblstr8
masterblstr8 collected $2 from pot
masterblstr8: doesn't show hand
*** SUMMARY ***
Total pot $2 | Rake $0
Seat 2: hairy1961 (button) (small blind) folded before Flop
Seat 3: masterblstr8 (big blind) collected ($2)


PokerStars Hand #157299651256:  Hold'em Limit ($3/$6 USD) - 2016/08/15 7:09:25 ET
Table 'Sthenelos' 6-max Seat #3 is the button
Seat 2: hairy1961 ($300.29 in chips)
Seat 3: masterblstr8 ($84.66 in chips)
masterblstr8: posts small blind $1
hairy1961: posts big blind $3
*** HOLE CARDS ***
masterblstr8: raises $3 to $6
hairy1961: folds
Uncalled bet ($3) returned to masterblstr8
masterblstr8 collected $6 from pot
masterblstr8: doesn't show hand
*** SUMMARY ***
Total pot $6 | Rake $0
Seat 2: hairy1961 (big blind) folded before Flop
Seat 3: masterblstr8 (button) (small blind) collected ($6)


PokerStars Hand #157299639084:  Hold'em Limit ($3/$6 USD) - 2016/08/15 7:08:54 ET
Table 'Sthenelos' 6-max Seat #2 is the button
Seat 2: hairy1961 ($312.29 in chips)
Seat 3: masterblstr8 ($73.14 in chips)
hairy1961: posts small blind $1
masterblstr8: posts big blind $3
*** HOLE CARDS ***
hairy1961: calls $2
masterblstr8: checks
*** FLOP *** [Js As Ks]
krossguard leaves the table
masterblstr8: bets $3
hairy1961: calls $3
*** TURN *** [Js As Ks] [8h]
masterblstr8: bets $6
hairy1961: calls $6
*** RIVER *** [Js As Ks 8h] [7h]
masterblstr8: bets $6
hairy1961: folds
Uncalled bet ($6) returned to masterblstr8
masterblstr8 collected $23.52 from pot
masterblstr8: doesn't show hand
*** SUMMARY ***
Total pot $24 | Rake $0.48
Board [Js As Ks 8h 7h]
Seat 2: hairy1961 (button) (small blind) folded on the River
Seat 3: masterblstr8 (big blind) collected ($23.52)


PokerStars Hand #157299658444:  Hold'em Limit ($3/$6 USD) - 2016/08/15 7:09:43 ET
Table 'Sthenelos' 6-max Seat #2 is the button
Seat 2: hairy1961 ($297.29 in chips)
Seat 3: masterblstr8 ($87.66 in chips)
hairy1961: posts small blind $1
masterblstr8: posts big blind $3
*** HOLE CARDS ***
hairy1961: raises $3 to $6
masterblstr8: calls $3
*** FLOP *** [7d Ah Qs]
masterblstr8: checks
hairy1961: bets $3
masterblstr8: folds
Uncalled bet ($3) returned to hairy1961
hairy1961 collected $11.76 from pot
hairy1961: doesn't show hand
*** SUMMARY ***
Total pot $12 | Rake $0.24
Board [7d Ah Qs]
Seat 2: hairy1961 (button) (small blind) collected ($11.76)
Seat 3: masterblstr8 (big blind) folded on the Flop


PokerStars Hand #157299655857:  Hold'em Limit ($3/$6 USD) - 2016/08/15 7:09:36 ET
Table 'Sthenelos' 6-max Seat #3 is the button
Seat 2: hairy1961 ($296.29 in chips)
Seat 3: masterblstr8 ($88.66 in chips)
masterblstr8: posts small blind $1
hairy1961: posts big blind $3
*** HOLE CARDS ***
masterblstr8: folds
Uncalled bet ($2) returned to hairy1961
hairy1961 collected $2 from pot
hairy1961: doesn't show hand
*** SUMMARY ***
Total pot $2 | Rake $0
Seat 2: hairy1961 (big blind) collected ($2)
Seat 3: masterblstr8 (button) (small blind) folded before Flop


PokerStars Hand #157299675814:  Hold'em Limit ($3/$6 USD) - 2016/08/15 7:10:26 ET
Table 'Sthenelos' 6-max Seat #3 is the button
Seat 2: hairy1961 ($288.05 in chips)
Seat 3: masterblstr8 ($96.16 in chips)
masterblstr8: posts small blind $1
hairy1961: posts big blind $3
*** HOLE CARDS ***
masterblstr8: folds
Uncalled bet ($2) returned to hairy1961
hairy1961 collected $2 from pot
hairy1961: doesn't show hand
*** SUMMARY ***
Total pot $2 | Rake $0
Seat 2: hairy1961 (big blind) collected ($2)
Seat 3: masterblstr8 (button) (small blind) folded before Flop


PokerStars Hand #157299673313:  Hold'em Limit ($3/$6 USD) - 2016/08/15 7:10:20 ET
Table 'Sthenelos' 6-max Seat #2 is the button
Seat 2: hairy1961 ($285.05 in chips)
Seat 3: masterblstr8 ($99.16 in chips)
hairy1961: posts small blind $1
masterblstr8: posts big blind $3
*** HOLE CARDS ***
hairy1961: raises $3 to $6
masterblstr8: folds
Uncalled bet ($3) returned to hairy1961
hairy1961 collected $6 from pot
hairy1961: doesn't show hand
*** SUMMARY ***
Total pot $6 | Rake $0
Seat 2: hairy1961 (button) (small blind) collected ($6)
Seat 3: masterblstr8 (big blind) folded before Flop


PokerStars Hand #157299663088:  Hold'em Limit ($3/$6 USD) - 2016/08/15 7:09:54 ET
Table 'Sthenelos' 6-max Seat #3 is the button
Seat 2: hairy1961 ($303.05 in chips)
Seat 3: masterblstr8 ($81.66 in chips)
masterblstr8: posts small blind $1
hairy1961: posts big blind $3
*** HOLE CARDS ***
masterblstr8: raises $3 to $6
hairy1961: calls $3
*** FLOP *** [2d 6d Jh]
hairy1961: bets $3
masterblstr8: raises $3 to $6
hairy1961: calls $3
*** TURN *** [2d 6d Jh] [Ah]
hairy1961: checks
masterblstr8: bets $6
hairy1961: calls $6
*** RIVER *** [2d 6d Jh Ah] [5s]
hairy1961: checks
masterblstr8: bets $6
hairy1961: folds
Uncalled bet ($6) returned to masterblstr8
masterblstr8 collected $35.50 from pot
masterblstr8: doesn't show hand
*** SUMMARY ***
Total pot $36 | Rake $0.50
Board [2d 6d Jh Ah 5s]
Seat 2: hairy1961 (big blind) folded on the River
Seat 3: masterblstr8 (button) (small blind) collected ($35.50)


PokerStars Hand #157299677824:  Hold'em Limit ($3/$6 USD) - 2016/08/15 7:10:31 ET
Table 'Sthenelos' 6-max Seat #2 is the button
Seat 2: hairy1961 ($289.05 in chips)
Seat 3: masterblstr8 ($95.16 in chips)
hairy1961: posts small blind $1
masterblstr8: posts big blind $3
*** HOLE CARDS ***
hairy1961: folds
Uncalled bet ($2) returned to masterblstr8
masterblstr8 collected $2 from pot
masterblstr8: doesn't show hand
*** SUMMARY ***
Total pot $2 | Rake $0
Seat 2: hairy1961 (button) (small blind) folded before Flop
Seat 3: masterblstr8 (big blind) collected ($2)


PokerStars Hand #157299687290:  Hold'em Limit ($3/$6 USD) - 2016/08/15 7:10:55 ET
Table 'Sthenelos' 6-max Seat #2 is the button
Seat 2: hairy1961 ($302.55 in chips)
Seat 3: masterblstr8 ($81.16 in chips)
hairy1961: posts small blind $1
masterblstr8: posts big blind $3
*** HOLE CARDS ***
hairy1961: folds
Uncalled bet ($2) returned to masterblstr8
masterblstr8 collected $2 from pot
masterblstr8: doesn't show hand
*** SUMMARY ***
Total pot $2 | Rake $0
Seat 2: hairy1961 (button) (small blind) folded before Flop
Seat 3: masterblstr8 (big blind) collected ($2)


PokerStars Hand #157299680077:  Hold'em Limit ($3/$6 USD) - 2016/08/15 7:10:37 ET
Table 'Sthenelos' 6-max Seat #3 is the button
Seat 2: hairy1961 ($288.05 in chips)
Seat 3: masterblstr8 ($96.16 in chips)
masterblstr8: posts small blind $1
hairy1961: posts big blind $3
*** HOLE CARDS ***
masterblstr8: raises $3 to $6
hairy1961: calls $3
*** FLOP *** [Qs 4h 7d]
hairy1961: checks
masterblstr8: bets $3
hairy1961: calls $3
*** TURN *** [Qs 4h 7d] [6s]
hairy1961: checks
masterblstr8: bets $6
hairy1961: calls $6
*** RIVER *** [Qs 4h 7d 6s] [Kh]
hairy1961: checks
masterblstr8: checks
*** SHOW DOWN ***
hairy1961: shows [8h 4s] (a pair of Fours)
masterblstr8: mucks hand
hairy1961 collected $29.50 from pot
*** SUMMARY ***
Total pot $30 | Rake $0.50
Board [Qs 4h 7d 6s Kh]
Seat 2: hairy1961 (big blind) showed [8h 4s] and won ($29.50) with a pair of Fours
Seat 3: masterblstr8 (button) (small blind) mucked


PokerStars Hand #157299707803:  Hold'em Limit ($3/$6 USD) - 2016/08/15 7:11:46 ET
Table 'Sthenelos' 6-max Seat #2 is the button
Seat 2: hairy1961 ($328.05 in chips)
Seat 3: masterblstr8 ($55.16 in chips)
hairy1961: posts small blind $1
masterblstr8: posts big blind $3
*** HOLE CARDS ***
hairy1961: folds
Uncalled bet ($2) returned to masterblstr8
masterblstr8 collected $2 from pot
masterblstr8: doesn't show hand
*** SUMMARY ***
Total pot $2 | Rake $0
Seat 2: hairy1961 (button) (small blind) folded before Flop
Seat 3: masterblstr8 (big blind) collected ($2)


PokerStars Hand #157299705545:  Hold'em Limit ($3/$6 USD) - 2016/08/15 7:11:40 ET
Table 'Sthenelos' 6-max Seat #3 is the button
Seat 2: hairy1961 ($327.05 in chips)
Seat 3: masterblstr8 ($56.16 in chips)
masterblstr8: posts small blind $1
hairy1961: posts big blind $3
*** HOLE CARDS ***
masterblstr8: folds
Uncalled bet ($2) returned to hairy1961
hairy1961 collected $2 from pot
hairy1961: doesn't show hand
*** SUMMARY ***
Total pot $2 | Rake $0
Seat 2: hairy1961 (big blind) collected ($2)
Seat 3: masterblstr8 (button) (small blind) folded before Flop


PokerStars Hand #157299703268:  Hold'em Limit ($3/$6 USD) - 2016/08/15 7:11:35 ET
Table 'Sthenelos' 6-max Seat #2 is the button
Seat 2: hairy1961 ($328.05 in chips)
Seat 3: masterblstr8 ($55.16 in chips)
hairy1961: posts small blind $1
masterblstr8: posts big blind $3
*** HOLE CARDS ***
hairy1961: folds
Uncalled bet ($2) returned to masterblstr8
masterblstr8 collected $2 from pot
masterblstr8: doesn't show hand
*** SUMMARY ***
Total pot $2 | Rake $0
Seat 2: hairy1961 (button) (small blind) folded before Flop
Seat 3: masterblstr8 (big blind) collected ($2)


PokerStars Hand #157299693435:  Hold'em Limit ($3/$6 USD) - 2016/08/15 7:11:10 ET
Table 'Sthenelos' 6-max Seat #3 is the button
Seat 2: hairy1961 ($301.55 in chips)
Seat 3: masterblstr8 ($82.16 in chips)
masterblstr8: posts small blind $1
hairy1961: posts big blind $3
*** HOLE CARDS ***
masterblstr8: raises $3 to $6
hairy1961: raises $3 to $9
masterblstr8: raises $3 to $12
Betting is capped
hairy1961: calls $3
*** FLOP *** [5d 8d Th]
hairy1961: bets $3
masterblstr8: calls $3
*** TURN *** [5d 8d Th] [Js]
hairy1961: bets $6
masterblstr8: calls $6
*** RIVER *** [5d 8d Th Js] [4s]
hairy1961: bets $6
masterblstr8: calls $6
*** SHOW DOWN ***
hairy1961: shows [5s Ac] (a pair of Fives)
masterblstr8: mucks hand
hairy1961 collected $53.50 from pot
*** SUMMARY ***
Total pot $54 | Rake $0.50
Board [5d 8d Th Js 4s]
Seat 2: hairy1961 (big blind) showed [5s Ac] and won ($53.50) with a pair of Fives
Seat 3: masterblstr8 (button) (small blind) mucked


PokerStars Hand #157299691344:  Hold'em Limit ($3/$6 USD) - 2016/08/15 7:11:05 ET
Table 'Sthenelos' 6-max Seat #2 is the button
Seat 2: hairy1961 ($302.55 in chips)
Seat 3: masterblstr8 ($81.16 in chips)
hairy1961: posts small blind $1
masterblstr8: posts big blind $3
*** HOLE CARDS ***
hairy1961: folds
Uncalled bet ($2) returned to masterblstr8
masterblstr8 collected $2 from pot
masterblstr8: doesn't show hand
*** SUMMARY ***
Total pot $2 | Rake $0
Seat 2: hairy1961 (button) (small blind) folded before Flop
Seat 3: masterblstr8 (big blind) collected ($2)


PokerStars Hand #157299689442:  Hold'em Limit ($3/$6 USD) - 2016/08/15 7:11:00 ET
Table 'Sthenelos' 6-max Seat #3 is the button
Seat 2: hairy1961 ($301.55 in chips)
Seat 3: masterblstr8 ($82.16 in chips)
masterblstr8: posts small blind $1
hairy1961: posts big blind $3
*** HOLE CARDS ***
masterblstr8: folds
Uncalled bet ($2) returned to hairy1961
hairy1961 collected $2 from pot
hairy1961: doesn't show hand
*** SUMMARY ***
Total pot $2 | Rake $0
Seat 2: hairy1961 (big blind) collected ($2)
Seat 3: masterblstr8 (button) (small blind) folded before Flop


PokerStars Hand #157299729323:  Hold'em Limit ($3/$6 USD) - 2016/08/15 7:12:40 ET
Table 'Sthenelos' 6-max Seat #2 is the button
Seat 2: hairy1961 ($284.05 in chips)
Seat 3: masterblstr8 ($98.18 in chips)
hairy1961: posts small blind $1
masterblstr8: posts big blind $3
*** HOLE CARDS ***
hairy1961: raises $3 to $6
masterblstr8: calls $3
*** FLOP *** [4c 8d 6h]
masterblstr8: checks
hairy1961: checks
*** TURN *** [4c 8d 6h] [Kh]
masterblstr8: checks
hairy1961: bets $6
masterblstr8: raises $6 to $12
hairy1961: folds
Uncalled bet ($6) returned to masterblstr8
masterblstr8 collected $23.52 from pot
masterblstr8: doesn't show hand
*** SUMMARY ***
Total pot $24 | Rake $0.48
Board [4c 8d 6h Kh]
Seat 2: hairy1961 (button) (small blind) folded on the Turn
Seat 3: masterblstr8 (big blind) collected ($23.52)


PokerStars Hand #157299718060:  Hold'em Limit ($3/$6 USD) - 2016/08/15 7:12:12 ET
Table 'Sthenelos' 6-max Seat #2 is the button
Seat 2: hairy1961 ($315.05 in chips)
Seat 3: masterblstr8 ($67.68 in chips)
hairy1961: posts small blind $1
masterblstr8: posts big blind $3
*** HOLE CARDS ***
hairy1961: folds
Uncalled bet ($2) returned to masterblstr8
masterblstr8 collected $2 from pot
masterblstr8: doesn't show hand
*** SUMMARY ***
Total pot $2 | Rake $0
Seat 2: hairy1961 (button) (small blind) folded before Flop
Seat 3: masterblstr8 (big blind) collected ($2)


PokerStars Hand #157299720325:  Hold'em Limit ($3/$6 USD) - 2016/08/15 7:12:17 ET
Table 'Sthenelos' 6-max Seat #3 is the button
Seat 2: hairy1961 ($314.05 in chips)
Seat 3: masterblstr8 ($68.68 in chips)
masterblstr8: posts small blind $1
hairy1961: posts big blind $3
*** HOLE CARDS ***
masterblstr8: raises $3 to $6
hairy1961: raises $3 to $9
masterblstr8: calls $3
*** FLOP *** [5c 8c 3h]
hairy1961: bets $3
masterblstr8: calls $3
*** TURN *** [5c 8c 3h] [2d]
hairy1961: bets $6
masterblstr8: calls $6
*** RIVER *** [5c 8c 3h 2d] [7c]
hairy1961: bets $6
masterblstr8: raises $6 to $12
hairy1961: calls $6
*** SHOW DOWN ***
masterblstr8: shows [9c 4c] (a flush, Nine high)
hairy1961: mucks hand
masterblstr8 collected $59.50 from pot
*** SUMMARY ***
Total pot $60 | Rake $0.50
Board [5c 8c 3h 2d 7c]
Seat 2: hairy1961 (big blind) mucked
Seat 3: masterblstr8 (button) (small blind) showed [9c 4c] and won ($59.50) with a flush, Nine high


PokerStars Hand #157299710144:  Hold'em Limit ($3/$6 USD) - 2016/08/15 7:11:52 ET
Table 'Sthenelos' 6-max Seat #3 is the button
Seat 2: hairy1961 ($327.05 in chips)
Seat 3: masterblstr8 ($56.16 in chips)
masterblstr8: posts small blind $1
hairy1961: posts big blind $3
*** HOLE CARDS ***
masterblstr8: raises $3 to $6
hairy1961: calls $3
*** FLOP *** [Th Jd 9d]
hairy1961: bets $3
masterblstr8: raises $3 to $6
hairy1961: calls $3
*** TURN *** [Th Jd 9d] [Qd]
hairy1961: checks
masterblstr8: bets $6
hairy1961: folds
Uncalled bet ($6) returned to masterblstr8
masterblstr8 collected $23.52 from pot
masterblstr8: doesn't show hand
*** SUMMARY ***
Total pot $24 | Rake $0.48
Board [Th Jd 9d Qd]
Seat 2: hairy1961 (big blind) folded on the Turn
Seat 3: masterblstr8 (button) (small blind) collected ($23.52)


PokerStars Hand #157299751411:  Hold'em Limit ($3/$6 USD) - 2016/08/15 7:13:34 ET
Table 'Sthenelos' 6-max Seat #3 is the button
Seat 2: hairy1961 ($266.05 in chips)
Seat 3: masterblstr8 ($115.34 in chips)
masterblstr8: posts small blind $1
hairy1961: posts big blind $3
*** HOLE CARDS ***
masterblstr8: raises $3 to $6
hairy1961: folds
Uncalled bet ($3) returned to masterblstr8
masterblstr8 collected $6 from pot
masterblstr8: doesn't show hand
*** SUMMARY ***
Total pot $6 | Rake $0
Seat 2: hairy1961 (big blind) folded before Flop
Seat 3: masterblstr8 (button) (small blind) collected ($6)


PokerStars Hand #157299749071:  Hold'em Limit ($3/$6 USD) - 2016/08/15 7:13:28 ET
Table 'Sthenelos' 6-max Seat #2 is the button
Seat 2: hairy1961 ($267.05 in chips)
Seat 3: masterblstr8 ($114.34 in chips)
hairy1961: posts small blind $1
masterblstr8: posts big blind $3
*** HOLE CARDS ***
hairy1961: folds
Uncalled bet ($2) returned to masterblstr8
masterblstr8 collected $2 from pot
masterblstr8: doesn't show hand
*** SUMMARY ***
Total pot $2 | Rake $0
Seat 2: hairy1961 (button) (small blind) folded before Flop
Seat 3: masterblstr8 (big blind) collected ($2)


PokerStars Hand #157299746994:  Hold'em Limit ($3/$6 USD) - 2016/08/15 7:13:23 ET
Table 'Sthenelos' 6-max Seat #3 is the button
Seat 2: hairy1961 ($266.05 in chips)
Seat 3: masterblstr8 ($115.34 in chips)
masterblstr8: posts small blind $1
hairy1961: posts big blind $3
*** HOLE CARDS ***
masterblstr8: folds
Uncalled bet ($2) returned to hairy1961
hairy1961 collected $2 from pot
hairy1961: doesn't show hand
*** SUMMARY ***
Total pot $2 | Rake $0
Seat 2: hairy1961 (big blind) collected ($2)
Seat 3: masterblstr8 (button) (small blind) folded before Flop


PokerStars Hand #157299743598:  Hold'em Limit ($3/$6 USD) - 2016/08/15 7:13:15 ET
Table 'Sthenelos' 6-max Seat #2 is the button
Seat 2: hairy1961 ($263.05 in chips)
Seat 3: masterblstr8 ($118.34 in chips)
hairy1961: posts small blind $1
masterblstr8: posts big blind $3
*** HOLE CARDS ***
hairy1961: raises $3 to $6
masterblstr8: folds
Uncalled bet ($3) returned to hairy1961
hairy1961 collected $6 from pot
hairy1961: doesn't show hand
*** SUMMARY ***
Total pot $6 | Rake $0
Seat 2: hairy1961 (button) (small blind) collected ($6)
Seat 3: masterblstr8 (big blind) folded before Flop


PokerStars Hand #157299736514:  Hold'em Limit ($3/$6 USD) - 2016/08/15 7:12:57 ET
Table 'Sthenelos' 6-max Seat #3 is the button
Seat 2: hairy1961 ($272.05 in chips)
Seat 3: masterblstr8 ($109.70 in chips)
masterblstr8: posts small blind $1
hairy1961: posts big blind $3
*** HOLE CARDS ***
masterblstr8: raises $3 to $6
hairy1961: calls $3
*** FLOP *** [Kd 9s Th]
hairy1961: checks
masterblstr8: bets $3
hairy1961: calls $3
*** TURN *** [Kd 9s Th] [Jh]
hairy1961: checks
masterblstr8: bets $6
hairy1961: folds
Uncalled bet ($6) returned to masterblstr8
masterblstr8 collected $17.64 from pot
masterblstr8: doesn't show hand
*** SUMMARY ***
Total pot $18 | Rake $0.36
Board [Kd 9s Th Jh]
Seat 2: hairy1961 (big blind) folded on the Turn
Seat 3: masterblstr8 (button) (small blind) collected ($17.64)


PokerStars Hand #157299754629:  Hold'em Limit ($3/$6 USD) - 2016/08/15 7:13:42 ET
Table 'Sthenelos' 6-max Seat #2 is the button
Seat 2: hairy1961 ($263.05 in chips)
Seat 3: masterblstr8 ($118.34 in chips)
hairy1961: posts small blind $1
masterblstr8: posts big blind $3
*** HOLE CARDS ***
hairy1961: raises $3 to $6
masterblstr8: calls $3
*** FLOP *** [Qd 6c 2h]
masterblstr8: checks
hairy1961: checks
*** TURN *** [Qd 6c 2h] [Ac]
masterblstr8: checks
hairy1961: checks
*** RIVER *** [Qd 6c 2h Ac] [Jc]
masterblstr8: bets $6
hairy1961: raises $6 to $12
masterblstr8: folds
Uncalled bet ($6) returned to hairy1961
hairy1961 collected $23.52 from pot
hairy1961: doesn't show hand
*** SUMMARY ***
Total pot $24 | Rake $0.48
Board [Qd 6c 2h Ac Jc]
Seat 2: hairy1961 (button) (small blind) collected ($23.52)
Seat 3: masterblstr8 (big blind) folded on the River


PokerStars Hand #157299772624:  Hold'em Limit ($3/$6 USD) - 2016/08/15 7:14:27 ET
Table 'Sthenelos' 6-max Seat #3 is the button
Seat 2: hairy1961 ($288.07 in chips)
Seat 3: masterblstr8 ($92.34 in chips)
masterblstr8: posts small blind $1
hairy1961: posts big blind $3
*** HOLE CARDS ***
masterblstr8: raises $3 to $6
hairy1961: calls $3
*** FLOP *** [5c 4s Kh]
hairy1961: checks
masterblstr8: bets $3
hairy1961: raises $3 to $6
masterblstr8: calls $3
*** TURN *** [5c 4s Kh] [Ah]
hairy1961: checks
masterblstr8: bets $6
hairy1961: raises $6 to $12
masterblstr8: calls $6
*** RIVER *** [5c 4s Kh Ah] [2d]
hairy1961: bets $6
masterblstr8: calls $6
*** SHOW DOWN ***
hairy1961: shows [Ad Kd] (two pair, Aces and Kings)
masterblstr8: mucks hand
hairy1961 collected $59.50 from pot
*** SUMMARY ***
Total pot $60 | Rake $0.50
Board [5c 4s Kh Ah 2d]
Seat 2: hairy1961 (big blind) showed [Ad Kd] and won ($59.50) with two pair, Aces and Kings
Seat 3: masterblstr8 (button) (small blind) mucked


PokerStars Hand #157299770402:  Hold'em Limit ($3/$6 USD) - 2016/08/15 7:14:21 ET
Table 'Sthenelos' 6-max Seat #2 is the button
Seat 2: hairy1961 ($289.07 in chips)
Seat 3: masterblstr8 ($91.34 in chips)
hairy1961: posts small blind $1
masterblstr8: posts big blind $3
*** HOLE CARDS ***
hairy1961: folds
Uncalled bet ($2) returned to masterblstr8
masterblstr8 collected $2 from pot
masterblstr8: doesn't show hand
*** SUMMARY ***
Total pot $2 | Rake $0
Seat 2: hairy1961 (button) (small blind) folded before Flop
Seat 3: masterblstr8 (big blind) collected ($2)


PokerStars Hand #157299761995:  Hold'em Limit ($3/$6 USD) - 2016/08/15 7:14:01 ET
Table 'Sthenelos' 6-max Seat #3 is the button
Seat 2: hairy1961 ($274.57 in chips)
Seat 3: masterblstr8 ($106.34 in chips)
masterblstr8: posts small blind $1
hairy1961: posts big blind $3
*** HOLE CARDS ***
masterblstr8: raises $3 to $6
hairy1961: calls $3
*** FLOP *** [Ah 7d Ac]
hairy1961: checks
masterblstr8: bets $3
hairy1961: calls $3
*** TURN *** [Ah 7d Ac] [As]
hairy1961: checks
masterblstr8: checks
*** RIVER *** [Ah 7d Ac As] [6c]
hairy1961: bets $6
masterblstr8: calls $6
*** SHOW DOWN ***
hairy1961: shows [Td Kc] (three of a kind, Aces)
masterblstr8: mucks hand
hairy1961 collected $29.50 from pot
*** SUMMARY ***
Total pot $30 | Rake $0.50
Board [Ah 7d Ac As 6c]
Seat 2: hairy1961 (big blind) showed [Td Kc] and won ($29.50) with three of a kind, Aces
Seat 3: masterblstr8 (button) (small blind) mucked


PokerStars Hand #157299794933:  Hold'em Limit ($3/$6 USD) - 2016/08/15 7:15:22 ET
Table 'Sthenelos' 6-max Seat #3 is the button
Seat 2: hairy1961 ($299.57 in chips)
Seat 3: masterblstr8 ($79.84 in chips)
masterblstr8: posts small blind $1
hairy1961: posts big blind $3
*** HOLE CARDS ***
masterblstr8: raises $3 to $6
hairy1961: calls $3
*** FLOP *** [Ts 2c 8c]
hairy1961: bets $3
masterblstr8: folds
Uncalled bet ($3) returned to hairy1961
hairy1961 collected $11.76 from pot
hairy1961: doesn't show hand
*** SUMMARY ***
Total pot $12 | Rake $0.24
Board [Ts 2c 8c]
Seat 2: hairy1961 (big blind) collected ($11.76)
Seat 3: masterblstr8 (button) (small blind) folded on the Flop


PokerStars Hand #157299804730:  Hold'em Limit ($3/$6 USD) - 2016/08/15 7:15:46 ET
Table 'Sthenelos' 6-max Seat #3 is the button
Seat 2: hairy1961 ($313.97 in chips)
Seat 3: masterblstr8 ($64.84 in chips)
masterblstr8: posts small blind $1
hairy1961: posts big blind $3
*** HOLE CARDS ***
masterblstr8: raises $3 to $6
hairy1961: folds
Uncalled bet ($3) returned to masterblstr8
masterblstr8 collected $6 from pot
masterblstr8: doesn't show hand
*** SUMMARY ***
Total pot $6 | Rake $0
Seat 2: hairy1961 (big blind) folded before Flop
Seat 3: masterblstr8 (button) (small blind) collected ($6)


PokerStars Hand #157299798836:  Hold'em Limit ($3/$6 USD) - 2016/08/15 7:15:31 ET
Table 'Sthenelos' 6-max Seat #2 is the button
Seat 2: hairy1961 ($305.33 in chips)
Seat 3: masterblstr8 ($73.84 in chips)
hairy1961: posts small blind $1
masterblstr8: posts big blind $3
*** HOLE CARDS ***
hairy1961: raises $3 to $6
masterblstr8: calls $3
*** FLOP *** [Ad 2c 7c]
masterblstr8: checks
hairy1961: bets $3
masterblstr8: calls $3
*** TURN *** [Ad 2c 7c] [Jd]
masterblstr8: checks
hairy1961: bets $6
masterblstr8: folds
Uncalled bet ($6) returned to hairy1961
hairy1961 collected $17.64 from pot
hairy1961: doesn't show hand
*** SUMMARY ***
Total pot $18 | Rake $0.36
Board [Ad 2c 7c Jd]
Seat 2: hairy1961 (button) (small blind) collected ($17.64)
Seat 3: masterblstr8 (big blind) folded on the Turn


PokerStars Hand #157299807104:  Hold'em Limit ($3/$6 USD) - 2016/08/15 7:15:52 ET
Table 'Sthenelos' 6-max Seat #2 is the button
Seat 2: hairy1961 ($310.97 in chips)
Seat 3: masterblstr8 ($67.84 in chips)
hairy1961: posts small blind $1
masterblstr8: posts big blind $3
*** HOLE CARDS ***
hairy1961: folds
Uncalled bet ($2) returned to masterblstr8
masterblstr8 collected $2 from pot
masterblstr8: doesn't show hand
*** SUMMARY ***
Total pot $2 | Rake $0
Seat 2: hairy1961 (button) (small blind) folded before Flop
Seat 3: masterblstr8 (big blind) collected ($2)


PokerStars Hand #157299785609:  Hold'em Limit ($3/$6 USD) - 2016/08/15 7:14:59 ET
Table 'Sthenelos' 6-max Seat #2 is the button
Seat 2: hairy1961 ($317.57 in chips)
Seat 3: masterblstr8 ($62.34 in chips)
hairy1961: posts small blind $1
masterblstr8: posts big blind $3
*** HOLE CARDS ***
hairy1961: raises $3 to $6
masterblstr8: calls $3
*** FLOP *** [4s 2d Kd]
masterblstr8: checks
hairy1961: checks
*** TURN *** [4s 2d Kd] [5c]
masterblstr8: bets $6
hairy1961: calls $6
*** RIVER *** [4s 2d Kd 5c] [5h]
masterblstr8: bets $6
hairy1961: calls $6
*** SHOW DOWN ***
masterblstr8: shows [Qs 2c] (two pair, Fives and Deuces)
hairy1961: mucks hand
masterblstr8 collected $35.50 from pot
*** SUMMARY ***
Total pot $36 | Rake $0.50
Board [4s 2d Kd 5c 5h]
Seat 2: hairy1961 (button) (small blind) mucked
Seat 3: masterblstr8 (big blind) showed [Qs 2c] and won ($35.50) with two pair, Fives and Deuces


PokerStars Hand #157299817897:  Hold'em Limit ($3/$6 USD) - 2016/08/15 7:16:18 ET
Table 'Sthenelos' 6-max Seat #2 is the button
Seat 2: hairy1961 ($288.97 in chips)
Seat 3: masterblstr8 ($89.34 in chips)
hairy1961: posts small blind $1
masterblstr8: posts big blind $3
*** HOLE CARDS ***
hairy1961: raises $3 to $6
masterblstr8: calls $3
*** FLOP *** [6h Kd 4d]
masterblstr8: checks
hairy1961: bets $3
masterblstr8: calls $3
*** TURN *** [6h Kd 4d] [3d]
masterblstr8: checks
hairy1961: bets $6
masterblstr8: folds
Uncalled bet ($6) returned to hairy1961
hairy1961 collected $17.64 from pot
hairy1961: doesn't show hand
*** SUMMARY ***
Total pot $18 | Rake $0.36
Board [6h Kd 4d 3d]
Seat 2: hairy1961 (button) (small blind) collected ($17.64)
Seat 3: masterblstr8 (big blind) folded on the Turn


PokerStars Hand #157299809689:  Hold'em Limit ($3/$6 USD) - 2016/08/15 7:15:58 ET
Table 'Sthenelos' 6-max Seat #3 is the button
Seat 2: hairy1961 ($309.97 in chips)
Seat 3: masterblstr8 ($68.84 in chips)
masterblstr8: posts small blind $1
hairy1961: posts big blind $3
*** HOLE CARDS ***
masterblstr8: raises $3 to $6
hairy1961: calls $3
*** FLOP *** [4s 5c 3h]
hairy1961: checks
masterblstr8: bets $3
hairy1961: calls $3
*** TURN *** [4s 5c 3h] [7h]
hairy1961: bets $6
masterblstr8: calls $6
*** RIVER *** [4s 5c 3h 7h] [Kh]
hairy1961: bets $6
masterblstr8: calls $6
*** SHOW DOWN ***
hairy1961: shows [Qh 3c] (a pair of Threes)
masterblstr8: shows [7d 3d] (two pair, Sevens and Threes)
masterblstr8 collected $41.50 from pot
*** SUMMARY ***
Total pot $42 | Rake $0.50
Board [4s 5c 3h 7h Kh]
Seat 2: hairy1961 (big blind) showed [Qh 3c] and lost with a pair of Threes
Seat 3: masterblstr8 (button) (small blind) showed [7d 3d] and won ($41.50) with two pair, Sevens and Threes


PokerStars Hand #157299850384:  Hold'em Limit ($3/$6 USD) - 2016/08/15 7:17:38 ET
Table 'Sthenelos' 6-max Seat #3 is the button
Seat 2: hairy1961 ($261.61 in chips)
Seat 3: masterblstr8 ($115.34 in chips)
masterblstr8: posts small blind $1
hairy1961: posts big blind $3
*** HOLE CARDS ***
masterblstr8: folds
Uncalled bet ($2) returned to hairy1961
hairy1961 collected $2 from pot
hairy1961: doesn't show hand
*** SUMMARY ***
Total pot $2 | Rake $0
Seat 2: hairy1961 (big blind) collected ($2)
Seat 3: masterblstr8 (button) (small blind) folded before Flop


PokerStars Hand #157299836984:  Hold'em Limit ($3/$6 USD) - 2016/08/15 7:17:05 ET
Table 'Sthenelos' 6-max Seat #2 is the button
Seat 2: hairy1961 ($276.61 in chips)
Seat 3: masterblstr8 ($100.84 in chips)
hairy1961: posts small blind $1
masterblstr8: posts big blind $3
*** HOLE CARDS ***
hairy1961: raises $3 to $6
masterblstr8: calls $3
*** FLOP *** [Kh 6d 7h]
masterblstr8: checks
hairy1961: bets $3
masterblstr8: calls $3
*** TURN *** [Kh 6d 7h] [9h]
masterblstr8: checks
hairy1961: checks
*** RIVER *** [Kh 6d 7h 9h] [3d]
masterblstr8: bets $6
hairy1961: calls $6
*** SHOW DOWN ***
masterblstr8: shows [5h 7c] (a pair of Sevens)
hairy1961: mucks hand
masterblstr8 collected $29.50 from pot
*** SUMMARY ***
Total pot $30 | Rake $0.50
Board [Kh 6d 7h 9h 3d]
Seat 2: hairy1961 (button) (small blind) mucked
Seat 3: masterblstr8 (big blind) showed [5h 7c] and won ($29.50) with a pair of Sevens


PokerStars Hand #157299826383:  Hold'em Limit ($3/$6 USD) - 2016/08/15 7:16:39 ET
Table 'Sthenelos' 6-max Seat #3 is the button
Seat 2: hairy1961 ($297.61 in chips)
Seat 3: masterblstr8 ($80.34 in chips)
masterblstr8: posts small blind $1
hairy1961: posts big blind $3
*** HOLE CARDS ***
masterblstr8: raises $3 to $6
hairy1961: calls $3
*** FLOP *** [Tc Kh Js]
hairy1961: checks
masterblstr8: bets $3
hairy1961: calls $3
*** TURN *** [Tc Kh Js] [Ad]
hairy1961: checks
masterblstr8: bets $6
hairy1961: calls $6
*** RIVER *** [Tc Kh Js Ad] [3c]
hairy1961: checks
masterblstr8: bets $6
hairy1961: calls $6
*** SHOW DOWN ***
masterblstr8: shows [4h Qh] (a straight, Ten to Ace)
hairy1961: mucks hand
masterblstr8 collected $41.50 from pot
*** SUMMARY ***
Total pot $42 | Rake $0.50
Board [Tc Kh Js Ad 3c]
Seat 2: hairy1961 (big blind) mucked
Seat 3: masterblstr8 (button) (small blind) showed [4h Qh] and won ($41.50) with a straight, Ten to Ace


PokerStars Hand #157299866469:  Hold'em Limit ($3/$6 USD) - 2016/08/15 7:18:18 ET
Table 'Sthenelos' 6-max Seat #2 is the button
Seat 2: hairy1961 ($265.13 in chips)
Seat 3: masterblstr8 ($110.98 in chips)
hairy1961: posts small blind $1
masterblstr8: posts big blind $3
*** HOLE CARDS ***
hairy1961: raises $3 to $6
masterblstr8: calls $3
*** FLOP *** [Td 8s Ah]
masterblstr8: checks
hairy1961: bets $3
masterblstr8: folds
Uncalled bet ($3) returned to hairy1961
hairy1961 collected $11.76 from pot
hairy1961: doesn't show hand
*** SUMMARY ***
Total pot $12 | Rake $0.24
Board [Td 8s Ah]
Seat 2: hairy1961 (button) (small blind) collected ($11.76)
Seat 3: masterblstr8 (big blind) folded on the Flop


PokerStars Hand #157299877083:  Hold'em Limit ($3/$6 USD) - 2016/08/15 7:18:44 ET
Table 'Sthenelos' 6-max Seat #3 is the button
Seat 2: hairy1961 ($270.89 in chips)
Seat 3: masterblstr8 ($104.98 in chips)
masterblstr8: posts small blind $1
hairy1961: posts big blind $3
*** HOLE CARDS ***
masterblstr8: raises $3 to $6
hairy1961: folds
Uncalled bet ($3) returned to masterblstr8
masterblstr8 collected $6 from pot
masterblstr8: doesn't show hand
*** SUMMARY ***
Total pot $6 | Rake $0
Seat 2: hairy1961 (big blind) folded before Flop
Seat 3: masterblstr8 (button) (small blind) collected ($6)


PokerStars Hand #157299874387:  Hold'em Limit ($3/$6 USD) - 2016/08/15 7:18:37 ET
Table 'Sthenelos' 6-max Seat #2 is the button
Seat 2: hairy1961 ($271.89 in chips)
Seat 3: masterblstr8 ($103.98 in chips)
hairy1961: posts small blind $1
masterblstr8: posts big blind $3
*** HOLE CARDS ***
hairy1961: folds
Uncalled bet ($2) returned to masterblstr8
masterblstr8 collected $2 from pot
masterblstr8: doesn't show hand
*** SUMMARY ***
Total pot $2 | Rake $0
Seat 2: hairy1961 (button) (small blind) folded before Flop
Seat 3: masterblstr8 (big blind) collected ($2)


PokerStars Hand #157299858654:  Hold'em Limit ($3/$6 USD) - 2016/08/15 7:17:59 ET
Table 'Sthenelos' 6-max Seat #3 is the button
Seat 2: hairy1961 ($274.13 in chips)
Seat 3: masterblstr8 ($102.34 in chips)
masterblstr8: posts small blind $1
hairy1961: posts big blind $3
*** HOLE CARDS ***
masterblstr8: raises $3 to $6
hairy1961: calls $3
*** FLOP *** [Ks 5s Ad]
hairy1961: bets $3
masterblstr8: calls $3
*** TURN *** [Ks 5s Ad] [Ts]
hairy1961: checks
masterblstr8: bets $6
hairy1961: folds
Uncalled bet ($6) returned to masterblstr8
masterblstr8 collected $17.64 from pot
masterblstr8: doesn't show hand
*** SUMMARY ***
Total pot $18 | Rake $0.36
Board [Ks 5s Ad Ts]
Seat 2: hairy1961 (big blind) folded on the Turn
Seat 3: masterblstr8 (button) (small blind) collected ($17.64)


PokerStars Hand #157299902184:  Hold'em Limit ($3/$6 USD) - 2016/08/15 7:19:45 ET
Table 'Sthenelos' 6-max Seat #3 is the button
Seat 2: hairy1961 ($277.65 in chips)
Seat 3: masterblstr8 ($97.98 in chips)
masterblstr8: posts small blind $1
hairy1961: posts big blind $3
*** HOLE CARDS ***
masterblstr8: raises $3 to $6
hairy1961: folds
Uncalled bet ($3) returned to masterblstr8
masterblstr8 collected $6 from pot
masterblstr8: doesn't show hand
*** SUMMARY ***
Total pot $6 | Rake $0
Seat 2: hairy1961 (big blind) folded before Flop
Seat 3: masterblstr8 (button) (small blind) collected ($6)


PokerStars Hand #157299897812:  Hold'em Limit ($3/$6 USD) - 2016/08/15 7:19:34 ET
Table 'Sthenelos' 6-max Seat #2 is the button
Seat 2: hairy1961 ($274.65 in chips)
Seat 3: masterblstr8 ($100.98 in chips)
hairy1961: posts small blind $1
masterblstr8: posts big blind $3
*** HOLE CARDS ***
hairy1961: raises $3 to $6
masterblstr8: folds
Uncalled bet ($3) returned to hairy1961
hairy1961 collected $6 from pot
hairy1961: doesn't show hand
*** SUMMARY ***
Total pot $6 | Rake $0
Seat 2: hairy1961 (button) (small blind) collected ($6)
Seat 3: masterblstr8 (big blind) folded before Flop


PokerStars Hand #157299879999:  Hold'em Limit ($3/$6 USD) - 2016/08/15 7:18:51 ET
Table 'Sthenelos' 6-max Seat #2 is the button
Seat 2: hairy1961 ($267.89 in chips)
Seat 3: masterblstr8 ($107.98 in chips)
hairy1961: posts small blind $1
masterblstr8: posts big blind $3
*** HOLE CARDS ***
hairy1961: raises $3 to $6
masterblstr8: calls $3
*** FLOP *** [8h 4c 4d]
masterblstr8: checks
hairy1961: checks
*** TURN *** [8h 4c 4d] [6s]
masterblstr8: checks
hairy1961: checks
*** RIVER *** [8h 4c 4d 6s] [6h]
masterblstr8: checks
hairy1961: checks
*** SHOW DOWN ***
masterblstr8: shows [3s Ts] (two pair, Sixes and Fours)
hairy1961: shows [7c Kd] (two pair, Sixes and Fours - King kicker)
hairy1961 collected $11.76 from pot
*** SUMMARY ***
Total pot $12 | Rake $0.24
Board [8h 4c 4d 6s 6h]
Seat 2: hairy1961 (button) (small blind) showed [7c Kd] and won ($11.76) with two pair, Sixes and Fours
Seat 3: masterblstr8 (big blind) showed [3s Ts] and lost with two pair, Sixes and Fours


PokerStars Hand #157299905172:  Hold'em Limit ($3/$6 USD) - 2016/08/15 7:19:52 ET
Table 'Sthenelos' 6-max Seat #2 is the button
Seat 2: hairy1961 ($274.65 in chips)
Seat 3: masterblstr8 ($100.98 in chips)
hairy1961: posts small blind $1
masterblstr8: posts big blind $3
*** HOLE CARDS ***
hairy1961: folds
Uncalled bet ($2) returned to masterblstr8
masterblstr8 collected $2 from pot
masterblstr8: doesn't show hand
*** SUMMARY ***
Total pot $2 | Rake $0
Seat 2: hairy1961 (button) (small blind) folded before Flop
Seat 3: masterblstr8 (big blind) collected ($2)


PokerStars Hand #157299907381:  Hold'em Limit ($3/$6 USD) - 2016/08/15 7:19:58 ET
Table 'Sthenelos' 6-max Seat #3 is the button
Seat 2: hairy1961 ($273.65 in chips)
Seat 3: masterblstr8 ($101.98 in chips)
masterblstr8: posts small blind $1
hairy1961: posts big blind $3
*** HOLE CARDS ***
masterblstr8: raises $3 to $6
hairy1961: folds
Uncalled bet ($3) returned to masterblstr8
masterblstr8 collected $6 from pot
masterblstr8: doesn't show hand
*** SUMMARY ***
Total pot $6 | Rake $0
Seat 2: hairy1961 (big blind) folded before Flop
Seat 3: masterblstr8 (button) (small blind) collected ($6)


PokerStars Hand #157299917989:  Hold'em Limit ($3/$6 USD) - 2016/08/15 7:20:23 ET
Table 'Sthenelos' 6-max Seat #3 is the button
Seat 2: hairy1961 ($282.17 in chips)
Seat 3: masterblstr8 ($92.98 in chips)
masterblstr8: posts small blind $1
hairy1961: posts big blind $3
*** HOLE CARDS ***
masterblstr8: raises $3 to $6
hairy1961: calls $3
*** FLOP *** [9s Td 7c]
hairy1961: bets $3
masterblstr8: calls $3
*** TURN *** [9s Td 7c] [Ad]
hairy1961: checks
masterblstr8: bets $6
hairy1961: folds
Uncalled bet ($6) returned to masterblstr8
masterblstr8 collected $17.64 from pot
masterblstr8: doesn't show hand
*** SUMMARY ***
Total pot $18 | Rake $0.36
Board [9s Td 7c Ad]
Seat 2: hairy1961 (big blind) folded on the Turn
Seat 3: masterblstr8 (button) (small blind) collected ($17.64)


PokerStars Hand #157299931106:  Hold'em Limit ($3/$6 USD) - 2016/08/15 7:20:55 ET
Table 'Sthenelos' 6-max Seat #2 is the button
Seat 2: hairy1961 ($269.17 in chips)
Seat 3: masterblstr8 ($105.62 in chips)
hairy1961: posts small blind $1
masterblstr8: posts big blind $3
*** HOLE CARDS ***
hairy1961: folds
Uncalled bet ($2) returned to masterblstr8
masterblstr8 collected $2 from pot
masterblstr8: doesn't show hand
*** SUMMARY ***
Total pot $2 | Rake $0
Seat 2: hairy1961 (button) (small blind) folded before Flop
Seat 3: masterblstr8 (big blind) collected ($2)


PokerStars Hand #157299928396:  Hold'em Limit ($3/$6 USD) - 2016/08/15 7:20:49 ET
Table 'Sthenelos' 6-max Seat #3 is the button
Seat 2: hairy1961 ($272.17 in chips)
Seat 3: masterblstr8 ($102.62 in chips)
masterblstr8: posts small blind $1
hairy1961: posts big blind $3
*** HOLE CARDS ***
masterblstr8: raises $3 to $6
hairy1961: folds
Uncalled bet ($3) returned to masterblstr8
masterblstr8 collected $6 from pot
masterblstr8: doesn't show hand
*** SUMMARY ***
Total pot $6 | Rake $0
Seat 2: hairy1961 (big blind) folded before Flop
Seat 3: masterblstr8 (button) (small blind) collected ($6)


PokerStars Hand #157299910617:  Hold'em Limit ($3/$6 USD) - 2016/08/15 7:20:05 ET
Table 'Sthenelos' 6-max Seat #2 is the button
Seat 2: hairy1961 ($270.65 in chips)
Seat 3: masterblstr8 ($104.98 in chips)
hairy1961: posts small blind $1
masterblstr8: posts big blind $3
*** HOLE CARDS ***
hairy1961: raises $3 to $6
masterblstr8: calls $3
*** FLOP *** [9d Jh Ts]
masterblstr8: checks
hairy1961: checks
*** TURN *** [9d Jh Ts] [Jd]
masterblstr8: checks
hairy1961: checks
*** RIVER *** [9d Jh Ts Jd] [Qc]
masterblstr8: checks
hairy1961: bets $6
masterblstr8: calls $6
*** SHOW DOWN ***
hairy1961: shows [7s Ks] (a straight, Nine to King)
masterblstr8: mucks hand
hairy1961 collected $23.52 from pot
*** SUMMARY ***
Total pot $24 | Rake $0.48
Board [9d Jh Ts Jd Qc]
Seat 2: hairy1961 (button) (small blind) showed [7s Ks] and won ($23.52) with a straight, Nine to King
Seat 3: masterblstr8 (big blind) mucked


PokerStars Hand #157299925902:  Hold'em Limit ($3/$6 USD) - 2016/08/15 7:20:43 ET
Table 'Sthenelos' 6-max Seat #2 is the button
Seat 2: hairy1961 ($273.17 in chips)
Seat 3: masterblstr8 ($101.62 in chips)
hairy1961: posts small blind $1
masterblstr8: posts big blind $3
*** HOLE CARDS ***
hairy1961: folds
Uncalled bet ($2) returned to masterblstr8
masterblstr8 collected $2 from pot
masterblstr8: doesn't show hand
*** SUMMARY ***
Total pot $2 | Rake $0
Seat 2: hairy1961 (button) (small blind) folded before Flop
Seat 3: masterblstr8 (big blind) collected ($2)


PokerStars Hand #157299937997:  Hold'em Limit ($3/$6 USD) - 2016/08/15 7:21:12 ET
Table 'Sthenelos' 6-max Seat #3 is the button
Seat 2: hairy1961 ($268.17 in chips)
Seat 3: masterblstr8 ($106.62 in chips)
masterblstr8: posts small blind $1
hairy1961: posts big blind $3
*** HOLE CARDS ***
masterblstr8: folds
Uncalled bet ($2) returned to hairy1961
hairy1961 collected $2 from pot
hairy1961: doesn't show hand
*** SUMMARY ***
Total pot $2 | Rake $0
Seat 2: hairy1961 (big blind) collected ($2)
Seat 3: masterblstr8 (button) (small blind) folded before Flop


PokerStars Hand #157299954958:  Hold'em Limit ($3/$6 USD) - 2016/08/15 7:21:54 ET
Table 'Sthenelos' 6-max Seat #3 is the button
Seat 2: hairy1961 ($277.81 in chips)
Seat 3: masterblstr8 ($96.62 in chips)
masterblstr8: posts small blind $1
hairy1961: posts big blind $3
*** HOLE CARDS ***
masterblstr8: raises $3 to $6
hairy1961: folds
Uncalled bet ($3) returned to masterblstr8
masterblstr8 collected $6 from pot
masterblstr8: doesn't show hand
*** SUMMARY ***
Total pot $6 | Rake $0
Seat 2: hairy1961 (big blind) folded before Flop
Seat 3: masterblstr8 (button) (small blind) collected ($6)


PokerStars Hand #157299935489:  Hold'em Limit ($3/$6 USD) - 2016/08/15 7:21:06 ET
Table 'Sthenelos' 6-max Seat #2 is the button
Seat 2: hairy1961 ($269.17 in chips)
Seat 3: masterblstr8 ($105.62 in chips)
hairy1961: posts small blind $1
masterblstr8: posts big blind $3
*** HOLE CARDS ***
hairy1961: folds
Uncalled bet ($2) returned to masterblstr8
masterblstr8 collected $2 from pot
masterblstr8: doesn't show hand
*** SUMMARY ***
Total pot $2 | Rake $0
Seat 2: hairy1961 (button) (small blind) folded before Flop
Seat 3: masterblstr8 (big blind) collected ($2)


PokerStars Hand #157299933471:  Hold'em Limit ($3/$6 USD) - 2016/08/15 7:21:01 ET
Table 'Sthenelos' 6-max Seat #3 is the button
Seat 2: hairy1961 ($268.17 in chips)
Seat 3: masterblstr8 ($106.62 in chips)
masterblstr8: posts small blind $1
hairy1961: posts big blind $3
*** HOLE CARDS ***
masterblstr8: folds
Uncalled bet ($2) returned to hairy1961
hairy1961 collected $2 from pot
hairy1961: doesn't show hand
*** SUMMARY ***
Total pot $2 | Rake $0
Seat 2: hairy1961 (big blind) collected ($2)
Seat 3: masterblstr8 (button) (small blind) folded before Flop


PokerStars Hand #157299940466:  Hold'em Limit ($3/$6 USD) - 2016/08/15 7:21:19 ET
Table 'Sthenelos' 6-max Seat #2 is the button
Seat 2: hairy1961 ($269.17 in chips)
Seat 3: masterblstr8 ($105.62 in chips)
hairy1961: posts small blind $1
masterblstr8: posts big blind $3
*** HOLE CARDS ***
hairy1961: raises $3 to $6
masterblstr8: calls $3
*** FLOP *** [6c Tc 5s]
masterblstr8: checks
hairy1961: bets $3
masterblstr8: calls $3
*** TURN *** [6c Tc 5s] [Jh]
masterblstr8: checks
hairy1961: bets $6
masterblstr8: folds
Uncalled bet ($6) returned to hairy1961
hairy1961 collected $17.64 from pot
hairy1961: doesn't show hand
*** SUMMARY ***
Total pot $18 | Rake $0.36
Board [6c Tc 5s Jh]
Seat 2: hairy1961 (button) (small blind) collected ($17.64)
Seat 3: masterblstr8 (big blind) folded on the Turn


PokerStars Hand #157299974216:  Hold'em Limit ($3/$6 USD) - 2016/08/15 7:22:40 ET
Table 'Sthenelos' 6-max Seat #3 is the button
Seat 2: hairy1961 ($261.81 in chips)
Seat 3: masterblstr8 ($112.26 in chips)
masterblstr8: posts small blind $1
hairy1961: posts big blind $3
*** HOLE CARDS ***
masterblstr8: folds
Uncalled bet ($2) returned to hairy1961
hairy1961 collected $2 from pot
hairy1961: doesn't show hand
*** SUMMARY ***
Total pot $2 | Rake $0
Seat 2: hairy1961 (big blind) collected ($2)
Seat 3: masterblstr8 (button) (small blind) folded before Flop


PokerStars Hand #157299971848:  Hold'em Limit ($3/$6 USD) - 2016/08/15 7:22:34 ET
Table 'Sthenelos' 6-max Seat #2 is the button
Seat 2: hairy1961 ($262.81 in chips)
Seat 3: masterblstr8 ($111.26 in chips)
hairy1961: posts small blind $1
masterblstr8: posts big blind $3
*** HOLE CARDS ***
hairy1961: folds
Uncalled bet ($2) returned to masterblstr8
masterblstr8 collected $2 from pot
masterblstr8: doesn't show hand
*** SUMMARY ***
Total pot $2 | Rake $0
Seat 2: hairy1961 (button) (small blind) folded before Flop
Seat 3: masterblstr8 (big blind) collected ($2)


PokerStars Hand #157299968715:  Hold'em Limit ($3/$6 USD) - 2016/08/15 7:22:27 ET
Table 'Sthenelos' 6-max Seat #3 is the button
Seat 2: hairy1961 ($265.81 in chips)
Seat 3: masterblstr8 ($108.26 in chips)
masterblstr8: posts small blind $1
hairy1961: posts big blind $3
*** HOLE CARDS ***
masterblstr8: raises $3 to $6
hairy1961: folds
Uncalled bet ($3) returned to masterblstr8
masterblstr8 collected $6 from pot
masterblstr8: doesn't show hand
*** SUMMARY ***
Total pot $6 | Rake $0
Seat 2: hairy1961 (big blind) folded before Flop
Seat 3: masterblstr8 (button) (small blind) collected ($6)


PokerStars Hand #157299957702:  Hold'em Limit ($3/$6 USD) - 2016/08/15 7:22:00 ET
Table 'Sthenelos' 6-max Seat #2 is the button
Seat 2: hairy1961 ($274.81 in chips)
Seat 3: masterblstr8 ($99.62 in chips)
hairy1961: posts small blind $1
masterblstr8: posts big blind $3
*** HOLE CARDS ***
hairy1961: raises $3 to $6
masterblstr8: calls $3
*** FLOP *** [Js 8h 9s]
masterblstr8: checks
hairy1961: bets $3
masterblstr8: calls $3
*** TURN *** [Js 8h 9s] [As]
masterblstr8: checks
hairy1961: checks
*** RIVER *** [Js 8h 9s As] [2d]
masterblstr8: bets $6
hairy1961: folds
Uncalled bet ($6) returned to masterblstr8
masterblstr8 collected $17.64 from pot
masterblstr8: doesn't show hand
*** SUMMARY ***
Total pot $18 | Rake $0.36
Board [Js 8h 9s As 2d]
Seat 2: hairy1961 (button) (small blind) folded on the River
Seat 3: masterblstr8 (big blind) collected ($17.64)


PokerStars Hand #157299978642:  Hold'em Limit ($3/$6 USD) - 2016/08/15 7:22:51 ET
Table 'Sthenelos' 6-max Seat #2 is the button
Seat 2: hairy1961 ($262.81 in chips)
Seat 3: masterblstr8 ($111.26 in chips)
hairy1961: posts small blind $1
masterblstr8: posts big blind $3
*** HOLE CARDS ***
hairy1961: raises $3 to $6
masterblstr8: calls $3
*** FLOP *** [Qd Jh 5c]
masterblstr8: checks
hairy1961: bets $3
masterblstr8: calls $3
*** TURN *** [Qd Jh 5c] [9h]
masterblstr8: checks
hairy1961: checks
*** RIVER *** [Qd Jh 5c 9h] [3s]
masterblstr8: bets $6
hairy1961: calls $6
*** SHOW DOWN ***
masterblstr8: shows [5s 4s] (a pair of Fives)
hairy1961: mucks hand
masterblstr8 collected $29.50 from pot
*** SUMMARY ***
Total pot $30 | Rake $0.50
Board [Qd Jh 5c 9h 3s]
Seat 2: hairy1961 (button) (small blind) mucked
Seat 3: masterblstr8 (big blind) showed [5s 4s] and won ($29.50) with a pair of Fives


PokerStars Hand #157299992412:  Hold'em Limit ($3/$6 USD) - 2016/08/15 7:23:23 ET
Table 'Sthenelos' 6-max Seat #3 is the button
Seat 2: hairy1961 ($247.81 in chips)
Seat 3: masterblstr8 ($125.76 in chips)
masterblstr8: posts small blind $1
hairy1961: posts big blind $3
*** HOLE CARDS ***
masterblstr8: raises $3 to $6
hairy1961: calls $3
*** FLOP *** [Js 4s 5h]
hairy1961: checks
masterblstr8: bets $3
hairy1961: calls $3
*** TURN *** [Js 4s 5h] [Qc]
hairy1961: checks
masterblstr8: bets $6
hairy1961: raises $6 to $12
masterblstr8: raises $6 to $18
hairy1961: calls $6
*** RIVER *** [Js 4s 5h Qc] [2c]
hairy1961: checks
masterblstr8: bets $6
hairy1961: calls $6
*** SHOW DOWN ***
masterblstr8: shows [5s 5d] (three of a kind, Fives)
hairy1961: mucks hand
masterblstr8 collected $65.50 from pot
*** SUMMARY ***
Total pot $66 | Rake $0.50
Board [Js 4s 5h Qc 2c]
Seat 2: hairy1961 (big blind) mucked
Seat 3: masterblstr8 (button) (small blind) showed [5s 5d] and won ($65.50) with three of a kind, Fives


PokerStars Hand #157300007810:  Hold'em Limit ($3/$6 USD) - 2016/08/15 7:24:00 ET
Table 'Sthenelos' 6-max Seat #2 is the button
Seat 2: hairy1961 ($214.81 in chips)
Seat 3: masterblstr8 ($158.26 in chips)
hairy1961: posts small blind $1
masterblstr8: posts big blind $3
*** HOLE CARDS ***
hairy1961: folds
Uncalled bet ($2) returned to masterblstr8
masterblstr8 collected $2 from pot
masterblstr8: doesn't show hand
*** SUMMARY ***
Total pot $2 | Rake $0
Seat 2: hairy1961 (button) (small blind) folded before Flop
Seat 3: masterblstr8 (big blind) collected ($2)


