PokerStars Hand #157735931609:  Hold'em Limit ($3/$6 USD) - 2016/08/25 16:53:19 ET
Table 'Stobbe II' 6-max Seat #3 is the button
Seat 3: FabronxRJ ($579.63 in chips)
Seat 5: vestimokrec ($102 in chips)
FabronxRJ: posts small blind $1
vestimokrec: posts big blind $3
*** HOLE CARDS ***
FabronxRJ: calls $2
vestimokrec: raises $3 to $6
FabronxRJ: calls $3
*** FLOP *** [Kc 2h Jh]
vestimokrec: bets $3
FabronxRJ: calls $3
*** TURN *** [Kc 2h Jh] [Th]
vestimokrec: checks
FabronxRJ: bets $6
vestimokrec: folds
Uncalled bet ($6) returned to FabronxRJ
FabronxRJ collected $17.64 from pot
*** SUMMARY ***
Total pot $18 | Rake $0.36
Board [Kc 2h Jh Th]
Seat 3: FabronxRJ (button) (small blind) collected ($17.64)
Seat 5: vestimokrec (big blind) folded on the Turn


PokerStars Hand #157735925371:  Hold'em Limit ($3/$6 USD) - 2016/08/25 16:53:12 ET
Table 'Stobbe II' 6-max Seat #5 is the button
Seat 3: FabronxRJ ($582.63 in chips)
Seat 5: vestimokrec ($99 in chips)
vestimokrec: posts small blind $1
FabronxRJ: posts big blind $3
*** HOLE CARDS ***
vestimokrec: raises $3 to $6
FabronxRJ: folds
Uncalled bet ($3) returned to vestimokrec
vestimokrec collected $6 from pot
vestimokrec: doesn't show hand
*** SUMMARY ***
Total pot $6 | Rake $0
Seat 3: FabronxRJ (big blind) folded before Flop
Seat 5: vestimokrec (button) (small blind) collected ($6)


PokerStars Hand #157735880051:  Hold'em Limit ($3/$6 USD) - 2016/08/25 16:52:22 ET
Table 'Stobbe II' 6-max Seat #3 is the button
Seat 3: FabronxRJ ($562.13 in chips)
Seat 5: vestimokrec ($120 in chips)
FabronxRJ: posts small blind $1
vestimokrec: posts big blind $3
*** HOLE CARDS ***
FabronxRJ: raises $3 to $6
vestimokrec: calls $3
*** FLOP *** [Td Qs Th]
vestimokrec: checks
FabronxRJ: bets $3
vestimokrec: calls $3
*** TURN *** [Td Qs Th] [Jc]
vestimokrec: checks
FabronxRJ: bets $6
vestimokrec: calls $6
*** RIVER *** [Td Qs Th Jc] [5d]
vestimokrec: checks
FabronxRJ: bets $6
vestimokrec: calls $6
*** SHOW DOWN ***
FabronxRJ: shows [5c 5h] (a full house, Fives full of Tens)
vestimokrec: mucks hand
FabronxRJ collected $41.50 from pot
*** SUMMARY ***
Total pot $42 | Rake $0.50
Board [Td Qs Th Jc 5d]
Seat 3: FabronxRJ (button) (small blind) showed [5c 5h] and won ($41.50) with a full house, Fives full of Tens
Seat 5: vestimokrec (big blind) mucked


PokerStars Hand #157735954447:  Hold'em Limit ($3/$6 USD) - 2016/08/25 16:53:44 ET
Table 'Stobbe II' 6-max Seat #5 is the button
Seat 3: FabronxRJ ($588.27 in chips)
Seat 5: vestimokrec ($93 in chips)
vestimokrec: posts small blind $1
FabronxRJ: posts big blind $3
*** HOLE CARDS ***
vestimokrec: raises $3 to $6
FabronxRJ: calls $3
*** FLOP *** [8h Ac 4s]
FabronxRJ: checks
vestimokrec: bets $3
RaisemyNut$ joins the table at seat #4
asino222 joins the table at seat #6
FabronxRJ: folds
Uncalled bet ($3) returned to vestimokrec
vestimokrec collected $11.76 from pot
vestimokrec: doesn't show hand
*** SUMMARY ***
Total pot $12 | Rake $0.24
Board [8h Ac 4s]
Seat 3: FabronxRJ (big blind) folded on the Flop
Seat 5: vestimokrec (button) (small blind) collected ($11.76)


