PokerStars Hand #160056042474:  Hold'em Limit ($3/$6 USD) - 2016/10/17 9:59:27 ET
Table 'Strackea' 6-max Seat #2 is the button
Seat 2: sarasa46 ($60 in chips)
Seat 4: Agrotait ($72 in chips)
avgust91985 joins the table at seat #3
sarasa46: posts small blind $1
Agrotait: posts big blind $3
*** HOLE CARDS ***
sarasa46: raises $3 to $6
Agrotait: calls $3
*** FLOP *** [3h 7d 9d]
Agrotait: checks
sarasa46: bets $3
Agrotait: calls $3
*** TURN *** [3h 7d 9d] [4h]
Agrotait: checks
sarasa46: checks
*** RIVER *** [3h 7d 9d 4h] [5s]
Agrotait: checks
sarasa46: checks
*** SHOW DOWN ***
Agrotait: shows [Kd 2c] (high card King)
sarasa46: shows [Ts 3s] (a pair of Threes)
sarasa46 collected $17.64 from pot
*** SUMMARY ***
Total pot $18 | Rake $0.36
Board [3h 7d 9d 4h 5s]
Seat 2: sarasa46 (button) (small blind) showed [Ts 3s] and won ($17.64) with a pair of Threes
Seat 4: Agrotait (big blind) showed [Kd 2c] and lost with high card King


PokerStars Hand #160065805673:  Hold'em Limit ($3/$6 USD) - 2016/10/17 13:54:20 ET
Table 'Strackea' 6-max Seat #4 is the button
Seat 4: alpex ($116 in chips)
Seat 5: TinaTurner72 ($124 in chips)
alpex: posts small blind $1
TinaTurner72: posts big blind $3
*** HOLE CARDS ***
alpex: raises $3 to $6
TinaTurner72: calls $3
*** FLOP *** [8h As 6s]
TinaTurner72: checks
alpex: bets $3
TinaTurner72: folds
Uncalled bet ($3) returned to alpex
Ag3r0n joins the table at seat #1
alpex collected $11.76 from pot
alpex: doesn't show hand
*** SUMMARY ***
Total pot $12 | Rake $0.24
Board [8h As 6s]
Seat 4: alpex (button) (small blind) collected ($11.76)
Seat 5: TinaTurner72 (big blind) folded on the Flop


PokerStars Hand #160071271101:  Hold'em Limit ($3/$6 USD) - 2016/10/17 15:40:17 ET
Table 'Strackea' 6-max Seat #4 is the button
Seat 4: supervisorK ($178.26 in chips)
Seat 5: Velbor107 ($276.97 in chips)
supervisorK: posts small blind $1
Velbor107: posts big blind $3
*** HOLE CARDS ***
supervisorK: folds
Uncalled bet ($2) returned to Velbor107
Velbor107 collected $2 from pot
*** SUMMARY ***
Total pot $2 | Rake $0
Seat 4: supervisorK (button) (small blind) folded before Flop
Seat 5: Velbor107 (big blind) collected ($2)


PokerStars Hand #160071254984:  Hold'em Limit ($3/$6 USD) - 2016/10/17 15:40:00 ET
Table 'Strackea' 6-max Seat #5 is the button
Seat 4: supervisorK ($184.26 in chips)
Seat 5: Velbor107 ($271.21 in chips)
Velbor107: posts small blind $1
supervisorK: posts big blind $3
*** HOLE CARDS ***
Velbor107: raises $3 to $6
supervisorK: calls $3
*** FLOP *** [Ah 3s 6s]
arina201317 leaves the table
supervisorK: checks
CDNballer leaves the table
Velbor107: bets $3
supervisorK: folds
Uncalled bet ($3) returned to Velbor107
Velbor107 collected $11.76 from pot
*** SUMMARY ***
Total pot $12 | Rake $0.24
Board [Ah 3s 6s]
Seat 4: supervisorK (big blind) folded on the Flop
Seat 5: Velbor107 (button) (small blind) collected ($11.76)


