PokerStars Hand #146871543218:  Hold'em Limit ($3/$6 USD) - 2016/01/11 14:46:46 ET
Table 'Strattonia' 6-max Seat #3 is the button
Seat 2: SashaYuvelir ($122.07 in chips)
Seat 3: Alan The For ($31.42 in chips)
Alan The For: posts small blind $1
SashaYuvelir: posts big blind $3
*** HOLE CARDS ***
Alan The For: raises $3 to $6
SashaYuvelir: calls $3
*** FLOP *** [5s Ac 9h]
SashaYuvelir: checks
Alan The For: bets $3
SashaYuvelir: folds
Uncalled bet ($3) returned to Alan The For
Alan The For collected $11.76 from pot
*** SUMMARY ***
Total pot $12 | Rake $0.24
Board [5s Ac 9h]
Seat 2: SashaYuvelir (big blind) folded on the Flop
Seat 3: Alan The For (button) (small blind) collected ($11.76)


PokerStars Hand #146871516566:  Hold'em Limit ($3/$6 USD) - 2016/01/11 14:46:21 ET
Table 'Strattonia' 6-max Seat #2 is the button
Seat 2: SashaYuvelir ($134.07 in chips)
Seat 3: Alan The For ($19.90 in chips)
SashaYuvelir: posts small blind $1
Alan The For: posts big blind $3
*** HOLE CARDS ***
SashaYuvelir: raises $3 to $6
Rmk1500 leaves the table
Alan The For: raises $3 to $9
SashaYuvelir: calls $3
*** FLOP *** [Ks Js Kd]
Alan The For: bets $3
SashaYuvelir: calls $3
*** TURN *** [Ks Js Kd] [Ad]
Alan The For: checks
SashaYuvelir: checks
*** RIVER *** [Ks Js Kd Ad] [4s]
Alan The For: bets $6
SashaYuvelir: folds
Uncalled bet ($6) returned to Alan The For
Alan The For collected $23.52 from pot
*** SUMMARY ***
Total pot $24 | Rake $0.48
Board [Ks Js Kd Ad 4s]
Seat 2: SashaYuvelir (button) (small blind) folded on the River
Seat 3: Alan The For (big blind) collected ($23.52)


PokerStars Hand #146871586027:  Hold'em Limit ($3/$6 USD) - 2016/01/11 14:47:19 ET
Table 'Strattonia' 6-max Seat #1 is the button
Seat 1: svoy2 ($525.14 in chips)
Seat 2: SashaYuvelir ($115.07 in chips)
svoy2: posts small blind $1
SashaYuvelir: posts big blind $3
*** HOLE CARDS ***
svoy2: raises $3 to $6
SashaYuvelir: folds
Uncalled bet ($3) returned to svoy2
svoy2 collected $6 from pot
*** SUMMARY ***
Total pot $6 | Rake $0
Seat 1: svoy2 (button) (small blind) collected ($6)
Seat 2: SashaYuvelir (big blind) folded before Flop


PokerStars Hand #146871574040:  Hold'em Limit ($3/$6 USD) - 2016/01/11 14:47:11 ET
Table 'Strattonia' 6-max Seat #2 is the button
Seat 1: svoy2 ($524.14 in chips)
Seat 2: SashaYuvelir ($116.07 in chips)
SashaYuvelir: posts small blind $1
svoy2: posts big blind $3
*** HOLE CARDS ***
SashaYuvelir: folds
Uncalled bet ($2) returned to svoy2
svoy2 collected $2 from pot
svoy2: doesn't show hand
*** SUMMARY ***
Total pot $2 | Rake $0
Seat 1: svoy2 (big blind) collected ($2)
Seat 2: SashaYuvelir (button) (small blind) folded before Flop


PokerStars Hand #146871626112:  Hold'em Limit ($3/$6 USD) - 2016/01/11 14:47:51 ET
Table 'Strattonia' 6-max Seat #2 is the button
Seat 1: svoy2 ($518.14 in chips)
Seat 2: SashaYuvelir ($121.71 in chips)
SashaYuvelir: posts small blind $1
svoy2: posts big blind $3
*** HOLE CARDS ***
SashaYuvelir: raises $3 to $6
svoy2: folds
Uncalled bet ($3) returned to SashaYuvelir
SashaYuvelir collected $6 from pot
SashaYuvelir: doesn't show hand
*** SUMMARY ***
Total pot $6 | Rake $0
Seat 1: svoy2 (big blind) folded before Flop
Seat 2: SashaYuvelir (button) (small blind) collected ($6)


PokerStars Hand #146871616739:  Hold'em Limit ($3/$6 USD) - 2016/01/11 14:47:45 ET
Table 'Strattonia' 6-max Seat #1 is the button
Seat 1: svoy2 ($519.14 in chips)
Seat 2: SashaYuvelir ($120.71 in chips)
svoy2: posts small blind $1
SashaYuvelir: posts big blind $3
*** HOLE CARDS ***
svoy2: folds
Uncalled bet ($2) returned to SashaYuvelir
Alan The For is disconnected
SashaYuvelir collected $2 from pot
SashaYuvelir: doesn't show hand
*** SUMMARY ***
Total pot $2 | Rake $0
Seat 1: svoy2 (button) (small blind) folded before Flop
Seat 2: SashaYuvelir (big blind) collected ($2)


PokerStars Hand #146871591513:  Hold'em Limit ($3/$6 USD) - 2016/01/11 14:47:25 ET
Table 'Strattonia' 6-max Seat #2 is the button
Seat 1: svoy2 ($528.14 in chips)
Seat 2: SashaYuvelir ($112.07 in chips)
SashaYuvelir: posts small blind $1
svoy2: posts big blind $3
*** HOLE CARDS ***
SashaYuvelir: raises $3 to $6
svoy2: calls $3
*** FLOP *** [Jh Js 4h]
svoy2: checks
SashaYuvelir: bets $3
svoy2: calls $3
*** TURN *** [Jh Js 4h] [Ts]
svoy2: checks
SashaYuvelir: bets $6
svoy2: folds
Uncalled bet ($6) returned to SashaYuvelir
SashaYuvelir collected $17.64 from pot
SashaYuvelir: doesn't show hand
*** SUMMARY ***
Total pot $18 | Rake $0.36
Board [Jh Js 4h Ts]
Seat 1: svoy2 (big blind) folded on the Turn
Seat 2: SashaYuvelir (button) (small blind) collected ($17.64)


PokerStars Hand #146871660974:  Hold'em Limit ($3/$6 USD) - 2016/01/11 14:48:25 ET
Table 'Strattonia' 6-max Seat #2 is the button
Seat 1: svoy2 ($556.64 in chips)
Seat 2: SashaYuvelir ($82.71 in chips)
SashaYuvelir: posts small blind $1
svoy2: posts big blind $3
*** HOLE CARDS ***
SashaYuvelir: raises $3 to $6
svoy2: calls $3
*** FLOP *** [As 6c Jc]
svoy2: checks
SashaYuvelir: bets $3
svoy2: raises $3 to $6
SashaYuvelir: folds
Uncalled bet ($3) returned to svoy2
svoy2 collected $17.64 from pot
svoy2: doesn't show hand
*** SUMMARY ***
Total pot $18 | Rake $0.36
Board [As 6c Jc]
Seat 1: svoy2 (big blind) collected ($17.64)
Seat 2: SashaYuvelir (button) (small blind) folded on the Flop


PokerStars Hand #146871631912:  Hold'em Limit ($3/$6 USD) - 2016/01/11 14:47:58 ET
Table 'Strattonia' 6-max Seat #1 is the button
Seat 1: svoy2 ($515.14 in chips)
Seat 2: SashaYuvelir ($124.71 in chips)
svoy2: posts small blind $1
SashaYuvelir: posts big blind $3
*** HOLE CARDS ***
svoy2: raises $3 to $6
SashaYuvelir: calls $3
*** FLOP *** [8h Qh Qd]
SashaYuvelir: checks
svoy2: bets $3
SashaYuvelir: raises $3 to $6
svoy2: calls $3
*** TURN *** [8h Qh Qd] [9s]
SashaYuvelir: bets $6
svoy2: raises $6 to $12
SashaYuvelir: raises $6 to $18
svoy2: raises $6 to $24
Betting is capped
SashaYuvelir: calls $6
*** RIVER *** [8h Qh Qd 9s] [8c]
SashaYuvelir: bets $6
svoy2: raises $6 to $12
SashaYuvelir: folds
Uncalled bet ($6) returned to svoy2
svoy2 collected $83.50 from pot
svoy2: doesn't show hand
*** SUMMARY ***
Total pot $84 | Rake $0.50
Board [8h Qh Qd 9s 8c]
Seat 1: svoy2 (button) (small blind) collected ($83.50)
Seat 2: SashaYuvelir (big blind) folded on the River


