PokerStars Hand #148623731585:  Hold'em Limit ($3/$6 USD) - 2016/02/11 12:39:41 ET
Table 'Strattonia II' 2-max Seat #1 is the button
Seat 1: yirkape ($43.91 in chips)
Seat 2: IntoTheAiR ($116 in chips)
yirkape: posts small blind $1
IntoTheAiR: posts big blind $3
*** HOLE CARDS ***
yirkape: folds
Uncalled bet ($2) returned to IntoTheAiR
IntoTheAiR collected $2 from pot
IntoTheAiR: doesn't show hand
*** SUMMARY ***
Total pot $2 | Rake $0
Seat 1: yirkape (button) (small blind) folded before Flop
Seat 2: IntoTheAiR (big blind) collected ($2)


PokerStars Hand #148623727266:  Hold'em Limit ($3/$6 USD) - 2016/02/11 12:39:37 ET
Table 'Strattonia II' 2-max Seat #2 is the button
Seat 1: yirkape ($46.91 in chips)
Seat 2: IntoTheAiR ($113 in chips)
IntoTheAiR: posts small blind $1
yirkape: posts big blind $3
*** HOLE CARDS ***
IntoTheAiR: raises $3 to $6
yirkape: folds
Uncalled bet ($3) returned to IntoTheAiR
IntoTheAiR collected $6 from pot
IntoTheAiR: doesn't show hand
*** SUMMARY ***
Total pot $6 | Rake $0
Seat 1: yirkape (big blind) folded before Flop
Seat 2: IntoTheAiR (button) (small blind) collected ($6)


PokerStars Hand #148623735972:  Hold'em Limit ($3/$6 USD) - 2016/02/11 12:39:46 ET
Table 'Strattonia II' 2-max Seat #2 is the button
Seat 1: yirkape ($42.91 in chips)
Seat 2: IntoTheAiR ($117 in chips)
IntoTheAiR: posts small blind $1
yirkape: posts big blind $3
*** HOLE CARDS ***
IntoTheAiR: raises $3 to $6
yirkape: calls $3
*** FLOP *** [7c 9s Kh]
yirkape: checks
IntoTheAiR: bets $3
yirkape: folds
Uncalled bet ($3) returned to IntoTheAiR
IntoTheAiR collected $11.76 from pot
IntoTheAiR: doesn't show hand
*** SUMMARY ***
Total pot $12 | Rake $0.24
Board [7c 9s Kh]
Seat 1: yirkape (big blind) folded on the Flop
Seat 2: IntoTheAiR (button) (small blind) collected ($11.76)


