PokerStars Hand #171918990308:  Hold'em Limit ($3/$6 USD) - 2017/06/18 3:15:23 ET
Table 'Strackea' 6-max Seat #3 is the button
Seat 2: sim5sim5 ($101.50 in chips)
Seat 3: LifeisagameX ($84 in chips)
LifeisagameX: posts small blind $1
sim5sim5: posts big blind $3
*** HOLE CARDS ***
LifeisagameX: raises $3 to $6
sim5sim5: calls $3
*** FLOP *** [6d 3h Ts]
sim5sim5: checks
LifeisagameX: bets $3
sim5sim5: folds
Uncalled bet ($3) returned to LifeisagameX
LifeisagameX collected $11.76 from pot
LifeisagameX: doesn't show hand
*** SUMMARY ***
Total pot $12 | Rake $0.24
Board [6d 3h Ts]
Seat 2: sim5sim5 (big blind) folded on the Flop
Seat 3: LifeisagameX (button) (small blind) collected ($11.76)


PokerStars Hand #171918977929:  Hold'em Limit ($3/$6 USD) - 2017/06/18 3:14:39 ET
Table 'Strackea' 6-max Seat #2 is the button
Seat 2: sim5sim5 ($72 in chips)
Seat 3: LifeisagameX ($84 in chips)
sim5sim5: posts small blind $1
LifeisagameX: posts big blind $3
*** HOLE CARDS ***
sim5sim5: raises $3 to $6
LifeisagameX: calls $3
*** FLOP *** [4h 8d Qh]
LifeisagameX: checks
sim5sim5: bets $3
LifeisagameX: raises $3 to $6
sim5sim5: calls $3
*** TURN *** [4h 8d Qh] [2d]
LifeisagameX: bets $6
sim5sim5: raises $6 to $12
LifeisagameX: calls $6
*** RIVER *** [4h 8d Qh 2d] [Ah]
LifeisagameX: checks
sim5sim5: bets $6
LifeisagameX: calls $6
*** SHOW DOWN ***
sim5sim5: shows [Ad Qs] (two pair, Aces and Queens)
LifeisagameX: mucks hand
sim5sim5 collected $59.50 from pot
*** SUMMARY ***
Total pot $60 | Rake $0.50
Board [4h 8d Qh 2d Ah]
Seat 2: sim5sim5 (button) (small blind) showed [Ad Qs] and won ($59.50) with two pair, Aces and Queens
Seat 3: LifeisagameX (big blind) mucked


PokerStars Hand #171918994359:  Hold'em Limit ($3/$6 USD) - 2017/06/18 3:15:37 ET
Table 'Strackea' 6-max Seat #2 is the button
Seat 2: sim5sim5 ($95.50 in chips)
Seat 3: LifeisagameX ($89.76 in chips)
sim5sim5: posts small blind $1
LifeisagameX: posts big blind $3
*** HOLE CARDS ***
sim5sim5: raises $3 to $6
LifeisagameX: calls $3
*** FLOP *** [2s 7s 7c]
LifeisagameX: checks
sim5sim5: bets $3
LifeisagameX: raises $3 to $6
sim5sim5: calls $3
*** TURN *** [2s 7s 7c] [Ks]
LifeisagameX: checks
sim5sim5: checks
*** RIVER *** [2s 7s 7c Ks] [Td]
LifeisagameX: bets $6
sim5sim5: folds
Uncalled bet ($6) returned to LifeisagameX
LifeisagameX collected $23.52 from pot
LifeisagameX: doesn't show hand
*** SUMMARY ***
Total pot $24 | Rake $0.48
Board [2s 7s 7c Ks Td]
Seat 2: sim5sim5 (button) (small blind) folded on the River
Seat 3: LifeisagameX (big blind) collected ($23.52)


PokerStars Hand #171919005988:  Hold'em Limit ($3/$6 USD) - 2017/06/18 3:16:18 ET
Table 'Strackea' 6-max Seat #3 is the button
Seat 2: sim5sim5 ($83.50 in chips)
Seat 3: LifeisagameX ($101.28 in chips)
LifeisagameX: posts small blind $1
sim5sim5: posts big blind $3
*** HOLE CARDS ***
coman567 joins the table at seat #4
LifeisagameX: raises $3 to $6
sim5sim5: calls $3
*** FLOP *** [4c 2s 9d]
sim5sim5: checks
LifeisagameX: checks
*** TURN *** [4c 2s 9d] [5h]
sim5sim5: bets $6
LifeisagameX: raises $6 to $12
sim5sim5: calls $6
*** RIVER *** [4c 2s 9d 5h] [Tc]
sim5sim5: checks
LifeisagameX: checks
*** SHOW DOWN ***
sim5sim5: shows [Js 9c] (a pair of Nines)
LifeisagameX: mucks hand
sim5sim5 collected $35.50 from pot
*** SUMMARY ***
Total pot $36 | Rake $0.50
Board [4c 2s 9d 5h Tc]
Seat 2: sim5sim5 (big blind) showed [Js 9c] and won ($35.50) with a pair of Nines
Seat 3: LifeisagameX (button) (small blind) mucked


PokerStars Hand #171919015882:  Hold'em Limit ($3/$6 USD) - 2017/06/18 3:16:53 ET
Table 'Strackea' 6-max Seat #2 is the button
Seat 2: sim5sim5 ($101 in chips)
Seat 3: LifeisagameX ($84 in chips)
sim5sim5: posts small blind $1
LifeisagameX: posts big blind $3
*** HOLE CARDS ***
sim5sim5: raises $3 to $6
LifeisagameX: raises $3 to $9
sim5sim5: calls $3
*** FLOP *** [9d Qd 3s]
LifeisagameX: bets $3
sim5sim5: raises $3 to $6
LifeisagameX: raises $3 to $9
sim5sim5: calls $3
*** TURN *** [9d Qd 3s] [Ad]
LifeisagameX: checks
sim5sim5: checks
*** RIVER *** [9d Qd 3s Ad] [Qs]
LifeisagameX: bets $6
sim5sim5: folds
Uncalled bet ($6) returned to LifeisagameX
LifeisagameX collected $35.50 from pot
LifeisagameX: doesn't show hand
*** SUMMARY ***
Total pot $36 | Rake $0.50
Board [9d Qd 3s Ad Qs]
Seat 2: sim5sim5 (button) (small blind) folded on the River
Seat 3: LifeisagameX (big blind) collected ($35.50)


