PokerStars Hand #163375764292:  Hold'em Limit ($3/$6 USD) - 2016/12/22 22:31:31 ET
Table 'Strattonia' 6-max Seat #6 is the button
Seat 3: 111shimi111 ($201.67 in chips)
Seat 6: LifeisagameX ($85 in chips)
LifeisagameX: posts small blind $1
111shimi111: posts big blind $3
*** HOLE CARDS ***
LifeisagameX: raises $3 to $6
111shimi111: calls $3
*** FLOP *** [2d 9c Kh]
111shimi111: checks
LifeisagameX: bets $3
111shimi111: folds
Uncalled bet ($3) returned to LifeisagameX
LifeisagameX collected $11.76 from pot
LifeisagameX: doesn't show hand
*** SUMMARY ***
Total pot $12 | Rake $0.24
Board [2d 9c Kh]
Seat 3: 111shimi111 (big blind) folded on the Flop
Seat 6: LifeisagameX (button) (small blind) collected ($11.76)


PokerStars Hand #163375762067:  Hold'em Limit ($3/$6 USD) - 2016/12/22 22:31:25 ET
Table 'Strattonia' 6-max Seat #3 is the button
Seat 3: 111shimi111 ($202.67 in chips)
Seat 6: LifeisagameX ($84 in chips)
111shimi111: posts small blind $1
LifeisagameX: posts big blind $3
*** HOLE CARDS ***
111shimi111: folds
Uncalled bet ($2) returned to LifeisagameX
LifeisagameX collected $2 from pot
LifeisagameX: doesn't show hand
*** SUMMARY ***
Total pot $2 | Rake $0
Seat 3: 111shimi111 (button) (small blind) folded before Flop
Seat 6: LifeisagameX (big blind) collected ($2)


PokerStars Hand #163375746555:  Hold'em Limit ($3/$6 USD) - 2016/12/22 22:30:46 ET
Table 'Strattonia' 6-max Seat #6 is the button
Seat 3: 111shimi111 ($196.91 in chips)
Seat 6: LifeisagameX ($84 in chips)
LifeisagameX: posts small blind $1
111shimi111: posts big blind $3
*** HOLE CARDS ***
LifeisagameX: raises $3 to $6
111shimi111: calls $3
*** FLOP *** [Ah Kh 2c]
111shimi111: bets $3
LifeisagameX: folds
Uncalled bet ($3) returned to 111shimi111
111shimi111 collected $11.76 from pot
*** SUMMARY ***
Total pot $12 | Rake $0.24
Board [Ah Kh 2c]
Seat 3: 111shimi111 (big blind) collected ($11.76)
Seat 6: LifeisagameX (button) (small blind) folded on the Flop


PokerStars Hand #163375781432:  Hold'em Limit ($3/$6 USD) - 2016/12/22 22:32:15 ET
Table 'Strattonia' 6-max Seat #3 is the button
Seat 3: 111shimi111 ($195.67 in chips)
Seat 6: LifeisagameX ($90.76 in chips)
111shimi111: posts small blind $1
LifeisagameX: posts big blind $3
*** HOLE CARDS ***
111shimi111: calls $2
LifeisagameX: checks
*** FLOP *** [8s 7s Kd]
LifeisagameX: checks
111shimi111: bets $3
LifeisagameX: raises $3 to $6
111shimi111: calls $3
*** TURN *** [8s 7s Kd] [2s]
LifeisagameX: bets $6
111shimi111: folds
Uncalled bet ($6) returned to LifeisagameX
LifeisagameX collected $17.64 from pot
LifeisagameX: doesn't show hand
*** SUMMARY ***
Total pot $18 | Rake $0.36
Board [8s 7s Kd 2s]
Seat 3: 111shimi111 (button) (small blind) folded on the Turn
Seat 6: LifeisagameX (big blind) collected ($17.64)


PokerStars Hand #163375831230:  Hold'em Limit ($3/$6 USD) - 2016/12/22 22:33:57 ET
Table 'Strattonia' 6-max Seat #3 is the button
Seat 3: 111shimi111 ($165.67 in chips)
Seat 6: LifeisagameX ($119.90 in chips)
111shimi111: posts small blind $1
LifeisagameX: posts big blind $3
*** HOLE CARDS ***
111shimi111: folds
Uncalled bet ($2) returned to LifeisagameX
LifeisagameX collected $2 from pot
LifeisagameX: doesn't show hand
*** SUMMARY ***
Total pot $2 | Rake $0
Seat 3: 111shimi111 (button) (small blind) folded before Flop
Seat 6: LifeisagameX (big blind) collected ($2)


PokerStars Hand #163375833364:  Hold'em Limit ($3/$6 USD) - 2016/12/22 22:34:02 ET
Table 'Strattonia' 6-max Seat #6 is the button
Seat 3: 111shimi111 ($164.67 in chips)
Seat 6: LifeisagameX ($120.90 in chips)
LifeisagameX: posts small blind $1
111shimi111: posts big blind $3
*** HOLE CARDS ***
LifeisagameX: raises $3 to $6
111shimi111: raises $3 to $9
LifeisagameX: calls $3
*** FLOP *** [Jh 9h Tc]
111shimi111: bets $3
LifeisagameX: raises $3 to $6
111shimi111: calls $3
*** TURN *** [Jh 9h Tc] [Kc]
111shimi111: checks
LifeisagameX: bets $6
111shimi111: folds
Uncalled bet ($6) returned to LifeisagameX
LifeisagameX collected $29.50 from pot
LifeisagameX: doesn't show hand
*** SUMMARY ***
Total pot $30 | Rake $0.50
Board [Jh 9h Tc Kc]
Seat 3: 111shimi111 (big blind) folded on the Turn
Seat 6: LifeisagameX (button) (small blind) collected ($29.50)


PokerStars Hand #163375853396:  Hold'em Limit ($3/$6 USD) - 2016/12/22 22:34:48 ET
Table 'Strattonia' 6-max Seat #3 is the button
Seat 3: 111shimi111 ($149.67 in chips)
Seat 6: LifeisagameX ($135.40 in chips)
111shimi111: posts small blind $1
LifeisagameX: posts big blind $3
*** HOLE CARDS ***
111shimi111: raises $3 to $6
LifeisagameX: calls $3
*** FLOP *** [6c Jh 7d]
LifeisagameX: checks
111shimi111: bets $3
LifeisagameX: calls $3
*** TURN *** [6c Jh 7d] [2s]
ToDaFelt joins the table at seat #4
LifeisagameX: checks
111shimi111: bets $6
LifeisagameX: folds
Uncalled bet ($6) returned to 111shimi111
111shimi111 collected $17.64 from pot
*** SUMMARY ***
Total pot $18 | Rake $0.36
Board [6c Jh 7d 2s]
Seat 3: 111shimi111 (button) (small blind) collected ($17.64)
Seat 6: LifeisagameX (big blind) folded on the Turn


PokerStars Hand #163375878436:  Hold'em Limit ($3/$6 USD) - 2016/12/22 22:35:51 ET
Table 'Strattonia' 6-max Seat #6 is the button
Seat 3: 111shimi111 ($158.31 in chips)
Seat 6: LifeisagameX ($126.40 in chips)
LifeisagameX: posts small blind $1
111shimi111: posts big blind $3
*** HOLE CARDS ***
LifeisagameX: raises $3 to $6
111shimi111: raises $3 to $9
LifeisagameX: calls $3
*** FLOP *** [5c 7s 4h]
111shimi111: bets $3
LifeisagameX: calls $3
*** TURN *** [5c 7s 4h] [Kd]
111shimi111: bets $6
LifeisagameX: calls $6
*** RIVER *** [5c 7s 4h Kd] [8d]
111shimi111: bets $6
LifeisagameX: calls $6
*** SHOW DOWN ***
111shimi111: shows [As 6s] (a straight, Four to Eight)
LifeisagameX: mucks hand
111shimi111 collected $47.50 from pot
*** SUMMARY ***
Total pot $48 | Rake $0.50
Board [5c 7s 4h Kd 8d]
Seat 3: 111shimi111 (big blind) showed [As 6s] and won ($47.50) with a straight, Four to Eight
Seat 6: LifeisagameX (button) (small blind) mucked


PokerStars Hand #163375929172:  Hold'em Limit ($3/$6 USD) - 2016/12/22 22:37:49 ET
Table 'Strattonia' 6-max Seat #3 is the button
Seat 3: 111shimi111 ($188.42 in chips)
Seat 4: ToDaFelt ($116 in chips)
111shimi111: posts small blind $1
ToDaFelt: posts big blind $3
*** HOLE CARDS ***
LifeisagameX leaves the table
111shimi111: calls $2
ToDaFelt: checks
*** FLOP *** [Jd 5s 5h]
ToDaFelt: checks
111shimi111: bets $3
ToDaFelt: folds
Uncalled bet ($3) returned to 111shimi111
111shimi111 collected $5.88 from pot
*** SUMMARY ***
Total pot $6 | Rake $0.12
Board [Jd 5s 5h]
Seat 3: 111shimi111 (button) (small blind) collected ($5.88)
Seat 4: ToDaFelt (big blind) folded on the Flop


PokerStars Hand #163375953145:  Hold'em Limit ($3/$6 USD) - 2016/12/22 22:38:51 ET
Table 'Strattonia' 6-max Seat #4 is the button
Seat 3: 111shimi111 ($191.30 in chips)
Seat 4: ToDaFelt ($113 in chips)
ToDaFelt: posts small blind $1
111shimi111: posts big blind $3
*** HOLE CARDS ***
ToDaFelt: raises $3 to $6
111shimi111: calls $3
*** FLOP *** [4c 6c 9h]
111shimi111: checks
ToDaFelt: checks
*** TURN *** [4c 6c 9h] [8h]
111shimi111: checks
ToDaFelt: checks
*** RIVER *** [4c 6c 9h 8h] [2h]
111shimi111: bets $6
ToDaFelt: calls $6
*** SHOW DOWN ***
111shimi111: shows [3c 5d] (a straight, Deuce to Six)
ToDaFelt: mucks hand
111shimi111 collected $23.52 from pot
*** SUMMARY ***
Total pot $24 | Rake $0.48
Board [4c 6c 9h 8h 2h]
Seat 3: 111shimi111 (big blind) showed [3c 5d] and won ($23.52) with a straight, Deuce to Six
Seat 4: ToDaFelt (button) (small blind) mucked


PokerStars Hand #163375981646:  Hold'em Limit ($3/$6 USD) - 2016/12/22 22:40:05 ET
Table 'Strattonia' 6-max Seat #3 is the button
Seat 3: 111shimi111 ($202.82 in chips)
Seat 4: ToDaFelt ($101 in chips)
111shimi111: posts small blind $1
ToDaFelt: posts big blind $3
*** HOLE CARDS ***
111shimi111: calls $2
ToDaFelt: checks
*** FLOP *** [Qs 4c 4s]
ToDaFelt: checks
111shimi111: bets $3
ToDaFelt: folds
Uncalled bet ($3) returned to 111shimi111
111shimi111 collected $5.88 from pot
*** SUMMARY ***
Total pot $6 | Rake $0.12
Board [Qs 4c 4s]
Seat 3: 111shimi111 (button) (small blind) collected ($5.88)
Seat 4: ToDaFelt (big blind) folded on the Flop


PokerStars Hand #163376005474:  Hold'em Limit ($3/$6 USD) - 2016/12/22 22:41:07 ET
Table 'Strattonia' 6-max Seat #4 is the button
Seat 3: 111shimi111 ($205.70 in chips)
Seat 4: ToDaFelt ($98 in chips)
ToDaFelt: posts small blind $1
111shimi111: posts big blind $3
*** HOLE CARDS ***
ToDaFelt: raises $3 to $6
111shimi111: raises $3 to $9
ToDaFelt: calls $3
*** FLOP *** [6d 9s 5d]
111shimi111: bets $3
ToDaFelt: calls $3
*** TURN *** [6d 9s 5d] [Ah]
111shimi111: bets $6
ToDaFelt: folds
Uncalled bet ($6) returned to 111shimi111
111shimi111 collected $23.52 from pot
*** SUMMARY ***
Total pot $24 | Rake $0.48
Board [6d 9s 5d Ah]
Seat 3: 111shimi111 (big blind) collected ($23.52)
Seat 4: ToDaFelt (button) (small blind) folded on the Turn


PokerStars Hand #163376034039:  Hold'em Limit ($3/$6 USD) - 2016/12/22 22:42:21 ET
Table 'Strattonia' 6-max Seat #3 is the button
Seat 3: 111shimi111 ($217.22 in chips)
Seat 4: ToDaFelt ($86 in chips)
111shimi111: posts small blind $1
ToDaFelt: posts big blind $3
*** HOLE CARDS ***
111shimi111: raises $3 to $6
ToDaFelt: calls $3
*** FLOP *** [6c 3s 4d]
ToDaFelt: checks
111shimi111 has timed out
111shimi111: checks
*** TURN *** [6c 3s 4d] [7h]
ToDaFelt: bets $6
111shimi111 has timed out
111shimi111: folds
Uncalled bet ($6) returned to ToDaFelt
ToDaFelt collected $11.76 from pot
ToDaFelt: doesn't show hand
*** SUMMARY ***
Total pot $12 | Rake $0.24
Board [6c 3s 4d 7h]
Seat 3: 111shimi111 (button) (small blind) folded on the Turn
Seat 4: ToDaFelt (big blind) collected ($11.76)


