PokerStars Hand #173383995820:  Hold'em Limit ($3/$6 USD) - 2017/07/22 21:04:09 ET
Table 'Strenua' 6-max Seat #2 is the button
Seat 1: kusznak ($288.12 in chips)
Seat 2: Griseglid ($151.44 in chips)
Griseglid: posts small blind $1
kusznak: posts big blind $3
*** HOLE CARDS ***
Griseglid: folds
Uncalled bet ($2) returned to kusznak
kusznak collected $2 from pot
kusznak: doesn't show hand
*** SUMMARY ***
Total pot $2 | Rake $0
Seat 1: kusznak (big blind) collected ($2)
Seat 2: Griseglid (button) (small blind) folded before Flop


PokerStars Hand #173383988843:  Hold'em Limit ($3/$6 USD) - 2017/07/22 21:03:52 ET
Table 'Strenua' 6-max Seat #1 is the button
Seat 1: kusznak ($252.62 in chips)
Seat 2: Griseglid ($187.44 in chips)
kusznak: posts small blind $1
Griseglid: posts big blind $3
*** HOLE CARDS ***
kusznak: raises $3 to $6
Griseglid: raises $3 to $9
kusznak: calls $3
*** FLOP *** [2s 3d 5h]
Griseglid: bets $3
kusznak: calls $3
*** TURN *** [2s 3d 5h] [2d]
Griseglid: bets $6
kusznak: raises $6 to $12
Griseglid: raises $6 to $18
kusznak: calls $6
*** RIVER *** [2s 3d 5h 2d] [Qc]
Griseglid: bets $6
kusznak: calls $6
*** SHOW DOWN ***
Griseglid: shows [9d 4d] (a pair of Deuces)
kusznak: shows [7d 7c] (two pair, Sevens and Deuces)
kusznak collected $71.50 from pot
*** SUMMARY ***
Total pot $72 | Rake $0.50
Board [2s 3d 5h 2d Qc]
Seat 1: kusznak (button) (small blind) showed [7d 7c] and won ($71.50) with two pair, Sevens and Deuces
Seat 2: Griseglid (big blind) showed [9d 4d] and lost with a pair of Deuces


PokerStars Hand #173383981884:  Hold'em Limit ($3/$6 USD) - 2017/07/22 21:03:35 ET
Table 'Strenua' 6-max Seat #2 is the button
Seat 1: kusznak ($261.62 in chips)
Seat 2: Griseglid ($178.80 in chips)
Griseglid: posts small blind $1
kusznak: posts big blind $3
*** HOLE CARDS ***
Griseglid: raises $3 to $6
kusznak: calls $3
*** FLOP *** [5h Jd Th]
kusznak: checks
Griseglid: bets $3
kusznak: calls $3
*** TURN *** [5h Jd Th] [7c]
kusznak: checks
Griseglid: bets $6
kusznak: folds
Uncalled bet ($6) returned to Griseglid
Griseglid collected $17.64 from pot
Griseglid: doesn't show hand
*** SUMMARY ***
Total pot $18 | Rake $0.36
Board [5h Jd Th 7c]
Seat 1: kusznak (big blind) folded on the Turn
Seat 2: Griseglid (button) (small blind) collected ($17.64)


PokerStars Hand #173384007654:  Hold'em Limit ($3/$6 USD) - 2017/07/22 21:04:38 ET
Table 'Strenua' 6-max Seat #2 is the button
Seat 1: kusznak ($280.12 in chips)
Seat 2: Griseglid ($159.08 in chips)
Griseglid: posts small blind $1
kusznak: posts big blind $3
*** HOLE CARDS ***
Griseglid: raises $3 to $6
kusznak: calls $3
*** FLOP *** [As 6c 9s]
kusznak: checks
Griseglid: bets $3
kusznak: calls $3
*** TURN *** [As 6c 9s] [8s]
kusznak: checks
Griseglid: checks
*** RIVER *** [As 6c 9s 8s] [7c]
kusznak: bets $6
Griseglid: raises $6 to $12
kusznak: calls $6
*** SHOW DOWN ***
Griseglid: shows [5s Ac] (a straight, Five to Nine)
kusznak: mucks hand
Griseglid collected $41.50 from pot
*** SUMMARY ***
Total pot $42 | Rake $0.50
Board [As 6c 9s 8s 7c]
Seat 1: kusznak (big blind) mucked
Seat 2: Griseglid (button) (small blind) showed [5s Ac] and won ($41.50) with a straight, Five to Nine


PokerStars Hand #173383997765:  Hold'em Limit ($3/$6 USD) - 2017/07/22 21:04:14 ET
Table 'Strenua' 6-max Seat #1 is the button
Seat 1: kusznak ($289.12 in chips)
Seat 2: Griseglid ($150.44 in chips)
kusznak: posts small blind $1
Griseglid: posts big blind $3
*** HOLE CARDS ***
kusznak: raises $3 to $6
Griseglid: raises $3 to $9
kusznak: calls $3
*** FLOP *** [Kh 7d 4h]
Griseglid: bets $3
kusznak: folds
Uncalled bet ($3) returned to Griseglid
Griseglid collected $17.64 from pot
Griseglid: doesn't show hand
*** SUMMARY ***
Total pot $18 | Rake $0.36
Board [Kh 7d 4h]
Seat 1: kusznak (button) (small blind) folded on the Flop
Seat 2: Griseglid (big blind) collected ($17.64)


