PokerStars Hand #164424376368:  Hold'em Limit ($3/$6 USD) - 2017/01/11 17:20:55 ET
Table 'Strenua' 10-max Seat #5 is the button
Seat 5: TinaTurner72 ($120 in chips)
Seat 7: LotsaBalls12 ($50.25 in chips)
TinaTurner72: posts small blind $1
LotsaBalls12: posts big blind $3
*** HOLE CARDS ***
Great_Kang joins the table at seat #8
TinaTurner72: raises $3 to $6
LotsaBalls12: calls $3
*** FLOP *** [2c 6d 7d]
LotsaBalls12: checks
TinaTurner72: bets $3
LotsaBalls12: calls $3
*** TURN *** [2c 6d 7d] [As]
LotsaBalls12: checks
TinaTurner72: bets $6
LotsaBalls12: raises $6 to $12
TinaTurner72: calls $6
*** RIVER *** [2c 6d 7d As] [Kc]
LotsaBalls12: bets $6
Krazy90 joins the table at seat #9
TinaTurner72: calls $6
*** SHOW DOWN ***
LotsaBalls12: shows [Kh 5d] (a pair of Kings)
TinaTurner72: shows [Ad 8h] (a pair of Aces)
TinaTurner72 collected $53.50 from pot
*** SUMMARY ***
Total pot $54 | Rake $0.50
Board [2c 6d 7d As Kc]
Seat 5: TinaTurner72 (button) (small blind) showed [Ad 8h] and won ($53.50) with a pair of Aces
Seat 7: LotsaBalls12 (big blind) showed [Kh 5d] and lost with a pair of Kings


PokerStars Hand #164424827294:  Hold'em Limit ($3/$6 USD) - 2017/01/11 17:28:53 ET
Table 'Strenua' 10-max Seat #8 is the button
Seat 8: Great_Kang ($168.51 in chips)
Seat 9: Krazy90 ($121.64 in chips)
Great_Kang: posts small blind $1
Krazy90: posts big blind $3
*** HOLE CARDS ***
Great_Kang: raises $3 to $6
LotsaBalls12 leaves the table
Krazy90: folds
Uncalled bet ($3) returned to Great_Kang
Great_Kang collected $6 from pot
Great_Kang: doesn't show hand
*** SUMMARY ***
Total pot $6 | Rake $0
Seat 8: Great_Kang (button) (small blind) collected ($6)
Seat 9: Krazy90 (big blind) folded before Flop


