PokerStars Hand #153829791210:  Hold'em Limit ($3/$6 USD) - 2016/05/25 14:13:56 ET
Table 'Strenua II' 6-max Seat #2 is the button
Seat 1: asf5550 ($119 in chips)
Seat 2: TinaTurner72 ($121 in chips)
TinaTurner72: posts small blind $1
asf5550: posts big blind $3
*** HOLE CARDS ***
TinaTurner72: raises $3 to $6
asf5550: calls $3
*** FLOP *** [Th 5d 8h]
asf5550: checks
TinaTurner72: bets $3
asf5550: raises $3 to $6
TinaTurner72: calls $3
*** TURN *** [Th 5d 8h] [4h]
asf5550: bets $6
TinaTurner72: calls $6
*** RIVER *** [Th 5d 8h 4h] [Qs]
asf5550: bets $6
TinaTurner72: calls $6
*** SHOW DOWN ***
asf5550: shows [Tc 2c] (a pair of Tens)
TinaTurner72: mucks hand
asf5550 collected $47.50 from pot
*** SUMMARY ***
Total pot $48 | Rake $0.50
Board [Th 5d 8h 4h Qs]
Seat 1: asf5550 (big blind) showed [Tc 2c] and won ($47.50) with a pair of Tens
Seat 2: TinaTurner72 (button) (small blind) mucked


PokerStars Hand #153829848957:  Hold'em Limit ($3/$6 USD) - 2016/05/25 14:14:58 ET
Table 'Strenua II' 6-max Seat #1 is the button
Seat 1: asf5550 ($171.76 in chips)
Seat 2: TinaTurner72 ($67 in chips)
asf5550: posts small blind $1
TinaTurner72: posts big blind $3
*** HOLE CARDS ***
asf5550: folds
Uncalled bet ($2) returned to TinaTurner72
TinaTurner72 collected $2 from pot
TinaTurner72: doesn't show hand
*** SUMMARY ***
Total pot $2 | Rake $0
Seat 1: asf5550 (button) (small blind) folded before Flop
Seat 2: TinaTurner72 (big blind) collected ($2)


PokerStars Hand #153829820407:  Hold'em Limit ($3/$6 USD) - 2016/05/25 14:14:31 ET
Table 'Strenua II' 6-max Seat #2 is the button
Seat 1: asf5550 ($148.26 in chips)
Seat 2: TinaTurner72 ($91 in chips)
TinaTurner72: posts small blind $1
asf5550: posts big blind $3
*** HOLE CARDS ***
TinaTurner72: raises $3 to $6
asf5550: calls $3
*** FLOP *** [6d 3c 7c]
asf5550: checks
TinaTurner72: bets $3
asf5550: raises $3 to $6
TinaTurner72: calls $3
*** TURN *** [6d 3c 7c] [Th]
asf5550: bets $6
TinaTurner72: calls $6
*** RIVER *** [6d 3c 7c Th] [6c]
asf5550: bets $6
TinaTurner72: calls $6
*** SHOW DOWN ***
asf5550: shows [Jc 7d] (two pair, Sevens and Sixes)
TinaTurner72: mucks hand
asf5550 collected $47.50 from pot
*** SUMMARY ***
Total pot $48 | Rake $0.50
Board [6d 3c 7c Th 6c]
Seat 1: asf5550 (big blind) showed [Jc 7d] and won ($47.50) with two pair, Sevens and Sixes
Seat 2: TinaTurner72 (button) (small blind) mucked


PokerStars Hand #153829810199:  Hold'em Limit ($3/$6 USD) - 2016/05/25 14:14:19 ET
Table 'Strenua II' 6-max Seat #1 is the button
Seat 1: asf5550 ($142.50 in chips)
Seat 2: TinaTurner72 ($97 in chips)
asf5550: posts small blind $1
TinaTurner72: posts big blind $3
*** HOLE CARDS ***
asf5550: raises $3 to $6
TinaTurner72: calls $3
*** FLOP *** [2s 3s 7d]
TinaTurner72: checks
asf5550: bets $3
TinaTurner72: folds
Uncalled bet ($3) returned to asf5550
asf5550 collected $11.76 from pot
asf5550: doesn't show hand
*** SUMMARY ***
Total pot $12 | Rake $0.24
Board [2s 3s 7d]
Seat 1: asf5550 (button) (small blind) collected ($11.76)
Seat 2: TinaTurner72 (big blind) folded on the Flop


PokerStars Hand #153829878930:  Hold'em Limit ($3/$6 USD) - 2016/05/25 14:15:33 ET
Table 'Strenua II' 6-max Seat #1 is the button
Seat 1: asf5550 ($146.76 in chips)
Seat 2: TinaTurner72 ($91.50 in chips)
asf5550: posts small blind $1
TinaTurner72: posts big blind $3
*** HOLE CARDS ***
asf5550: raises $3 to $6
TinaTurner72: calls $3
*** FLOP *** [6s Jh 5d]
TinaTurner72: checks
asf5550: bets $3
TinaTurner72: folds
Uncalled bet ($3) returned to asf5550
asf5550 collected $11.76 from pot
asf5550: doesn't show hand
*** SUMMARY ***
Total pot $12 | Rake $0.24
Board [6s Jh 5d]
Seat 1: asf5550 (button) (small blind) collected ($11.76)
Seat 2: TinaTurner72 (big blind) folded on the Flop


PokerStars Hand #153829854548:  Hold'em Limit ($3/$6 USD) - 2016/05/25 14:15:04 ET
Table 'Strenua II' 6-max Seat #2 is the button
Seat 1: asf5550 ($170.76 in chips)
Seat 2: TinaTurner72 ($68 in chips)
TinaTurner72: posts small blind $1
asf5550: posts big blind $3
*** HOLE CARDS ***
TinaTurner72: raises $3 to $6
asf5550: calls $3
*** FLOP *** [9h Jd Jh]
asf5550: checks
TinaTurner72: bets $3
asf5550: raises $3 to $6
TinaTurner72: calls $3
*** TURN *** [9h Jd Jh] [2c]
asf5550: bets $6
TinaTurner72: calls $6
*** RIVER *** [9h Jd Jh 2c] [9s]
asf5550: bets $6
TinaTurner72: calls $6
*** SHOW DOWN ***
asf5550: shows [Th Qd] (two pair, Jacks and Nines)
TinaTurner72: shows [3s Ks] (two pair, Jacks and Nines - King kicker)
TinaTurner72 collected $47.50 from pot
*** SUMMARY ***
Total pot $48 | Rake $0.50
Board [9h Jd Jh 2c 9s]
Seat 1: asf5550 (big blind) showed [Th Qd] and lost with two pair, Jacks and Nines
Seat 2: TinaTurner72 (button) (small blind) showed [3s Ks] and won ($47.50) with two pair, Jacks and Nines


PokerStars Hand #153829937893:  Hold'em Limit ($3/$6 USD) - 2016/05/25 14:16:43 ET
Table 'Strenua II' 6-max Seat #1 is the button
Seat 1: asf5550 ($161.16 in chips)
Seat 2: TinaTurner72 ($76.50 in chips)
asf5550: posts small blind $1
TinaTurner72: posts big blind $3
*** HOLE CARDS ***
asf5550: calls $2
TinaTurner72: checks
*** FLOP *** [Ah 3h Ac]
TinaTurner72: checks
asf5550: checks
*** TURN *** [Ah 3h Ac] [2s]
TinaTurner72: checks
asf5550: bets $6
TinaTurner72: folds
Uncalled bet ($6) returned to asf5550
asf5550 collected $5.88 from pot
asf5550: doesn't show hand
*** SUMMARY ***
Total pot $6 | Rake $0.12
Board [Ah 3h Ac 2s]
Seat 1: asf5550 (button) (small blind) collected ($5.88)
Seat 2: TinaTurner72 (big blind) folded on the Turn


PokerStars Hand #153829892918:  Hold'em Limit ($3/$6 USD) - 2016/05/25 14:15:50 ET
Table 'Strenua II' 6-max Seat #2 is the button
Seat 1: asf5550 ($152.52 in chips)
Seat 2: TinaTurner72 ($85.50 in chips)
TinaTurner72: posts small blind $1
asf5550: posts big blind $3
*** HOLE CARDS ***
TinaTurner72: raises $3 to $6
asf5550: calls $3
*** FLOP *** [9s 2h 4c]
asf5550: checks
TinaTurner72: bets $3
asf5550: calls $3
*** TURN *** [9s 2h 4c] [Jh]
asf5550: checks
asf5550 said, "3:)"
TinaTurner72: checks
*** RIVER *** [9s 2h 4c Jh] [Ah]
asf5550: bets $6
TinaTurner72: folds
Uncalled bet ($6) returned to asf5550
asf5550 collected $17.64 from pot
asf5550: doesn't show hand
*** SUMMARY ***
Total pot $18 | Rake $0.36
Board [9s 2h 4c Jh Ah]
Seat 1: asf5550 (big blind) collected ($17.64)
Seat 2: TinaTurner72 (button) (small blind) folded on the River


PokerStars Hand #153830010266:  Hold'em Limit ($3/$6 USD) - 2016/05/25 14:18:10 ET
Table 'Strenua II' 6-max Seat #2 is the button
Seat 1: asf5550 ($206.80 in chips)
Seat 2: TinaTurner72 ($89.50 in chips)
TinaTurner72: posts small blind $1
asf5550: posts big blind $3
*** HOLE CARDS ***
TinaTurner72: folds
Uncalled bet ($2) returned to asf5550
asf5550 collected $2 from pot
asf5550: doesn't show hand
*** SUMMARY ***
Total pot $2 | Rake $0
Seat 1: asf5550 (big blind) collected ($2)
Seat 2: TinaTurner72 (button) (small blind) folded before Flop


PokerStars Hand #153830006025:  Hold'em Limit ($3/$6 USD) - 2016/05/25 14:18:05 ET
Table 'Strenua II' 6-max Seat #1 is the button
Seat 1: asf5550 ($207.80 in chips)
Seat 2: TinaTurner72 ($88.50 in chips)
asf5550: posts small blind $1
TinaTurner72: posts big blind $3
*** HOLE CARDS ***
asf5550: folds
Uncalled bet ($2) returned to TinaTurner72
TinaTurner72 collected $2 from pot
TinaTurner72: doesn't show hand
*** SUMMARY ***
Total pot $2 | Rake $0
Seat 1: asf5550 (button) (small blind) folded before Flop
Seat 2: TinaTurner72 (big blind) collected ($2)


PokerStars Hand #153829991319:  Hold'em Limit ($3/$6 USD) - 2016/05/25 14:17:47 ET
Table 'Strenua II' 6-max Seat #2 is the button
Seat 1: asf5550 ($193.30 in chips)
Seat 2: TinaTurner72 ($43.50 in chips)
TinaTurner72: posts small blind $1
asf5550: posts big blind $3
*** HOLE CARDS ***
TinaTurner72: raises $3 to $6
asf5550: raises $3 to $9
TinaTurner72: raises $3 to $12
Betting is capped
asf5550: calls $3
*** FLOP *** [2s 3h 3d]
asf5550: bets $3
TinaTurner72: calls $3
*** TURN *** [2s 3h 3d] [5d]
asf5550: bets $6
TinaTurner72: folds
Uncalled bet ($6) returned to asf5550
asf5550 collected $29.50 from pot
asf5550: doesn't show hand
*** SUMMARY ***
Total pot $30 | Rake $0.50
Board [2s 3h 3d 5d]
Seat 1: asf5550 (big blind) collected ($29.50)
Seat 2: TinaTurner72 (button) (small blind) folded on the Turn


PokerStars Hand #153829981878:  Hold'em Limit ($3/$6 USD) - 2016/05/25 14:17:36 ET
Table 'Strenua II' 6-max Seat #1 is the button
Seat 1: asf5550 ($187.54 in chips)
Seat 2: TinaTurner72 ($49.50 in chips)
asf5550: posts small blind $1
TinaTurner72: posts big blind $3
*** HOLE CARDS ***
asf5550: raises $3 to $6
TinaTurner72: calls $3
*** FLOP *** [8c 9s 2h]
TinaTurner72: checks
asf5550: bets $3
TinaTurner72: folds
Uncalled bet ($3) returned to asf5550
asf5550 collected $11.76 from pot
asf5550: doesn't show hand
*** SUMMARY ***
Total pot $12 | Rake $0.24
Board [8c 9s 2h]
Seat 1: asf5550 (button) (small blind) collected ($11.76)
Seat 2: TinaTurner72 (big blind) folded on the Flop


PokerStars Hand #153829958622:  Hold'em Limit ($3/$6 USD) - 2016/05/25 14:17:08 ET
Table 'Strenua II' 6-max Seat #2 is the button
Seat 1: asf5550 ($164.04 in chips)
Seat 2: TinaTurner72 ($73.50 in chips)
TinaTurner72: posts small blind $1
asf5550: posts big blind $3
*** HOLE CARDS ***
TinaTurner72: raises $3 to $6
asf5550: calls $3
*** FLOP *** [8h Jh Qs]
asf5550: checks
TinaTurner72: bets $3
asf5550: raises $3 to $6
TinaTurner72: calls $3
*** TURN *** [8h Jh Qs] [2c]
asf5550: bets $6
TinaTurner72: calls $6
*** RIVER *** [8h Jh Qs 2c] [7h]
asf5550: bets $6
TinaTurner72: calls $6
*** SHOW DOWN ***
asf5550: shows [5d Qd] (a pair of Queens)
TinaTurner72: mucks hand
asf5550 collected $47.50 from pot
*** SUMMARY ***
Total pot $48 | Rake $0.50
Board [8h Jh Qs 2c 7h]
Seat 1: asf5550 (big blind) showed [5d Qd] and won ($47.50) with a pair of Queens
Seat 2: TinaTurner72 (button) (small blind) mucked


PokerStars Hand #153830043870:  Hold'em Limit ($3/$6 USD) - 2016/05/25 14:18:51 ET
Table 'Strenua II' 6-max Seat #2 is the button
Seat 1: asf5550 ($196.80 in chips)
Seat 2: TinaTurner72 ($99.02 in chips)
TinaTurner72: posts small blind $1
asf5550: posts big blind $3
*** HOLE CARDS ***
TinaTurner72: raises $3 to $6
asf5550: calls $3
*** FLOP *** [4c Ad 7s]
asf5550: checks
TinaTurner72: bets $3
asf5550: raises $3 to $6
TinaTurner72: calls $3
*** TURN *** [4c Ad 7s] [Ah]
asf5550: bets $6
TinaTurner72: calls $6
*** RIVER *** [4c Ad 7s Ah] [9s]
asf5550: bets $6
TinaTurner72: calls $6
*** SHOW DOWN ***
asf5550: shows [4h 4s] (a full house, Fours full of Aces)
TinaTurner72: mucks hand
asf5550 collected $47.50 from pot
*** SUMMARY ***
Total pot $48 | Rake $0.50
Board [4c Ad 7s Ah 9s]
Seat 1: asf5550 (big blind) showed [4h 4s] and won ($47.50) with a full house, Fours full of Aces
Seat 2: TinaTurner72 (button) (small blind) mucked


PokerStars Hand #153830027415:  Hold'em Limit ($3/$6 USD) - 2016/05/25 14:18:31 ET
Table 'Strenua II' 6-max Seat #1 is the button
Seat 1: asf5550 ($205.80 in chips)
Seat 2: TinaTurner72 ($90.38 in chips)
asf5550: posts small blind $1
TinaTurner72: posts big blind $3
*** HOLE CARDS ***
asf5550: raises $3 to $6
TinaTurner72: calls $3
*** FLOP *** [Kh Js 5d]
TinaTurner72: checks
asf5550: bets $3
TinaTurner72: raises $3 to $6
asf5550: folds
Uncalled bet ($3) returned to TinaTurner72
TinaTurner72 collected $17.64 from pot
*** SUMMARY ***
Total pot $18 | Rake $0.36
Board [Kh Js 5d]
Seat 1: asf5550 (button) (small blind) folded on the Flop
Seat 2: TinaTurner72 (big blind) collected ($17.64)


PokerStars Hand #153830023823:  Hold'em Limit ($3/$6 USD) - 2016/05/25 14:18:27 ET
Table 'Strenua II' 6-max Seat #2 is the button
Seat 1: asf5550 ($204.80 in chips)
Seat 2: TinaTurner72 ($91.38 in chips)
TinaTurner72: posts small blind $1
asf5550: posts big blind $3
*** HOLE CARDS ***
TinaTurner72: folds
Uncalled bet ($2) returned to asf5550
asf5550 collected $2 from pot
asf5550: doesn't show hand
*** SUMMARY ***
Total pot $2 | Rake $0
Seat 1: asf5550 (big blind) collected ($2)
Seat 2: TinaTurner72 (button) (small blind) folded before Flop


PokerStars Hand #153830013952:  Hold'em Limit ($3/$6 USD) - 2016/05/25 14:18:15 ET
Table 'Strenua II' 6-max Seat #1 is the button
Seat 1: asf5550 ($207.80 in chips)
Seat 2: TinaTurner72 ($88.50 in chips)
asf5550: posts small blind $1
TinaTurner72: posts big blind $3
*** HOLE CARDS ***
asf5550: calls $2
TinaTurner72: checks
*** FLOP *** [Qh 9c Kc]
TinaTurner72: bets $3
asf5550: folds
Uncalled bet ($3) returned to TinaTurner72
TinaTurner72 collected $5.88 from pot
TinaTurner72: doesn't show hand
*** SUMMARY ***
Total pot $6 | Rake $0.12
Board [Qh 9c Kc]
Seat 1: asf5550 (button) (small blind) folded on the Flop
Seat 2: TinaTurner72 (big blind) collected ($5.88)


PokerStars Hand #153830100248:  Hold'em Limit ($3/$6 USD) - 2016/05/25 14:19:58 ET
Table 'Strenua II' 6-max Seat #1 is the button
Seat 1: asf5550 ($202.30 in chips)
Seat 2: TinaTurner72 ($92.40 in chips)
asf5550: posts small blind $1
TinaTurner72: posts big blind $3
*** HOLE CARDS ***
asf5550: calls $2
TinaTurner72: checks
*** FLOP *** [Kh Qs Ts]
TinaTurner72: checks
asf5550: checks
*** TURN *** [Kh Qs Ts] [Ad]
TinaTurner72: checks
asf5550: checks
*** RIVER *** [Kh Qs Ts Ad] [Jh]
TinaTurner72: checks
asf5550: checks
*** SHOW DOWN ***
TinaTurner72: shows [4s 9c] (a straight, Ten to Ace)
asf5550: shows [2d Ac] (a straight, Ten to Ace)
TinaTurner72 collected $2.94 from pot
asf5550 collected $2.94 from pot
*** SUMMARY ***
Total pot $6 | Rake $0.12
Board [Kh Qs Ts Ad Jh]
Seat 1: asf5550 (button) (small blind) showed [2d Ac] and won ($2.94) with a straight, Ten to Ace
Seat 2: TinaTurner72 (big blind) showed [4s 9c] and won ($2.94) with a straight, Ten to Ace


PokerStars Hand #153830081290:  Hold'em Limit ($3/$6 USD) - 2016/05/25 14:19:35 ET
Table 'Strenua II' 6-max Seat #2 is the button
Seat 1: asf5550 ($217.30 in chips)
Seat 2: TinaTurner72 ($77.90 in chips)
TinaTurner72: posts small blind $1
asf5550: posts big blind $3
*** HOLE CARDS ***
TinaTurner72: raises $3 to $6
asf5550: calls $3
*** FLOP *** [Td 3h Jd]
asf5550: checks
TinaTurner72: bets $3
asf5550: calls $3
*** TURN *** [Td 3h Jd] [Jh]
asf5550: checks
TinaTurner72: bets $6
asf5550: calls $6
*** RIVER *** [Td 3h Jd Jh] [Ts]
asf5550: checks
TinaTurner72: checks
*** SHOW DOWN ***
asf5550: shows [6h 6s] (two pair, Jacks and Tens)
TinaTurner72: shows [2h Ad] (two pair, Jacks and Tens - Ace kicker)
TinaTurner72 collected $29.50 from pot
*** SUMMARY ***
Total pot $30 | Rake $0.50
Board [Td 3h Jd Jh Ts]
Seat 1: asf5550 (big blind) showed [6h 6s] and lost with two pair, Jacks and Tens
Seat 2: TinaTurner72 (button) (small blind) showed [2h Ad] and won ($29.50) with two pair, Jacks and Tens


PokerStars Hand #153830066777:  Hold'em Limit ($3/$6 USD) - 2016/05/25 14:19:18 ET
Table 'Strenua II' 6-max Seat #1 is the button
Seat 1: asf5550 ($220.30 in chips)
Seat 2: TinaTurner72 ($75.02 in chips)
asf5550: posts small blind $1
TinaTurner72: posts big blind $3
*** HOLE CARDS ***
asf5550: calls $2
TinaTurner72: checks
*** FLOP *** [Th 5c Ac]
TinaTurner72: bets $3
asf5550: folds
Uncalled bet ($3) returned to TinaTurner72
TinaTurner72 collected $5.88 from pot
TinaTurner72: doesn't show hand
*** SUMMARY ***
Total pot $6 | Rake $0.12
Board [Th 5c Ac]
Seat 1: asf5550 (button) (small blind) folded on the Flop
Seat 2: TinaTurner72 (big blind) collected ($5.88)


PokerStars Hand #153830134992:  Hold'em Limit ($3/$6 USD) - 2016/05/25 14:20:40 ET
Table 'Strenua II' 6-max Seat #1 is the button
Seat 1: asf5550 ($187.24 in chips)
Seat 2: TinaTurner72 ($106.84 in chips)
asf5550: posts small blind $1
TinaTurner72: posts big blind $3
*** HOLE CARDS ***
asf5550: calls $2
TinaTurner72: checks
*** FLOP *** [6d Qh Qc]
TinaTurner72: bets $3
asf5550: folds
Uncalled bet ($3) returned to TinaTurner72
TinaTurner72 collected $5.88 from pot
TinaTurner72: doesn't show hand
*** SUMMARY ***
Total pot $6 | Rake $0.12
Board [6d Qh Qc]
Seat 1: asf5550 (button) (small blind) folded on the Flop
Seat 2: TinaTurner72 (big blind) collected ($5.88)


PokerStars Hand #153830112248:  Hold'em Limit ($3/$6 USD) - 2016/05/25 14:20:12 ET
Table 'Strenua II' 6-max Seat #2 is the button
Seat 1: asf5550 ($202.24 in chips)
Seat 2: TinaTurner72 ($92.34 in chips)
TinaTurner72: posts small blind $1
asf5550: posts big blind $3
*** HOLE CARDS ***
TinaTurner72: raises $3 to $6
asf5550: calls $3
*** FLOP *** [Js 7h 9h]
asf5550: checks
TinaTurner72: bets $3
asf5550: calls $3
*** TURN *** [Js 7h 9h] [8c]
asf5550: checks
TinaTurner72: checks
*** RIVER *** [Js 7h 9h 8c] [Th]
asf5550: bets $6
TinaTurner72: raises $6 to $12
asf5550: folds
Uncalled bet ($6) returned to TinaTurner72
TinaTurner72 collected $29.50 from pot
TinaTurner72: doesn't show hand
*** SUMMARY ***
Total pot $30 | Rake $0.50
Board [Js 7h 9h 8c Th]
Seat 1: asf5550 (big blind) folded on the River
Seat 2: TinaTurner72 (button) (small blind) collected ($29.50)


PokerStars Hand #153830191976:  Hold'em Limit ($3/$6 USD) - 2016/05/25 14:21:48 ET
Table 'Strenua II' 6-max Seat #2 is the button
Seat 1: asf5550 ($219.24 in chips)
Seat 2: TinaTurner72 ($73.72 in chips)
TinaTurner72: posts small blind $1
asf5550: posts big blind $3
*** HOLE CARDS ***
TinaTurner72: raises $3 to $6
asf5550: calls $3
*** FLOP *** [Kh 7h Qd]
asf5550: checks
TinaTurner72: bets $3
asf5550: calls $3
*** TURN *** [Kh 7h Qd] [Th]
asf5550: checks
TinaTurner72: bets $6
asf5550: raises $6 to $12
TinaTurner72: raises $6 to $18
asf5550: raises $6 to $24
Betting is capped
TinaTurner72: calls $6
*** RIVER *** [Kh 7h Qd Th] [Ah]
asf5550: checks
TinaTurner72: bets $6
asf5550: calls $6
*** SHOW DOWN ***
TinaTurner72: shows [3h Jh] (a flush, Ace high)
asf5550: mucks hand
TinaTurner72 collected $77.50 from pot
*** SUMMARY ***
Total pot $78 | Rake $0.50
Board [Kh 7h Qd Th Ah]
Seat 1: asf5550 (big blind) mucked
Seat 2: TinaTurner72 (button) (small blind) showed [3h Jh] and won ($77.50) with a flush, Ace high


PokerStars Hand #153830170541:  Hold'em Limit ($3/$6 USD) - 2016/05/25 14:21:23 ET
Table 'Strenua II' 6-max Seat #1 is the button
Seat 1: asf5550 ($201.74 in chips)
Seat 2: TinaTurner72 ($91.72 in chips)
asf5550: posts small blind $1
TinaTurner72: posts big blind $3
*** HOLE CARDS ***
asf5550: raises $3 to $6
TinaTurner72: raises $3 to $9
asf5550: calls $3
*** FLOP *** [8c 7d Qs]
TinaTurner72: bets $3
asf5550: calls $3
*** TURN *** [8c 7d Qs] [5c]
TinaTurner72: bets $6
asf5550: calls $6
*** RIVER *** [8c 7d Qs 5c] [6s]
TinaTurner72: checks
asf5550: bets $6
TinaTurner72: folds
Uncalled bet ($6) returned to asf5550
asf5550 collected $35.50 from pot
asf5550: doesn't show hand
*** SUMMARY ***
Total pot $36 | Rake $0.50
Board [8c 7d Qs 5c 6s]
Seat 1: asf5550 (button) (small blind) collected ($35.50)
Seat 2: TinaTurner72 (big blind) folded on the River


PokerStars Hand #153830153732:  Hold'em Limit ($3/$6 USD) - 2016/05/25 14:21:02 ET
Table 'Strenua II' 6-max Seat #2 is the button
Seat 1: asf5550 ($184.24 in chips)
Seat 2: TinaTurner72 ($109.72 in chips)
TinaTurner72: posts small blind $1
asf5550: posts big blind $3
*** HOLE CARDS ***
TinaTurner72: raises $3 to $6
asf5550: raises $3 to $9
TinaTurner72: calls $3
*** FLOP *** [4d Qh 8h]
asf5550: bets $3
TinaTurner72: calls $3
*** TURN *** [4d Qh 8h] [6c]
asf5550: bets $6
TinaTurner72: calls $6
*** RIVER *** [4d Qh 8h 6c] [3s]
asf5550: bets $6
TinaTurner72: folds
Uncalled bet ($6) returned to asf5550
asf5550 collected $35.50 from pot
asf5550: doesn't show hand
*** SUMMARY ***
Total pot $36 | Rake $0.50
Board [4d Qh 8h 6c 3s]
Seat 1: asf5550 (big blind) collected ($35.50)
Seat 2: TinaTurner72 (button) (small blind) folded on the River


PokerStars Hand #153830219501:  Hold'em Limit ($3/$6 USD) - 2016/05/25 14:22:21 ET
Table 'Strenua II' 6-max Seat #1 is the button
Seat 1: asf5550 ($180.24 in chips)
Seat 2: TinaTurner72 ($112.22 in chips)
asf5550: posts small blind $1
TinaTurner72: posts big blind $3
*** HOLE CARDS ***
asf5550: calls $2
krossguard joins the table at seat #3
TinaTurner72: checks
*** FLOP *** [Ac Ah Th]
TinaTurner72: checks
asf5550: bets $3
TinaTurner72: folds
Uncalled bet ($3) returned to asf5550
asf5550 collected $5.88 from pot
asf5550: doesn't show hand
*** SUMMARY ***
Total pot $6 | Rake $0.12
Board [Ac Ah Th]
Seat 1: asf5550 (button) (small blind) collected ($5.88)
Seat 2: TinaTurner72 (big blind) folded on the Flop


PokerStars Hand #153830333863:  Hold'em Limit ($3/$6 USD) - 2016/05/25 14:24:38 ET
Table 'Strenua II' 6-max Seat #2 is the button
Seat 2: TinaTurner72 ($101.22 in chips)
Seat 3: krossguard ($127.46 in chips)
TinaTurner72: posts small blind $1
krossguard: posts big blind $3
*** HOLE CARDS ***
TinaTurner72: raises $3 to $6
krossguard: raises $3 to $9
TinaTurner72: calls $3
*** FLOP *** [Kh Td Ks]
krossguard: bets $3
TinaTurner72: calls $3
*** TURN *** [Kh Td Ks] [8c]
krossguard: bets $6
TinaTurner72: calls $6
*** RIVER *** [Kh Td Ks 8c] [3c]
krossguard: bets $6
TinaTurner72: calls $6
*** SHOW DOWN ***
krossguard: shows [4h Ad] (a pair of Kings)
TinaTurner72: shows [4d Ah] (a pair of Kings)
krossguard collected $23.75 from pot
TinaTurner72 collected $23.75 from pot
*** SUMMARY ***
Total pot $48 | Rake $0.50
Board [Kh Td Ks 8c 3c]
Seat 2: TinaTurner72 (button) (small blind) showed [4d Ah] and won ($23.75) with a pair of Kings
Seat 3: krossguard (big blind) showed [4h Ad] and won ($23.75) with a pair of Kings


PokerStars Hand #153830681366:  Hold'em Limit ($3/$6 USD) - 2016/05/25 14:31:36 ET
Table 'Strenua II' 6-max Seat #1 is the button
Seat 1: Luanto 14 ($121 in chips)
Seat 5: artecris ($399.64 in chips)
Luanto 14: posts small blind $1
TinaTurner72: is sitting out
artecris: posts big blind $3
*** HOLE CARDS ***
Luanto 14: raises $3 to $6
artecris: calls $3
*** FLOP *** [4c 6s 9d]
artecris: checks
Luanto 14: bets $3
artecris: calls $3
*** TURN *** [4c 6s 9d] [3c]
artecris: checks
Luanto 14: bets $6
TinaTurner72 leaves the table
artecris: folds
Uncalled bet ($6) returned to Luanto 14
Luanto 14 collected $17.64 from pot
Luanto 14: doesn't show hand
*** SUMMARY ***
Total pot $18 | Rake $0.36
Board [4c 6s 9d 3c]
Seat 1: Luanto 14 (button) (small blind) collected ($17.64)
Seat 5: artecris (big blind) folded on the Turn


PokerStars Hand #153830702809:  Hold'em Limit ($3/$6 USD) - 2016/05/25 14:32:01 ET
Table 'Strenua II' 6-max Seat #5 is the button
Seat 1: Luanto 14 ($129.64 in chips)
Seat 5: artecris ($390.64 in chips)
artecris: posts small blind $1
Luanto 14: posts big blind $3
*** HOLE CARDS ***
artecris: folds
Uncalled bet ($2) returned to Luanto 14
Luanto 14 collected $2 from pot
Luanto 14: doesn't show hand
*** SUMMARY ***
Total pot $2 | Rake $0
Seat 1: Luanto 14 (big blind) collected ($2)
Seat 5: artecris (button) (small blind) folded before Flop


PokerStars Hand #153830707829:  Hold'em Limit ($3/$6 USD) - 2016/05/25 14:32:07 ET
Table 'Strenua II' 6-max Seat #1 is the button
Seat 1: Luanto 14 ($130.64 in chips)
Seat 5: artecris ($389.64 in chips)
Luanto 14: posts small blind $1
artecris: posts big blind $3
*** HOLE CARDS ***
Luanto 14: raises $3 to $6
artecris: calls $3
*** FLOP *** [Qh Ac 7s]
artecris: checks
Luanto 14: bets $3
artecris: folds
Uncalled bet ($3) returned to Luanto 14
Luanto 14 collected $11.76 from pot
Luanto 14: doesn't show hand
*** SUMMARY ***
Total pot $12 | Rake $0.24
Board [Qh Ac 7s]
Seat 1: Luanto 14 (button) (small blind) collected ($11.76)
Seat 5: artecris (big blind) folded on the Flop


PokerStars Hand #153830718346:  Hold'em Limit ($3/$6 USD) - 2016/05/25 14:32:20 ET
Table 'Strenua II' 6-max Seat #5 is the button
Seat 1: Luanto 14 ($136.40 in chips)
Seat 5: artecris ($383.64 in chips)
artecris: posts small blind $1
Luanto 14: posts big blind $3
*** HOLE CARDS ***
crash19867 leaves the table
artecris: calls $2
Luanto 14: raises $3 to $6
artecris: calls $3
*** FLOP *** [Ah Th 2s]
Luanto 14: bets $3
artecris: raises $3 to $6
Luanto 14: calls $3
*** TURN *** [Ah Th 2s] [2h]
Luanto 14: checks
artecris: bets $6
Luanto 14: calls $6
*** RIVER *** [Ah Th 2s 2h] [8h]
Luanto 14: checks
artecris: bets $6
Luanto 14: folds
Uncalled bet ($6) returned to artecris
artecris collected $35.50 from pot
artecris: doesn't show hand
*** SUMMARY ***
Total pot $36 | Rake $0.50
Board [Ah Th 2s 2h 8h]
Seat 1: Luanto 14 (big blind) folded on the River
Seat 5: artecris (button) (small blind) collected ($35.50)


