PokerStars Hand #144357192195:  Hold'em Limit ($3/$6 USD) - 2015/11/25 8:07:20 ET
Table 'Stromgrenia' 6-max Seat #4 is the button
Seat 3: prinz_luxus ($35.76 in chips)
Seat 4: Actionni13 ($150 in chips)
Actionni13: posts small blind $1
prinz_luxus: posts big blind $3
*** HOLE CARDS ***
Actionni13: raises $3 to $6
prinz_luxus: calls $3
*** FLOP *** [2s 5d 6d]
prinz_luxus: checks
Actionni13: bets $3
prinz_luxus: folds
Uncalled bet ($3) returned to Actionni13
Actionni13 collected $11.76 from pot
*** SUMMARY ***
Total pot $12 | Rake $0.24
Board [2s 5d 6d]
Seat 3: prinz_luxus (big blind) folded on the Flop
Seat 4: Actionni13 (button) (small blind) collected ($11.76)


PokerStars Hand #144357165461:  Hold'em Limit ($3/$6 USD) - 2015/11/25 8:06:32 ET
Table 'Stromgrenia' 6-max Seat #3 is the button
Seat 3: prinz_luxus ($30 in chips)
Seat 4: Actionni13 ($150 in chips)
prinz_luxus: posts small blind $1
Actionni13: posts big blind $3
*** HOLE CARDS ***
prinz_luxus: calls $2
Actionni13: checks
*** FLOP *** [2h 9c Jh]
Actionni13: checks
prinz_luxus: bets $3
Actionni13: calls $3
*** TURN *** [2h 9c Jh] [Tc]
Actionni13: checks
prinz_luxus: bets $6
Actionni13: folds
Uncalled bet ($6) returned to prinz_luxus
prinz_luxus collected $11.76 from pot
*** SUMMARY ***
Total pot $12 | Rake $0.24
Board [2h 9c Jh Tc]
Seat 3: prinz_luxus (button) (small blind) collected ($11.76)
Seat 4: Actionni13 (big blind) folded on the Turn


PokerStars Hand #144357199656:  Hold'em Limit ($3/$6 USD) - 2015/11/25 8:07:34 ET
Table 'Stromgrenia' 6-max Seat #3 is the button
Seat 3: prinz_luxus ($29.76 in chips)
Seat 4: Actionni13 ($155.76 in chips)
prinz_luxus: posts small blind $1
Actionni13: posts big blind $3
*** HOLE CARDS ***
covasa andre joins the table at seat #2
prinz_luxus: folds
Uncalled bet ($2) returned to Actionni13
Actionni13 collected $2 from pot
*** SUMMARY ***
Total pot $2 | Rake $0
Seat 3: prinz_luxus (button) (small blind) folded before Flop
Seat 4: Actionni13 (big blind) collected ($2)


PokerStars Hand #144357307671:  Hold'em Limit ($3/$6 USD) - 2015/11/25 8:10:50 ET
Table 'Stromgrenia' 6-max Seat #3 is the button
Seat 3: prinz_luxus ($28.40 in chips)
Seat 4: Actionni13 ($171.56 in chips)
prinz_luxus: posts small blind $1
Actionni13: posts big blind $3
*** HOLE CARDS ***
prinz_luxus: folds
Uncalled bet ($2) returned to Actionni13
Actionni13 collected $2 from pot
*** SUMMARY ***
Total pot $2 | Rake $0
Seat 3: prinz_luxus (button) (small blind) folded before Flop
Seat 4: Actionni13 (big blind) collected ($2)


PokerStars Hand #144357297541:  Hold'em Limit ($3/$6 USD) - 2015/11/25 8:10:32 ET
Table 'Stromgrenia' 6-max Seat #4 is the button
Seat 3: prinz_luxus ($19.76 in chips)
Seat 4: Actionni13 ($180.56 in chips)
Actionni13: posts small blind $1
prinz_luxus: posts big blind $3
*** HOLE CARDS ***
Actionni13: raises $3 to $6
prinz_luxus: calls $3
*** FLOP *** [Ah 8s 7d]
prinz_luxus: checks
Actionni13: bets $3
prinz_luxus: raises $3 to $6
Actionni13: folds
Uncalled bet ($3) returned to prinz_luxus
prinz_luxus collected $17.64 from pot
*** SUMMARY ***
Total pot $18 | Rake $0.36
Board [Ah 8s 7d]
Seat 3: prinz_luxus (big blind) collected ($17.64)
Seat 4: Actionni13 (button) (small blind) folded on the Flop


PokerStars Hand #144357314796:  Hold'em Limit ($3/$6 USD) - 2015/11/25 8:11:03 ET
Table 'Stromgrenia' 6-max Seat #3 is the button
Seat 3: prinz_luxus ($28.40 in chips)
Seat 4: Actionni13 ($171.56 in chips)
prinz_luxus: posts small blind $1
Actionni13: posts big blind $3
*** HOLE CARDS ***
prinz_luxus: raises $3 to $6
Actionni13: calls $3
*** FLOP *** [9d Kc 5s]
Actionni13: checks
prinz_luxus: checks
*** TURN *** [9d Kc 5s] [Ah]
Actionni13: checks
prinz_luxus: bets $6
Actionni13: folds
Uncalled bet ($6) returned to prinz_luxus
prinz_luxus collected $11.76 from pot
*** SUMMARY ***
Total pot $12 | Rake $0.24
Board [9d Kc 5s Ah]
Seat 3: prinz_luxus (button) (small blind) collected ($11.76)
Seat 4: Actionni13 (big blind) folded on the Turn


PokerStars Hand #144357311039:  Hold'em Limit ($3/$6 USD) - 2015/11/25 8:10:56 ET
Table 'Stromgrenia' 6-max Seat #4 is the button
Seat 3: prinz_luxus ($27.40 in chips)
Seat 4: Actionni13 ($172.56 in chips)
Actionni13: posts small blind $1
prinz_luxus: posts big blind $3
*** HOLE CARDS ***
Actionni13: folds
Uncalled bet ($2) returned to prinz_luxus
prinz_luxus collected $2 from pot
*** SUMMARY ***
Total pot $2 | Rake $0
Seat 3: prinz_luxus (big blind) collected ($2)
Seat 4: Actionni13 (button) (small blind) folded before Flop


PokerStars Hand #144357360568:  Hold'em Limit ($3/$6 USD) - 2015/11/25 8:12:26 ET
Table 'Stromgrenia' 6-max Seat #3 is the button
Seat 3: prinz_luxus ($42.80 in chips)
Seat 4: Actionni13 ($156.56 in chips)
prinz_luxus: posts small blind $1
Actionni13: posts big blind $3
*** HOLE CARDS ***
prinz_luxus: raises $3 to $6
Actionni13: folds
Uncalled bet ($3) returned to prinz_luxus
prinz_luxus collected $6 from pot
*** SUMMARY ***
Total pot $6 | Rake $0
Seat 3: prinz_luxus (button) (small blind) collected ($6)
Seat 4: Actionni13 (big blind) folded before Flop


PokerStars Hand #144357328981:  Hold'em Limit ($3/$6 USD) - 2015/11/25 8:11:29 ET
Table 'Stromgrenia' 6-max Seat #4 is the button
Seat 3: prinz_luxus ($34.16 in chips)
Seat 4: Actionni13 ($165.56 in chips)
Actionni13: posts small blind $1
prinz_luxus: posts big blind $3
*** HOLE CARDS ***
Actionni13: raises $3 to $6
prinz_luxus: raises $3 to $9
Actionni13: calls $3
*** FLOP *** [4h Kd Jh]
prinz_luxus: bets $3
Actionni13: folds
Uncalled bet ($3) returned to prinz_luxus
prinz_luxus collected $17.64 from pot
*** SUMMARY ***
Total pot $18 | Rake $0.36
Board [4h Kd Jh]
Seat 3: prinz_luxus (big blind) collected ($17.64)
Seat 4: Actionni13 (button) (small blind) folded on the Flop


PokerStars Hand #144357399220:  Hold'em Limit ($3/$6 USD) - 2015/11/25 8:13:36 ET
Table 'Stromgrenia' 6-max Seat #2 is the button
Seat 2: covasa andre ($28.86 in chips)
Seat 4: Actionni13 ($157.32 in chips)
covasa andre: posts small blind $1
Actionni13: posts big blind $3
*** HOLE CARDS ***
covasa andre: folds
Uncalled bet ($2) returned to Actionni13
Actionni13 collected $2 from pot
*** SUMMARY ***
Total pot $2 | Rake $0
Seat 2: covasa andre (button) (small blind) folded before Flop
Seat 4: Actionni13 (big blind) collected ($2)


PokerStars Hand #144357380515:  Hold'em Limit ($3/$6 USD) - 2015/11/25 8:13:02 ET
Table 'Stromgrenia' 6-max Seat #2 is the button
Seat 2: covasa andre ($35.86 in chips)
Seat 4: Actionni13 ($150.56 in chips)
covasa andre: posts small blind $1
prinz_luxus: is sitting out
prinz_luxus leaves the table
Actionni13: posts big blind $3
*** HOLE CARDS ***
covasa andre: folds
Uncalled bet ($2) returned to Actionni13
Actionni13 collected $2 from pot
*** SUMMARY ***
Total pot $2 | Rake $0
Seat 2: covasa andre (button) (small blind) folded before Flop
Seat 4: Actionni13 (big blind) collected ($2)


PokerStars Hand #144357383702:  Hold'em Limit ($3/$6 USD) - 2015/11/25 8:13:08 ET
Table 'Stromgrenia' 6-max Seat #4 is the button
Seat 2: covasa andre ($34.86 in chips)
Seat 4: Actionni13 ($151.56 in chips)
Actionni13: posts small blind $1
covasa andre: posts big blind $3
*** HOLE CARDS ***
Actionni13: raises $3 to $6
covasa andre: calls $3
*** FLOP *** [Ad 2s Kh]
covasa andre: checks
Actionni13: bets $3
covasa andre: folds
Uncalled bet ($3) returned to Actionni13
Actionni13 collected $11.76 from pot
*** SUMMARY ***
Total pot $12 | Rake $0.24
Board [Ad 2s Kh]
Seat 2: covasa andre (big blind) folded on the Flop
Seat 4: Actionni13 (button) (small blind) collected ($11.76)


PokerStars Hand #144357414544:  Hold'em Limit ($3/$6 USD) - 2015/11/25 8:14:04 ET
Table 'Stromgrenia' 6-max Seat #2 is the button
Seat 2: covasa andre ($36.50 in chips)
Seat 4: Actionni13 ($150 in chips)
covasa andre: posts small blind $1
Actionni13: posts big blind $3
*** HOLE CARDS ***
covasa andre: raises $3 to $6
Actionni13: folds
Uncalled bet ($3) returned to covasa andre
covasa andre collected $6 from pot
covasa andre: doesn't show hand
*** SUMMARY ***
Total pot $6 | Rake $0
Seat 2: covasa andre (button) (small blind) collected ($6)
Seat 4: Actionni13 (big blind) folded before Flop


PokerStars Hand #144357428752:  Hold'em Limit ($3/$6 USD) - 2015/11/25 8:14:30 ET
Table 'Stromgrenia' 6-max Seat #2 is the button
Seat 2: covasa andre ($33.50 in chips)
Seat 4: Actionni13 ($155.76 in chips)
covasa andre: posts small blind $1
Actionni13: posts big blind $3
*** HOLE CARDS ***
covasa andre: raises $3 to $6
Actionni13: folds
Uncalled bet ($3) returned to covasa andre
covasa andre collected $6 from pot
covasa andre: doesn't show hand
*** SUMMARY ***
Total pot $6 | Rake $0
Seat 2: covasa andre (button) (small blind) collected ($6)
Seat 4: Actionni13 (big blind) folded before Flop


PokerStars Hand #144357419043:  Hold'em Limit ($3/$6 USD) - 2015/11/25 8:14:12 ET
Table 'Stromgrenia' 6-max Seat #4 is the button
Seat 2: covasa andre ($39.50 in chips)
Seat 4: Actionni13 ($150 in chips)
Actionni13: posts small blind $1
covasa andre: posts big blind $3
*** HOLE CARDS ***
Actionni13: raises $3 to $6
covasa andre: calls $3
*** FLOP *** [Qd 2d 8d]
covasa andre: checks
Actionni13: bets $3
covasa andre: folds
Uncalled bet ($3) returned to Actionni13
Actionni13 collected $11.76 from pot
Actionni13: doesn't show hand
*** SUMMARY ***
Total pot $12 | Rake $0.24
Board [Qd 2d 8d]
Seat 2: covasa andre (big blind) folded on the Flop
Seat 4: Actionni13 (button) (small blind) collected ($11.76)


PokerStars Hand #144357401997:  Hold'em Limit ($3/$6 USD) - 2015/11/25 8:13:41 ET
Table 'Stromgrenia' 6-max Seat #4 is the button
Seat 2: covasa andre ($27.86 in chips)
Seat 4: Actionni13 ($158.32 in chips)
Actionni13: posts small blind $1
covasa andre: posts big blind $3
*** HOLE CARDS ***
Actionni13: raises $3 to $6
covasa andre: calls $3
*** FLOP *** [3h 3d 7c]
covasa andre: bets $3
Actionni13: calls $3
*** TURN *** [3h 3d 7c] [Kd]
covasa andre: bets $6
Actionni13: folds
Uncalled bet ($6) returned to covasa andre
covasa andre collected $17.64 from pot
covasa andre: doesn't show hand
*** SUMMARY ***
Total pot $18 | Rake $0.36
Board [3h 3d 7c Kd]
Seat 2: covasa andre (big blind) collected ($17.64)
Seat 4: Actionni13 (button) (small blind) folded on the Turn


PokerStars Hand #144357433408:  Hold'em Limit ($3/$6 USD) - 2015/11/25 8:14:39 ET
Table 'Stromgrenia' 6-max Seat #4 is the button
Seat 2: covasa andre ($36.50 in chips)
Seat 4: Actionni13 ($152.76 in chips)
Actionni13: posts small blind $1
covasa andre: posts big blind $3
*** HOLE CARDS ***
schnizm joins the table at seat #3
Actionni13: raises $3 to $6
covasa andre: calls $3
*** FLOP *** [Kc Qs Js]
covasa andre: checks
Actionni13: bets $3
covasa andre: raises $3 to $6
Actionni13: calls $3
*** TURN *** [Kc Qs Js] [2c]
covasa andre: bets $6
Actionni13: calls $6
*** RIVER *** [Kc Qs Js 2c] [4s]
covasa andre: bets $6
Actionni13: folds
Uncalled bet ($6) returned to covasa andre
covasa andre collected $35.50 from pot
covasa andre: doesn't show hand
*** SUMMARY ***
Total pot $36 | Rake $0.50
Board [Kc Qs Js 2c 4s]
Seat 2: covasa andre (big blind) collected ($35.50)
Seat 4: Actionni13 (button) (small blind) folded on the River


PokerStars Hand #144357468976:  Hold'em Limit ($3/$6 USD) - 2015/11/25 8:15:43 ET
Table 'Stromgrenia' 6-max Seat #3 is the button
Seat 3: schnizm ($117 in chips)
Seat 4: Actionni13 ($154 in chips)
schnizm: posts small blind $1
Actionni13: posts big blind $3
*** HOLE CARDS ***
schnizm: raises $3 to $6
Actionni13: raises $3 to $9
schnizm: calls $3
*** FLOP *** [4c 8s 2c]
Actionni13: bets $3
prinz_luxus joins the table at seat #6
schnizm: folds
Uncalled bet ($3) returned to Actionni13
Actionni13 collected $17.64 from pot
*** SUMMARY ***
Total pot $18 | Rake $0.36
Board [4c 8s 2c]
Seat 3: schnizm (button) (small blind) folded on the Flop
Seat 4: Actionni13 (big blind) collected ($17.64)


PokerStars Hand #144357804804:  Hold'em Limit ($3/$6 USD) - 2015/11/25 8:25:47 ET
Table 'Stromgrenia' 6-max Seat #3 is the button
Seat 2: covasa andre ($63.87 in chips)
Seat 3: schnizm ($102.64 in chips)
schnizm: posts small blind $1
covasa andre: posts big blind $3
*** HOLE CARDS ***
schnizm: raises $3 to $6
covasa andre: calls $3
*** FLOP *** [2s 5d 5s]
covasa andre: checks
schnizm: bets $3
covasa andre: calls $3
*** TURN *** [2s 5d 5s] [8c]
covasa andre: checks
schnizm: bets $6
covasa andre: folds
Uncalled bet ($6) returned to schnizm
schnizm collected $17.64 from pot
schnizm: doesn't show hand
*** SUMMARY ***
Total pot $18 | Rake $0.36
Board [2s 5d 5s 8c]
Seat 2: covasa andre (big blind) folded on the Turn
Seat 3: schnizm (button) (small blind) collected ($17.64)


PokerStars Hand #144357797852:  Hold'em Limit ($3/$6 USD) - 2015/11/25 8:25:35 ET
Table 'Stromgrenia' 6-max Seat #2 is the button
Seat 2: covasa andre ($72.87 in chips)
Seat 3: schnizm ($94 in chips)
covasa andre: posts small blind $1
schnizm: posts big blind $3
*** HOLE CARDS ***
covasa andre: raises $3 to $6
schnizm: raises $3 to $9
covasa andre: calls $3
*** FLOP *** [Qd 2d 7d]
schnizm: bets $3
covasa andre: folds
Uncalled bet ($3) returned to schnizm
schnizm collected $17.64 from pot
schnizm: doesn't show hand
*** SUMMARY ***
Total pot $18 | Rake $0.36
Board [Qd 2d 7d]
Seat 2: covasa andre (button) (small blind) folded on the Flop
Seat 3: schnizm (big blind) collected ($17.64)


PokerStars Hand #144357794640:  Hold'em Limit ($3/$6 USD) - 2015/11/25 8:25:29 ET
Table 'Stromgrenia' 6-max Seat #3 is the button
Seat 2: covasa andre ($75.87 in chips)
Seat 3: schnizm ($91 in chips)
schnizm: posts small blind $1
covasa andre: posts big blind $3
*** HOLE CARDS ***
schnizm: raises $3 to $6
covasa andre: folds
Uncalled bet ($3) returned to schnizm
schnizm collected $6 from pot
schnizm: doesn't show hand
*** SUMMARY ***
Total pot $6 | Rake $0
Seat 2: covasa andre (big blind) folded before Flop
Seat 3: schnizm (button) (small blind) collected ($6)


PokerStars Hand #144357791855:  Hold'em Limit ($3/$6 USD) - 2015/11/25 8:25:24 ET
Table 'Stromgrenia' 6-max Seat #2 is the button
Seat 2: covasa andre ($76.87 in chips)
Seat 3: schnizm ($90 in chips)
covasa andre: posts small blind $1
schnizm: posts big blind $3
*** HOLE CARDS ***
covasa andre: folds
Uncalled bet ($2) returned to schnizm
schnizm collected $2 from pot
schnizm: doesn't show hand
*** SUMMARY ***
Total pot $2 | Rake $0
Seat 2: covasa andre (button) (small blind) folded before Flop
Seat 3: schnizm (big blind) collected ($2)


PokerStars Hand #144357759124:  Hold'em Limit ($3/$6 USD) - 2015/11/25 8:24:26 ET
Table 'Stromgrenia' 6-max Seat #3 is the button
Seat 2: covasa andre ($62.37 in chips)
Seat 3: schnizm ($90 in chips)
schnizm: posts small blind $1
assitoni: is sitting out
covasa andre: posts big blind $3
*** HOLE CARDS ***
schnizm: raises $3 to $6
covasa andre: calls $3
*** FLOP *** [7h 7s 4c]
covasa andre: checks
schnizm: bets $3
covasa andre: calls $3
*** TURN *** [7h 7s 4c] [2c]
covasa andre: checks
assitoni leaves the table
schnizm: bets $6
covasa andre: raises $6 to $12
schnizm: folds
Uncalled bet ($6) returned to covasa andre
covasa andre collected $29.50 from pot
covasa andre: doesn't show hand
*** SUMMARY ***
Total pot $30 | Rake $0.50
Board [7h 7s 4c 2c]
Seat 2: covasa andre (big blind) collected ($29.50)
Seat 3: schnizm (button) (small blind) folded on the Turn


PokerStars Hand #144357813028:  Hold'em Limit ($3/$6 USD) - 2015/11/25 8:26:02 ET
Table 'Stromgrenia' 6-max Seat #2 is the button
Seat 2: covasa andre ($54.87 in chips)
Seat 3: schnizm ($111.28 in chips)
covasa andre: posts small blind $1
schnizm: posts big blind $3
*** HOLE CARDS ***
covasa andre: folds
Uncalled bet ($2) returned to schnizm
schnizm collected $2 from pot
schnizm: doesn't show hand
*** SUMMARY ***
Total pot $2 | Rake $0
Seat 2: covasa andre (button) (small blind) folded before Flop
Seat 3: schnizm (big blind) collected ($2)


PokerStars Hand #144357840639:  Hold'em Limit ($3/$6 USD) - 2015/11/25 8:26:51 ET
Table 'Stromgrenia' 6-max Seat #2 is the button
Seat 2: covasa andre ($58.51 in chips)
Seat 3: schnizm ($107.28 in chips)
covasa andre: posts small blind $1
schnizm: posts big blind $3
*** HOLE CARDS ***
covasa andre: raises $3 to $6
schnizm: folds
Uncalled bet ($3) returned to covasa andre
covasa andre collected $6 from pot
covasa andre: doesn't show hand
*** SUMMARY ***
Total pot $6 | Rake $0
Seat 2: covasa andre (button) (small blind) collected ($6)
Seat 3: schnizm (big blind) folded before Flop


PokerStars Hand #144357832984:  Hold'em Limit ($3/$6 USD) - 2015/11/25 8:26:37 ET
Table 'Stromgrenia' 6-max Seat #3 is the button
Seat 2: covasa andre ($49.87 in chips)
Seat 3: schnizm ($116.28 in chips)
schnizm: posts small blind $1
covasa andre: posts big blind $3
*** HOLE CARDS ***
schnizm: raises $3 to $6
covasa andre: raises $3 to $9
schnizm: calls $3
*** FLOP *** [Js Kc 8s]
covasa andre: bets $3
schnizm: folds
Uncalled bet ($3) returned to covasa andre
covasa andre collected $17.64 from pot
covasa andre: doesn't show hand
*** SUMMARY ***
Total pot $18 | Rake $0.36
Board [Js Kc 8s]
Seat 2: covasa andre (big blind) collected ($17.64)
Seat 3: schnizm (button) (small blind) folded on the Flop


PokerStars Hand #144357830147:  Hold'em Limit ($3/$6 USD) - 2015/11/25 8:26:32 ET
Table 'Stromgrenia' 6-max Seat #2 is the button
Seat 2: covasa andre ($50.87 in chips)
Seat 3: schnizm ($115.28 in chips)
covasa andre: posts small blind $1
schnizm: posts big blind $3
*** HOLE CARDS ***
covasa andre: folds
Uncalled bet ($2) returned to schnizm
schnizm collected $2 from pot
schnizm: doesn't show hand
*** SUMMARY ***
Total pot $2 | Rake $0
Seat 2: covasa andre (button) (small blind) folded before Flop
Seat 3: schnizm (big blind) collected ($2)


PokerStars Hand #144357815697:  Hold'em Limit ($3/$6 USD) - 2015/11/25 8:26:06 ET
Table 'Stromgrenia' 6-max Seat #3 is the button
Seat 2: covasa andre ($53.87 in chips)
Seat 3: schnizm ($112.28 in chips)
schnizm: posts small blind $1
covasa andre: posts big blind $3
*** HOLE CARDS ***
schnizm: raises $3 to $6
covasa andre: folds
Uncalled bet ($3) returned to schnizm
schnizm collected $6 from pot
schnizm: doesn't show hand
*** SUMMARY ***
Total pot $6 | Rake $0
Seat 2: covasa andre (big blind) folded before Flop
Seat 3: schnizm (button) (small blind) collected ($6)


PokerStars Hand #144357865691:  Hold'em Limit ($3/$6 USD) - 2015/11/25 8:27:35 ET
Table 'Stromgrenia' 6-max Seat #2 is the button
Seat 2: covasa andre ($70.15 in chips)
Seat 3: schnizm ($95.28 in chips)
covasa andre: posts small blind $1
schnizm: posts big blind $3
*** HOLE CARDS ***
covasa andre: folds
Uncalled bet ($2) returned to schnizm
schnizm collected $2 from pot
schnizm: doesn't show hand
*** SUMMARY ***
Total pot $2 | Rake $0
Seat 2: covasa andre (button) (small blind) folded before Flop
Seat 3: schnizm (big blind) collected ($2)


PokerStars Hand #144357862852:  Hold'em Limit ($3/$6 USD) - 2015/11/25 8:27:30 ET
Table 'Stromgrenia' 6-max Seat #3 is the button
Seat 2: covasa andre ($69.15 in chips)
Seat 3: schnizm ($96.28 in chips)
schnizm: posts small blind $1
covasa andre: posts big blind $3
*** HOLE CARDS ***
schnizm: folds
Uncalled bet ($2) returned to covasa andre
covasa andre collected $2 from pot
covasa andre: doesn't show hand
*** SUMMARY ***
Total pot $2 | Rake $0
Seat 2: covasa andre (big blind) collected ($2)
Seat 3: schnizm (button) (small blind) folded before Flop


PokerStars Hand #144357860191:  Hold'em Limit ($3/$6 USD) - 2015/11/25 8:27:25 ET
Table 'Stromgrenia' 6-max Seat #2 is the button
Seat 2: covasa andre ($70.15 in chips)
Seat 3: schnizm ($95.28 in chips)
covasa andre: posts small blind $1
schnizm: posts big blind $3
*** HOLE CARDS ***
covasa andre: folds
Uncalled bet ($2) returned to schnizm
schnizm collected $2 from pot
schnizm: doesn't show hand
*** SUMMARY ***
Total pot $2 | Rake $0
Seat 2: covasa andre (button) (small blind) folded before Flop
Seat 3: schnizm (big blind) collected ($2)


PokerStars Hand #144357846954:  Hold'em Limit ($3/$6 USD) - 2015/11/25 8:27:02 ET
Table 'Stromgrenia' 6-max Seat #3 is the button
Seat 2: covasa andre ($61.51 in chips)
Seat 3: schnizm ($104.28 in chips)
schnizm: posts small blind $1
covasa andre: posts big blind $3
*** HOLE CARDS ***
schnizm: raises $3 to $6
covasa andre: calls $3
*** FLOP *** [Qh Kc 4h]
covasa andre: checks
schnizm: bets $3
covasa andre: calls $3
*** TURN *** [Qh Kc 4h] [4c]
covasa andre: checks
schnizm: checks
*** RIVER *** [Qh Kc 4h 4c] [7d]
covasa andre: bets $6
schnizm: folds
Uncalled bet ($6) returned to covasa andre
covasa andre collected $17.64 from pot
covasa andre: doesn't show hand
*** SUMMARY ***
Total pot $18 | Rake $0.36
Board [Qh Kc 4h 4c 7d]
Seat 2: covasa andre (big blind) collected ($17.64)
Seat 3: schnizm (button) (small blind) folded on the River


PokerStars Hand #144357885413:  Hold'em Limit ($3/$6 USD) - 2015/11/25 8:28:10 ET
Table 'Stromgrenia' 6-max Seat #2 is the button
Seat 2: covasa andre ($77.79 in chips)
Seat 3: schnizm ($90 in chips)
covasa andre: posts small blind $1
schnizm: posts big blind $3
*** HOLE CARDS ***
covasa andre: folds
Uncalled bet ($2) returned to schnizm
schnizm collected $2 from pot
schnizm: doesn't show hand
*** SUMMARY ***
Total pot $2 | Rake $0
Seat 2: covasa andre (button) (small blind) folded before Flop
Seat 3: schnizm (big blind) collected ($2)


PokerStars Hand #144357888194:  Hold'em Limit ($3/$6 USD) - 2015/11/25 8:28:15 ET
Table 'Stromgrenia' 6-max Seat #3 is the button
Seat 2: covasa andre ($76.79 in chips)
Seat 3: schnizm ($91 in chips)
schnizm: posts small blind $1
covasa andre: posts big blind $3
*** HOLE CARDS ***
schnizm: raises $3 to $6
covasa andre: calls $3
*** FLOP *** [Ks Ad 5h]
covasa andre: checks
schnizm: bets $3
covasa andre: calls $3
*** TURN *** [Ks Ad 5h] [Js]
covasa andre: checks
schnizm: bets $6
covasa andre: raises $6 to $12
schnizm: calls $6
*** RIVER *** [Ks Ad 5h Js] [4d]
covasa andre: bets $6
schnizm: calls $6
*** SHOW DOWN ***
covasa andre: shows [4c As] (two pair, Aces and Fours)
schnizm: mucks hand
covasa andre collected $53.50 from pot
*** SUMMARY ***
Total pot $54 | Rake $0.50
Board [Ks Ad 5h Js 4d]
Seat 2: covasa andre (big blind) showed [4c As] and won ($53.50) with two pair, Aces and Fours
Seat 3: schnizm (button) (small blind) mucked


PokerStars Hand #144357868344:  Hold'em Limit ($3/$6 USD) - 2015/11/25 8:27:40 ET
Table 'Stromgrenia' 6-max Seat #3 is the button
Seat 2: covasa andre ($69.15 in chips)
Seat 3: schnizm ($96.28 in chips)
schnizm: posts small blind $1
covasa andre: posts big blind $3
*** HOLE CARDS ***
schnizm: raises $3 to $6
covasa andre: calls $3
*** FLOP *** [Qc 8s Ac]
covasa andre: checks
schnizm: bets $3
covasa andre: raises $3 to $6
schnizm: folds
Uncalled bet ($3) returned to covasa andre
covasa andre collected $17.64 from pot
covasa andre: doesn't show hand
*** SUMMARY ***
Total pot $18 | Rake $0.36
Board [Qc 8s Ac]
Seat 2: covasa andre (big blind) collected ($17.64)
Seat 3: schnizm (button) (small blind) folded on the Flop


PokerStars Hand #144357901209:  Hold'em Limit ($3/$6 USD) - 2015/11/25 8:28:38 ET
Table 'Stromgrenia' 6-max Seat #2 is the button
Seat 2: covasa andre ($103.29 in chips)
Seat 3: schnizm ($90 in chips)
covasa andre: posts small blind $1
schnizm: posts big blind $3
*** HOLE CARDS ***
covasa andre: folds
Uncalled bet ($2) returned to schnizm
covasa andre leaves the table
schnizm collected $2 from pot
schnizm: doesn't show hand
*** SUMMARY ***
Total pot $2 | Rake $0
Seat 2: covasa andre (button) (small blind) folded before Flop
Seat 3: schnizm (big blind) collected ($2)


