PokerStars Hand #160824712106:  Hold'em Limit ($3/$6 USD) - 2016/11/03 3:05:00 ET
Table 'Stroobantia' 6-max Seat #3 is the button
Seat 3: aabeatenby23 ($89.72 in chips)
Seat 4: Agrotait ($72 in chips)
aabeatenby23: posts small blind $1
Agrotait: posts big blind $3
*** HOLE CARDS ***
aabeatenby23: raises $3 to $6
Agrotait: calls $3
*** FLOP *** [Td 5s 8h]
Agrotait: checks
aabeatenby23: checks
*** TURN *** [Td 5s 8h] [4c]
Agrotait: checks
aabeatenby23: checks
*** RIVER *** [Td 5s 8h 4c] [Ah]
Agrotait: checks
aabeatenby23: checks
*** SHOW DOWN ***
Agrotait: shows [Js 3h] (high card Ace)
aabeatenby23: mucks hand
Agrotait collected $11.76 from pot
*** SUMMARY ***
Total pot $12 | Rake $0.24
Board [Td 5s 8h 4c Ah]
Seat 3: aabeatenby23 (button) (small blind) mucked
Seat 4: Agrotait (big blind) showed [Js 3h] and won ($11.76) with high card Ace


PokerStars Hand #160824731702:  Hold'em Limit ($3/$6 USD) - 2016/11/03 3:06:14 ET
Table 'Stroobantia' 6-max Seat #3 is the button
Seat 3: aabeatenby23 ($92.36 in chips)
Seat 4: Agrotait ($68.76 in chips)
aabeatenby23: posts small blind $1
Agrotait: posts big blind $3
*** HOLE CARDS ***
aabeatenby23: folds
Uncalled bet ($2) returned to Agrotait
Agrotait collected $2 from pot
Agrotait: doesn't show hand
*** SUMMARY ***
Total pot $2 | Rake $0
Seat 3: aabeatenby23 (button) (small blind) folded before Flop
Seat 4: Agrotait (big blind) collected ($2)


PokerStars Hand #160824723033:  Hold'em Limit ($3/$6 USD) - 2016/11/03 3:05:41 ET
Table 'Stroobantia' 6-max Seat #4 is the button
Seat 3: aabeatenby23 ($83.72 in chips)
Seat 4: Agrotait ($77.76 in chips)
Agrotait: posts small blind $1
aabeatenby23: posts big blind $3
*** HOLE CARDS ***
Agrotait: raises $3 to $6
aabeatenby23: calls $3
*** FLOP *** [Qc 4s 3s]
aabeatenby23: checks
Agrotait: bets $3
aabeatenby23: calls $3
*** TURN *** [Qc 4s 3s] [Jh]
aabeatenby23: checks
Agrotait: checks
*** RIVER *** [Qc 4s 3s Jh] [Kh]
aabeatenby23: bets $6
Agrotait: folds
Uncalled bet ($6) returned to aabeatenby23
aabeatenby23 collected $17.64 from pot
aabeatenby23: doesn't show hand
*** SUMMARY ***
Total pot $18 | Rake $0.36
Board [Qc 4s 3s Jh Kh]
Seat 3: aabeatenby23 (big blind) collected ($17.64)
Seat 4: Agrotait (button) (small blind) folded on the River


PokerStars Hand #160824733235:  Hold'em Limit ($3/$6 USD) - 2016/11/03 3:06:20 ET
Table 'Stroobantia' 6-max Seat #4 is the button
Seat 3: aabeatenby23 ($91.36 in chips)
Seat 4: Agrotait ($69.76 in chips)
Agrotait: posts small blind $1
aabeatenby23: posts big blind $3
*** HOLE CARDS ***
Agrotait: raises $3 to $6
aabeatenby23: raises $3 to $9
Agrotait: calls $3
*** FLOP *** [Kd 9h Jc]
aabeatenby23: bets $3
Agrotait: folds
Uncalled bet ($3) returned to aabeatenby23
aabeatenby23 collected $17.64 from pot
aabeatenby23: doesn't show hand
*** SUMMARY ***
Total pot $18 | Rake $0.36
Board [Kd 9h Jc]
Seat 3: aabeatenby23 (big blind) collected ($17.64)
Seat 4: Agrotait (button) (small blind) folded on the Flop


PokerStars Hand #160824739708:  Hold'em Limit ($3/$6 USD) - 2016/11/03 3:06:44 ET
Table 'Stroobantia' 6-max Seat #3 is the button
Seat 3: aabeatenby23 ($100 in chips)
Seat 4: Agrotait ($60.76 in chips)
aabeatenby23: posts small blind $1
Agrotait: posts big blind $3
*** HOLE CARDS ***
aabeatenby23: folds
Uncalled bet ($2) returned to Agrotait
Agrotait collected $2 from pot
Agrotait: doesn't show hand
*** SUMMARY ***
Total pot $2 | Rake $0
Seat 3: aabeatenby23 (button) (small blind) folded before Flop
Seat 4: Agrotait (big blind) collected ($2)


PokerStars Hand #160824741365:  Hold'em Limit ($3/$6 USD) - 2016/11/03 3:06:50 ET
Table 'Stroobantia' 6-max Seat #4 is the button
Seat 3: aabeatenby23 ($99 in chips)
Seat 4: Agrotait ($61.76 in chips)
Agrotait: posts small blind $1
aabeatenby23: posts big blind $3
*** HOLE CARDS ***
Agrotait: raises $3 to $6
aabeatenby23: calls $3
*** FLOP *** [Js Jd 3c]
aabeatenby23: checks
Agrotait: bets $3
aabeatenby23: folds
Uncalled bet ($3) returned to Agrotait
Agrotait collected $11.76 from pot
Agrotait: doesn't show hand
*** SUMMARY ***
Total pot $12 | Rake $0.24
Board [Js Jd 3c]
Seat 3: aabeatenby23 (big blind) folded on the Flop
Seat 4: Agrotait (button) (small blind) collected ($11.76)


PokerStars Hand #160824751777:  Hold'em Limit ($3/$6 USD) - 2016/11/03 3:07:30 ET
Table 'Stroobantia' 6-max Seat #4 is the button
Seat 3: aabeatenby23 ($81 in chips)
Seat 4: Agrotait ($79.04 in chips)
Agrotait: posts small blind $1
aabeatenby23: posts big blind $3
*** HOLE CARDS ***
Agrotait: raises $3 to $6
aabeatenby23: calls $3
*** FLOP *** [Qc Jd Qd]
aabeatenby23: checks
Agrotait: bets $3
aabeatenby23: calls $3
*** TURN *** [Qc Jd Qd] [7d]
aabeatenby23: checks
Agrotait: checks
*** RIVER *** [Qc Jd Qd 7d] [6d]
aabeatenby23: checks
Agrotait: checks
*** SHOW DOWN ***
aabeatenby23: shows [3h Jc] (two pair, Queens and Jacks)
Agrotait: mucks hand
aabeatenby23 collected $17.64 from pot
*** SUMMARY ***
Total pot $18 | Rake $0.36
Board [Qc Jd Qd 7d 6d]
Seat 3: aabeatenby23 (big blind) showed [3h Jc] and won ($17.64) with two pair, Queens and Jacks
Seat 4: Agrotait (button) (small blind) mucked


PokerStars Hand #160824746067:  Hold'em Limit ($3/$6 USD) - 2016/11/03 3:07:08 ET
Table 'Stroobantia' 6-max Seat #3 is the button
Seat 3: aabeatenby23 ($93 in chips)
Seat 4: Agrotait ($67.52 in chips)
aabeatenby23: posts small blind $1
Agrotait: posts big blind $3
*** HOLE CARDS ***
aabeatenby23: raises $3 to $6
Agrotait: raises $3 to $9
aabeatenby23: calls $3
*** FLOP *** [2d Tc 7s]
Agrotait: bets $3
aabeatenby23: calls $3
*** TURN *** [2d Tc 7s] [7h]
Agrotait: bets $6
aabeatenby23: folds
Uncalled bet ($6) returned to Agrotait
Agrotait collected $23.52 from pot
Agrotait: doesn't show hand
*** SUMMARY ***
Total pot $24 | Rake $0.48
Board [2d Tc 7s 7h]
Seat 3: aabeatenby23 (button) (small blind) folded on the Turn
Seat 4: Agrotait (big blind) collected ($23.52)


PokerStars Hand #160824757903:  Hold'em Limit ($3/$6 USD) - 2016/11/03 3:07:53 ET
Table 'Stroobantia' 6-max Seat #3 is the button
Seat 3: aabeatenby23 ($89.64 in chips)
Seat 4: Agrotait ($70.04 in chips)
aabeatenby23: posts small blind $1
Agrotait: posts big blind $3
*** HOLE CARDS ***
aabeatenby23: raises $3 to $6
Agrotait: folds
Uncalled bet ($3) returned to aabeatenby23
aabeatenby23 collected $6 from pot
aabeatenby23: doesn't show hand
*** SUMMARY ***
Total pot $6 | Rake $0
Seat 3: aabeatenby23 (button) (small blind) collected ($6)
Seat 4: Agrotait (big blind) folded before Flop


PokerStars Hand #160824766462:  Hold'em Limit ($3/$6 USD) - 2016/11/03 3:08:25 ET
Table 'Stroobantia' 6-max Seat #3 is the button
Seat 3: aabeatenby23 ($86.64 in chips)
Seat 4: Agrotait ($72.80 in chips)
aabeatenby23: posts small blind $1
Agrotait: posts big blind $3
*** HOLE CARDS ***
aabeatenby23: raises $3 to $6
Agrotait: folds
Uncalled bet ($3) returned to aabeatenby23
aabeatenby23 collected $6 from pot
aabeatenby23: doesn't show hand
*** SUMMARY ***
Total pot $6 | Rake $0
Seat 3: aabeatenby23 (button) (small blind) collected ($6)
Seat 4: Agrotait (big blind) folded before Flop


PokerStars Hand #160824776878:  Hold'em Limit ($3/$6 USD) - 2016/11/03 3:09:04 ET
Table 'Stroobantia' 6-max Seat #3 is the button
Seat 3: aabeatenby23 ($104.14 in chips)
Seat 4: Agrotait ($72 in chips)
aabeatenby23: posts small blind $1
Agrotait: posts big blind $3
*** HOLE CARDS ***
aabeatenby23: folds
Uncalled bet ($2) returned to Agrotait
Agrotait collected $2 from pot
Agrotait: doesn't show hand
*** SUMMARY ***
Total pot $2 | Rake $0
Seat 3: aabeatenby23 (button) (small blind) folded before Flop
Seat 4: Agrotait (big blind) collected ($2)


PokerStars Hand #160824769712:  Hold'em Limit ($3/$6 USD) - 2016/11/03 3:08:37 ET
Table 'Stroobantia' 6-max Seat #4 is the button
Seat 3: aabeatenby23 ($89.64 in chips)
Seat 4: Agrotait ($69.80 in chips)
Agrotait: posts small blind $1
aabeatenby23: posts big blind $3
*** HOLE CARDS ***
Agrotait: raises $3 to $6
aabeatenby23: calls $3
*** FLOP *** [2s Qs 7c]
aabeatenby23: checks
Agrotait: bets $3
aabeatenby23: calls $3
*** TURN *** [2s Qs 7c] [Qh]
manly70 joins the table at seat #6
aabeatenby23: checks
Agrotait: bets $6
aabeatenby23: raises $6 to $12
Agrotait: folds
Uncalled bet ($6) returned to aabeatenby23
aabeatenby23 collected $29.50 from pot
aabeatenby23: doesn't show hand
*** SUMMARY ***
Total pot $30 | Rake $0.50
Board [2s Qs 7c Qh]
Seat 3: aabeatenby23 (big blind) collected ($29.50)
Seat 4: Agrotait (button) (small blind) folded on the Turn


PokerStars Hand #160824763125:  Hold'em Limit ($3/$6 USD) - 2016/11/03 3:08:12 ET
Table 'Stroobantia' 6-max Seat #4 is the button
Seat 3: aabeatenby23 ($92.64 in chips)
Seat 4: Agrotait ($67.04 in chips)
Agrotait: posts small blind $1
aabeatenby23: posts big blind $3
*** HOLE CARDS ***
Agrotait: raises $3 to $6
aabeatenby23: calls $3
*** FLOP *** [3h 4s Kc]
aabeatenby23: checks
Agrotait: bets $3
aabeatenby23: folds
Uncalled bet ($3) returned to Agrotait
Agrotait collected $11.76 from pot
Agrotait: doesn't show hand
*** SUMMARY ***
Total pot $12 | Rake $0.24
Board [3h 4s Kc]
Seat 3: aabeatenby23 (big blind) folded on the Flop
Seat 4: Agrotait (button) (small blind) collected ($11.76)


PokerStars Hand #160824905098:  Hold'em Limit ($3/$6 USD) - 2016/11/03 3:16:59 ET
Table 'Stroobantia' 6-max Seat #3 is the button
Seat 3: aabeatenby23 ($113.05 in chips)
Seat 4: Agrotait ($107.73 in chips)
aabeatenby23: posts small blind $1
Agrotait: posts big blind $3
*** HOLE CARDS ***
aabeatenby23: folds
Uncalled bet ($2) returned to Agrotait
Agrotait collected $2 from pot
Agrotait: doesn't show hand
*** SUMMARY ***
Total pot $2 | Rake $0
Seat 3: aabeatenby23 (button) (small blind) folded before Flop
Seat 4: Agrotait (big blind) collected ($2)


PokerStars Hand #160824896291:  Hold'em Limit ($3/$6 USD) - 2016/11/03 3:16:27 ET
Table 'Stroobantia' 6-max Seat #4 is the button
Seat 3: aabeatenby23 ($122.05 in chips)
Seat 4: Agrotait ($99.21 in chips)
Agrotait: posts small blind $1
aabeatenby23: posts big blind $3
*** HOLE CARDS ***
Agrotait: raises $3 to $6
aabeatenby23: calls $3
*** FLOP *** [Jc 7h Kc]
aabeatenby23: checks
manly70 leaves the table
Agrotait: bets $3
aabeatenby23: folds
Uncalled bet ($3) returned to Agrotait
Agrotait collected $11.76 from pot
Agrotait: doesn't show hand
*** SUMMARY ***
Total pot $12 | Rake $0.24
Board [Jc 7h Kc]
Seat 3: aabeatenby23 (big blind) folded on the Flop
Seat 4: Agrotait (button) (small blind) collected ($11.76)


PokerStars Hand #160824901479:  Hold'em Limit ($3/$6 USD) - 2016/11/03 3:16:46 ET
Table 'Stroobantia' 6-max Seat #4 is the button
Seat 3: aabeatenby23 ($119.05 in chips)
Seat 4: Agrotait ($101.97 in chips)
Agrotait: posts small blind $1
aabeatenby23: posts big blind $3
*** HOLE CARDS ***
Agrotait: raises $3 to $6
aabeatenby23: calls $3
*** FLOP *** [4c 5c Qh]
aabeatenby23: checks
Agrotait: bets $3
aabeatenby23: folds
Uncalled bet ($3) returned to Agrotait
Agrotait collected $11.76 from pot
Agrotait: doesn't show hand
*** SUMMARY ***
Total pot $12 | Rake $0.24
Board [4c 5c Qh]
Seat 3: aabeatenby23 (big blind) folded on the Flop
Seat 4: Agrotait (button) (small blind) collected ($11.76)


PokerStars Hand #160824899640:  Hold'em Limit ($3/$6 USD) - 2016/11/03 3:16:39 ET
Table 'Stroobantia' 6-max Seat #3 is the button
Seat 3: aabeatenby23 ($116.05 in chips)
Seat 4: Agrotait ($104.97 in chips)
aabeatenby23: posts small blind $1
Agrotait: posts big blind $3
*** HOLE CARDS ***
aabeatenby23: raises $3 to $6
Agrotait: folds
Uncalled bet ($3) returned to aabeatenby23
aabeatenby23 collected $6 from pot
aabeatenby23: doesn't show hand
*** SUMMARY ***
Total pot $6 | Rake $0
Seat 3: aabeatenby23 (button) (small blind) collected ($6)
Seat 4: Agrotait (big blind) folded before Flop


PokerStars Hand #160824913991:  Hold'em Limit ($3/$6 USD) - 2016/11/03 3:17:32 ET
Table 'Stroobantia' 6-max Seat #3 is the button
Seat 3: aabeatenby23 ($120.69 in chips)
Seat 4: Agrotait ($99.73 in chips)
aabeatenby23: posts small blind $1
Agrotait: posts big blind $3
*** HOLE CARDS ***
aabeatenby23: raises $3 to $6
Agrotait: raises $3 to $9
aabeatenby23: raises $3 to $12
Betting is capped
Agrotait: calls $3
*** FLOP *** [7c Jc 5d]
Agrotait: checks
aabeatenby23: checks
*** TURN *** [7c Jc 5d] [Qc]
Agrotait: bets $6
aabeatenby23: raises $6 to $12
Agrotait: calls $6
*** RIVER *** [7c Jc 5d Qc] [6s]
Agrotait: checks
aabeatenby23: bets $6
Agrotait: calls $6
*** SHOW DOWN ***
aabeatenby23: shows [Ac Qd] (a pair of Queens)
Agrotait: mucks hand
aabeatenby23 collected $59.50 from pot
*** SUMMARY ***
Total pot $60 | Rake $0.50
Board [7c Jc 5d Qc 6s]
Seat 3: aabeatenby23 (button) (small blind) showed [Ac Qd] and won ($59.50) with a pair of Queens
Seat 4: Agrotait (big blind) mucked


PokerStars Hand #160824920601:  Hold'em Limit ($3/$6 USD) - 2016/11/03 3:17:56 ET
Table 'Stroobantia' 6-max Seat #4 is the button
Seat 3: aabeatenby23 ($150.19 in chips)
Seat 4: Agrotait ($69.73 in chips)
Agrotait: posts small blind $1
aabeatenby23: posts big blind $3
*** HOLE CARDS ***
Agrotait: raises $3 to $6
aabeatenby23: calls $3
*** FLOP *** [9c Kc Ah]
aabeatenby23: checks
Agrotait: bets $3
aabeatenby23: calls $3
*** TURN *** [9c Kc Ah] [Jd]
aabeatenby23: checks
Agrotait: checks
*** RIVER *** [9c Kc Ah Jd] [6c]
aabeatenby23: bets $6
Agrotait: calls $6
*** SHOW DOWN ***
aabeatenby23: shows [8s 9d] (a pair of Nines)
Agrotait: shows [Ts Jh] (a pair of Jacks)
Agrotait collected $29.50 from pot
*** SUMMARY ***
Total pot $30 | Rake $0.50
Board [9c Kc Ah Jd 6c]
Seat 3: aabeatenby23 (big blind) showed [8s 9d] and lost with a pair of Nines
Seat 4: Agrotait (button) (small blind) showed [Ts Jh] and won ($29.50) with a pair of Jacks


PokerStars Hand #160824906859:  Hold'em Limit ($3/$6 USD) - 2016/11/03 3:17:05 ET
Table 'Stroobantia' 6-max Seat #4 is the button
Seat 3: aabeatenby23 ($112.05 in chips)
Seat 4: Agrotait ($108.73 in chips)
Agrotait: posts small blind $1
aabeatenby23: posts big blind $3
*** HOLE CARDS ***
Agrotait: raises $3 to $6
aabeatenby23: calls $3
*** FLOP *** [7d 4h 5d]
aabeatenby23: checks
Agrotait: bets $3
aabeatenby23: calls $3
*** TURN *** [7d 4h 5d] [9s]
aabeatenby23: checks
Agrotait: checks
*** RIVER *** [7d 4h 5d 9s] [Ac]
aabeatenby23: bets $6
Agrotait: folds
Uncalled bet ($6) returned to aabeatenby23
aabeatenby23 collected $17.64 from pot
aabeatenby23: doesn't show hand
*** SUMMARY ***
Total pot $18 | Rake $0.36
Board [7d 4h 5d 9s Ac]
Seat 3: aabeatenby23 (big blind) collected ($17.64)
Seat 4: Agrotait (button) (small blind) folded on the River


PokerStars Hand #160824939477:  Hold'em Limit ($3/$6 USD) - 2016/11/03 3:19:05 ET
Table 'Stroobantia' 6-max Seat #3 is the button
Seat 3: aabeatenby23 ($158.69 in chips)
Seat 4: Agrotait ($75 in chips)
aabeatenby23: posts small blind $1
Agrotait: posts big blind $3
*** HOLE CARDS ***
aabeatenby23: folds
Uncalled bet ($2) returned to Agrotait
Agrotait collected $2 from pot
Agrotait: doesn't show hand
*** SUMMARY ***
Total pot $2 | Rake $0
Seat 3: aabeatenby23 (button) (small blind) folded before Flop
Seat 4: Agrotait (big blind) collected ($2)


PokerStars Hand #160824937147:  Hold'em Limit ($3/$6 USD) - 2016/11/03 3:18:57 ET
Table 'Stroobantia' 6-max Seat #4 is the button
Seat 3: aabeatenby23 ($161.69 in chips)
Seat 4: Agrotait ($72 in chips)
Agrotait: posts small blind $1
aabeatenby23: posts big blind $3
*** HOLE CARDS ***
Agrotait: raises $3 to $6
aabeatenby23: folds
Uncalled bet ($3) returned to Agrotait
Agrotait collected $6 from pot
Agrotait: doesn't show hand
*** SUMMARY ***
Total pot $6 | Rake $0
Seat 3: aabeatenby23 (big blind) folded before Flop
Seat 4: Agrotait (button) (small blind) collected ($6)


PokerStars Hand #160824927340:  Hold'em Limit ($3/$6 USD) - 2016/11/03 3:18:21 ET
Table 'Stroobantia' 6-max Seat #3 is the button
Seat 3: aabeatenby23 ($135.19 in chips)
Seat 4: Agrotait ($84.23 in chips)
aabeatenby23: posts small blind $1
Agrotait: posts big blind $3
*** HOLE CARDS ***
aabeatenby23: raises $3 to $6
Agrotait: raises $3 to $9
aabeatenby23: calls $3
*** FLOP *** [6d 6s Qd]
Agrotait: bets $3
aabeatenby23: raises $3 to $6
Agrotait: calls $3
*** TURN *** [6d 6s Qd] [Qs]
Agrotait: checks
aabeatenby23: bets $6
Agrotait: calls $6
*** RIVER *** [6d 6s Qd Qs] [3c]
Agrotait: checks
aabeatenby23: bets $6
Agrotait: calls $6
*** SHOW DOWN ***
aabeatenby23: shows [8d Qc] (a full house, Queens full of Sixes)
Agrotait: mucks hand
aabeatenby23 collected $53.50 from pot
*** SUMMARY ***
Total pot $54 | Rake $0.50
Board [6d 6s Qd Qs 3c]
Seat 3: aabeatenby23 (button) (small blind) showed [8d Qc] and won ($53.50) with a full house, Queens full of Sixes
Seat 4: Agrotait (big blind) mucked


PokerStars Hand #160824940964:  Hold'em Limit ($3/$6 USD) - 2016/11/03 3:19:11 ET
Table 'Stroobantia' 6-max Seat #4 is the button
Seat 3: aabeatenby23 ($157.69 in chips)
Seat 4: Agrotait ($76 in chips)
Agrotait: posts small blind $1
aabeatenby23: posts big blind $3
*** HOLE CARDS ***
Agrotait: raises $3 to $6
aabeatenby23: raises $3 to $9
Agrotait: calls $3
*** FLOP *** [4c Ac 3s]
aabeatenby23: checks
Agrotait: bets $3
aabeatenby23: calls $3
*** TURN *** [4c Ac 3s] [2s]
manly70 joins the table at seat #1
aabeatenby23: checks
Agrotait: checks
*** RIVER *** [4c Ac 3s 2s] [Jc]
aabeatenby23: checks
Agrotait: checks
*** SHOW DOWN ***
aabeatenby23: shows [Kc Td] (high card Ace)
Agrotait: shows [Qc 3h] (a pair of Threes)
Agrotait collected $23.52 from pot
*** SUMMARY ***
Total pot $24 | Rake $0.48
Board [4c Ac 3s 2s Jc]
Seat 3: aabeatenby23 (big blind) showed [Kc Td] and lost with high card Ace
Seat 4: Agrotait (button) (small blind) showed [Qc 3h] and won ($23.52) with a pair of Threes


PokerStars Hand #160824945977:  Hold'em Limit ($3/$6 USD) - 2016/11/03 3:19:30 ET
Table 'Stroobantia' 6-max Seat #3 is the button
Seat 3: aabeatenby23 ($145.69 in chips)
Seat 4: Agrotait ($87.52 in chips)
aabeatenby23: posts small blind $1
Agrotait: posts big blind $3
*** HOLE CARDS ***
aabeatenby23: raises $3 to $6
Agrotait: calls $3
*** FLOP *** [Ks Ah 3h]
Agrotait: checks
aabeatenby23: bets $3
Agrotait: raises $3 to $6
aabeatenby23: folds
Uncalled bet ($3) returned to Agrotait
Agrotait collected $17.64 from pot
Agrotait: doesn't show hand
*** SUMMARY ***
Total pot $18 | Rake $0.36
Board [Ks Ah 3h]
Seat 3: aabeatenby23 (button) (small blind) folded on the Flop
Seat 4: Agrotait (big blind) collected ($17.64)


PokerStars Hand #160825294855:  Hold'em Limit ($3/$6 USD) - 2016/11/03 3:40:10 ET
Table 'Stroobantia' 6-max Seat #2 is the button
Seat 2: Quikdawg ($186.44 in chips)
Seat 4: Agrotait ($129.64 in chips)
krytalex will be allowed to play after the button
manly70 will be allowed to play after the button
Quikdawg: posts small blind $1
Agrotait: posts big blind $3
*** HOLE CARDS ***
Quikdawg: folds
Uncalled bet ($2) returned to Agrotait
Agrotait collected $2 from pot
Agrotait: doesn't show hand
*** SUMMARY ***
Total pot $2 | Rake $0
Seat 2: Quikdawg (button) (small blind) folded before Flop
Seat 4: Agrotait (big blind) collected ($2)


PokerStars Hand #160827187986:  Hold'em Limit ($3/$6 USD) - 2016/11/03 5:18:33 ET
Table 'Stroobantia' 6-max Seat #1 is the button
Seat 1: olech1515 ($121.92 in chips)
Seat 4: sinsadir ($182.28 in chips)
olech1515: posts small blind $1
zimin10 was removed from the table for failing to post
sinsadir: posts big blind $3
*** HOLE CARDS ***
olech1515: folds
Uncalled bet ($2) returned to sinsadir
sinsadir collected $2 from pot
sinsadir: doesn't show hand
*** SUMMARY ***
Total pot $2 | Rake $0
Seat 1: olech1515 (button) (small blind) folded before Flop
Seat 4: sinsadir (big blind) collected ($2)


PokerStars Hand #160827208947:  Hold'em Limit ($3/$6 USD) - 2016/11/03 5:19:30 ET
Table 'Stroobantia' 6-max Seat #1 is the button
Seat 1: olech1515 ($96.92 in chips)
Seat 4: sinsadir ($206.78 in chips)
olech1515: posts small blind $1
sinsadir: posts big blind $3
*** HOLE CARDS ***
olech1515: raises $3 to $6
sinsadir: calls $3
*** FLOP *** [6c 9s Jc]
sinsadir: checks
olech1515: bets $3
sinsadir: folds
Uncalled bet ($3) returned to olech1515
olech1515 collected $11.76 from pot
olech1515: doesn't show hand
*** SUMMARY ***
Total pot $12 | Rake $0.24
Board [6c 9s Jc]
Seat 1: olech1515 (button) (small blind) collected ($11.76)
Seat 4: sinsadir (big blind) folded on the Flop


PokerStars Hand #160827212597:  Hold'em Limit ($3/$6 USD) - 2016/11/03 5:19:40 ET
Table 'Stroobantia' 6-max Seat #4 is the button
Seat 1: olech1515 ($102.68 in chips)
Seat 4: sinsadir ($200.78 in chips)
sinsadir: posts small blind $1
olech1515: posts big blind $3
*** HOLE CARDS ***
sinsadir: raises $3 to $6
olech1515: folds
Uncalled bet ($3) returned to sinsadir
sinsadir collected $6 from pot
sinsadir: doesn't show hand
*** SUMMARY ***
Total pot $6 | Rake $0
Seat 1: olech1515 (big blind) folded before Flop
Seat 4: sinsadir (button) (small blind) collected ($6)


PokerStars Hand #160827193452:  Hold'em Limit ($3/$6 USD) - 2016/11/03 5:18:48 ET
Table 'Stroobantia' 6-max Seat #4 is the button
Seat 1: olech1515 ($120.92 in chips)
Seat 4: sinsadir ($183.28 in chips)
sinsadir: posts small blind $1
olech1515: posts big blind $3
*** HOLE CARDS ***
sinsadir: raises $3 to $6
olech1515: calls $3
*** FLOP *** [8h Ks 2h]
olech1515: checks
sinsadir: bets $3
skaluah leaves the table
olech1515: raises $3 to $6
sinsadir: calls $3
*** TURN *** [8h Ks 2h] [Ts]
olech1515: bets $6
sinsadir: calls $6
*** RIVER *** [8h Ks 2h Ts] [As]
olech1515: checks
sinsadir: bets $6
olech1515: calls $6
*** SHOW DOWN ***
sinsadir: shows [9h Ah] (a pair of Aces)
olech1515: mucks hand
sinsadir collected $47.50 from pot
*** SUMMARY ***
Total pot $48 | Rake $0.50
Board [8h Ks 2h Ts As]
Seat 1: olech1515 (big blind) mucked
Seat 4: sinsadir (button) (small blind) showed [9h Ah] and won ($47.50) with a pair of Aces


PokerStars Hand #160827234182:  Hold'em Limit ($3/$6 USD) - 2016/11/03 5:20:39 ET
Table 'Stroobantia' 6-max Seat #4 is the button
Seat 1: olech1515 ($102.56 in chips)
Seat 4: sinsadir ($200.78 in chips)
sinsadir: posts small blind $1
olech1515: posts big blind $3
*** HOLE CARDS ***
sinsadir: folds
Uncalled bet ($2) returned to olech1515
olech1515 collected $2 from pot
olech1515: doesn't show hand
*** SUMMARY ***
Total pot $2 | Rake $0
Seat 1: olech1515 (big blind) collected ($2)
Seat 4: sinsadir (button) (small blind) folded before Flop


PokerStars Hand #160827219446:  Hold'em Limit ($3/$6 USD) - 2016/11/03 5:19:59 ET
Table 'Stroobantia' 6-max Seat #1 is the button
Seat 1: olech1515 ($99.68 in chips)
Seat 4: sinsadir ($203.78 in chips)
olech1515: posts small blind $1
sinsadir: posts big blind $3
*** HOLE CARDS ***
olech1515: calls $2
sinsadir: checks
*** FLOP *** [6h Ts Kc]
sinsadir: checks
olech1515: checks
*** TURN *** [6h Ts Kc] [6d]
sinsadir: checks
olech1515: bets $6
sinsadir: folds
Uncalled bet ($6) returned to olech1515
olech1515 collected $5.88 from pot
olech1515: doesn't show hand
*** SUMMARY ***
Total pot $6 | Rake $0.12
Board [6h Ts Kc 6d]
Seat 1: olech1515 (button) (small blind) collected ($5.88)
Seat 4: sinsadir (big blind) folded on the Turn


PokerStars Hand #160827236048:  Hold'em Limit ($3/$6 USD) - 2016/11/03 5:20:43 ET
Table 'Stroobantia' 6-max Seat #1 is the button
Seat 1: olech1515 ($103.56 in chips)
Seat 4: sinsadir ($199.78 in chips)
olech1515: posts small blind $1
sinsadir: posts big blind $3
*** HOLE CARDS ***
olech1515: folds
Uncalled bet ($2) returned to sinsadir
sinsadir collected $2 from pot
sinsadir: doesn't show hand
*** SUMMARY ***
Total pot $2 | Rake $0
Seat 1: olech1515 (button) (small blind) folded before Flop
Seat 4: sinsadir (big blind) collected ($2)


PokerStars Hand #160827238879:  Hold'em Limit ($3/$6 USD) - 2016/11/03 5:20:51 ET
Table 'Stroobantia' 6-max Seat #4 is the button
Seat 1: olech1515 ($102.56 in chips)
Seat 4: sinsadir ($200.78 in chips)
sinsadir: posts small blind $1
VolkovDmitri was removed from the table for failing to post
olech1515: posts big blind $3
*** HOLE CARDS ***
sinsadir: raises $3 to $6
olech1515: calls $3
*** FLOP *** [Ts 5c Kd]
olech1515: checks
sinsadir: bets $3
olech1515: calls $3
*** TURN *** [Ts 5c Kd] [9h]
olech1515: checks
sinsadir: checks
*** RIVER *** [Ts 5c Kd 9h] [As]
olech1515: checks
sinsadir: checks
*** SHOW DOWN ***
olech1515: shows [Kh 7d] (a pair of Kings)
sinsadir: mucks hand
olech1515 collected $17.64 from pot
*** SUMMARY ***
Total pot $18 | Rake $0.36
Board [Ts 5c Kd 9h As]
Seat 1: olech1515 (big blind) showed [Kh 7d] and won ($17.64) with a pair of Kings
Seat 4: sinsadir (button) (small blind) mucked


PokerStars Hand #160827256217:  Hold'em Limit ($3/$6 USD) - 2016/11/03 5:21:39 ET
Table 'Stroobantia' 6-max Seat #4 is the button
Seat 1: olech1515 ($116.96 in chips)
Seat 4: sinsadir ($185.78 in chips)
sinsadir: posts small blind $1
olech1515: posts big blind $3
*** HOLE CARDS ***
sinsadir: raises $3 to $6
olech1515: folds
Uncalled bet ($3) returned to sinsadir
sinsadir collected $6 from pot
sinsadir: doesn't show hand
*** SUMMARY ***
Total pot $6 | Rake $0
Seat 1: olech1515 (big blind) folded before Flop
Seat 4: sinsadir (button) (small blind) collected ($6)


PokerStars Hand #160827247969:  Hold'em Limit ($3/$6 USD) - 2016/11/03 5:21:16 ET
Table 'Stroobantia' 6-max Seat #1 is the button
Seat 1: olech1515 ($111.20 in chips)
Seat 4: sinsadir ($191.78 in chips)
olech1515: posts small blind $1
sinsadir: posts big blind $3
*** HOLE CARDS ***
olech1515: raises $3 to $6
sinsadir: calls $3
*** FLOP *** [8h 5h Js]
sinsadir: checks
olech1515: bets $3
sinsadir: folds
Uncalled bet ($3) returned to olech1515
olech1515 collected $11.76 from pot
olech1515: doesn't show hand
*** SUMMARY ***
Total pot $12 | Rake $0.24
Board [8h 5h Js]
Seat 1: olech1515 (button) (small blind) collected ($11.76)
Seat 4: sinsadir (big blind) folded on the Flop


PokerStars Hand #160827258458:  Hold'em Limit ($3/$6 USD) - 2016/11/03 5:21:45 ET
Table 'Stroobantia' 6-max Seat #1 is the button
Seat 1: olech1515 ($113.96 in chips)
Seat 4: sinsadir ($188.78 in chips)
olech1515: posts small blind $1
sinsadir: posts big blind $3
*** HOLE CARDS ***
olech1515: calls $2
sinsadir: raises $3 to $6
olech1515: calls $3
*** FLOP *** [Kh Td 4h]
sinsadir: bets $3
olech1515: raises $3 to $6
sinsadir: calls $3
*** TURN *** [Kh Td 4h] [8c]
sinsadir: checks
olech1515: bets $6
sinsadir: folds
Uncalled bet ($6) returned to olech1515
olech1515 collected $23.52 from pot
olech1515: doesn't show hand
*** SUMMARY ***
Total pot $24 | Rake $0.48
Board [Kh Td 4h 8c]
Seat 1: olech1515 (button) (small blind) collected ($23.52)
Seat 4: sinsadir (big blind) folded on the Turn


PokerStars Hand #160827267021:  Hold'em Limit ($3/$6 USD) - 2016/11/03 5:22:08 ET
Table 'Stroobantia' 6-max Seat #4 is the button
Seat 1: olech1515 ($125.48 in chips)
Seat 4: sinsadir ($176.78 in chips)
sinsadir: posts small blind $1
olech1515: posts big blind $3
*** HOLE CARDS ***
sinsadir: raises $3 to $6
olech1515: calls $3
*** FLOP *** [Ks 8d 5d]
olech1515: checks
sinsadir: bets $3
olech1515: calls $3
*** TURN *** [Ks 8d 5d] [Ac]
olech1515: checks
sinsadir: checks
*** RIVER *** [Ks 8d 5d Ac] [Js]
olech1515: checks
sinsadir: checks
*** SHOW DOWN ***
olech1515: shows [Jd 9c] (a pair of Jacks)
sinsadir: mucks hand
olech1515 collected $17.64 from pot
*** SUMMARY ***
Total pot $18 | Rake $0.36
Board [Ks 8d 5d Ac Js]
Seat 1: olech1515 (big blind) showed [Jd 9c] and won ($17.64) with a pair of Jacks
Seat 4: sinsadir (button) (small blind) mucked


PokerStars Hand #160827287079:  Hold'em Limit ($3/$6 USD) - 2016/11/03 5:23:03 ET
Table 'Stroobantia' 6-max Seat #1 is the button
Seat 1: olech1515 ($118.12 in chips)
Seat 4: sinsadir ($183.42 in chips)
olech1515: posts small blind $1
sinsadir: posts big blind $3
*** HOLE CARDS ***
olech1515: raises $3 to $6
sinsadir: calls $3
*** FLOP *** [9c Ah 7s]
sinsadir: checks
olech1515: bets $3
sinsadir: folds
Uncalled bet ($3) returned to olech1515
olech1515 collected $11.76 from pot
olech1515: doesn't show hand
*** SUMMARY ***
Total pot $12 | Rake $0.24
Board [9c Ah 7s]
Seat 1: olech1515 (button) (small blind) collected ($11.76)
Seat 4: sinsadir (big blind) folded on the Flop


PokerStars Hand #160827285003:  Hold'em Limit ($3/$6 USD) - 2016/11/03 5:22:57 ET
Table 'Stroobantia' 6-max Seat #4 is the button
Seat 1: olech1515 ($121.12 in chips)
Seat 4: sinsadir ($180.42 in chips)
sinsadir: posts small blind $1
olech1515: posts big blind $3
*** HOLE CARDS ***
sinsadir: raises $3 to $6
olech1515: folds
Uncalled bet ($3) returned to sinsadir
sinsadir collected $6 from pot
sinsadir: doesn't show hand
*** SUMMARY ***
Total pot $6 | Rake $0
Seat 1: olech1515 (big blind) folded before Flop
Seat 4: sinsadir (button) (small blind) collected ($6)


PokerStars Hand #160827283252:  Hold'em Limit ($3/$6 USD) - 2016/11/03 5:22:52 ET
Table 'Stroobantia' 6-max Seat #1 is the button
Seat 1: olech1515 ($122.12 in chips)
Seat 4: sinsadir ($179.42 in chips)
olech1515: posts small blind $1
sinsadir: posts big blind $3
*** HOLE CARDS ***
olech1515: folds
Uncalled bet ($2) returned to sinsadir
sinsadir collected $2 from pot
sinsadir: doesn't show hand
*** SUMMARY ***
Total pot $2 | Rake $0
Seat 1: olech1515 (button) (small blind) folded before Flop
Seat 4: sinsadir (big blind) collected ($2)


PokerStars Hand #160827276129:  Hold'em Limit ($3/$6 USD) - 2016/11/03 5:22:33 ET
Table 'Stroobantia' 6-max Seat #1 is the button
Seat 1: olech1515 ($134.12 in chips)
Seat 4: sinsadir ($167.78 in chips)
olech1515: posts small blind $1
sinsadir: posts big blind $3
*** HOLE CARDS ***
olech1515: raises $3 to $6
sinsadir: raises $3 to $9
olech1515: calls $3
*** FLOP *** [5c Qd Kh]
sinsadir: bets $3
olech1515: folds
Uncalled bet ($3) returned to sinsadir
sinsadir collected $17.64 from pot
sinsadir: doesn't show hand
*** SUMMARY ***
Total pot $18 | Rake $0.36
Board [5c Qd Kh]
Seat 1: olech1515 (button) (small blind) folded on the Flop
Seat 4: sinsadir (big blind) collected ($17.64)


PokerStars Hand #160827291909:  Hold'em Limit ($3/$6 USD) - 2016/11/03 5:23:16 ET
Table 'Stroobantia' 6-max Seat #4 is the button
Seat 1: olech1515 ($123.88 in chips)
Seat 4: sinsadir ($177.42 in chips)
sinsadir: posts small blind $1
olech1515: posts big blind $3
*** HOLE CARDS ***
sinsadir: raises $3 to $6
olech1515: raises $3 to $9
sinsadir: calls $3
*** FLOP *** [8s 3s Ad]
olech1515: bets $3
sinsadir: folds
Uncalled bet ($3) returned to olech1515
olech1515 collected $17.64 from pot
olech1515: doesn't show hand
*** SUMMARY ***
Total pot $18 | Rake $0.36
Board [8s 3s Ad]
Seat 1: olech1515 (big blind) collected ($17.64)
Seat 4: sinsadir (button) (small blind) folded on the Flop


PokerStars Hand #160827299443:  Hold'em Limit ($3/$6 USD) - 2016/11/03 5:23:37 ET
Table 'Stroobantia' 6-max Seat #1 is the button
Seat 1: olech1515 ($132.52 in chips)
Seat 4: sinsadir ($168.42 in chips)
olech1515: posts small blind $1
sinsadir: posts big blind $3
*** HOLE CARDS ***
olech1515: raises $3 to $6
sinsadir: calls $3
*** FLOP *** [5s 2d Js]
sinsadir: checks
olech1515: checks
*** TURN *** [5s 2d Js] [6d]
sinsadir: checks
olech1515: checks
*** RIVER *** [5s 2d Js 6d] [9s]
sinsadir: bets $6
olech1515: folds
Uncalled bet ($6) returned to sinsadir
sinsadir collected $11.76 from pot
sinsadir: doesn't show hand
*** SUMMARY ***
Total pot $12 | Rake $0.24
Board [5s 2d Js 6d 9s]
Seat 1: olech1515 (button) (small blind) folded on the River
Seat 4: sinsadir (big blind) collected ($11.76)


PokerStars Hand #160827314510:  Hold'em Limit ($3/$6 USD) - 2016/11/03 5:24:18 ET
Table 'Stroobantia' 6-max Seat #4 is the button
Seat 1: olech1515 ($126.52 in chips)
Seat 4: sinsadir ($174.18 in chips)
sinsadir: posts small blind $1
olech1515: posts big blind $3
*** HOLE CARDS ***
sinsadir: raises $3 to $6
olech1515: calls $3
*** FLOP *** [9s 3h Kh]
olech1515: checks
sinsadir: bets $3
olech1515: calls $3
*** TURN *** [9s 3h Kh] [2s]
olech1515: checks
sinsadir: checks
*** RIVER *** [9s 3h Kh 2s] [Ts]
olech1515: checks
sinsadir: bets $6
olech1515: calls $6
*** SHOW DOWN ***
sinsadir: shows [7c Td] (a pair of Tens)
olech1515: mucks hand
sinsadir collected $29.50 from pot
*** SUMMARY ***
Total pot $30 | Rake $0.50
Board [9s 3h Kh 2s Ts]
Seat 1: olech1515 (big blind) mucked
Seat 4: sinsadir (button) (small blind) showed [7c Td] and won ($29.50) with a pair of Tens


PokerStars Hand #160827334002:  Hold'em Limit ($3/$6 USD) - 2016/11/03 5:25:12 ET
Table 'Stroobantia' 6-max Seat #4 is the button
Seat 1: olech1515 ($117.28 in chips)
Seat 4: sinsadir ($182.68 in chips)
sinsadir: posts small blind $1
olech1515: posts big blind $3
*** HOLE CARDS ***
sinsadir: raises $3 to $6
olech1515: folds
Uncalled bet ($3) returned to sinsadir
sinsadir collected $6 from pot
sinsadir: doesn't show hand
*** SUMMARY ***
Total pot $6 | Rake $0
Seat 1: olech1515 (big blind) folded before Flop
Seat 4: sinsadir (button) (small blind) collected ($6)


PokerStars Hand #160827323333:  Hold'em Limit ($3/$6 USD) - 2016/11/03 5:24:42 ET
Table 'Stroobantia' 6-max Seat #1 is the button
Seat 1: olech1515 ($111.52 in chips)
Seat 4: sinsadir ($188.68 in chips)
olech1515: posts small blind $1
sinsadir: posts big blind $3
*** HOLE CARDS ***
olech1515: raises $3 to $6
sinsadir: calls $3
*** FLOP *** [Td 9c Ad]
sinsadir: checks
olech1515: bets $3
sinsadir: folds
Uncalled bet ($3) returned to olech1515
olech1515 collected $11.76 from pot
olech1515: doesn't show hand
*** SUMMARY ***
Total pot $12 | Rake $0.24
Board [Td 9c Ad]
Seat 1: olech1515 (button) (small blind) collected ($11.76)
Seat 4: sinsadir (big blind) folded on the Flop


PokerStars Hand #160827346049:  Hold'em Limit ($3/$6 USD) - 2016/11/03 5:25:44 ET
Table 'Stroobantia' 6-max Seat #1 is the button
Seat 1: olech1515 ($114.28 in chips)
Seat 4: sinsadir ($185.68 in chips)
olech1515: posts small blind $1
sinsadir: posts big blind $3
*** HOLE CARDS ***
olech1515: folds
Uncalled bet ($2) returned to sinsadir
sinsadir collected $2 from pot
sinsadir: doesn't show hand
*** SUMMARY ***
Total pot $2 | Rake $0
Seat 1: olech1515 (button) (small blind) folded before Flop
Seat 4: sinsadir (big blind) collected ($2)


PokerStars Hand #160827337043:  Hold'em Limit ($3/$6 USD) - 2016/11/03 5:25:20 ET
Table 'Stroobantia' 6-max Seat #1 is the button
Seat 1: olech1515 ($114.28 in chips)
Seat 4: sinsadir ($185.68 in chips)
olech1515: posts small blind $1
sinsadir: posts big blind $3
*** HOLE CARDS ***
olech1515: raises $3 to $6
sinsadir: folds
Uncalled bet ($3) returned to olech1515
olech1515 collected $6 from pot
olech1515: doesn't show hand
*** SUMMARY ***
Total pot $6 | Rake $0
Seat 1: olech1515 (button) (small blind) collected ($6)
Seat 4: sinsadir (big blind) folded before Flop


PokerStars Hand #160827341321:  Hold'em Limit ($3/$6 USD) - 2016/11/03 5:25:32 ET
Table 'Stroobantia' 6-max Seat #4 is the button
Seat 1: olech1515 ($117.28 in chips)
Seat 4: sinsadir ($182.68 in chips)
sinsadir: posts small blind $1
olech1515: posts big blind $3
*** HOLE CARDS ***
sinsadir: raises $3 to $6
olech1515: folds
Uncalled bet ($3) returned to sinsadir
sinsadir collected $6 from pot
sinsadir: doesn't show hand
*** SUMMARY ***
Total pot $6 | Rake $0
Seat 1: olech1515 (big blind) folded before Flop
Seat 4: sinsadir (button) (small blind) collected ($6)


