PokerStars Hand #145863433584:  Hold'em Limit ($3/$6 USD) - 2015/12/24 16:07:54 ET
Table 'Stroobantia II' 2-max Seat #1 is the button
Seat 1: BelSv ($107.26 in chips)
Seat 2: TheGONo ($53.50 in chips)
BelSv: posts small blind $1
TheGONo: posts big blind $3
*** HOLE CARDS ***
BelSv: raises $3 to $6
TheGONo: calls $3
*** FLOP *** [Ac 8c Qd]
TheGONo: checks
BelSv: bets $3
TheGONo: folds
Uncalled bet ($3) returned to BelSv
BelSv collected $11.76 from pot
BelSv: doesn't show hand
*** SUMMARY ***
Total pot $12 | Rake $0.24
Board [Ac 8c Qd]
Seat 1: BelSv (button) (small blind) collected ($11.76)
Seat 2: TheGONo (big blind) folded on the Flop


PokerStars Hand #145863420601:  Hold'em Limit ($3/$6 USD) - 2015/12/24 16:07:37 ET
Table 'Stroobantia II' 2-max Seat #2 is the button
Seat 1: BelSv ($83.76 in chips)
Seat 2: TheGONo ($77.50 in chips)
TheGONo: posts small blind $1
BelSv: posts big blind $3
*** HOLE CARDS ***
TheGONo: raises $3 to $6
BelSv: raises $3 to $9
TheGONo: calls $3
*** FLOP *** [Qs Jh 4h]
BelSv: bets $3
TheGONo: calls $3
*** TURN *** [Qs Jh 4h] [Th]
BelSv: bets $6
TheGONo: calls $6
*** RIVER *** [Qs Jh 4h Th] [2d]
BelSv: bets $6
TheGONo: calls $6
*** SHOW DOWN ***
BelSv: shows [Kh 9d] (a straight, Nine to King)
TheGONo: mucks hand
BelSv collected $47.50 from pot
*** SUMMARY ***
Total pot $48 | Rake $0.50
Board [Qs Jh 4h Th 2d]
Seat 1: BelSv (big blind) showed [Kh 9d] and won ($47.50) with a straight, Nine to King
Seat 2: TheGONo (button) (small blind) mucked


PokerStars Hand #145863412993:  Hold'em Limit ($3/$6 USD) - 2015/12/24 16:07:27 ET
Table 'Stroobantia II' 2-max Seat #1 is the button
Seat 1: BelSv ($78 in chips)
Seat 2: TheGONo ($83.50 in chips)
BelSv: posts small blind $1
TheGONo: posts big blind $3
*** HOLE CARDS ***
BelSv: raises $3 to $6
TheGONo: calls $3
*** FLOP *** [3d 9h Kh]
TheGONo: checks
BelSv: bets $3
TheGONo: folds
Uncalled bet ($3) returned to BelSv
BelSv collected $11.76 from pot
BelSv: doesn't show hand
*** SUMMARY ***
Total pot $12 | Rake $0.24
Board [3d 9h Kh]
Seat 1: BelSv (button) (small blind) collected ($11.76)
Seat 2: TheGONo (big blind) folded on the Flop


PokerStars Hand #145863399480:  Hold'em Limit ($3/$6 USD) - 2015/12/24 16:07:09 ET
Table 'Stroobantia II' 2-max Seat #2 is the button
Seat 1: BelSv ($91.50 in chips)
Seat 2: TheGONo ($66 in chips)
TheGONo: posts small blind $1
BelSv: posts big blind $3
*** HOLE CARDS ***
TheGONo: raises $3 to $6
BelSv: raises $3 to $9
TheGONo: calls $3
*** FLOP *** [2d 4d 4c]
BelSv: bets $3
TheGONo: calls $3
*** TURN *** [2d 4d 4c] [Kh]
BelSv: bets $6
TheGONo: raises $6 to $12
BelSv: folds
Uncalled bet ($6) returned to TheGONo
TheGONo collected $35.50 from pot
TheGONo: doesn't show hand
*** SUMMARY ***
Total pot $36 | Rake $0.50
Board [2d 4d 4c Kh]
Seat 1: BelSv (big blind) folded on the Turn
Seat 2: TheGONo (button) (small blind) collected ($35.50)


PokerStars Hand #145863479264:  Hold'em Limit ($3/$6 USD) - 2015/12/24 16:08:54 ET
Table 'Stroobantia II' 2-max Seat #1 is the button
Seat 1: BelSv ($117.66 in chips)
Seat 2: TheGONo ($42.50 in chips)
BelSv: posts small blind $1
TheGONo: posts big blind $3
*** HOLE CARDS ***
BelSv: raises $3 to $6
TheGONo: folds
Uncalled bet ($3) returned to BelSv
BelSv collected $6 from pot
BelSv: doesn't show hand
*** SUMMARY ***
Total pot $6 | Rake $0
Seat 1: BelSv (button) (small blind) collected ($6)
Seat 2: TheGONo (big blind) folded before Flop


PokerStars Hand #145863452952:  Hold'em Limit ($3/$6 USD) - 2015/12/24 16:08:19 ET
Table 'Stroobantia II' 2-max Seat #2 is the button
Seat 1: BelSv ($109.02 in chips)
Seat 2: TheGONo ($51.50 in chips)
TheGONo: posts small blind $1
BelSv: posts big blind $3
*** HOLE CARDS ***
TheGONo: raises $3 to $6
BelSv: calls $3
*** FLOP *** [6h Kd Js]
BelSv: checks
TheGONo: bets $3
BelSv: calls $3
*** TURN *** [6h Kd Js] [Jd]
BelSv: checks
TheGONo: checks
*** RIVER *** [6h Kd Js Jd] [2c]
BelSv: bets $6
TheGONo: folds
Uncalled bet ($6) returned to BelSv
BelSv collected $17.64 from pot
BelSv: doesn't show hand
*** SUMMARY ***
Total pot $18 | Rake $0.36
Board [6h Kd Js Jd 2c]
Seat 1: BelSv (big blind) collected ($17.64)
Seat 2: TheGONo (button) (small blind) folded on the River


PokerStars Hand #145863446493:  Hold'em Limit ($3/$6 USD) - 2015/12/24 16:08:10 ET
Table 'Stroobantia II' 2-max Seat #1 is the button
Seat 1: BelSv ($110.02 in chips)
Seat 2: TheGONo ($50.50 in chips)
BelSv: posts small blind $1
TheGONo: posts big blind $3
*** HOLE CARDS ***
BelSv: folds
Uncalled bet ($2) returned to TheGONo
TheGONo collected $2 from pot
TheGONo: doesn't show hand
*** SUMMARY ***
Total pot $2 | Rake $0
Seat 1: BelSv (button) (small blind) folded before Flop
Seat 2: TheGONo (big blind) collected ($2)


PokerStars Hand #145863441908:  Hold'em Limit ($3/$6 USD) - 2015/12/24 16:08:05 ET
Table 'Stroobantia II' 2-max Seat #2 is the button
Seat 1: BelSv ($113.02 in chips)
Seat 2: TheGONo ($47.50 in chips)
TheGONo: posts small blind $1
BelSv: posts big blind $3
*** HOLE CARDS ***
TheGONo: raises $3 to $6
BelSv: folds
Uncalled bet ($3) returned to TheGONo
TheGONo collected $6 from pot
TheGONo: doesn't show hand
*** SUMMARY ***
Total pot $6 | Rake $0
Seat 1: BelSv (big blind) folded before Flop
Seat 2: TheGONo (button) (small blind) collected ($6)


PokerStars Hand #145863523881:  Hold'em Limit ($3/$6 USD) - 2015/12/24 16:09:52 ET
Table 'Stroobantia II' 2-max Seat #1 is the button
Seat 1: BelSv ($111.42 in chips)
Seat 2: TheGONo ($47.90 in chips)
BelSv: posts small blind $1
TheGONo: posts big blind $3
*** HOLE CARDS ***
BelSv: folds
Uncalled bet ($2) returned to TheGONo
TheGONo collected $2 from pot
TheGONo: doesn't show hand
*** SUMMARY ***
Total pot $2 | Rake $0
Seat 1: BelSv (button) (small blind) folded before Flop
Seat 2: TheGONo (big blind) collected ($2)


PokerStars Hand #145863512297:  Hold'em Limit ($3/$6 USD) - 2015/12/24 16:09:37 ET
Table 'Stroobantia II' 2-max Seat #2 is the button
Seat 1: BelSv ($117.42 in chips)
Seat 2: TheGONo ($42.14 in chips)
TheGONo: posts small blind $1
BelSv: posts big blind $3
*** HOLE CARDS ***
TheGONo: raises $3 to $6
BelSv: calls $3
*** FLOP *** [4c 2s 3c]
BelSv: checks
TheGONo: bets $3
BelSv: folds
Uncalled bet ($3) returned to TheGONo
TheGONo collected $11.76 from pot
TheGONo: doesn't show hand
*** SUMMARY ***
Total pot $12 | Rake $0.24
Board [4c 2s 3c]
Seat 1: BelSv (big blind) folded on the Flop
Seat 2: TheGONo (button) (small blind) collected ($11.76)


PokerStars Hand #145863501294:  Hold'em Limit ($3/$6 USD) - 2015/12/24 16:09:23 ET
Table 'Stroobantia II' 2-max Seat #1 is the button
Seat 1: BelSv ($126.42 in chips)
Seat 2: TheGONo ($33.50 in chips)
BelSv: posts small blind $1
TheGONo: posts big blind $3
*** HOLE CARDS ***
BelSv: raises $3 to $6
TheGONo: raises $3 to $9
BelSv: calls $3
*** FLOP *** [2d Th 6c]
TheGONo: bets $3
BelSv: folds
Uncalled bet ($3) returned to TheGONo
TheGONo collected $17.64 from pot
TheGONo: doesn't show hand
*** SUMMARY ***
Total pot $18 | Rake $0.36
Board [2d Th 6c]
Seat 1: BelSv (button) (small blind) folded on the Flop
Seat 2: TheGONo (big blind) collected ($17.64)


PokerStars Hand #145863571997:  Hold'em Limit ($3/$6 USD) - 2015/12/24 16:10:56 ET
Table 'Stroobantia II' 2-max Seat #1 is the button
Seat 1: BelSv ($110.06 in chips)
Seat 2: TheGONo ($48.66 in chips)
BelSv: posts small blind $1
TheGONo: posts big blind $3
*** HOLE CARDS ***
BelSv: raises $3 to $6
TheGONo: folds
Uncalled bet ($3) returned to BelSv
BelSv collected $6 from pot
BelSv: doesn't show hand
*** SUMMARY ***
Total pot $6 | Rake $0
Seat 1: BelSv (button) (small blind) collected ($6)
Seat 2: TheGONo (big blind) folded before Flop


PokerStars Hand #145863565682:  Hold'em Limit ($3/$6 USD) - 2015/12/24 16:10:48 ET
Table 'Stroobantia II' 2-max Seat #2 is the button
Seat 1: BelSv ($113.06 in chips)
Seat 2: TheGONo ($45.66 in chips)
TheGONo: posts small blind $1
BelSv: posts big blind $3
*** HOLE CARDS ***
TheGONo: raises $3 to $6
BelSv: folds
Uncalled bet ($3) returned to TheGONo
TheGONo collected $6 from pot
TheGONo: doesn't show hand
*** SUMMARY ***
Total pot $6 | Rake $0
Seat 1: BelSv (big blind) folded before Flop
Seat 2: TheGONo (button) (small blind) collected ($6)


PokerStars Hand #145863549608:  Hold'em Limit ($3/$6 USD) - 2015/12/24 16:10:26 ET
Table 'Stroobantia II' 2-max Seat #1 is the button
Seat 1: BelSv ($104.42 in chips)
Seat 2: TheGONo ($54.66 in chips)
BelSv: posts small blind $1
TheGONo: posts big blind $3
*** HOLE CARDS ***
BelSv: raises $3 to $6
TheGONo: calls $3
*** FLOP *** [Qd 6s 9s]
TheGONo: checks
BelSv: bets $3
TheGONo: calls $3
*** TURN *** [Qd 6s 9s] [7s]
TheGONo: checks
BelSv: checks
*** RIVER *** [Qd 6s 9s 7s] [Tc]
TheGONo: checks
BelSv: bets $6
TheGONo: folds
Uncalled bet ($6) returned to BelSv
BelSv collected $17.64 from pot
BelSv: doesn't show hand
*** SUMMARY ***
Total pot $18 | Rake $0.36
Board [Qd 6s 9s 7s Tc]
Seat 1: BelSv (button) (small blind) collected ($17.64)
Seat 2: TheGONo (big blind) folded on the River


PokerStars Hand #145863527328:  Hold'em Limit ($3/$6 USD) - 2015/12/24 16:09:57 ET
Table 'Stroobantia II' 2-max Seat #2 is the button
Seat 1: BelSv ($110.42 in chips)
Seat 2: TheGONo ($48.90 in chips)
TheGONo: posts small blind $1
BelSv: posts big blind $3
*** HOLE CARDS ***
TheGONo: raises $3 to $6
BelSv: calls $3
*** FLOP *** [Ah 4c 6s]
BelSv: checks
TheGONo: checks
*** TURN *** [Ah 4c 6s] [4d]
BelSv: checks
TheGONo: checks
*** RIVER *** [Ah 4c 6s 4d] [5d]
BelSv: checks
TheGONo: checks
*** SHOW DOWN ***
BelSv: shows [Ts 8h] (a pair of Fours)
TheGONo: shows [Jd 9d] (a pair of Fours - Ace+Jack kicker)
TheGONo collected $11.76 from pot
*** SUMMARY ***
Total pot $12 | Rake $0.24
Board [Ah 4c 6s 4d 5d]
Seat 1: BelSv (big blind) showed [Ts 8h] and lost with a pair of Fours
Seat 2: TheGONo (button) (small blind) showed [Jd 9d] and won ($11.76) with a pair of Fours


PokerStars Hand #145863605249:  Hold'em Limit ($3/$6 USD) - 2015/12/24 16:11:40 ET
Table 'Stroobantia II' 2-max Seat #2 is the button
Seat 1: BelSv ($104.70 in chips)
Seat 2: TheGONo ($53.16 in chips)
TheGONo: posts small blind $1
BelSv: posts big blind $3
*** HOLE CARDS ***
TheGONo: raises $3 to $6
BelSv: raises $3 to $9
TheGONo: calls $3
*** FLOP *** [Ts 5d 3h]
BelSv: bets $3
TheGONo: raises $3 to $6
BelSv: calls $3
*** TURN *** [Ts 5d 3h] [6s]
BelSv: checks
TheGONo: bets $6
BelSv: calls $6
*** RIVER *** [Ts 5d 3h 6s] [Ah]
BelSv: checks
TheGONo: checks
*** SHOW DOWN ***
BelSv: shows [9c 9d] (a pair of Nines)
TheGONo: mucks hand
BelSv collected $41.50 from pot
*** SUMMARY ***
Total pot $42 | Rake $0.50
Board [Ts 5d 3h 6s Ah]
Seat 1: BelSv (big blind) showed [9c 9d] and won ($41.50) with a pair of Nines
Seat 2: TheGONo (button) (small blind) mucked


PokerStars Hand #145863601214:  Hold'em Limit ($3/$6 USD) - 2015/12/24 16:11:35 ET
Table 'Stroobantia II' 2-max Seat #1 is the button
Seat 1: BelSv ($101.70 in chips)
Seat 2: TheGONo ($56.16 in chips)
BelSv: posts small blind $1
TheGONo: posts big blind $3
*** HOLE CARDS ***
BelSv: raises $3 to $6
TheGONo: folds
Uncalled bet ($3) returned to BelSv
BelSv collected $6 from pot
BelSv: doesn't show hand
*** SUMMARY ***
Total pot $6 | Rake $0
Seat 1: BelSv (button) (small blind) collected ($6)
Seat 2: TheGONo (big blind) folded before Flop


PokerStars Hand #145863597850:  Hold'em Limit ($3/$6 USD) - 2015/12/24 16:11:30 ET
Table 'Stroobantia II' 2-max Seat #2 is the button
Seat 1: BelSv ($100.70 in chips)
Seat 2: TheGONo ($57.16 in chips)
TheGONo: posts small blind $1
BelSv: posts big blind $3
*** HOLE CARDS ***
TheGONo: folds
Uncalled bet ($2) returned to BelSv
BelSv collected $2 from pot
BelSv: doesn't show hand
*** SUMMARY ***
Total pot $2 | Rake $0
Seat 1: BelSv (big blind) collected ($2)
Seat 2: TheGONo (button) (small blind) folded before Flop


PokerStars Hand #145863584673:  Hold'em Limit ($3/$6 USD) - 2015/12/24 16:11:13 ET
Table 'Stroobantia II' 2-max Seat #1 is the button
Seat 1: BelSv ($121.70 in chips)
Seat 2: TheGONo ($36.66 in chips)
BelSv: posts small blind $1
TheGONo: posts big blind $3
*** HOLE CARDS ***
BelSv: raises $3 to $6
TheGONo: calls $3
*** FLOP *** [3h 4s Qs]
TheGONo: checks
BelSv: bets $3
TheGONo: calls $3
*** TURN *** [3h 4s Qs] [6s]
TheGONo: checks
BelSv: checks
*** RIVER *** [3h 4s Qs 6s] [5d]
TheGONo: bets $6
BelSv: raises $6 to $12
TheGONo: calls $6
*** SHOW DOWN ***
BelSv: shows [9c Td] (high card Queen)
TheGONo: shows [Qh 2h] (a straight, Deuce to Six)
TheGONo collected $41.50 from pot
*** SUMMARY ***
Total pot $42 | Rake $0.50
Board [3h 4s Qs 6s 5d]
Seat 1: BelSv (button) (small blind) showed [9c Td] and lost with high card Queen
Seat 2: TheGONo (big blind) showed [Qh 2h] and won ($41.50) with a straight, Deuce to Six


PokerStars Hand #145863576779:  Hold'em Limit ($3/$6 USD) - 2015/12/24 16:11:02 ET
Table 'Stroobantia II' 2-max Seat #2 is the button
Seat 1: BelSv ($113.06 in chips)
Seat 2: TheGONo ($45.66 in chips)
TheGONo: posts small blind $1
BelSv: posts big blind $3
*** HOLE CARDS ***
TheGONo: raises $3 to $6
BelSv: raises $3 to $9
TheGONo: calls $3
*** FLOP *** [Ts 8d 8s]
BelSv: bets $3
TheGONo: folds
Uncalled bet ($3) returned to BelSv
BelSv collected $17.64 from pot
BelSv: doesn't show hand
*** SUMMARY ***
Total pot $18 | Rake $0.36
Board [Ts 8d 8s]
Seat 1: BelSv (big blind) collected ($17.64)
Seat 2: TheGONo (button) (small blind) folded on the Flop


PokerStars Hand #145863656632:  Hold'em Limit ($3/$6 USD) - 2015/12/24 16:12:48 ET
Table 'Stroobantia II' 2-max Seat #2 is the button
Seat 1: BelSv ($139.34 in chips)
Seat 2: TheGONo ($16.80 in chips)
TheGONo: posts small blind $1
BelSv: posts big blind $3
*** HOLE CARDS ***
TheGONo: raises $3 to $6
BelSv: raises $3 to $9
TheGONo: raises $3 to $12
Betting is capped
BelSv: calls $3
*** FLOP *** [8d 2c Jh]
BelSv: checks
TheGONo: bets $3
BelSv: calls $3
*** TURN *** [8d 2c Jh] [4c]
BelSv: checks
TheGONo: bets $1.80 and is all-in
BelSv: calls $1.80
*** RIVER *** [8d 2c Jh 4c] [9h]
*** SHOW DOWN ***
BelSv: shows [Th Kh] (high card King)
TheGONo: shows [5d 8c] (a pair of Eights)
TheGONo collected $33.10 from pot
*** SUMMARY ***
Total pot $33.60 | Rake $0.50
Board [8d 2c Jh 4c 9h]
Seat 1: BelSv (big blind) showed [Th Kh] and lost with high card King
Seat 2: TheGONo (button) (small blind) showed [5d 8c] and won ($33.10) with a pair of Eights


PokerStars Hand #145863646297:  Hold'em Limit ($3/$6 USD) - 2015/12/24 16:12:35 ET
Table 'Stroobantia II' 2-max Seat #1 is the button
Seat 1: BelSv ($130.70 in chips)
Seat 2: TheGONo ($25.80 in chips)
BelSv: posts small blind $1
TheGONo: posts big blind $3
*** HOLE CARDS ***
BelSv: raises $3 to $6
TheGONo: raises $3 to $9
BelSv: calls $3
*** FLOP *** [Kc 6s 9s]
TheGONo: checks
BelSv: bets $3
TheGONo: folds
Uncalled bet ($3) returned to BelSv
BelSv collected $17.64 from pot
BelSv: doesn't show hand
*** SUMMARY ***
Total pot $18 | Rake $0.36
Board [Kc 6s 9s]
Seat 1: BelSv (button) (small blind) collected ($17.64)
Seat 2: TheGONo (big blind) folded on the Flop


PokerStars Hand #145863634887:  Hold'em Limit ($3/$6 USD) - 2015/12/24 16:12:19 ET
Table 'Stroobantia II' 2-max Seat #2 is the button
Seat 1: BelSv ($116.20 in chips)
Seat 2: TheGONo ($40.80 in chips)
TheGONo: posts small blind $1
BelSv: posts big blind $3
*** HOLE CARDS ***
TheGONo: raises $3 to $6
BelSv: raises $3 to $9
TheGONo: raises $3 to $12
Betting is capped
BelSv: calls $3
*** FLOP *** [Qd 5d Ad]
BelSv: checks
TheGONo: bets $3
BelSv: calls $3
*** TURN *** [Qd 5d Ad] [Jd]
BelSv: checks
TheGONo: checks
*** RIVER *** [Qd 5d Ad Jd] [2c]
BelSv: checks
TheGONo: checks
*** SHOW DOWN ***
BelSv: shows [Kd Qh] (a flush, Ace high)
TheGONo: mucks hand
BelSv collected $29.50 from pot
*** SUMMARY ***
Total pot $30 | Rake $0.50
Board [Qd 5d Ad Jd 2c]
Seat 1: BelSv (big blind) showed [Kd Qh] and won ($29.50) with a flush, Ace high
Seat 2: TheGONo (button) (small blind) mucked


PokerStars Hand #145863630951:  Hold'em Limit ($3/$6 USD) - 2015/12/24 16:12:14 ET
Table 'Stroobantia II' 2-max Seat #1 is the button
Seat 1: BelSv ($117.20 in chips)
Seat 2: TheGONo ($39.80 in chips)
BelSv: posts small blind $1
TheGONo: posts big blind $3
*** HOLE CARDS ***
BelSv: folds
Uncalled bet ($2) returned to TheGONo
TheGONo collected $2 from pot
TheGONo: doesn't show hand
*** SUMMARY ***
Total pot $2 | Rake $0
Seat 1: BelSv (button) (small blind) folded before Flop
Seat 2: TheGONo (big blind) collected ($2)


PokerStars Hand #145863626908:  Hold'em Limit ($3/$6 USD) - 2015/12/24 16:12:09 ET
Table 'Stroobantia II' 2-max Seat #2 is the button
Seat 1: BelSv ($116.20 in chips)
Seat 2: TheGONo ($40.80 in chips)
TheGONo: posts small blind $1
BelSv: posts big blind $3
*** HOLE CARDS ***
TheGONo: folds
Uncalled bet ($2) returned to BelSv
BelSv collected $2 from pot
BelSv: doesn't show hand
*** SUMMARY ***
Total pot $2 | Rake $0
Seat 1: BelSv (big blind) collected ($2)
Seat 2: TheGONo (button) (small blind) folded before Flop


PokerStars Hand #145863617309:  Hold'em Limit ($3/$6 USD) - 2015/12/24 16:11:56 ET
Table 'Stroobantia II' 2-max Seat #1 is the button
Seat 1: BelSv ($125.20 in chips)
Seat 2: TheGONo ($32.16 in chips)
BelSv: posts small blind $1
TheGONo: posts big blind $3
*** HOLE CARDS ***
BelSv: raises $3 to $6
TheGONo: raises $3 to $9
BelSv: calls $3
*** FLOP *** [8d Qs Tc]
TheGONo: bets $3
BelSv: folds
Uncalled bet ($3) returned to TheGONo
TheGONo collected $17.64 from pot
TheGONo: doesn't show hand
*** SUMMARY ***
Total pot $18 | Rake $0.36
Board [8d Qs Tc]
Seat 1: BelSv (button) (small blind) folded on the Flop
Seat 2: TheGONo (big blind) collected ($17.64)


PokerStars Hand #145863671744:  Hold'em Limit ($3/$6 USD) - 2015/12/24 16:13:08 ET
Table 'Stroobantia II' 2-max Seat #2 is the button
Seat 1: BelSv ($125.54 in chips)
Seat 2: TheGONo ($30.10 in chips)
TheGONo: posts small blind $1
BelSv: posts big blind $3
*** HOLE CARDS ***
TheGONo: raises $3 to $6
BelSv: raises $3 to $9
TheGONo: calls $3
*** FLOP *** [5s 7s 7d]
BelSv: bets $3
TheGONo: raises $3 to $6
BelSv: calls $3
*** TURN *** [5s 7s 7d] [6c]
BelSv: checks
TheGONo: bets $6
BelSv: raises $6 to $12
TheGONo: raises $3.10 to $15.10 and is all-in
BelSv: calls $3.10
*** RIVER *** [5s 7s 7d 6c] [Kh]
*** SHOW DOWN ***
BelSv: shows [7h Ad] (three of a kind, Sevens)
TheGONo: shows [As 3s] (a pair of Sevens)
BelSv collected $59.70 from pot
*** SUMMARY ***
Total pot $60.20 | Rake $0.50
Board [5s 7s 7d 6c Kh]
Seat 1: BelSv (big blind) showed [7h Ad] and won ($59.70) with three of a kind, Sevens
Seat 2: TheGONo (button) (small blind) showed [As 3s] and lost with a pair of Sevens


PokerStars Hand #145863668366:  Hold'em Limit ($3/$6 USD) - 2015/12/24 16:13:04 ET
Table 'Stroobantia II' 2-max Seat #1 is the button
Seat 1: BelSv ($122.54 in chips)
Seat 2: TheGONo ($33.10 in chips)
BelSv: posts small blind $1
TheGONo: posts big blind $3
*** HOLE CARDS ***
BelSv: raises $3 to $6
TheGONo: folds
Uncalled bet ($3) returned to BelSv
BelSv collected $6 from pot
BelSv: doesn't show hand
*** SUMMARY ***
Total pot $6 | Rake $0
Seat 1: BelSv (button) (small blind) collected ($6)
Seat 2: TheGONo (big blind) folded before Flop


PokerStars Hand #145867247675:  Hold'em Limit ($3/$6 USD) - 2015/12/24 17:29:18 ET
Table 'Stroobantia II' 2-max Seat #1 is the button
Seat 1: BelSv ($162.64 in chips)
Seat 2: ggwp-777 ($89.82 in chips)
BelSv: posts small blind $1
ggwp-777: posts big blind $3
*** HOLE CARDS ***
BelSv: raises $3 to $6
ggwp-777: calls $3
*** FLOP *** [Ad Kd 8c]
ggwp-777: bets $3
BelSv: folds
Uncalled bet ($3) returned to ggwp-777
ggwp-777 collected $11.76 from pot
ggwp-777: doesn't show hand
*** SUMMARY ***
Total pot $12 | Rake $0.24
Board [Ad Kd 8c]
Seat 1: BelSv (button) (small blind) folded on the Flop
Seat 2: ggwp-777 (big blind) collected ($11.76)


PokerStars Hand #145867258221:  Hold'em Limit ($3/$6 USD) - 2015/12/24 17:29:26 ET
Table 'Stroobantia II' 2-max Seat #2 is the button
Seat 1: BelSv ($156.64 in chips)
Seat 2: ggwp-777 ($95.58 in chips)
ggwp-777: posts small blind $1
BelSv: posts big blind $3
*** HOLE CARDS ***
ggwp-777: calls $2
BelSv: checks
*** FLOP *** [5d 3d 7h]
BelSv: bets $3
ggwp-777: raises $3 to $6
BelSv: calls $3
*** TURN *** [5d 3d 7h] [Jc]
BelSv: checks
ggwp-777: bets $6
BelSv: calls $6
*** RIVER *** [5d 3d 7h Jc] [Kc]
BelSv: checks
ggwp-777: bets $6
BelSv: folds
Uncalled bet ($6) returned to ggwp-777
ggwp-777 collected $29.50 from pot
ggwp-777: doesn't show hand
*** SUMMARY ***
Total pot $30 | Rake $0.50
Board [5d 3d 7h Jc Kc]
Seat 1: BelSv (big blind) folded on the River
Seat 2: ggwp-777 (button) (small blind) collected ($29.50)


PokerStars Hand #145867291133:  Hold'em Limit ($3/$6 USD) - 2015/12/24 17:29:53 ET
Table 'Stroobantia II' 2-max Seat #2 is the button
Seat 1: BelSv ($140.64 in chips)
Seat 2: ggwp-777 ($111.08 in chips)
ggwp-777: posts small blind $1
BelSv: posts big blind $3
*** HOLE CARDS ***
ggwp-777: raises $3 to $6
BelSv: calls $3
*** FLOP *** [6h 9s Qs]
BelSv: checks
ggwp-777: bets $3
BelSv: folds
Uncalled bet ($3) returned to ggwp-777
ggwp-777 collected $11.76 from pot
ggwp-777: doesn't show hand
*** SUMMARY ***
Total pot $12 | Rake $0.24
Board [6h 9s Qs]
Seat 1: BelSv (big blind) folded on the Flop
Seat 2: ggwp-777 (button) (small blind) collected ($11.76)


PokerStars Hand #145867284684:  Hold'em Limit ($3/$6 USD) - 2015/12/24 17:29:48 ET
Table 'Stroobantia II' 2-max Seat #1 is the button
Seat 1: BelSv ($141.64 in chips)
Seat 2: ggwp-777 ($110.08 in chips)
BelSv: posts small blind $1
ggwp-777: posts big blind $3
*** HOLE CARDS ***
BelSv: folds
Uncalled bet ($2) returned to ggwp-777
ggwp-777 collected $2 from pot
ggwp-777: doesn't show hand
*** SUMMARY ***
Total pot $2 | Rake $0
Seat 1: BelSv (button) (small blind) folded before Flop
Seat 2: ggwp-777 (big blind) collected ($2)


PokerStars Hand #145867307925:  Hold'em Limit ($3/$6 USD) - 2015/12/24 17:30:07 ET
Table 'Stroobantia II' 2-max Seat #2 is the button
Seat 1: BelSv ($133.64 in chips)
Seat 2: ggwp-777 ($117.84 in chips)
ggwp-777: posts small blind $1
BelSv: posts big blind $3
*** HOLE CARDS ***
ggwp-777: calls $2
BelSv: raises $3 to $6
ggwp-777: calls $3
*** FLOP *** [9s Kd 5h]
BelSv: bets $3
ggwp-777: calls $3
*** TURN *** [9s Kd 5h] [6c]
BelSv: bets $6
ggwp-777: raises $6 to $12
BelSv: calls $6
*** RIVER *** [9s Kd 5h 6c] [Qs]
BelSv: checks
ggwp-777: bets $6
BelSv: calls $6
*** SHOW DOWN ***
ggwp-777: shows [7h 5c] (a pair of Fives)
BelSv: shows [Ts 6d] (a pair of Sixes)
BelSv collected $53.50 from pot
*** SUMMARY ***
Total pot $54 | Rake $0.50
Board [9s Kd 5h 6c Qs]
Seat 1: BelSv (big blind) showed [Ts 6d] and won ($53.50) with a pair of Sixes
Seat 2: ggwp-777 (button) (small blind) showed [7h 5c] and lost with a pair of Fives


PokerStars Hand #145867328401:  Hold'em Limit ($3/$6 USD) - 2015/12/24 17:30:23 ET
Table 'Stroobantia II' 2-max Seat #1 is the button
Seat 1: BelSv ($160.14 in chips)
Seat 2: ggwp-777 ($90.84 in chips)
BelSv: posts small blind $1
ggwp-777: posts big blind $3
*** HOLE CARDS ***
BelSv: raises $3 to $6
ggwp-777: calls $3
*** FLOP *** [2s 6h Qc]
ggwp-777: checks
BelSv: checks
*** TURN *** [2s 6h Qc] [Ts]
ggwp-777: bets $6
BelSv: calls $6
*** RIVER *** [2s 6h Qc Ts] [9h]
ggwp-777: bets $6
BelSv: folds
Uncalled bet ($6) returned to ggwp-777
ggwp-777 collected $23.52 from pot
ggwp-777: doesn't show hand
*** SUMMARY ***
Total pot $24 | Rake $0.48
Board [2s 6h Qc Ts 9h]
Seat 1: BelSv (button) (small blind) folded on the River
Seat 2: ggwp-777 (big blind) collected ($23.52)


PokerStars Hand #145867345084:  Hold'em Limit ($3/$6 USD) - 2015/12/24 17:30:37 ET
Table 'Stroobantia II' 2-max Seat #2 is the button
Seat 1: BelSv ($148.14 in chips)
Seat 2: ggwp-777 ($102.36 in chips)
ggwp-777: posts small blind $1
BelSv: posts big blind $3
*** HOLE CARDS ***
ggwp-777: raises $3 to $6
BelSv: folds
Uncalled bet ($3) returned to ggwp-777
ggwp-777 collected $6 from pot
ggwp-777: doesn't show hand
*** SUMMARY ***
Total pot $6 | Rake $0
Seat 1: BelSv (big blind) folded before Flop
Seat 2: ggwp-777 (button) (small blind) collected ($6)


PokerStars Hand #145867301855:  Hold'em Limit ($3/$6 USD) - 2015/12/24 17:30:02 ET
Table 'Stroobantia II' 2-max Seat #1 is the button
Seat 1: BelSv ($134.64 in chips)
Seat 2: ggwp-777 ($116.84 in chips)
BelSv: posts small blind $1
ggwp-777: posts big blind $3
*** HOLE CARDS ***
BelSv: folds
Uncalled bet ($2) returned to ggwp-777
ggwp-777 collected $2 from pot
ggwp-777: doesn't show hand
*** SUMMARY ***
Total pot $2 | Rake $0
Seat 1: BelSv (button) (small blind) folded before Flop
Seat 2: ggwp-777 (big blind) collected ($2)


PokerStars Hand #145867382614:  Hold'em Limit ($3/$6 USD) - 2015/12/24 17:31:08 ET
Table 'Stroobantia II' 2-max Seat #1 is the button
Seat 1: BelSv ($165.40 in chips)
Seat 2: ggwp-777 ($84.36 in chips)
BelSv: posts small blind $1
ggwp-777: posts big blind $3
*** HOLE CARDS ***
BelSv: raises $3 to $6
ggwp-777: folds
Uncalled bet ($3) returned to BelSv
BelSv collected $6 from pot
BelSv: doesn't show hand
*** SUMMARY ***
Total pot $6 | Rake $0
Seat 1: BelSv (button) (small blind) collected ($6)
Seat 2: ggwp-777 (big blind) folded before Flop


PokerStars Hand #145867364731:  Hold'em Limit ($3/$6 USD) - 2015/12/24 17:30:53 ET
Table 'Stroobantia II' 2-max Seat #2 is the button
Seat 1: BelSv ($150.90 in chips)
Seat 2: ggwp-777 ($99.36 in chips)
ggwp-777: posts small blind $1
BelSv: posts big blind $3
*** HOLE CARDS ***
ggwp-777: calls $2
BelSv: raises $3 to $6
ggwp-777: calls $3
*** FLOP *** [2h 7c 9s]
BelSv: bets $3
ggwp-777: calls $3
*** TURN *** [2h 7c 9s] [Ad]
BelSv: bets $6
ggwp-777: calls $6
*** RIVER *** [2h 7c 9s Ad] [Ks]
BelSv: bets $6
ggwp-777: folds
Uncalled bet ($6) returned to BelSv
BelSv collected $29.50 from pot
BelSv: doesn't show hand
*** SUMMARY ***
Total pot $30 | Rake $0.50
Board [2h 7c 9s Ad Ks]
Seat 1: BelSv (big blind) collected ($29.50)
Seat 2: ggwp-777 (button) (small blind) folded on the River


PokerStars Hand #145867351859:  Hold'em Limit ($3/$6 USD) - 2015/12/24 17:30:43 ET
Table 'Stroobantia II' 2-max Seat #1 is the button
Seat 1: BelSv ($145.14 in chips)
Seat 2: ggwp-777 ($105.36 in chips)
BelSv: posts small blind $1
ggwp-777: posts big blind $3
*** HOLE CARDS ***
BelSv: raises $3 to $6
ggwp-777: calls $3
*** FLOP *** [3h Js 6c]
ggwp-777: checks
BelSv: bets $3
ggwp-777: folds
Uncalled bet ($3) returned to BelSv
BelSv collected $11.76 from pot
BelSv: doesn't show hand
*** SUMMARY ***
Total pot $12 | Rake $0.24
Board [3h Js 6c]
Seat 1: BelSv (button) (small blind) collected ($11.76)
Seat 2: ggwp-777 (big blind) folded on the Flop


PokerStars Hand #145867388752:  Hold'em Limit ($3/$6 USD) - 2015/12/24 17:31:13 ET
Table 'Stroobantia II' 2-max Seat #2 is the button
Seat 1: BelSv ($168.40 in chips)
Seat 2: ggwp-777 ($81.36 in chips)
ggwp-777: posts small blind $1
BelSv: posts big blind $3
*** HOLE CARDS ***
ggwp-777: raises $3 to $6
BelSv: raises $3 to $9
ggwp-777: calls $3
*** FLOP *** [4d Qc Kd]
BelSv: bets $3
ggwp-777: raises $3 to $6
BelSv: calls $3
*** TURN *** [4d Qc Kd] [8s]
BelSv: checks
ggwp-777: bets $6
BelSv: calls $6
*** RIVER *** [4d Qc Kd 8s] [3h]
BelSv: checks
ggwp-777: bets $6
BelSv: calls $6
*** SHOW DOWN ***
ggwp-777: shows [Td Qd] (a pair of Queens)
BelSv: mucks hand
ggwp-777 collected $53.50 from pot
*** SUMMARY ***
Total pot $54 | Rake $0.50
Board [4d Qc Kd 8s 3h]
Seat 1: BelSv (big blind) mucked
Seat 2: ggwp-777 (button) (small blind) showed [Td Qd] and won ($53.50) with a pair of Queens


PokerStars Hand #145867407329:  Hold'em Limit ($3/$6 USD) - 2015/12/24 17:31:29 ET
Table 'Stroobantia II' 2-max Seat #1 is the button
Seat 1: BelSv ($141.40 in chips)
Seat 2: ggwp-777 ($107.86 in chips)
BelSv: posts small blind $1
ggwp-777: posts big blind $3
*** HOLE CARDS ***
BelSv: raises $3 to $6
ggwp-777: calls $3
*** FLOP *** [Th Ah 7d]
ggwp-777: checks
BelSv: bets $3
ggwp-777: folds
Uncalled bet ($3) returned to BelSv
BelSv collected $11.76 from pot
BelSv: doesn't show hand
*** SUMMARY ***
Total pot $12 | Rake $0.24
Board [Th Ah 7d]
Seat 1: BelSv (button) (small blind) collected ($11.76)
Seat 2: ggwp-777 (big blind) folded on the Flop


PokerStars Hand #145867417949:  Hold'em Limit ($3/$6 USD) - 2015/12/24 17:31:38 ET
Table 'Stroobantia II' 2-max Seat #2 is the button
Seat 1: BelSv ($147.16 in chips)
Seat 2: ggwp-777 ($101.86 in chips)
ggwp-777: posts small blind $1
BelSv: posts big blind $3
*** HOLE CARDS ***
ggwp-777: calls $2
BelSv: checks
*** FLOP *** [Jc Ks 8d]
BelSv: bets $3
ggwp-777: calls $3
*** TURN *** [Jc Ks 8d] [5h]
BelSv: bets $6
ggwp-777: folds
Uncalled bet ($6) returned to BelSv
BelSv collected $11.76 from pot
BelSv: doesn't show hand
*** SUMMARY ***
Total pot $12 | Rake $0.24
Board [Jc Ks 8d 5h]
Seat 1: BelSv (big blind) collected ($11.76)
Seat 2: ggwp-777 (button) (small blind) folded on the Turn


PokerStars Hand #145867465954:  Hold'em Limit ($3/$6 USD) - 2015/12/24 17:32:20 ET
Table 'Stroobantia II' 2-max Seat #1 is the button
Seat 1: BelSv ($155.42 in chips)
Seat 2: ggwp-777 ($92.36 in chips)
BelSv: posts small blind $1
ggwp-777: posts big blind $3
*** HOLE CARDS ***
BelSv: raises $3 to $6
ggwp-777: folds
Uncalled bet ($3) returned to BelSv
BelSv collected $6 from pot
BelSv: doesn't show hand
*** SUMMARY ***
Total pot $6 | Rake $0
Seat 1: BelSv (button) (small blind) collected ($6)
Seat 2: ggwp-777 (big blind) folded before Flop


PokerStars Hand #145867473111:  Hold'em Limit ($3/$6 USD) - 2015/12/24 17:32:26 ET
Table 'Stroobantia II' 2-max Seat #2 is the button
Seat 1: BelSv ($158.42 in chips)
Seat 2: ggwp-777 ($89.36 in chips)
ggwp-777: posts small blind $1
BelSv: posts big blind $3
*** HOLE CARDS ***
ggwp-777: calls $2
BelSv: raises $3 to $6
ggwp-777: calls $3
*** FLOP *** [Tc Qh 9c]
BelSv: bets $3
ggwp-777: raises $3 to $6
BelSv: calls $3
*** TURN *** [Tc Qh 9c] [Qc]
BelSv: checks
ggwp-777: bets $6
BelSv: calls $6
*** RIVER *** [Tc Qh 9c Qc] [5s]
BelSv: checks
ggwp-777: bets $6
BelSv: folds
Uncalled bet ($6) returned to ggwp-777
ggwp-777 collected $35.50 from pot
ggwp-777: doesn't show hand
*** SUMMARY ***
Total pot $36 | Rake $0.50
Board [Tc Qh 9c Qc 5s]
Seat 1: BelSv (big blind) folded on the River
Seat 2: ggwp-777 (button) (small blind) collected ($35.50)


PokerStars Hand #145867490865:  Hold'em Limit ($3/$6 USD) - 2015/12/24 17:32:41 ET
Table 'Stroobantia II' 2-max Seat #1 is the button
Seat 1: BelSv ($140.42 in chips)
Seat 2: ggwp-777 ($106.86 in chips)
BelSv: posts small blind $1
ggwp-777: posts big blind $3
*** HOLE CARDS ***
BelSv: folds
Uncalled bet ($2) returned to ggwp-777
ggwp-777 collected $2 from pot
ggwp-777: doesn't show hand
*** SUMMARY ***
Total pot $2 | Rake $0
Seat 1: BelSv (button) (small blind) folded before Flop
Seat 2: ggwp-777 (big blind) collected ($2)


PokerStars Hand #145867449384:  Hold'em Limit ($3/$6 USD) - 2015/12/24 17:32:06 ET
Table 'Stroobantia II' 2-max Seat #2 is the button
Seat 1: BelSv ($173.42 in chips)
Seat 2: ggwp-777 ($74.86 in chips)
ggwp-777: posts small blind $1
BelSv: posts big blind $3
*** HOLE CARDS ***
ggwp-777: calls $2
BelSv: checks
*** FLOP *** [7d Qc Td]
BelSv: checks
ggwp-777: bets $3
BelSv: calls $3
*** TURN *** [7d Qc Td] [Js]
BelSv: checks
ggwp-777: bets $6
BelSv: calls $6
*** RIVER *** [7d Qc Td Js] [Qs]
BelSv: checks
ggwp-777: bets $6
BelSv: calls $6
*** SHOW DOWN ***
ggwp-777: shows [7h Jh] (two pair, Queens and Jacks)
BelSv: mucks hand
ggwp-777 collected $35.50 from pot
*** SUMMARY ***
Total pot $36 | Rake $0.50
Board [7d Qc Td Js Qs]
Seat 1: BelSv (big blind) mucked
Seat 2: ggwp-777 (button) (small blind) showed [7h Jh] and won ($35.50) with two pair, Queens and Jacks


PokerStars Hand #145867435733:  Hold'em Limit ($3/$6 USD) - 2015/12/24 17:31:53 ET
Table 'Stroobantia II' 2-max Seat #1 is the button
Seat 1: BelSv ($152.92 in chips)
Seat 2: ggwp-777 ($95.86 in chips)
BelSv: posts small blind $1
ggwp-777: posts big blind $3
*** HOLE CARDS ***
BelSv: raises $3 to $6
ggwp-777: calls $3
*** FLOP *** [9c Ks Jd]
ggwp-777: bets $3
BelSv: calls $3
*** TURN *** [9c Ks Jd] [Qc]
ggwp-777: bets $6
BelSv: calls $6
*** RIVER *** [9c Ks Jd Qc] [Js]
ggwp-777: bets $6
BelSv: calls $6
*** SHOW DOWN ***
ggwp-777: shows [8c 5d] (a pair of Jacks)
BelSv: shows [Kd 5h] (two pair, Kings and Jacks)
BelSv collected $41.50 from pot
*** SUMMARY ***
Total pot $42 | Rake $0.50
Board [9c Ks Jd Qc Js]
Seat 1: BelSv (button) (small blind) showed [Kd 5h] and won ($41.50) with two pair, Kings and Jacks
Seat 2: ggwp-777 (big blind) showed [8c 5d] and lost with a pair of Jacks


PokerStars Hand #145867496606:  Hold'em Limit ($3/$6 USD) - 2015/12/24 17:32:45 ET
Table 'Stroobantia II' 2-max Seat #2 is the button
Seat 1: BelSv ($139.42 in chips)
Seat 2: ggwp-777 ($107.86 in chips)
ggwp-777: posts small blind $1
BelSv: posts big blind $3
*** HOLE CARDS ***
ggwp-777: calls $2
BelSv: checks
*** FLOP *** [5h 2h Qs]
BelSv: bets $3
ggwp-777: folds
Uncalled bet ($3) returned to BelSv
BelSv collected $5.88 from pot
BelSv: doesn't show hand
*** SUMMARY ***
Total pot $6 | Rake $0.12
Board [5h 2h Qs]
Seat 1: BelSv (big blind) collected ($5.88)
Seat 2: ggwp-777 (button) (small blind) folded on the Flop


PokerStars Hand #145867507047:  Hold'em Limit ($3/$6 USD) - 2015/12/24 17:32:54 ET
Table 'Stroobantia II' 2-max Seat #1 is the button
Seat 1: BelSv ($142.30 in chips)
Seat 2: ggwp-777 ($104.86 in chips)
BelSv: posts small blind $1
ggwp-777: posts big blind $3
*** HOLE CARDS ***
BelSv: raises $3 to $6
ggwp-777: calls $3
*** FLOP *** [9c Th Ac]
ggwp-777: bets $3
BelSv: calls $3
*** TURN *** [9c Th Ac] [4d]
ggwp-777: bets $6
BelSv: calls $6
*** RIVER *** [9c Th Ac 4d] [Qh]
ggwp-777: bets $6
BelSv: raises $6 to $12
ggwp-777: raises $6 to $18
BelSv: folds
Uncalled bet ($6) returned to ggwp-777
ggwp-777 collected $53.50 from pot
ggwp-777: doesn't show hand
*** SUMMARY ***
Total pot $54 | Rake $0.50
Board [9c Th Ac 4d Qh]
Seat 1: BelSv (button) (small blind) folded on the River
Seat 2: ggwp-777 (big blind) collected ($53.50)


PokerStars Hand #145867530073:  Hold'em Limit ($3/$6 USD) - 2015/12/24 17:33:14 ET
Table 'Stroobantia II' 2-max Seat #1 is the button
Seat 1: BelSv ($116.30 in chips)
Seat 2: ggwp-777 ($130.36 in chips)
BelSv: posts small blind $1
ggwp-777: posts big blind $3
*** HOLE CARDS ***
BelSv: raises $3 to $6
ggwp-777: calls $3
*** FLOP *** [Qd 5h Kd]
ggwp-777: checks
BelSv: bets $3
ggwp-777: folds
Uncalled bet ($3) returned to BelSv
BelSv collected $11.76 from pot
BelSv: doesn't show hand
*** SUMMARY ***
Total pot $12 | Rake $0.24
Board [Qd 5h Kd]
Seat 1: BelSv (button) (small blind) collected ($11.76)
Seat 2: ggwp-777 (big blind) folded on the Flop


PokerStars Hand #145867524574:  Hold'em Limit ($3/$6 USD) - 2015/12/24 17:33:09 ET
Table 'Stroobantia II' 2-max Seat #2 is the button
Seat 1: BelSv ($115.30 in chips)
Seat 2: ggwp-777 ($131.36 in chips)
ggwp-777: posts small blind $1
BelSv: posts big blind $3
*** HOLE CARDS ***
ggwp-777: folds
Uncalled bet ($2) returned to BelSv
BelSv collected $2 from pot
BelSv: doesn't show hand
*** SUMMARY ***
Total pot $2 | Rake $0
Seat 1: BelSv (big blind) collected ($2)
Seat 2: ggwp-777 (button) (small blind) folded before Flop


PokerStars Hand #145867545967:  Hold'em Limit ($3/$6 USD) - 2015/12/24 17:33:27 ET
Table 'Stroobantia II' 2-max Seat #1 is the button
Seat 1: BelSv ($123.06 in chips)
Seat 2: ggwp-777 ($123.36 in chips)
BelSv: posts small blind $1
ggwp-777: posts big blind $3
*** HOLE CARDS ***
BelSv: folds
Uncalled bet ($2) returned to ggwp-777
ggwp-777 collected $2 from pot
ggwp-777: doesn't show hand
*** SUMMARY ***
Total pot $2 | Rake $0
Seat 1: BelSv (button) (small blind) folded before Flop
Seat 2: ggwp-777 (big blind) collected ($2)


PokerStars Hand #145867540603:  Hold'em Limit ($3/$6 USD) - 2015/12/24 17:33:23 ET
Table 'Stroobantia II' 2-max Seat #2 is the button
Seat 1: BelSv ($122.06 in chips)
Seat 2: ggwp-777 ($124.36 in chips)
ggwp-777: posts small blind $1
BelSv: posts big blind $3
*** HOLE CARDS ***
ggwp-777: folds
Uncalled bet ($2) returned to BelSv
BelSv collected $2 from pot
BelSv: doesn't show hand
*** SUMMARY ***
Total pot $2 | Rake $0
Seat 1: BelSv (big blind) collected ($2)
Seat 2: ggwp-777 (button) (small blind) folded before Flop


PokerStars Hand #145867551134:  Hold'em Limit ($3/$6 USD) - 2015/12/24 17:33:32 ET
Table 'Stroobantia II' 2-max Seat #2 is the button
Seat 1: BelSv ($122.06 in chips)
Seat 2: ggwp-777 ($124.36 in chips)
ggwp-777: posts small blind $1
BelSv: posts big blind $3
*** HOLE CARDS ***
ggwp-777: folds
Uncalled bet ($2) returned to BelSv
ggwp-777 leaves the table
BelSv collected $2 from pot
BelSv: doesn't show hand
*** SUMMARY ***
Total pot $2 | Rake $0
Seat 1: BelSv (big blind) collected ($2)
Seat 2: ggwp-777 (button) (small blind) folded before Flop


