PokerStars Hand #153160825137:  Hold'em Limit ($3/$6 USD) - 2016/05/11 10:57:27 ET
Table 'Strobel II' 10-max Seat #8 is the button
Seat 5: WillemDuit ($37.46 in chips)
Seat 8: Pandakey ($121 in chips)
Pandakey: posts small blind $1
WillemDuit: posts big blind $3
*** HOLE CARDS ***
Pandakey: raises $3 to $6
WillemDuit: raises $3 to $9
Pandakey: calls $3
*** FLOP *** [2c 8h 3c]
WillemDuit: bets $3
Pandakey: calls $3
*** TURN *** [2c 8h 3c] [5d]
WillemDuit: bets $6
Pandakey: folds
Uncalled bet ($6) returned to WillemDuit
WillemDuit collected $23.52 from pot
WillemDuit: doesn't show hand
*** SUMMARY ***
Total pot $24 | Rake $0.48
Board [2c 8h 3c 5d]
Seat 5: WillemDuit (big blind) collected ($23.52)
Seat 8: Pandakey (button) (small blind) folded on the Turn


PokerStars Hand #153160838798:  Hold'em Limit ($3/$6 USD) - 2016/05/11 10:57:52 ET
Table 'Strobel II' 10-max Seat #5 is the button
Seat 5: WillemDuit ($48.98 in chips)
Seat 8: Pandakey ($109 in chips)
WillemDuit: posts small blind $1
Pandakey: posts big blind $3
*** HOLE CARDS ***
WillemDuit: folds
Uncalled bet ($2) returned to Pandakey
Pandakey collected $2 from pot
Pandakey: doesn't show hand
*** SUMMARY ***
Total pot $2 | Rake $0
Seat 5: WillemDuit (button) (small blind) folded before Flop
Seat 8: Pandakey (big blind) collected ($2)


PokerStars Hand #153160843406:  Hold'em Limit ($3/$6 USD) - 2016/05/11 10:58:01 ET
Table 'Strobel II' 10-max Seat #8 is the button
Seat 5: WillemDuit ($47.98 in chips)
Seat 8: Pandakey ($110 in chips)
Pandakey: posts small blind $1
WillemDuit: posts big blind $3
*** HOLE CARDS ***
Pandakey: raises $3 to $6
WillemDuit: raises $3 to $9
Pandakey: calls $3
*** FLOP *** [Th 8c Td]
WillemDuit: bets $3
Pandakey: folds
Uncalled bet ($3) returned to WillemDuit
WillemDuit collected $17.64 from pot
WillemDuit: doesn't show hand
*** SUMMARY ***
Total pot $18 | Rake $0.36
Board [Th 8c Td]
Seat 5: WillemDuit (big blind) collected ($17.64)
Seat 8: Pandakey (button) (small blind) folded on the Flop


PokerStars Hand #153160849435:  Hold'em Limit ($3/$6 USD) - 2016/05/11 10:58:12 ET
Table 'Strobel II' 10-max Seat #5 is the button
Seat 5: WillemDuit ($56.62 in chips)
Seat 8: Pandakey ($101 in chips)
WillemDuit: posts small blind $1
Pandakey: posts big blind $3
*** HOLE CARDS ***
WillemDuit: folds
Uncalled bet ($2) returned to Pandakey
Pandakey collected $2 from pot
Pandakey: doesn't show hand
*** SUMMARY ***
Total pot $2 | Rake $0
Seat 5: WillemDuit (button) (small blind) folded before Flop
Seat 8: Pandakey (big blind) collected ($2)


PokerStars Hand #153160858359:  Hold'em Limit ($3/$6 USD) - 2016/05/11 10:58:29 ET
Table 'Strobel II' 10-max Seat #5 is the button
Seat 5: WillemDuit ($49.62 in chips)
Seat 8: Pandakey ($107.76 in chips)
WillemDuit: posts small blind $1
Pandakey: posts big blind $3
*** HOLE CARDS ***
WillemDuit: folds
Uncalled bet ($2) returned to Pandakey
Pandakey collected $2 from pot
Pandakey: doesn't show hand
*** SUMMARY ***
Total pot $2 | Rake $0
Seat 5: WillemDuit (button) (small blind) folded before Flop
Seat 8: Pandakey (big blind) collected ($2)


PokerStars Hand #153160852405:  Hold'em Limit ($3/$6 USD) - 2016/05/11 10:58:18 ET
Table 'Strobel II' 10-max Seat #8 is the button
Seat 5: WillemDuit ($55.62 in chips)
Seat 8: Pandakey ($102 in chips)
Pandakey: posts small blind $1
WillemDuit: posts big blind $3
*** HOLE CARDS ***
Pandakey: raises $3 to $6
WillemDuit: calls $3
*** FLOP *** [Ah Ac Qh]
WillemDuit: checks
Pandakey: bets $3
WillemDuit: folds
Uncalled bet ($3) returned to Pandakey
Pandakey collected $11.76 from pot
Pandakey: doesn't show hand
*** SUMMARY ***
Total pot $12 | Rake $0.24
Board [Ah Ac Qh]
Seat 5: WillemDuit (big blind) folded on the Flop
Seat 8: Pandakey (button) (small blind) collected ($11.76)


PokerStars Hand #153160870207:  Hold'em Limit ($3/$6 USD) - 2016/05/11 10:58:51 ET
Table 'Strobel II' 10-max Seat #5 is the button
Seat 5: WillemDuit ($66.12 in chips)
Seat 8: Pandakey ($90.76 in chips)
WillemDuit: posts small blind $1
Pandakey: posts big blind $3
*** HOLE CARDS ***
WillemDuit: folds
Uncalled bet ($2) returned to Pandakey
Pandakey collected $2 from pot
Pandakey: doesn't show hand
*** SUMMARY ***
Total pot $2 | Rake $0
Seat 5: WillemDuit (button) (small blind) folded before Flop
Seat 8: Pandakey (big blind) collected ($2)


PokerStars Hand #153160861211:  Hold'em Limit ($3/$6 USD) - 2016/05/11 10:58:34 ET
Table 'Strobel II' 10-max Seat #8 is the button
Seat 5: WillemDuit ($48.62 in chips)
Seat 8: Pandakey ($108.76 in chips)
Pandakey: posts small blind $1
WillemDuit: posts big blind $3
*** HOLE CARDS ***
Pandakey: raises $3 to $6
WillemDuit: raises $3 to $9
Pandakey: calls $3
*** FLOP *** [Qh 8c Kh]
WillemDuit: bets $3
Pandakey: calls $3
*** TURN *** [Qh 8c Kh] [9d]
WillemDuit: checks
Pandakey: checks
*** RIVER *** [Qh 8c Kh 9d] [4h]
WillemDuit: checks
Pandakey: bets $6
WillemDuit: calls $6
*** SHOW DOWN ***
Pandakey: shows [Jc 8d] (a pair of Eights)
WillemDuit: shows [Jh Jd] (a pair of Jacks)
WillemDuit collected $35.50 from pot
*** SUMMARY ***
Total pot $36 | Rake $0.50
Board [Qh 8c Kh 9d 4h]
Seat 5: WillemDuit (big blind) showed [Jh Jd] and won ($35.50) with a pair of Jacks
Seat 8: Pandakey (button) (small blind) showed [Jc 8d] and lost with a pair of Eights


PokerStars Hand #153160872727:  Hold'em Limit ($3/$6 USD) - 2016/05/11 10:58:56 ET
Table 'Strobel II' 10-max Seat #8 is the button
Seat 5: WillemDuit ($65.12 in chips)
Seat 8: Pandakey ($91.76 in chips)
Pandakey: posts small blind $1
WillemDuit: posts big blind $3
*** HOLE CARDS ***
Pandakey: raises $3 to $6
WillemDuit: raises $3 to $9
Pandakey: calls $3
*** FLOP *** [2s 6s 2h]
WillemDuit: bets $3
Pandakey: calls $3
*** TURN *** [2s 6s 2h] [Kd]
WillemDuit: checks
Pandakey: bets $6
WillemDuit: calls $6
*** RIVER *** [2s 6s 2h Kd] [6c]
WillemDuit: bets $6
Pandakey: folds
Uncalled bet ($6) returned to WillemDuit
WillemDuit collected $35.50 from pot
WillemDuit: doesn't show hand
*** SUMMARY ***
Total pot $36 | Rake $0.50
Board [2s 6s 2h Kd 6c]
Seat 5: WillemDuit (big blind) collected ($35.50)
Seat 8: Pandakey (button) (small blind) folded on the River


PokerStars Hand #153160885425:  Hold'em Limit ($3/$6 USD) - 2016/05/11 10:59:19 ET
Table 'Strobel II' 10-max Seat #8 is the button
Seat 5: WillemDuit ($81.62 in chips)
Seat 8: Pandakey ($74.76 in chips)
Pandakey: posts small blind $1
WillemDuit: posts big blind $3
*** HOLE CARDS ***
Pandakey: raises $3 to $6
WillemDuit: folds
Uncalled bet ($3) returned to Pandakey
Pandakey collected $6 from pot
Pandakey: doesn't show hand
*** SUMMARY ***
Total pot $6 | Rake $0
Seat 5: WillemDuit (big blind) folded before Flop
Seat 8: Pandakey (button) (small blind) collected ($6)


PokerStars Hand #153160882769:  Hold'em Limit ($3/$6 USD) - 2016/05/11 10:59:14 ET
Table 'Strobel II' 10-max Seat #5 is the button
Seat 5: WillemDuit ($82.62 in chips)
Seat 8: Pandakey ($73.76 in chips)
WillemDuit: posts small blind $1
Pandakey: posts big blind $3
*** HOLE CARDS ***
WillemDuit: folds
Uncalled bet ($2) returned to Pandakey
Pandakey collected $2 from pot
Pandakey: doesn't show hand
*** SUMMARY ***
Total pot $2 | Rake $0
Seat 5: WillemDuit (button) (small blind) folded before Flop
Seat 8: Pandakey (big blind) collected ($2)


PokerStars Hand #153160895910:  Hold'em Limit ($3/$6 USD) - 2016/05/11 10:59:39 ET
Table 'Strobel II' 10-max Seat #8 is the button
Seat 5: WillemDuit ($66.62 in chips)
Seat 8: Pandakey ($89.28 in chips)
Pandakey: posts small blind $1
WillemDuit: posts big blind $3
*** HOLE CARDS ***
Pandakey: raises $3 to $6
WillemDuit: folds
Uncalled bet ($3) returned to Pandakey
Pandakey collected $6 from pot
Pandakey: doesn't show hand
*** SUMMARY ***
Total pot $6 | Rake $0
Seat 5: WillemDuit (big blind) folded before Flop
Seat 8: Pandakey (button) (small blind) collected ($6)


PokerStars Hand #153160888867:  Hold'em Limit ($3/$6 USD) - 2016/05/11 10:59:26 ET
Table 'Strobel II' 10-max Seat #5 is the button
Seat 5: WillemDuit ($78.62 in chips)
Seat 8: Pandakey ($77.76 in chips)
WillemDuit: posts small blind $1
Pandakey: posts big blind $3
*** HOLE CARDS ***
WillemDuit: raises $3 to $6
Pandakey: raises $3 to $9
WillemDuit: calls $3
*** FLOP *** [2d 2h Kc]
Pandakey: bets $3
WillemDuit: calls $3
*** TURN *** [2d 2h Kc] [Ad]
Pandakey: bets $6
WillemDuit: folds
Uncalled bet ($6) returned to Pandakey
Pandakey collected $23.52 from pot
Pandakey: doesn't show hand
*** SUMMARY ***
Total pot $24 | Rake $0.48
Board [2d 2h Kc Ad]
Seat 5: WillemDuit (button) (small blind) folded on the Turn
Seat 8: Pandakey (big blind) collected ($23.52)


PokerStars Hand #153160898971:  Hold'em Limit ($3/$6 USD) - 2016/05/11 10:59:45 ET
Table 'Strobel II' 10-max Seat #5 is the button
Seat 5: WillemDuit ($63.62 in chips)
Seat 8: Pandakey ($92.28 in chips)
WillemDuit: posts small blind $1
Pandakey: posts big blind $3
*** HOLE CARDS ***
WillemDuit: folds
Uncalled bet ($2) returned to Pandakey
Pandakey collected $2 from pot
Pandakey: doesn't show hand
*** SUMMARY ***
Total pot $2 | Rake $0
Seat 5: WillemDuit (button) (small blind) folded before Flop
Seat 8: Pandakey (big blind) collected ($2)


PokerStars Hand #153160914401:  Hold'em Limit ($3/$6 USD) - 2016/05/11 11:00:13 ET
Table 'Strobel II' 10-max Seat #8 is the button
Seat 5: WillemDuit ($43.62 in chips)
Seat 8: Pandakey ($111.78 in chips)
Pandakey: posts small blind $1
WillemDuit: posts big blind $3
*** HOLE CARDS ***
Pandakey: folds
Uncalled bet ($2) returned to WillemDuit
WillemDuit collected $2 from pot
WillemDuit: doesn't show hand
*** SUMMARY ***
Total pot $2 | Rake $0
Seat 5: WillemDuit (big blind) collected ($2)
Seat 8: Pandakey (button) (small blind) folded before Flop


PokerStars Hand #153160912184:  Hold'em Limit ($3/$6 USD) - 2016/05/11 11:00:09 ET
Table 'Strobel II' 10-max Seat #5 is the button
Seat 5: WillemDuit ($44.62 in chips)
Seat 8: Pandakey ($110.78 in chips)
WillemDuit: posts small blind $1
Pandakey: posts big blind $3
*** HOLE CARDS ***
WillemDuit: folds
Uncalled bet ($2) returned to Pandakey
Pandakey collected $2 from pot
Pandakey: doesn't show hand
*** SUMMARY ***
Total pot $2 | Rake $0
Seat 5: WillemDuit (button) (small blind) folded before Flop
Seat 8: Pandakey (big blind) collected ($2)


PokerStars Hand #153160901323:  Hold'em Limit ($3/$6 USD) - 2016/05/11 10:59:49 ET
Table 'Strobel II' 10-max Seat #8 is the button
Seat 5: WillemDuit ($62.62 in chips)
Seat 8: Pandakey ($93.28 in chips)
Pandakey: posts small blind $1
WillemDuit: posts big blind $3
*** HOLE CARDS ***
Pandakey: raises $3 to $6
WillemDuit: raises $3 to $9
Pandakey: calls $3
*** FLOP *** [5h Qd 6h]
WillemDuit: bets $3
Pandakey: calls $3
*** TURN *** [5h Qd 6h] [8h]
WillemDuit: bets $6
Pandakey: raises $6 to $12
WillemDuit: folds
Uncalled bet ($6) returned to Pandakey
Pandakey collected $35.50 from pot
Pandakey: doesn't show hand
*** SUMMARY ***
Total pot $36 | Rake $0.50
Board [5h Qd 6h 8h]
Seat 5: WillemDuit (big blind) folded on the Turn
Seat 8: Pandakey (button) (small blind) collected ($35.50)


PokerStars Hand #153160919155:  Hold'em Limit ($3/$6 USD) - 2016/05/11 11:00:22 ET
Table 'Strobel II' 10-max Seat #8 is the button
Seat 5: WillemDuit ($43.62 in chips)
Seat 8: Pandakey ($111.78 in chips)
Pandakey: posts small blind $1
WillemDuit: posts big blind $3
*** HOLE CARDS ***
Pandakey: raises $3 to $6
WillemDuit: raises $3 to $9
Pandakey: calls $3
*** FLOP *** [6s 8h 9h]
WillemDuit: bets $3
Pandakey: calls $3
*** TURN *** [6s 8h 9h] [7s]
WillemDuit: checks
Pandakey: bets $6
WillemDuit: calls $6
*** RIVER *** [6s 8h 9h 7s] [5s]
WillemDuit: bets $6
Pandakey: raises $6 to $12
WillemDuit: calls $6
*** SHOW DOWN ***
Pandakey: shows [9s 4s] (a flush, Nine high)
WillemDuit: mucks hand
Pandakey collected $59.50 from pot
*** SUMMARY ***
Total pot $60 | Rake $0.50
Board [6s 8h 9h 7s 5s]
Seat 5: WillemDuit (big blind) mucked
Seat 8: Pandakey (button) (small blind) showed [9s 4s] and won ($59.50) with a flush, Nine high


PokerStars Hand #153160930284:  Hold'em Limit ($3/$6 USD) - 2016/05/11 11:00:42 ET
Table 'Strobel II' 10-max Seat #5 is the button
Seat 5: WillemDuit ($13.62 in chips)
Seat 8: Pandakey ($141.28 in chips)
WillemDuit: posts small blind $1
Pandakey: posts big blind $3
*** HOLE CARDS ***
WillemDuit: raises $3 to $6
Pandakey: raises $3 to $9
WillemDuit: raises $3 to $12
Betting is capped
Pandakey: calls $3
*** FLOP *** [Td Ah 5s]
Pandakey: bets $3
WillemDuit: calls $1.62 and is all-in
Uncalled bet ($1.38) returned to Pandakey
*** TURN *** [Td Ah 5s] [Ac]
*** RIVER *** [Td Ah 5s Ac] [Ad]
*** SHOW DOWN ***
Pandakey: shows [As Qc] (four of a kind, Aces)
WillemDuit: shows [Jc 3c] (three of a kind, Aces)
Pandakey collected $26.74 from pot
*** SUMMARY ***
Total pot $27.24 | Rake $0.50
Board [Td Ah 5s Ac Ad]
Seat 5: WillemDuit (button) (small blind) showed [Jc 3c] and lost with three of a kind, Aces
Seat 8: Pandakey (big blind) showed [As Qc] and won ($26.74) with four of a kind, Aces


PokerStars Hand #153161031118:  Hold'em Limit ($3/$6 USD) - 2016/05/11 11:03:23 ET
Table 'Strobel II' 10-max Seat #8 is the button
Seat 5: WillemDuit ($111.40 in chips)
Seat 8: Pandakey ($154.40 in chips)
Pandakey: posts small blind $1
WillemDuit: posts big blind $3
*** HOLE CARDS ***
Pandakey: folds
Uncalled bet ($2) returned to WillemDuit
WillemDuit collected $2 from pot
WillemDuit: doesn't show hand
*** SUMMARY ***
Total pot $2 | Rake $0
Seat 5: WillemDuit (big blind) collected ($2)
Seat 8: Pandakey (button) (small blind) folded before Flop


PokerStars Hand #153161034217:  Hold'em Limit ($3/$6 USD) - 2016/05/11 11:03:28 ET
Table 'Strobel II' 10-max Seat #5 is the button
Seat 5: WillemDuit ($112.40 in chips)
Seat 8: Pandakey ($153.40 in chips)
WillemDuit: posts small blind $1
Pandakey: posts big blind $3
*** HOLE CARDS ***
WillemDuit: raises $3 to $6
Pandakey: folds
Uncalled bet ($3) returned to WillemDuit
WillemDuit collected $6 from pot
WillemDuit: doesn't show hand
*** SUMMARY ***
Total pot $6 | Rake $0
Seat 5: WillemDuit (button) (small blind) collected ($6)
Seat 8: Pandakey (big blind) folded before Flop


PokerStars Hand #153161038886:  Hold'em Limit ($3/$6 USD) - 2016/05/11 11:03:35 ET
Table 'Strobel II' 10-max Seat #8 is the button
Seat 5: WillemDuit ($115.40 in chips)
Seat 8: Pandakey ($150.40 in chips)
Pandakey: posts small blind $1
WillemDuit: posts big blind $3
*** HOLE CARDS ***
Pandakey: raises $3 to $6
WillemDuit: calls $3
*** FLOP *** [Td Qd 2c]
WillemDuit: checks
Pandakey: bets $3
WillemDuit: calls $3
*** TURN *** [Td Qd 2c] [5h]
WillemDuit: checks
Pandakey: checks
*** RIVER *** [Td Qd 2c 5h] [7c]
WillemDuit: bets $6
Pandakey: calls $6
*** SHOW DOWN ***
WillemDuit: shows [4d Js] (high card Queen)
Pandakey: shows [Th 6d] (a pair of Tens)
Rafontain joins the table at seat #7
Pandakey collected $29.50 from pot
*** SUMMARY ***
Total pot $30 | Rake $0.50
Board [Td Qd 2c 5h 7c]
Seat 5: WillemDuit (big blind) showed [4d Js] and lost with high card Queen
Seat 8: Pandakey (button) (small blind) showed [Th 6d] and won ($29.50) with a pair of Tens


PokerStars Hand #153165930653:  Hold'em Limit ($3/$6 USD) - 2016/05/11 13:00:38 ET
Table 'Strobel II' 10-max Seat #7 is the button
Seat 4: Krazy90 ($250.11 in chips)
Seat 7: LolDnkaments ($72 in chips)
LolDnkaments: posts small blind $1
conanboy: is sitting out
Krazy90: posts big blind $3
*** HOLE CARDS ***
LolDnkaments: raises $3 to $6
Krazy90: calls $3
*** FLOP *** [Ts 9h Kd]
conanboy leaves the table
Krazy90: checks
LolDnkaments: bets $3
Krazy90: calls $3
*** TURN *** [Ts 9h Kd] [Js]
Krazy90: checks
LolDnkaments: checks
*** RIVER *** [Ts 9h Kd Js] [Ad]
Krazy90: checks
LolDnkaments: checks
*** SHOW DOWN ***
Krazy90: shows [Td 6d] (a pair of Tens)
LolDnkaments: shows [5h Kc] (a pair of Kings)
LolDnkaments collected $17.64 from pot
*** SUMMARY ***
Total pot $18 | Rake $0.36
Board [Ts 9h Kd Js Ad]
Seat 4: Krazy90 (big blind) showed [Td 6d] and lost with a pair of Tens
Seat 7: LolDnkaments (button) (small blind) showed [5h Kc] and won ($17.64) with a pair of Kings


