PokerStars Hand #167815893437:  Hold'em Limit ($3/$6 USD) - 2017/03/19 14:34:48 ET
Table 'Stromgrenia' 6-max Seat #1 is the button
Seat 1: rajmani ($121 in chips)
Seat 2: Krazy90 ($120 in chips)
rajmani: posts small blind $1
Krazy90: posts big blind $3
*** HOLE CARDS ***
rajmani: folds
Uncalled bet ($2) returned to Krazy90
Krazy90 collected $2 from pot
Krazy90: doesn't show hand
*** SUMMARY ***
Total pot $2 | Rake $0
Seat 1: rajmani (button) (small blind) folded before Flop
Seat 2: Krazy90 (big blind) collected ($2)


PokerStars Hand #167815879470:  Hold'em Limit ($3/$6 USD) - 2017/03/19 14:34:35 ET
Table 'Stromgrenia' 6-max Seat #2 is the button
Seat 1: rajmani ($120 in chips)
Seat 2: Krazy90 ($120 in chips)
Krazy90: posts small blind $1
yamaxerm joins the table at seat #5
MTails: is sitting out
rajmani: posts big blind $3
*** HOLE CARDS ***
Krazy90: folds
Uncalled bet ($2) returned to rajmani
rajmani collected $2 from pot
*** SUMMARY ***
Total pot $2 | Rake $0
Seat 1: rajmani (big blind) collected ($2)
Seat 2: Krazy90 (button) (small blind) folded before Flop


PokerStars Hand #167816074015:  Hold'em Limit ($3/$6 USD) - 2017/03/19 14:37:30 ET
Table 'Stromgrenia' 6-max Seat #2 is the button
Seat 1: rajmani ($119 in chips)
Seat 2: Krazy90 ($140.71 in chips)
Krazy90: posts small blind $1
yamaxerm: is sitting out
rajmani: posts big blind $3
*** HOLE CARDS ***
Krazy90: calls $2
yamaxerm leaves the table
rajmani: checks
*** FLOP *** [Qc 5d 3d]
rajmani: checks
Krazy90: bets $3
davicapoker joins the table at seat #3
GoliafUa joins the table at seat #4
rajmani: folds
Uncalled bet ($3) returned to Krazy90
Krazy90 collected $5.88 from pot
Krazy90: doesn't show hand
*** SUMMARY ***
Total pot $6 | Rake $0.12
Board [Qc 5d 3d]
Seat 1: rajmani (big blind) folded on the Flop
Seat 2: Krazy90 (button) (small blind) collected ($5.88)


PokerStars Hand #167816097452:  Hold'em Limit ($3/$6 USD) - 2017/03/19 14:37:52 ET
Table 'Stromgrenia' 6-max Seat #1 is the button
Seat 1: rajmani ($116 in chips)
Seat 2: Krazy90 ($143.59 in chips)
rajmani: posts small blind $1
Krazy90: posts big blind $3
*** HOLE CARDS ***
rajmani: calls $2
Krazy90: checks
*** FLOP *** [3c 9h Jc]
Krazy90: checks
rajmani: checks
*** TURN *** [3c 9h Jc] [5d]
Krazy90: checks
vestimokrec joins the table at seat #5
rajmani: checks
*** RIVER *** [3c 9h Jc 5d] [4d]
Krazy90: checks
rajmani: checks
*** SHOW DOWN ***
Krazy90: shows [3h 7c] (a pair of Threes)
rajmani: mucks hand
Krazy90 collected $5.88 from pot
*** SUMMARY ***
Total pot $6 | Rake $0.12
Board [3c 9h Jc 5d 4d]
Seat 1: rajmani (button) (small blind) mucked
Seat 2: Krazy90 (big blind) showed [3h 7c] and won ($5.88) with a pair of Threes


PokerStars Hand #167817927776:  Hold'em Limit ($3/$6 USD) - 2017/03/19 15:08:07 ET
Table 'Stromgrenia' 6-max Seat #2 is the button
Seat 2: Qvidde ($152.98 in chips)
Seat 6: vestimokrec ($244 in chips)
Qvidde: posts small blind $1
vestimokrec: posts big blind $3
*** HOLE CARDS ***
Qvidde: raises $3 to $6
vestimokrec: calls $3
*** FLOP *** [8d 8h Qs]
vestimokrec: checks
Qvidde: bets $3
vestimokrec: raises $3 to $6
Qvidde: folds
Uncalled bet ($3) returned to vestimokrec
vestimokrec collected $17.64 from pot
vestimokrec: doesn't show hand
*** SUMMARY ***
Total pot $18 | Rake $0.36
Board [8d 8h Qs]
Seat 2: Qvidde (button) (small blind) folded on the Flop
Seat 6: vestimokrec (big blind) collected ($17.64)


PokerStars Hand #167817959419:  Hold'em Limit ($3/$6 USD) - 2017/03/19 15:08:35 ET
Table 'Stromgrenia' 6-max Seat #6 is the button
Seat 2: Qvidde ($143.98 in chips)
Seat 6: vestimokrec ($252.64 in chips)
vestimokrec: posts small blind $1
Qvidde: posts big blind $3
*** HOLE CARDS ***
vestimokrec: raises $3 to $6
Qvidde: calls $3
*** FLOP *** [7s Qc 3s]
Qvidde: checks
vestimokrec: checks
*** TURN *** [7s Qc 3s] [2h]
Qvidde: bets $6
vestimokrec: calls $6
*** RIVER *** [7s Qc 3s 2h] [3h]
Qvidde: bets $6
vestimokrec: calls $6
*** SHOW DOWN ***
Qvidde: shows [Td 2c] (two pair, Threes and Deuces)
vestimokrec: shows [Tc 7c] (two pair, Sevens and Threes)
vestimokrec collected $35.50 from pot
*** SUMMARY ***
Total pot $36 | Rake $0.50
Board [7s Qc 3s 2h 3h]
Seat 2: Qvidde (big blind) showed [Td 2c] and lost with two pair, Threes and Deuces
Seat 6: vestimokrec (button) (small blind) showed [Tc 7c] and won ($35.50) with two pair, Sevens and Threes


