PokerStars Hand #176257014983:  Hold'em Limit ($3/$6 USD) - 2017/09/29 3:12:55 ET
Table 'Stroobantia' 6-max Seat #6 is the button
Seat 3: VolkovDmitri ($136.09 in chips)
Seat 6: Georges181 ($63.15 in chips)
Georges181: posts small blind $1
krossguard: is sitting out
VolkovDmitri: posts big blind $3
*** HOLE CARDS ***
Georges181: raises $3 to $6
VolkovDmitri: calls $3
*** FLOP *** [Ac 8h 2s]
VolkovDmitri: checks
Georges181: bets $3
VolkovDmitri: folds
Uncalled bet ($3) returned to Georges181
Georges181 collected $11.76 from pot
*** SUMMARY ***
Total pot $12 | Rake $0.24
Board [Ac 8h 2s]
Seat 3: VolkovDmitri (big blind) folded on the Flop
Seat 6: Georges181 (button) (small blind) collected ($11.76)


PokerStars Hand #176257017923:  Hold'em Limit ($3/$6 USD) - 2017/09/29 3:13:07 ET
Table 'Stroobantia' 6-max Seat #3 is the button
Seat 3: VolkovDmitri ($130.09 in chips)
Seat 6: Georges181 ($68.91 in chips)
VolkovDmitri: posts small blind $1
Georges181: posts big blind $3
*** HOLE CARDS ***
VolkovDmitri: raises $3 to $6
Georges181: calls $3
*** FLOP *** [7d 6h 9s]
Georges181: checks
VolkovDmitri: bets $3
Georges181: calls $3
*** TURN *** [7d 6h 9s] [Jh]
Georges181: checks
krossguard leaves the table
VolkovDmitri: bets $6
Georges181: calls $6
*** RIVER *** [7d 6h 9s Jh] [9c]
Georges181: checks
VolkovDmitri: bets $6
Georges181: calls $6
*** SHOW DOWN ***
VolkovDmitri: shows [Ks Kc] (two pair, Kings and Nines)
Georges181: mucks hand
VolkovDmitri collected $41.50 from pot
*** SUMMARY ***
Total pot $42 | Rake $0.50
Board [7d 6h 9s Jh 9c]
Seat 3: VolkovDmitri (button) (small blind) showed [Ks Kc] and won ($41.50) with two pair, Kings and Nines
Seat 6: Georges181 (big blind) mucked


PokerStars Hand #176257027210:  Hold'em Limit ($3/$6 USD) - 2017/09/29 3:13:44 ET
Table 'Stroobantia' 6-max Seat #6 is the button
Seat 3: VolkovDmitri ($150.59 in chips)
Seat 6: Georges181 ($47.91 in chips)
Georges181: posts small blind $1
VolkovDmitri: posts big blind $3
*** HOLE CARDS ***
Georges181: raises $3 to $6
VolkovDmitri: calls $3
*** FLOP *** [Jc 5d 2d]
VolkovDmitri: checks
Georges181: bets $3
VolkovDmitri: calls $3
*** TURN *** [Jc 5d 2d] [6s]
VolkovDmitri: checks
Georges181: checks
*** RIVER *** [Jc 5d 2d 6s] [5c]
VolkovDmitri: checks
Georges181: bets $6
VolkovDmitri: folds
Uncalled bet ($6) returned to Georges181
Georges181 collected $17.64 from pot
*** SUMMARY ***
Total pot $18 | Rake $0.36
Board [Jc 5d 2d 6s 5c]
Seat 3: VolkovDmitri (big blind) folded on the River
Seat 6: Georges181 (button) (small blind) collected ($17.64)


PokerStars Hand #176257038753:  Hold'em Limit ($3/$6 USD) - 2017/09/29 3:14:30 ET
Table 'Stroobantia' 6-max Seat #6 is the button
Seat 3: VolkovDmitri ($147.35 in chips)
Seat 6: Georges181 ($50.55 in chips)
Georges181: posts small blind $1
VolkovDmitri: posts big blind $3
*** HOLE CARDS ***
Georges181: folds
Uncalled bet ($2) returned to VolkovDmitri
VolkovDmitri collected $2 from pot
VolkovDmitri: doesn't show hand
*** SUMMARY ***
Total pot $2 | Rake $0
Seat 3: VolkovDmitri (big blind) collected ($2)
Seat 6: Georges181 (button) (small blind) folded before Flop


PokerStars Hand #176257040669:  Hold'em Limit ($3/$6 USD) - 2017/09/29 3:14:38 ET
Table 'Stroobantia' 6-max Seat #3 is the button
Seat 3: VolkovDmitri ($148.35 in chips)
Seat 6: Georges181 ($49.55 in chips)
VolkovDmitri: posts small blind $1
Georges181: posts big blind $3
*** HOLE CARDS ***
VolkovDmitri: raises $3 to $6
Georges181: calls $3
*** FLOP *** [Ks 4c 9h]
Georges181: checks
VolkovDmitri: bets $3
Georges181: calls $3
*** TURN *** [Ks 4c 9h] [6d]
Georges181: checks
VolkovDmitri: bets $6
Georges181: calls $6
*** RIVER *** [Ks 4c 9h 6d] [5s]
Georges181: checks
VolkovDmitri: bets $6
Georges181: calls $6
*** SHOW DOWN ***
VolkovDmitri: shows [8s 7d] (a straight, Five to Nine)
Georges181: mucks hand
VolkovDmitri collected $41.50 from pot
*** SUMMARY ***
Total pot $42 | Rake $0.50
Board [Ks 4c 9h 6d 5s]
Seat 3: VolkovDmitri (button) (small blind) showed [8s 7d] and won ($41.50) with a straight, Five to Nine
Seat 6: Georges181 (big blind) mucked


PokerStars Hand #176257033727:  Hold'em Limit ($3/$6 USD) - 2017/09/29 3:14:10 ET
Table 'Stroobantia' 6-max Seat #3 is the button
Seat 3: VolkovDmitri ($141.59 in chips)
Seat 6: Georges181 ($56.55 in chips)
VolkovDmitri: posts small blind $1
Georges181: posts big blind $3
*** HOLE CARDS ***
VolkovDmitri: raises $3 to $6
Georges181: calls $3
*** FLOP *** [8h Kh 7h]
Georges181: checks
VolkovDmitri: bets $3
Georges181: folds
Uncalled bet ($3) returned to VolkovDmitri
VolkovDmitri collected $11.76 from pot
VolkovDmitri: doesn't show hand
*** SUMMARY ***
Total pot $12 | Rake $0.24
Board [8h Kh 7h]
Seat 3: VolkovDmitri (button) (small blind) collected ($11.76)
Seat 6: Georges181 (big blind) folded on the Flop


PokerStars Hand #176257051668:  Hold'em Limit ($3/$6 USD) - 2017/09/29 3:15:21 ET
Table 'Stroobantia' 6-max Seat #3 is the button
Seat 3: VolkovDmitri ($165.85 in chips)
Seat 6: Georges181 ($31.55 in chips)
VolkovDmitri: posts small blind $1
Georges181: posts big blind $3
*** HOLE CARDS ***
VolkovDmitri: raises $3 to $6
Georges181: calls $3
*** FLOP *** [Th 4s 4d]
Georges181: checks
VolkovDmitri: bets $3
Georges181: calls $3
*** TURN *** [Th 4s 4d] [Kc]
Georges181: checks
VolkovDmitri: checks
*** RIVER *** [Th 4s 4d Kc] [4h]
Georges181: bets $6
VolkovDmitri: calls $6
*** SHOW DOWN ***
Georges181: shows [As 8d] (three of a kind, Fours)
VolkovDmitri: shows [Ah 7d] (three of a kind, Fours)
Georges181 collected $14.75 from pot
VolkovDmitri collected $14.75 from pot
*** SUMMARY ***
Total pot $30 | Rake $0.50
Board [Th 4s 4d Kc 4h]
Seat 3: VolkovDmitri (button) (small blind) showed [Ah 7d] and won ($14.75) with three of a kind, Fours
Seat 6: Georges181 (big blind) showed [As 8d] and won ($14.75) with three of a kind, Fours


PokerStars Hand #176257062345:  Hold'em Limit ($3/$6 USD) - 2017/09/29 3:16:04 ET
Table 'Stroobantia' 6-max Seat #3 is the button
Seat 3: VolkovDmitri ($159.60 in chips)
Seat 6: Georges181 ($37.06 in chips)
VolkovDmitri: posts small blind $1
Georges181: posts big blind $3
*** HOLE CARDS ***
VolkovDmitri: folds
Uncalled bet ($2) returned to Georges181
Georges181 collected $2 from pot
*** SUMMARY ***
Total pot $2 | Rake $0
Seat 3: VolkovDmitri (button) (small blind) folded before Flop
Seat 6: Georges181 (big blind) collected ($2)


PokerStars Hand #176257058812:  Hold'em Limit ($3/$6 USD) - 2017/09/29 3:15:50 ET
Table 'Stroobantia' 6-max Seat #6 is the button
Seat 3: VolkovDmitri ($165.60 in chips)
Seat 6: Georges181 ($31.30 in chips)
Georges181: posts small blind $1
VolkovDmitri: posts big blind $3
*** HOLE CARDS ***
Georges181: raises $3 to $6
VolkovDmitri: calls $3
*** FLOP *** [9h 2d Kh]
VolkovDmitri: checks
Georges181: bets $3
VolkovDmitri: folds
Uncalled bet ($3) returned to Georges181
Georges181 collected $11.76 from pot
*** SUMMARY ***
Total pot $12 | Rake $0.24
Board [9h 2d Kh]
Seat 3: VolkovDmitri (big blind) folded on the Flop
Seat 6: Georges181 (button) (small blind) collected ($11.76)


PokerStars Hand #176257047614:  Hold'em Limit ($3/$6 USD) - 2017/09/29 3:15:05 ET
Table 'Stroobantia' 6-max Seat #6 is the button
Seat 3: VolkovDmitri ($168.85 in chips)
Seat 6: Georges181 ($28.55 in chips)
Georges181: posts small blind $1
VolkovDmitri: posts big blind $3
*** HOLE CARDS ***
Georges181: raises $3 to $6
VolkovDmitri: folds
Uncalled bet ($3) returned to Georges181
Georges181 collected $6 from pot
*** SUMMARY ***
Total pot $6 | Rake $0
Seat 3: VolkovDmitri (big blind) folded before Flop
Seat 6: Georges181 (button) (small blind) collected ($6)


PokerStars Hand #176257063856:  Hold'em Limit ($3/$6 USD) - 2017/09/29 3:16:10 ET
Table 'Stroobantia' 6-max Seat #6 is the button
Seat 3: VolkovDmitri ($158.60 in chips)
Seat 6: Georges181 ($38.06 in chips)
Georges181: posts small blind $1
VolkovDmitri: posts big blind $3
*** HOLE CARDS ***
Georges181: raises $3 to $6
VolkovDmitri: calls $3
*** FLOP *** [Ah 3c Qd]
VolkovDmitri: checks
Georges181: bets $3
VolkovDmitri: folds
Uncalled bet ($3) returned to Georges181
Georges181 collected $11.76 from pot
*** SUMMARY ***
Total pot $12 | Rake $0.24
Board [Ah 3c Qd]
Seat 3: VolkovDmitri (big blind) folded on the Flop
Seat 6: Georges181 (button) (small blind) collected ($11.76)


PokerStars Hand #176257070716:  Hold'em Limit ($3/$6 USD) - 2017/09/29 3:16:37 ET
Table 'Stroobantia' 6-max Seat #3 is the button
Seat 3: VolkovDmitri ($152.60 in chips)
Seat 6: Georges181 ($43.82 in chips)
VolkovDmitri: posts small blind $1
Georges181: posts big blind $3
*** HOLE CARDS ***
VolkovDmitri: raises $3 to $6
Georges181: calls $3
*** FLOP *** [3s 2s Kc]
Georges181: checks
VolkovDmitri: bets $3
Georges181: folds
Uncalled bet ($3) returned to VolkovDmitri
VolkovDmitri collected $11.76 from pot
VolkovDmitri: doesn't show hand
*** SUMMARY ***
Total pot $12 | Rake $0.24
Board [3s 2s Kc]
Seat 3: VolkovDmitri (button) (small blind) collected ($11.76)
Seat 6: Georges181 (big blind) folded on the Flop


PokerStars Hand #176257077167:  Hold'em Limit ($3/$6 USD) - 2017/09/29 3:17:04 ET
Table 'Stroobantia' 6-max Seat #6 is the button
Seat 3: VolkovDmitri ($158.36 in chips)
Seat 6: Georges181 ($37.82 in chips)
Georges181: posts small blind $1
VolkovDmitri: posts big blind $3
*** HOLE CARDS ***
Georges181: raises $3 to $6
VolkovDmitri: calls $3
*** FLOP *** [3d 8c 3c]
VolkovDmitri: checks
Georges181: bets $3
VolkovDmitri: raises $3 to $6
Georges181: folds
Uncalled bet ($3) returned to VolkovDmitri
VolkovDmitri collected $17.64 from pot
VolkovDmitri: doesn't show hand
*** SUMMARY ***
Total pot $18 | Rake $0.36
Board [3d 8c 3c]
Seat 3: VolkovDmitri (big blind) collected ($17.64)
Seat 6: Georges181 (button) (small blind) folded on the Flop


PokerStars Hand #176257090881:  Hold'em Limit ($3/$6 USD) - 2017/09/29 3:17:59 ET
Table 'Stroobantia' 6-max Seat #3 is the button
Seat 3: VolkovDmitri ($167 in chips)
Seat 6: Georges181 ($28.82 in chips)
VolkovDmitri: posts small blind $1
Georges181: posts big blind $3
*** HOLE CARDS ***
VolkovDmitri: raises $3 to $6
Georges181: calls $3
*** FLOP *** [8c Ks 9d]
Georges181: checks
VolkovDmitri: bets $3
Georges181: calls $3
*** TURN *** [8c Ks 9d] [2d]
Georges181: checks
VolkovDmitri: bets $6
Georges181: calls $6
*** RIVER *** [8c Ks 9d 2d] [Jd]
Georges181: checks
VolkovDmitri: checks
*** SHOW DOWN ***
Georges181: shows [Jc Ad] (a pair of Jacks)
VolkovDmitri: mucks hand
Georges181 collected $29.50 from pot
*** SUMMARY ***
Total pot $30 | Rake $0.50
Board [8c Ks 9d 2d Jd]
Seat 3: VolkovDmitri (button) (small blind) mucked
Seat 6: Georges181 (big blind) showed [Jc Ad] and won ($29.50) with a pair of Jacks


PokerStars Hand #176257101730:  Hold'em Limit ($3/$6 USD) - 2017/09/29 3:18:42 ET
Table 'Stroobantia' 6-max Seat #6 is the button
Seat 3: VolkovDmitri ($152 in chips)
Seat 6: Georges181 ($43.32 in chips)
Georges181: posts small blind $1
VolkovDmitri: posts big blind $3
*** HOLE CARDS ***
Georges181: raises $3 to $6
VolkovDmitri: calls $3
*** FLOP *** [Ad Qs Ac]
VolkovDmitri: checks
Georges181: bets $3
VolkovDmitri: folds
Uncalled bet ($3) returned to Georges181
Georges181 collected $11.76 from pot
*** SUMMARY ***
Total pot $12 | Rake $0.24
Board [Ad Qs Ac]
Seat 3: VolkovDmitri (big blind) folded on the Flop
Seat 6: Georges181 (button) (small blind) collected ($11.76)


PokerStars Hand #176257108898:  Hold'em Limit ($3/$6 USD) - 2017/09/29 3:19:11 ET
Table 'Stroobantia' 6-max Seat #3 is the button
Seat 3: VolkovDmitri ($146 in chips)
Seat 6: Georges181 ($49.08 in chips)
VolkovDmitri: posts small blind $1
Georges181: posts big blind $3
*** HOLE CARDS ***
VolkovDmitri: raises $3 to $6
Georges181: folds
Uncalled bet ($3) returned to VolkovDmitri
VolkovDmitri collected $6 from pot
VolkovDmitri: doesn't show hand
*** SUMMARY ***
Total pot $6 | Rake $0
Seat 3: VolkovDmitri (button) (small blind) collected ($6)
Seat 6: Georges181 (big blind) folded before Flop


PokerStars Hand #176257113379:  Hold'em Limit ($3/$6 USD) - 2017/09/29 3:19:29 ET
Table 'Stroobantia' 6-max Seat #6 is the button
Seat 3: VolkovDmitri ($149 in chips)
Seat 6: Georges181 ($46.08 in chips)
Georges181: posts small blind $1
VolkovDmitri: posts big blind $3
*** HOLE CARDS ***
Georges181: raises $3 to $6
VolkovDmitri: calls $3
*** FLOP *** [Kc 8s Jc]
VolkovDmitri: bets $3
Georges181: calls $3
*** TURN *** [Kc 8s Jc] [5h]
VolkovDmitri: bets $6
Georges181: calls $6
*** RIVER *** [Kc 8s Jc 5h] [Ks]
VolkovDmitri: bets $6
Georges181: calls $6
*** SHOW DOWN ***
VolkovDmitri: shows [Qs 8h] (two pair, Kings and Eights)
Georges181: shows [Qd Jh] (two pair, Kings and Jacks)
Georges181 collected $41.50 from pot
*** SUMMARY ***
Total pot $42 | Rake $0.50
Board [Kc 8s Jc 5h Ks]
Seat 3: VolkovDmitri (big blind) showed [Qs 8h] and lost with two pair, Kings and Eights
Seat 6: Georges181 (button) (small blind) showed [Qd Jh] and won ($41.50) with two pair, Kings and Jacks


PokerStars Hand #176257127497:  Hold'em Limit ($3/$6 USD) - 2017/09/29 3:20:25 ET
Table 'Stroobantia' 6-max Seat #6 is the button
Seat 3: VolkovDmitri ($120 in chips)
Seat 6: Georges181 ($81.08 in chips)
Georges181: posts small blind $1
VolkovDmitri: posts big blind $3
*** HOLE CARDS ***
Georges181: folds
Uncalled bet ($2) returned to VolkovDmitri
VolkovDmitri collected $2 from pot
VolkovDmitri: doesn't show hand
*** SUMMARY ***
Total pot $2 | Rake $0
Seat 3: VolkovDmitri (big blind) collected ($2)
Seat 6: Georges181 (button) (small blind) folded before Flop


PokerStars Hand #176257120129:  Hold'em Limit ($3/$6 USD) - 2017/09/29 3:19:56 ET
Table 'Stroobantia' 6-max Seat #3 is the button
Seat 3: VolkovDmitri ($128 in chips)
Seat 6: Georges181 ($66.58 in chips)
VolkovDmitri: posts small blind $1
Georges181: posts big blind $3
*** HOLE CARDS ***
VolkovDmitri: raises $3 to $6
Georges181: calls $3
*** FLOP *** [3s Qc 7h]
Georges181: checks
VolkovDmitri: bets $3
Georges181: calls $3
*** TURN *** [3s Qc 7h] [7s]
Georges181: checks
VolkovDmitri: checks
*** RIVER *** [3s Qc 7h 7s] [3c]
Georges181: bets $6
VolkovDmitri: calls $6
*** SHOW DOWN ***
Georges181: shows [Jd Js] (two pair, Jacks and Sevens)
VolkovDmitri: mucks hand
Georges181 collected $29.50 from pot
*** SUMMARY ***
Total pot $30 | Rake $0.50
Board [3s Qc 7h 7s 3c]
Seat 3: VolkovDmitri (button) (small blind) mucked
Seat 6: Georges181 (big blind) showed [Jd Js] and won ($29.50) with two pair, Jacks and Sevens


PokerStars Hand #176257129002:  Hold'em Limit ($3/$6 USD) - 2017/09/29 3:20:31 ET
Table 'Stroobantia' 6-max Seat #3 is the button
Seat 3: VolkovDmitri ($121 in chips)
Seat 6: Georges181 ($80.08 in chips)
VolkovDmitri: posts small blind $1
Georges181: posts big blind $3
*** HOLE CARDS ***
VolkovDmitri: raises $3 to $6
Georges181: calls $3
*** FLOP *** [Jh Ac 9c]
Georges181: checks
VolkovDmitri: bets $3
Georges181: folds
Uncalled bet ($3) returned to VolkovDmitri
VolkovDmitri collected $11.76 from pot
VolkovDmitri: doesn't show hand
*** SUMMARY ***
Total pot $12 | Rake $0.24
Board [Jh Ac 9c]
Seat 3: VolkovDmitri (button) (small blind) collected ($11.76)
Seat 6: Georges181 (big blind) folded on the Flop


PokerStars Hand #176257144549:  Hold'em Limit ($3/$6 USD) - 2017/09/29 3:21:33 ET
Table 'Stroobantia' 6-max Seat #3 is the button
Seat 3: VolkovDmitri ($120 in chips)
Seat 6: Georges181 ($88.58 in chips)
VolkovDmitri: posts small blind $1
Georges181: posts big blind $3
*** HOLE CARDS ***
VolkovDmitri: raises $3 to $6
Georges181: calls $3
*** FLOP *** [5s Qc 7h]
Georges181: checks
VolkovDmitri: bets $3
Georges181: calls $3
*** TURN *** [5s Qc 7h] [6h]
Georges181: checks
VolkovDmitri: checks
*** RIVER *** [5s Qc 7h 6h] [Qd]
Georges181: bets $6
VolkovDmitri: folds
Uncalled bet ($6) returned to Georges181
Georges181 collected $17.64 from pot
*** SUMMARY ***
Total pot $18 | Rake $0.36
Board [5s Qc 7h 6h Qd]
Seat 3: VolkovDmitri (button) (small blind) folded on the River
Seat 6: Georges181 (big blind) collected ($17.64)


PokerStars Hand #176257134042:  Hold'em Limit ($3/$6 USD) - 2017/09/29 3:20:51 ET
Table 'Stroobantia' 6-max Seat #6 is the button
Seat 3: VolkovDmitri ($126.76 in chips)
Seat 6: Georges181 ($74.08 in chips)
Georges181: posts small blind $1
VolkovDmitri: posts big blind $3
*** HOLE CARDS ***
Georges181: raises $3 to $6
VolkovDmitri: calls $3
*** FLOP *** [Qd Kc 5c]
VolkovDmitri: bets $3
Georges181: calls $3
*** TURN *** [Qd Kc 5c] [Jh]
VolkovDmitri: checks
Georges181: bets $6
VolkovDmitri: calls $6
*** RIVER *** [Qd Kc 5c Jh] [4h]
VolkovDmitri: checks
Georges181: bets $6
VolkovDmitri: folds
Uncalled bet ($6) returned to Georges181
Georges181 collected $29.50 from pot
*** SUMMARY ***
Total pot $30 | Rake $0.50
Board [Qd Kc 5c Jh 4h]
Seat 3: VolkovDmitri (big blind) folded on the River
Seat 6: Georges181 (button) (small blind) collected ($29.50)


PokerStars Hand #176257159001:  Hold'em Limit ($3/$6 USD) - 2017/09/29 3:22:31 ET
Table 'Stroobantia' 6-max Seat #3 is the button
Seat 3: VolkovDmitri ($120 in chips)
Seat 6: Georges181 ($105.86 in chips)
VolkovDmitri: posts small blind $1
Georges181: posts big blind $3
*** HOLE CARDS ***
VolkovDmitri: raises $3 to $6
Georges181: folds
Uncalled bet ($3) returned to VolkovDmitri
VolkovDmitri collected $6 from pot
VolkovDmitri: doesn't show hand
*** SUMMARY ***
Total pot $6 | Rake $0
Seat 3: VolkovDmitri (button) (small blind) collected ($6)
Seat 6: Georges181 (big blind) folded before Flop


PokerStars Hand #176257153892:  Hold'em Limit ($3/$6 USD) - 2017/09/29 3:22:10 ET
Table 'Stroobantia' 6-max Seat #6 is the button
Seat 3: VolkovDmitri ($120 in chips)
Seat 6: Georges181 ($97.22 in chips)
Georges181: posts small blind $1
VolkovDmitri: posts big blind $3
*** HOLE CARDS ***
Georges181: raises $3 to $6
VolkovDmitri: calls $3
*** FLOP *** [Kd Jh 9h]
VolkovDmitri: checks
Georges181: bets $3
VolkovDmitri: calls $3
*** TURN *** [Kd Jh 9h] [Ad]
VolkovDmitri: checks
Georges181: bets $6
VolkovDmitri: folds
Uncalled bet ($6) returned to Georges181
Georges181 collected $17.64 from pot
*** SUMMARY ***
Total pot $18 | Rake $0.36
Board [Kd Jh 9h Ad]
Seat 3: VolkovDmitri (big blind) folded on the Turn
Seat 6: Georges181 (button) (small blind) collected ($17.64)


PokerStars Hand #176257160834:  Hold'em Limit ($3/$6 USD) - 2017/09/29 3:22:38 ET
Table 'Stroobantia' 6-max Seat #6 is the button
Seat 3: VolkovDmitri ($123 in chips)
Seat 6: Georges181 ($102.86 in chips)
Georges181: posts small blind $1
VolkovDmitri: posts big blind $3
*** HOLE CARDS ***
Georges181: raises $3 to $6
VolkovDmitri: folds
Uncalled bet ($3) returned to Georges181
Georges181 collected $6 from pot
*** SUMMARY ***
Total pot $6 | Rake $0
Seat 3: VolkovDmitri (big blind) folded before Flop
Seat 6: Georges181 (button) (small blind) collected ($6)


PokerStars Hand #176257174555:  Hold'em Limit ($3/$6 USD) - 2017/09/29 3:23:33 ET
Table 'Stroobantia' 6-max Seat #6 is the button
Seat 3: VolkovDmitri ($120 in chips)
Seat 6: Georges181 ($114.50 in chips)
Georges181: posts small blind $1
VolkovDmitri: posts big blind $3
*** HOLE CARDS ***
Georges181: folds
Uncalled bet ($2) returned to VolkovDmitri
VolkovDmitri collected $2 from pot
VolkovDmitri: doesn't show hand
*** SUMMARY ***
Total pot $2 | Rake $0
Seat 3: VolkovDmitri (big blind) collected ($2)
Seat 6: Georges181 (button) (small blind) folded before Flop


PokerStars Hand #176257162834:  Hold'em Limit ($3/$6 USD) - 2017/09/29 3:22:46 ET
Table 'Stroobantia' 6-max Seat #3 is the button
Seat 3: VolkovDmitri ($120 in chips)
Seat 6: Georges181 ($105.86 in chips)
VolkovDmitri: posts small blind $1
Georges181: posts big blind $3
*** HOLE CARDS ***
VolkovDmitri: raises $3 to $6
Georges181: calls $3
*** FLOP *** [9c 3c 9d]
Georges181: checks
VolkovDmitri: bets $3
Georges181: calls $3
*** TURN *** [9c 3c 9d] [Ad]
Georges181: checks
VolkovDmitri: checks
*** RIVER *** [9c 3c 9d Ad] [7d]
Georges181: bets $6
VolkovDmitri: folds
Uncalled bet ($6) returned to Georges181
Georges181 collected $17.64 from pot
*** SUMMARY ***
Total pot $18 | Rake $0.36
Board [9c 3c 9d Ad 7d]
Seat 3: VolkovDmitri (button) (small blind) folded on the River
Seat 6: Georges181 (big blind) collected ($17.64)


PokerStars Hand #176257187909:  Hold'em Limit ($3/$6 USD) - 2017/09/29 3:24:26 ET
Table 'Stroobantia' 6-max Seat #6 is the button
Seat 3: VolkovDmitri ($120 in chips)
Seat 6: Georges181 ($122.14 in chips)
Georges181: posts small blind $1
VolkovDmitri: posts big blind $3
*** HOLE CARDS ***
Georges181: folds
Uncalled bet ($2) returned to VolkovDmitri
VolkovDmitri collected $2 from pot
VolkovDmitri: doesn't show hand
*** SUMMARY ***
Total pot $2 | Rake $0
Seat 3: VolkovDmitri (big blind) collected ($2)
Seat 6: Georges181 (button) (small blind) folded before Flop


PokerStars Hand #176257176318:  Hold'em Limit ($3/$6 USD) - 2017/09/29 3:23:40 ET
Table 'Stroobantia' 6-max Seat #3 is the button
Seat 3: VolkovDmitri ($121 in chips)
Seat 6: Georges181 ($113.50 in chips)
VolkovDmitri: posts small blind $1
Georges181: posts big blind $3
*** HOLE CARDS ***
VolkovDmitri: raises $3 to $6
Georges181: calls $3
*** FLOP *** [Qs Jd Ts]
Georges181: checks
VolkovDmitri: bets $3
Georges181: calls $3
*** TURN *** [Qs Jd Ts] [Ah]
Georges181: checks
VolkovDmitri: checks
*** RIVER *** [Qs Jd Ts Ah] [Td]
Georges181: bets $6
VolkovDmitri: folds
Uncalled bet ($6) returned to Georges181
Georges181 collected $17.64 from pot
*** SUMMARY ***
Total pot $18 | Rake $0.36
Board [Qs Jd Ts Ah Td]
Seat 3: VolkovDmitri (button) (small blind) folded on the River
Seat 6: Georges181 (big blind) collected ($17.64)


PokerStars Hand #176257189558:  Hold'em Limit ($3/$6 USD) - 2017/09/29 3:24:33 ET
Table 'Stroobantia' 6-max Seat #3 is the button
Seat 3: VolkovDmitri ($121 in chips)
Seat 6: Georges181 ($121.14 in chips)
VolkovDmitri: posts small blind $1
Georges181: posts big blind $3
*** HOLE CARDS ***
VolkovDmitri: raises $3 to $6
Georges181: calls $3
*** FLOP *** [Th Kh 8s]
Georges181: checks
VolkovDmitri: bets $3
Georges181: folds
Uncalled bet ($3) returned to VolkovDmitri
VolkovDmitri collected $11.76 from pot
VolkovDmitri: doesn't show hand
*** SUMMARY ***
Total pot $12 | Rake $0.24
Board [Th Kh 8s]
Seat 3: VolkovDmitri (button) (small blind) collected ($11.76)
Seat 6: Georges181 (big blind) folded on the Flop


PokerStars Hand #176257208532:  Hold'em Limit ($3/$6 USD) - 2017/09/29 3:25:49 ET
Table 'Stroobantia' 6-max Seat #6 is the button
Seat 3: VolkovDmitri ($123 in chips)
Seat 6: Georges181 ($135.64 in chips)
Georges181: posts small blind $1
VolkovDmitri: posts big blind $3
*** HOLE CARDS ***
Georges181: raises $3 to $6
VolkovDmitri: calls $3
*** FLOP *** [3s 4s Kd]
VolkovDmitri: bets $3
Georges181: folds
Uncalled bet ($3) returned to VolkovDmitri
VolkovDmitri collected $11.76 from pot
VolkovDmitri: doesn't show hand
*** SUMMARY ***
Total pot $12 | Rake $0.24
Board [3s 4s Kd]
Seat 3: VolkovDmitri (big blind) collected ($11.76)
Seat 6: Georges181 (button) (small blind) folded on the Flop


PokerStars Hand #176257195422:  Hold'em Limit ($3/$6 USD) - 2017/09/29 3:24:56 ET
Table 'Stroobantia' 6-max Seat #6 is the button
Seat 3: VolkovDmitri ($126.76 in chips)
Seat 6: Georges181 ($115.14 in chips)
Georges181: posts small blind $1
VolkovDmitri: posts big blind $3
*** HOLE CARDS ***
Georges181: raises $3 to $6
VolkovDmitri: raises $3 to $9
Georges181: calls $3
*** FLOP *** [4s 4c 5c]
VolkovDmitri: bets $3
Georges181: calls $3
*** TURN *** [4s 4c 5c] [8c]
VolkovDmitri: checks
Georges181: bets $6
VolkovDmitri: calls $6
*** RIVER *** [4s 4c 5c 8c] [2s]
VolkovDmitri: checks
Georges181: bets $6
VolkovDmitri: calls $6
*** SHOW DOWN ***
Georges181: shows [Ts Ad] (a pair of Fours)
VolkovDmitri: mucks hand
Georges181 collected $47.50 from pot
*** SUMMARY ***
Total pot $48 | Rake $0.50
Board [4s 4c 5c 8c 2s]
Seat 3: VolkovDmitri (big blind) mucked
Seat 6: Georges181 (button) (small blind) showed [Ts Ad] and won ($47.50) with a pair of Fours


PokerStars Hand #176257204482:  Hold'em Limit ($3/$6 USD) - 2017/09/29 3:25:33 ET
Table 'Stroobantia' 6-max Seat #3 is the button
Seat 3: VolkovDmitri ($120 in chips)
Seat 6: Georges181 ($138.64 in chips)
VolkovDmitri: posts small blind $1
Georges181: posts big blind $3
*** HOLE CARDS ***
VolkovDmitri: raises $3 to $6
Georges181: folds
Uncalled bet ($3) returned to VolkovDmitri
VolkovDmitri collected $6 from pot
VolkovDmitri: doesn't show hand
*** SUMMARY ***
Total pot $6 | Rake $0
Seat 3: VolkovDmitri (button) (small blind) collected ($6)
Seat 6: Georges181 (big blind) folded before Flop


PokerStars Hand #176257226746:  Hold'em Limit ($3/$6 USD) - 2017/09/29 3:27:00 ET
Table 'Stroobantia' 6-max Seat #6 is the button
Seat 3: VolkovDmitri ($143.26 in chips)
Seat 6: Georges181 ($114.64 in chips)
Georges181: posts small blind $1
VolkovDmitri: posts big blind $3
*** HOLE CARDS ***
Georges181: raises $3 to $6
VolkovDmitri: folds
Uncalled bet ($3) returned to Georges181
Georges181 collected $6 from pot
*** SUMMARY ***
Total pot $6 | Rake $0
Seat 3: VolkovDmitri (big blind) folded before Flop
Seat 6: Georges181 (button) (small blind) collected ($6)


PokerStars Hand #176257213466:  Hold'em Limit ($3/$6 USD) - 2017/09/29 3:26:08 ET
Table 'Stroobantia' 6-max Seat #3 is the button
Seat 3: VolkovDmitri ($128.76 in chips)
Seat 6: Georges181 ($129.64 in chips)
VolkovDmitri: posts small blind $1
Georges181: posts big blind $3
*** HOLE CARDS ***
VolkovDmitri: raises $3 to $6
Georges181: calls $3
*** FLOP *** [6h 6d Kd]
Georges181: checks
VolkovDmitri: bets $3
Georges181: calls $3
*** TURN *** [6h 6d Kd] [9d]
Georges181: checks
VolkovDmitri: checks
*** RIVER *** [6h 6d Kd 9d] [5d]
Georges181: bets $6
VolkovDmitri: calls $6
*** SHOW DOWN ***
Georges181: shows [Ac Jh] (a pair of Sixes)
VolkovDmitri: shows [2d Qc] (a flush, King high)
VolkovDmitri collected $29.50 from pot
*** SUMMARY ***
Total pot $30 | Rake $0.50
Board [6h 6d Kd 9d 5d]
Seat 3: VolkovDmitri (button) (small blind) showed [2d Qc] and won ($29.50) with a flush, King high
Seat 6: Georges181 (big blind) showed [Ac Jh] and lost with a pair of Sixes


PokerStars Hand #176257229083:  Hold'em Limit ($3/$6 USD) - 2017/09/29 3:27:09 ET
Table 'Stroobantia' 6-max Seat #3 is the button
Seat 3: VolkovDmitri ($140.26 in chips)
Seat 6: Georges181 ($117.64 in chips)
VolkovDmitri: posts small blind $1
Georges181: posts big blind $3
*** HOLE CARDS ***
VolkovDmitri: raises $3 to $6
Georges181: calls $3
*** FLOP *** [Ks 5h Qc]
Georges181: checks
VolkovDmitri: checks
*** TURN *** [Ks 5h Qc] [7s]
Georges181: bets $6
VolkovDmitri: calls $6
*** RIVER *** [Ks 5h Qc 7s] [Td]
Georges181: bets $6
siamuss joins the table at seat #2
VolkovDmitri: calls $6
*** SHOW DOWN ***
Georges181: shows [5c 9h] (a pair of Fives)
VolkovDmitri: shows [3d Qd] (a pair of Queens)
VolkovDmitri collected $35.50 from pot
*** SUMMARY ***
Total pot $36 | Rake $0.50
Board [Ks 5h Qc 7s Td]
Seat 3: VolkovDmitri (button) (small blind) showed [3d Qd] and won ($35.50) with a pair of Queens
Seat 6: Georges181 (big blind) showed [5c 9h] and lost with a pair of Fives


PokerStars Hand #176257242705:  Hold'em Limit ($3/$6 USD) - 2017/09/29 3:28:03 ET
Table 'Stroobantia' 6-max Seat #2 is the button
Seat 2: siamuss ($63.45 in chips)
Seat 3: VolkovDmitri ($136.76 in chips)
siamuss: posts small blind $1
VolkovDmitri: posts big blind $3
*** HOLE CARDS ***
siamuss: calls $2
VolkovDmitri: raises $3 to $6
siamuss: calls $3
*** FLOP *** [Js 8c Jh]
Ale4o joins the table at seat #4
VolkovDmitri: checks
siamuss: bets $3
VolkovDmitri: raises $3 to $6
siamuss: calls $3
*** TURN *** [Js 8c Jh] [2d]
VolkovDmitri: bets $6
siamuss: folds
Uncalled bet ($6) returned to VolkovDmitri
VolkovDmitri collected $23.52 from pot
VolkovDmitri: doesn't show hand
*** SUMMARY ***
Total pot $24 | Rake $0.48
Board [Js 8c Jh 2d]
Seat 2: siamuss (button) (small blind) folded on the Turn
Seat 3: VolkovDmitri (big blind) collected ($23.52)


PokerStars Hand #176257635483:  Hold'em Limit ($3/$6 USD) - 2017/09/29 3:52:55 ET
Table 'Stroobantia' 6-max Seat #6 is the button
Seat 3: VolkovDmitri ($120 in chips)
Seat 6: Georges181 ($128.19 in chips)
Georges181: posts small blind $1
VolkovDmitri: posts big blind $3
*** HOLE CARDS ***
Georges181: folds
Uncalled bet ($2) returned to VolkovDmitri
Georges181 leaves the table
VolkovDmitri collected $2 from pot
VolkovDmitri: doesn't show hand
*** SUMMARY ***
Total pot $2 | Rake $0
Seat 3: VolkovDmitri (big blind) collected ($2)
Seat 6: Georges181 (button) (small blind) folded before Flop


PokerStars Hand #176257622320:  Hold'em Limit ($3/$6 USD) - 2017/09/29 3:52:06 ET
Table 'Stroobantia' 6-max Seat #3 is the button
Seat 3: VolkovDmitri ($124.46 in chips)
Seat 6: Georges181 ($119.55 in chips)
VolkovDmitri: posts small blind $1
Ale4o: is sitting out
Zazi: is sitting out
Georges181: posts big blind $3
*** HOLE CARDS ***
VolkovDmitri: raises $3 to $6
Ale4o leaves the table
Georges181: calls $3
*** FLOP *** [4c 8d 8h]
Georges181: bets $3
Zazi leaves the table
VolkovDmitri: calls $3
*** TURN *** [4c 8d 8h] [Kd]
Georges181: bets $6
VolkovDmitri: folds
Uncalled bet ($6) returned to Georges181
Georges181 collected $17.64 from pot
*** SUMMARY ***
Total pot $18 | Rake $0.36
Board [4c 8d 8h Kd]
Seat 3: VolkovDmitri (button) (small blind) folded on the Turn
Seat 6: Georges181 (big blind) collected ($17.64)


