PokerStars Hand #160178934083:  Hold'em Limit ($3/$6 USD) - 2016/10/20 3:29:20 ET
Table 'Stromgrenia' 10-max Seat #7 is the button
Seat 7: VolkovDmitri ($122.88 in chips)
Seat 10: Basicxx ($35.78 in chips)
VolkovDmitri: posts small blind $1
Basicxx: posts big blind $3
*** HOLE CARDS ***
VolkovDmitri: raises $3 to $6
Basicxx: calls $3
*** FLOP *** [4h 4d Qh]
Basicxx: checks
VolkovDmitri: bets $3
Basicxx: calls $3
*** TURN *** [4h 4d Qh] [Td]
Basicxx: checks
VolkovDmitri: checks
*** RIVER *** [4h 4d Qh Td] [8d]
Basicxx: checks
VolkovDmitri: checks
*** SHOW DOWN ***
Basicxx: shows [2d As] (a pair of Fours)
VolkovDmitri: shows [5h Ah] (a pair of Fours)
Basicxx collected $8.82 from pot
VolkovDmitri collected $8.82 from pot
*** SUMMARY ***
Total pot $18 | Rake $0.36
Board [4h 4d Qh Td 8d]
Seat 7: VolkovDmitri (button) (small blind) showed [5h Ah] and won ($8.82) with a pair of Fours
Seat 10: Basicxx (big blind) showed [2d As] and won ($8.82) with a pair of Fours


PokerStars Hand #160178928386:  Hold'em Limit ($3/$6 USD) - 2016/10/20 3:28:58 ET
Table 'Stromgrenia' 10-max Seat #10 is the button
Seat 7: VolkovDmitri ($120 in chips)
Seat 10: Basicxx ($38.78 in chips)
Basicxx: posts small blind $1
VolkovDmitri: posts big blind $3
*** HOLE CARDS ***
Basicxx: calls $2
VolkovDmitri: checks
*** FLOP *** [Tc 6h Td]
VolkovDmitri: checks
Basicxx: checks
*** TURN *** [Tc 6h Td] [4h]
VolkovDmitri: checks
Basicxx: checks
*** RIVER *** [Tc 6h Td 4h] [Ac]
VolkovDmitri: bets $6
Basicxx: folds
Uncalled bet ($6) returned to VolkovDmitri
VolkovDmitri collected $5.88 from pot
VolkovDmitri: doesn't show hand
*** SUMMARY ***
Total pot $6 | Rake $0.12
Board [Tc 6h Td 4h Ac]
Seat 7: VolkovDmitri (big blind) collected ($5.88)
Seat 10: Basicxx (button) (small blind) folded on the River


PokerStars Hand #160178926120:  Hold'em Limit ($3/$6 USD) - 2016/10/20 3:28:49 ET
Table 'Stromgrenia' 10-max Seat #7 is the button
Seat 7: VolkovDmitri ($120 in chips)
Seat 10: Basicxx ($37.78 in chips)
VolkovDmitri: posts small blind $1
Basicxx: posts big blind $3
*** HOLE CARDS ***
VolkovDmitri: folds
Uncalled bet ($2) returned to Basicxx
Basicxx collected $2 from pot
*** SUMMARY ***
Total pot $2 | Rake $0
Seat 7: VolkovDmitri (button) (small blind) folded before Flop
Seat 10: Basicxx (big blind) collected ($2)


PokerStars Hand #160178948504:  Hold'em Limit ($3/$6 USD) - 2016/10/20 3:30:14 ET
Table 'Stromgrenia' 10-max Seat #10 is the button
Seat 7: VolkovDmitri ($120 in chips)
Seat 10: Basicxx ($58.74 in chips)
Basicxx: posts small blind $1
VolkovDmitri: posts big blind $3
*** HOLE CARDS ***
Basicxx: folds
Uncalled bet ($2) returned to VolkovDmitri
VolkovDmitri collected $2 from pot
VolkovDmitri: doesn't show hand
*** SUMMARY ***
Total pot $2 | Rake $0
Seat 7: VolkovDmitri (big blind) collected ($2)
Seat 10: Basicxx (button) (small blind) folded before Flop


PokerStars Hand #160178944513:  Hold'em Limit ($3/$6 USD) - 2016/10/20 3:29:59 ET
Table 'Stromgrenia' 10-max Seat #7 is the button
Seat 7: VolkovDmitri ($120 in chips)
Seat 10: Basicxx ($50.10 in chips)
VolkovDmitri: posts small blind $1
Basicxx: posts big blind $3
*** HOLE CARDS ***
VolkovDmitri: raises $3 to $6
Basicxx: raises $3 to $9
VolkovDmitri: calls $3
*** FLOP *** [Ah 2s Qd]
Basicxx: bets $3
VolkovDmitri: folds
Uncalled bet ($3) returned to Basicxx
Basicxx collected $17.64 from pot
*** SUMMARY ***
Total pot $18 | Rake $0.36
Board [Ah 2s Qd]
Seat 7: VolkovDmitri (button) (small blind) folded on the Flop
Seat 10: Basicxx (big blind) collected ($17.64)


PokerStars Hand #160178950057:  Hold'em Limit ($3/$6 USD) - 2016/10/20 3:30:20 ET
Table 'Stromgrenia' 10-max Seat #7 is the button
Seat 7: VolkovDmitri ($121 in chips)
Seat 10: Basicxx ($57.74 in chips)
VolkovDmitri: posts small blind $1
Basicxx: posts big blind $3
*** HOLE CARDS ***
VolkovDmitri: raises $3 to $6
Basicxx: calls $3
*** FLOP *** [6c 7h Jd]
Basicxx: checks
VolkovDmitri: bets $3
Basicxx: calls $3
*** TURN *** [6c 7h Jd] [5c]
Basicxx: checks
VolkovDmitri: bets $6
Basicxx: calls $6
*** RIVER *** [6c 7h Jd 5c] [5h]
Basicxx: checks
VolkovDmitri: bets $6
Basicxx: calls $6
*** SHOW DOWN ***
VolkovDmitri: shows [9h 7c] (two pair, Sevens and Fives)
Basicxx: shows [7d Ad] (two pair, Sevens and Fives - Ace kicker)
Basicxx collected $41.50 from pot
*** SUMMARY ***
Total pot $42 | Rake $0.50
Board [6c 7h Jd 5c 5h]
Seat 7: VolkovDmitri (button) (small blind) showed [9h 7c] and lost with two pair, Sevens and Fives
Seat 10: Basicxx (big blind) showed [7d Ad] and won ($41.50) with two pair, Sevens and Fives


PokerStars Hand #160178939641:  Hold'em Limit ($3/$6 USD) - 2016/10/20 3:29:41 ET
Table 'Stromgrenia' 10-max Seat #10 is the button
Seat 7: VolkovDmitri ($122.70 in chips)
Seat 10: Basicxx ($35.60 in chips)
Basicxx: posts small blind $1
VolkovDmitri: posts big blind $3
*** HOLE CARDS ***
Basicxx: calls $2
VolkovDmitri: raises $3 to $6
Basicxx: calls $3
*** FLOP *** [3c 6c 4s]
VolkovDmitri: bets $3
Basicxx: calls $3
*** TURN *** [3c 6c 4s] [8s]
VolkovDmitri: bets $6
Basicxx: raises $6 to $12
VolkovDmitri: folds
Uncalled bet ($6) returned to Basicxx
Basicxx collected $29.50 from pot
*** SUMMARY ***
Total pot $30 | Rake $0.50
Board [3c 6c 4s 8s]
Seat 7: VolkovDmitri (big blind) folded on the Turn
Seat 10: Basicxx (button) (small blind) collected ($29.50)


PokerStars Hand #160178957520:  Hold'em Limit ($3/$6 USD) - 2016/10/20 3:30:49 ET
Table 'Stromgrenia' 10-max Seat #10 is the button
Seat 7: VolkovDmitri ($120 in chips)
Seat 10: Basicxx ($78.24 in chips)
Basicxx: posts small blind $1
VolkovDmitri: posts big blind $3
*** HOLE CARDS ***
Basicxx: calls $2
VolkovDmitri: raises $3 to $6
Basicxx: calls $3
*** FLOP *** [Qc Td Kc]
VolkovDmitri: bets $3
Basicxx: calls $3
*** TURN *** [Qc Td Kc] [Tc]
VolkovDmitri: bets $6
Basicxx: folds
Uncalled bet ($6) returned to VolkovDmitri
VolkovDmitri collected $17.64 from pot
VolkovDmitri: doesn't show hand
*** SUMMARY ***
Total pot $18 | Rake $0.36
Board [Qc Td Kc Tc]
Seat 7: VolkovDmitri (big blind) collected ($17.64)
Seat 10: Basicxx (button) (small blind) folded on the Turn


PokerStars Hand #160178962740:  Hold'em Limit ($3/$6 USD) - 2016/10/20 3:31:08 ET
Table 'Stromgrenia' 10-max Seat #7 is the button
Seat 7: VolkovDmitri ($128.64 in chips)
Seat 10: Basicxx ($69.24 in chips)
VolkovDmitri: posts small blind $1
Basicxx: posts big blind $3
*** HOLE CARDS ***
VolkovDmitri: raises $3 to $6
Basicxx: folds
Uncalled bet ($3) returned to VolkovDmitri
VolkovDmitri collected $6 from pot
VolkovDmitri: doesn't show hand
*** SUMMARY ***
Total pot $6 | Rake $0
Seat 7: VolkovDmitri (button) (small blind) collected ($6)
Seat 10: Basicxx (big blind) folded before Flop


PokerStars Hand #160178964965:  Hold'em Limit ($3/$6 USD) - 2016/10/20 3:31:17 ET
Table 'Stromgrenia' 10-max Seat #10 is the button
Seat 7: VolkovDmitri ($131.64 in chips)
Seat 10: Basicxx ($66.24 in chips)
Basicxx: posts small blind $1
VolkovDmitri: posts big blind $3
*** HOLE CARDS ***
Basicxx: calls $2
VolkovDmitri: checks
*** FLOP *** [7h 2s Jh]
VolkovDmitri: checks
Basicxx: checks
*** TURN *** [7h 2s Jh] [7d]
VolkovDmitri: checks
Basicxx: checks
*** RIVER *** [7h 2s Jh 7d] [6c]
VolkovDmitri: checks
Basicxx: checks
*** SHOW DOWN ***
VolkovDmitri: shows [5s Th] (a pair of Sevens)
Basicxx: shows [Qd 9c] (a pair of Sevens - Queen kicker)
Basicxx collected $5.88 from pot
*** SUMMARY ***
Total pot $6 | Rake $0.12
Board [7h 2s Jh 7d 6c]
Seat 7: VolkovDmitri (big blind) showed [5s Th] and lost with a pair of Sevens
Seat 10: Basicxx (button) (small blind) showed [Qd 9c] and won ($5.88) with a pair of Sevens


PokerStars Hand #160178970980:  Hold'em Limit ($3/$6 USD) - 2016/10/20 3:31:39 ET
Table 'Stromgrenia' 10-max Seat #7 is the button
Seat 7: VolkovDmitri ($128.64 in chips)
Seat 10: Basicxx ($69.12 in chips)
VolkovDmitri: posts small blind $1
Basicxx: posts big blind $3
*** HOLE CARDS ***
VolkovDmitri: raises $3 to $6
Basicxx: raises $3 to $9
VolkovDmitri: calls $3
*** FLOP *** [5h 8h Kc]
Basicxx: checks
VolkovDmitri: bets $3
Basicxx: calls $3
*** TURN *** [5h 8h Kc] [7d]
Basicxx: checks
VolkovDmitri: bets $6
Basicxx: calls $6
*** RIVER *** [5h 8h Kc 7d] [Jh]
Basicxx: bets $6
VolkovDmitri: calls $6
*** SHOW DOWN ***
Basicxx: shows [Ah Jc] (a pair of Jacks)
VolkovDmitri: shows [Ks Jd] (two pair, Kings and Jacks)
VolkovDmitri collected $47.50 from pot
*** SUMMARY ***
Total pot $48 | Rake $0.50
Board [5h 8h Kc 7d Jh]
Seat 7: VolkovDmitri (button) (small blind) showed [Ks Jd] and won ($47.50) with two pair, Kings and Jacks
Seat 10: Basicxx (big blind) showed [Ah Jc] and lost with a pair of Jacks


PokerStars Hand #160178982723:  Hold'em Limit ($3/$6 USD) - 2016/10/20 3:32:23 ET
Table 'Stromgrenia' 10-max Seat #10 is the button
Seat 7: VolkovDmitri ($152.14 in chips)
Seat 10: Basicxx ($45.12 in chips)
Basicxx: posts small blind $1
VolkovDmitri: posts big blind $3
*** HOLE CARDS ***
Basicxx: folds
Uncalled bet ($2) returned to VolkovDmitri
VolkovDmitri collected $2 from pot
VolkovDmitri: doesn't show hand
*** SUMMARY ***
Total pot $2 | Rake $0
Seat 7: VolkovDmitri (big blind) collected ($2)
Seat 10: Basicxx (button) (small blind) folded before Flop


PokerStars Hand #160179000697:  Hold'em Limit ($3/$6 USD) - 2016/10/20 3:33:31 ET
Table 'Stromgrenia' 10-max Seat #10 is the button
Seat 7: VolkovDmitri ($153.78 in chips)
Seat 10: Basicxx ($42.76 in chips)
Basicxx: posts small blind $1
VolkovDmitri: posts big blind $3
*** HOLE CARDS ***
Basicxx: calls $2
VolkovDmitri: checks
*** FLOP *** [3h 6c 3d]
VolkovDmitri: checks
Basicxx: bets $3
VolkovDmitri: folds
Uncalled bet ($3) returned to Basicxx
Basicxx collected $5.88 from pot
*** SUMMARY ***
Total pot $6 | Rake $0.12
Board [3h 6c 3d]
Seat 7: VolkovDmitri (big blind) folded on the Flop
Seat 10: Basicxx (button) (small blind) collected ($5.88)


PokerStars Hand #160178991040:  Hold'em Limit ($3/$6 USD) - 2016/10/20 3:32:55 ET
Table 'Stromgrenia' 10-max Seat #10 is the button
Seat 7: VolkovDmitri ($161.78 in chips)
Seat 10: Basicxx ($35.12 in chips)
Basicxx: posts small blind $1
VolkovDmitri: posts big blind $3
*** HOLE CARDS ***
Basicxx: folds
Uncalled bet ($2) returned to VolkovDmitri
VolkovDmitri collected $2 from pot
VolkovDmitri: doesn't show hand
*** SUMMARY ***
Total pot $2 | Rake $0
Seat 7: VolkovDmitri (big blind) collected ($2)
Seat 10: Basicxx (button) (small blind) folded before Flop


PokerStars Hand #160178984648:  Hold'em Limit ($3/$6 USD) - 2016/10/20 3:32:30 ET
Table 'Stromgrenia' 10-max Seat #7 is the button
Seat 7: VolkovDmitri ($153.14 in chips)
Seat 10: Basicxx ($44.12 in chips)
VolkovDmitri: posts small blind $1
Basicxx: posts big blind $3
*** HOLE CARDS ***
VolkovDmitri: raises $3 to $6
Basicxx: calls $3
*** FLOP *** [6c 5d 6d]
Basicxx: checks
VolkovDmitri: bets $3
Basicxx: calls $3
*** TURN *** [6c 5d 6d] [As]
Basicxx: checks
VolkovDmitri: bets $6
Basicxx: folds
Uncalled bet ($6) returned to VolkovDmitri
VolkovDmitri collected $17.64 from pot
VolkovDmitri: doesn't show hand
*** SUMMARY ***
Total pot $18 | Rake $0.36
Board [6c 5d 6d As]
Seat 7: VolkovDmitri (button) (small blind) collected ($17.64)
Seat 10: Basicxx (big blind) folded on the Turn


PokerStars Hand #160178992482:  Hold'em Limit ($3/$6 USD) - 2016/10/20 3:33:00 ET
Table 'Stromgrenia' 10-max Seat #7 is the button
Seat 7: VolkovDmitri ($162.78 in chips)
Seat 10: Basicxx ($34.12 in chips)
VolkovDmitri: posts small blind $1
Basicxx: posts big blind $3
*** HOLE CARDS ***
VolkovDmitri: raises $3 to $6
Basicxx: calls $3
*** FLOP *** [Ah 4s 8c]
Basicxx: checks
VolkovDmitri: bets $3
Basicxx: calls $3
*** TURN *** [Ah 4s 8c] [5s]
Basicxx: checks
VolkovDmitri: checks
*** RIVER *** [Ah 4s 8c 5s] [Td]
Basicxx: bets $6
VolkovDmitri: folds
Uncalled bet ($6) returned to Basicxx
Basicxx collected $17.64 from pot
*** SUMMARY ***
Total pot $18 | Rake $0.36
Board [Ah 4s 8c 5s Td]
Seat 7: VolkovDmitri (button) (small blind) folded on the River
Seat 10: Basicxx (big blind) collected ($17.64)


PokerStars Hand #160179017904:  Hold'em Limit ($3/$6 USD) - 2016/10/20 3:34:35 ET
Table 'Stromgrenia' 10-max Seat #7 is the button
Seat 7: VolkovDmitri ($183.04 in chips)
Seat 10: Basicxx ($12.64 in chips)
VolkovDmitri: posts small blind $1
Basicxx: posts big blind $3
*** HOLE CARDS ***
VolkovDmitri: raises $3 to $6
Basicxx: raises $3 to $9
VolkovDmitri: raises $3 to $12
Betting is capped
Basicxx: calls $3
*** FLOP *** [8h 7s 5h]
Basicxx: bets $0.64 and is all-in
VolkovDmitri: calls $0.64
*** TURN *** [8h 7s 5h] [4d]
*** RIVER *** [8h 7s 5h 4d] [Ad]
*** SHOW DOWN ***
Basicxx: shows [Td Jc] (high card Ace)
VolkovDmitri: shows [9d Qs] (high card Ace - Queen kicker)
VolkovDmitri collected $24.78 from pot
*** SUMMARY ***
Total pot $25.28 | Rake $0.50
Board [8h 7s 5h 4d Ad]
Seat 7: VolkovDmitri (button) (small blind) showed [9d Qs] and won ($24.78) with high card Ace
Seat 10: Basicxx (big blind) showed [Td Jc] and lost with high card Ace


PokerStars Hand #160179006625:  Hold'em Limit ($3/$6 USD) - 2016/10/20 3:33:53 ET
Table 'Stromgrenia' 10-max Seat #7 is the button
Seat 7: VolkovDmitri ($150.78 in chips)
Seat 10: Basicxx ($45.64 in chips)
VolkovDmitri: posts small blind $1
Basicxx: posts big blind $3
*** HOLE CARDS ***
VolkovDmitri: raises $3 to $6
Basicxx: calls $3
*** FLOP *** [8c 9c 9h]
Basicxx: checks
VolkovDmitri: bets $3
Basicxx: folds
Uncalled bet ($3) returned to VolkovDmitri
VolkovDmitri collected $11.76 from pot
VolkovDmitri: doesn't show hand
*** SUMMARY ***
Total pot $12 | Rake $0.24
Board [8c 9c 9h]
Seat 7: VolkovDmitri (button) (small blind) collected ($11.76)
Seat 10: Basicxx (big blind) folded on the Flop


PokerStars Hand #160179010690:  Hold'em Limit ($3/$6 USD) - 2016/10/20 3:34:08 ET
Table 'Stromgrenia' 10-max Seat #10 is the button
Seat 7: VolkovDmitri ($156.54 in chips)
Seat 10: Basicxx ($39.64 in chips)
Basicxx: posts small blind $1
VolkovDmitri: posts big blind $3
*** HOLE CARDS ***
Basicxx: raises $3 to $6
VolkovDmitri: raises $3 to $9
Basicxx: raises $3 to $12
Betting is capped
VolkovDmitri: calls $3
*** FLOP *** [6s 6d 9h]
VolkovDmitri: bets $3
Basicxx: calls $3
*** TURN *** [6s 6d 9h] [4s]
VolkovDmitri: bets $6
Basicxx: calls $6
*** RIVER *** [6s 6d 9h 4s] [7c]
VolkovDmitri: checks
Basicxx: bets $6
VolkovDmitri: calls $6
*** SHOW DOWN ***
Basicxx: shows [Kd Qd] (a pair of Sixes)
VolkovDmitri: shows [9d Td] (two pair, Nines and Sixes)
VolkovDmitri collected $53.50 from pot
*** SUMMARY ***
Total pot $54 | Rake $0.50
Board [6s 6d 9h 4s 7c]
Seat 7: VolkovDmitri (big blind) showed [9d Td] and won ($53.50) with two pair, Nines and Sixes
Seat 10: Basicxx (button) (small blind) showed [Kd Qd] and lost with a pair of Sixes


