PokerStars Hand #171203346352:  Hold'em Limit ($3/$6 USD) - 2017/06/01 12:08:36 ET
Table 'Stroobantia' 6-max Seat #2 is the button
Seat 1: LifeisagameX ($89.76 in chips)
Seat 2: parnishka11 ($24 in chips)
parnishka11: posts small blind $1
LifeisagameX: posts big blind $3
*** HOLE CARDS ***
parnishka11: folds
Uncalled bet ($2) returned to LifeisagameX
LifeisagameX collected $2 from pot
*** SUMMARY ***
Total pot $2 | Rake $0
Seat 1: LifeisagameX (big blind) collected ($2)
Seat 2: parnishka11 (button) (small blind) folded before Flop


PokerStars Hand #171203324541:  Hold'em Limit ($3/$6 USD) - 2017/06/01 12:08:02 ET
Table 'Stroobantia' 6-max Seat #1 is the button
Seat 1: LifeisagameX ($84 in chips)
Seat 2: parnishka11 ($30 in chips)
LifeisagameX: posts small blind $1
parnishka11: posts big blind $3
*** HOLE CARDS ***
LifeisagameX: raises $3 to $6
parnishka11: calls $3
*** FLOP *** [Kh Td 8c]
parnishka11: checks
LifeisagameX: bets $3
parnishka11: folds
Uncalled bet ($3) returned to LifeisagameX
LifeisagameX collected $11.76 from pot
*** SUMMARY ***
Total pot $12 | Rake $0.24
Board [Kh Td 8c]
Seat 1: LifeisagameX (button) (small blind) collected ($11.76)
Seat 2: parnishka11 (big blind) folded on the Flop


PokerStars Hand #171203351229:  Hold'em Limit ($3/$6 USD) - 2017/06/01 12:08:44 ET
Table 'Stroobantia' 6-max Seat #1 is the button
Seat 1: LifeisagameX ($90.76 in chips)
Seat 2: parnishka11 ($23 in chips)
LifeisagameX: posts small blind $1
parnishka11: posts big blind $3
*** HOLE CARDS ***
LifeisagameX: raises $3 to $6
parnishka11: calls $3
*** FLOP *** [6s 9s 5h]
parnishka11: checks
LifeisagameX: bets $3
parnishka11: raises $3 to $6
LifeisagameX: calls $3
*** TURN *** [6s 9s 5h] [Kh]
parnishka11: bets $6
LifeisagameX: raises $6 to $12
parnishka11: calls $5 and is all-in
Uncalled bet ($1) returned to LifeisagameX
*** RIVER *** [6s 9s 5h Kh] [Th]
*** SHOW DOWN ***
parnishka11: shows [5s Jd] (a pair of Fives)
LifeisagameX: shows [Kc 5d] (two pair, Kings and Fives)
LifeisagameX collected $45.50 from pot
*** SUMMARY ***
Total pot $46 | Rake $0.50
Board [6s 9s 5h Kh Th]
Seat 1: LifeisagameX (button) (small blind) showed [Kc 5d] and won ($45.50) with two pair, Kings and Fives
Seat 2: parnishka11 (big blind) showed [5s Jd] and lost with a pair of Fives


