PokerStars Hand #155461835283:  Hold'em Limit ($3/$6 USD) - 2016/07/02 7:52:27 ET
Table 'Strobel' 6-max Seat #1 is the button
Seat 1: crash19867 ($99.76 in chips)
Seat 6: 19woody58 ($111 in chips)
crash19867: posts small blind $1
19woody58: posts big blind $3
*** HOLE CARDS ***
crash19867: raises $3 to $6
19woody58: calls $3
*** FLOP *** [3d 8d 5d]
19woody58: checks
crash19867: bets $3
19woody58: calls $3
*** TURN *** [3d 8d 5d] [Kc]
19woody58: checks
crash19867: checks
*** RIVER *** [3d 8d 5d Kc] [9c]
19woody58: bets $6
crash19867: folds
Uncalled bet ($6) returned to 19woody58
19woody58 collected $17.64 from pot
19woody58: doesn't show hand
*** SUMMARY ***
Total pot $18 | Rake $0.36
Board [3d 8d 5d Kc 9c]
Seat 1: crash19867 (button) (small blind) folded on the River
Seat 6: 19woody58 (big blind) collected ($17.64)


PokerStars Hand #155461857450:  Hold'em Limit ($3/$6 USD) - 2016/07/02 7:53:14 ET
Table 'Strobel' 6-max Seat #1 is the button
Seat 1: crash19867 ($99.40 in chips)
Seat 6: 19woody58 ($110.64 in chips)
crash19867: posts small blind $1
19woody58: posts big blind $3
*** HOLE CARDS ***
seedzu282 joins the table at seat #3
crash19867: raises $3 to $6
19woody58: folds
Uncalled bet ($3) returned to crash19867
crash19867 collected $6 from pot
crash19867: doesn't show hand
*** SUMMARY ***
Total pot $6 | Rake $0
Seat 1: crash19867 (button) (small blind) collected ($6)
Seat 6: 19woody58 (big blind) folded before Flop


PokerStars Hand #155461844363:  Hold'em Limit ($3/$6 USD) - 2016/07/02 7:52:46 ET
Table 'Strobel' 6-max Seat #6 is the button
Seat 1: crash19867 ($90.76 in chips)
Seat 6: 19woody58 ($119.64 in chips)
19woody58: posts small blind $1
crash19867: posts big blind $3
*** HOLE CARDS ***
19woody58: calls $2
crash19867: checks
*** FLOP *** [Ts 9c 6c]
crash19867: checks
19woody58: checks
*** TURN *** [Ts 9c 6c] [5d]
crash19867: bets $6
19woody58: calls $6
*** RIVER *** [Ts 9c 6c 5d] [8c]
crash19867: checks
19woody58: checks
*** SHOW DOWN ***
crash19867: shows [9s 8h] (two pair, Nines and Eights)
19woody58: mucks hand
crash19867 collected $17.64 from pot
*** SUMMARY ***
Total pot $18 | Rake $0.36
Board [Ts 9c 6c 5d 8c]
Seat 1: crash19867 (big blind) showed [9s 8h] and won ($17.64) with two pair, Nines and Eights
Seat 6: 19woody58 (button) (small blind) mucked


PokerStars Hand #155463037632:  Hold'em Limit ($3/$6 USD) - 2016/07/02 8:33:42 ET
Table 'Strobel' 6-max Seat #5 is the button
Seat 4: vitamin168 ($213.37 in chips)
Seat 5: Makomar ($99 in chips)
Makomar: posts small blind $1
crash19867: is sitting out
YourMother66: is sitting out
vitamin168: posts big blind $3
*** HOLE CARDS ***
Makomar: folds
Uncalled bet ($2) returned to vitamin168
YourMother66 leaves the table
vitamin168 collected $2 from pot
vitamin168: doesn't show hand
crash19867 leaves the table
*** SUMMARY ***
Total pot $2 | Rake $0
Seat 4: vitamin168 (big blind) collected ($2)
Seat 5: Makomar (button) (small blind) folded before Flop


