PokerStars Hand #145122839583:  Hold'em Limit ($3/$6 USD) - 2015/12/10 10:09:24 ET
Table 'Struveana III' 2-max Seat #1 is the button
Seat 1: JoeHeaton ($107 in chips)
Seat 2: RAFAELO_440 ($132.50 in chips)
JoeHeaton: posts small blind $1
RAFAELO_440: posts big blind $3
*** HOLE CARDS ***
JoeHeaton: raises $3 to $6
RAFAELO_440: folds
Uncalled bet ($3) returned to JoeHeaton
JoeHeaton collected $6 from pot
JoeHeaton: doesn't show hand
*** SUMMARY ***
Total pot $6 | Rake $0
Seat 1: JoeHeaton (button) (small blind) collected ($6)
Seat 2: RAFAELO_440 (big blind) folded before Flop


PokerStars Hand #145122835389:  Hold'em Limit ($3/$6 USD) - 2015/12/10 10:09:18 ET
Table 'Struveana III' 2-max Seat #2 is the button
Seat 1: JoeHeaton ($106 in chips)
Seat 2: RAFAELO_440 ($133.50 in chips)
RAFAELO_440: posts small blind $1
JoeHeaton: posts big blind $3
*** HOLE CARDS ***
RAFAELO_440: folds
Uncalled bet ($2) returned to JoeHeaton
JoeHeaton collected $2 from pot
JoeHeaton: doesn't show hand
*** SUMMARY ***
Total pot $2 | Rake $0
Seat 1: JoeHeaton (big blind) collected ($2)
Seat 2: RAFAELO_440 (button) (small blind) folded before Flop


PokerStars Hand #145122845998:  Hold'em Limit ($3/$6 USD) - 2015/12/10 10:09:33 ET
Table 'Struveana III' 2-max Seat #2 is the button
Seat 1: JoeHeaton ($110 in chips)
Seat 2: RAFAELO_440 ($129.50 in chips)
RAFAELO_440: posts small blind $1
JoeHeaton: posts big blind $3
*** HOLE CARDS ***
RAFAELO_440: raises $3 to $6
JoeHeaton: calls $3
*** FLOP *** [Qh 4c 8h]
JoeHeaton: checks
RAFAELO_440: bets $3
JoeHeaton: calls $3
*** TURN *** [Qh 4c 8h] [2s]
JoeHeaton: checks
RAFAELO_440: bets $6
JoeHeaton: calls $6
*** RIVER *** [Qh 4c 8h 2s] [3c]
JoeHeaton: checks
RAFAELO_440: bets $6
JoeHeaton: calls $6
*** SHOW DOWN ***
RAFAELO_440: shows [Qd 6s] (a pair of Queens)
JoeHeaton: mucks hand
RAFAELO_440 collected $41.50 from pot
*** SUMMARY ***
Total pot $42 | Rake $0.50
Board [Qh 4c 8h 2s 3c]
Seat 1: JoeHeaton (big blind) mucked
Seat 2: RAFAELO_440 (button) (small blind) showed [Qd 6s] and won ($41.50) with a pair of Queens


PokerStars Hand #145122917408:  Hold'em Limit ($3/$6 USD) - 2015/12/10 10:11:13 ET
Table 'Struveana III' 2-max Seat #1 is the button
Seat 1: JoeHeaton ($115.50 in chips)
Seat 2: RAFAELO_440 ($123 in chips)
JoeHeaton: posts small blind $1
RAFAELO_440: posts big blind $3
*** HOLE CARDS ***
JoeHeaton: raises $3 to $6
RAFAELO_440: calls $3
*** FLOP *** [6h 2d 7d]
RAFAELO_440: checks
JoeHeaton: checks
*** TURN *** [6h 2d 7d] [4c]
RAFAELO_440: checks
JoeHeaton: checks
*** RIVER *** [6h 2d 7d 4c] [Th]
RAFAELO_440: bets $6
JoeHeaton: folds
Uncalled bet ($6) returned to RAFAELO_440
RAFAELO_440 collected $11.76 from pot
RAFAELO_440: doesn't show hand
*** SUMMARY ***
Total pot $12 | Rake $0.24
Board [6h 2d 7d 4c Th]
Seat 1: JoeHeaton (button) (small blind) folded on the River
Seat 2: RAFAELO_440 (big blind) collected ($11.76)


PokerStars Hand #145122898040:  Hold'em Limit ($3/$6 USD) - 2015/12/10 10:10:46 ET
Table 'Struveana III' 2-max Seat #2 is the button
Seat 1: JoeHeaton ($92 in chips)
Seat 2: RAFAELO_440 ($147 in chips)
RAFAELO_440: posts small blind $1
JoeHeaton: posts big blind $3
*** HOLE CARDS ***
RAFAELO_440: raises $3 to $6
JoeHeaton: raises $3 to $9
RAFAELO_440: calls $3
*** FLOP *** [Td Jc Tc]
JoeHeaton: bets $3
RAFAELO_440: calls $3
*** TURN *** [Td Jc Tc] [Qh]
JoeHeaton: bets $6
RAFAELO_440: calls $6
*** RIVER *** [Td Jc Tc Qh] [7s]
JoeHeaton: bets $6
RAFAELO_440: calls $6
*** SHOW DOWN ***
JoeHeaton: shows [Ah Kc] (a straight, Ten to Ace)
RAFAELO_440: mucks hand
JoeHeaton collected $47.50 from pot
*** SUMMARY ***
Total pot $48 | Rake $0.50
Board [Td Jc Tc Qh 7s]
Seat 1: JoeHeaton (big blind) showed [Ah Kc] and won ($47.50) with a straight, Ten to Ace
Seat 2: RAFAELO_440 (button) (small blind) mucked


PokerStars Hand #145122885949:  Hold'em Limit ($3/$6 USD) - 2015/12/10 10:10:29 ET
Table 'Struveana III' 2-max Seat #1 is the button
Seat 1: JoeHeaton ($89 in chips)
Seat 2: RAFAELO_440 ($150 in chips)
JoeHeaton: posts small blind $1
RAFAELO_440: posts big blind $3
*** HOLE CARDS ***
JoeHeaton: raises $3 to $6
RAFAELO_440: folds
Uncalled bet ($3) returned to JoeHeaton
JoeHeaton collected $6 from pot
JoeHeaton: doesn't show hand
*** SUMMARY ***
Total pot $6 | Rake $0
Seat 1: JoeHeaton (button) (small blind) collected ($6)
Seat 2: RAFAELO_440 (big blind) folded before Flop


PokerStars Hand #145122970103:  Hold'em Limit ($3/$6 USD) - 2015/12/10 10:12:27 ET
Table 'Struveana III' 2-max Seat #1 is the button
Seat 1: JoeHeaton ($96.50 in chips)
Seat 2: RAFAELO_440 ($141.28 in chips)
JoeHeaton: posts small blind $1
RAFAELO_440: posts big blind $3
*** HOLE CARDS ***
JoeHeaton: folds
Uncalled bet ($2) returned to RAFAELO_440
RAFAELO_440 collected $2 from pot
*** SUMMARY ***
Total pot $2 | Rake $0
Seat 1: JoeHeaton (button) (small blind) folded before Flop
Seat 2: RAFAELO_440 (big blind) collected ($2)


PokerStars Hand #145122957413:  Hold'em Limit ($3/$6 USD) - 2015/12/10 10:12:09 ET
Table 'Struveana III' 2-max Seat #2 is the button
Seat 1: JoeHeaton ($102.50 in chips)
Seat 2: RAFAELO_440 ($135.52 in chips)
RAFAELO_440: posts small blind $1
JoeHeaton: posts big blind $3
*** HOLE CARDS ***
RAFAELO_440: raises $3 to $6
JoeHeaton: calls $3
*** FLOP *** [Ks Ac Ad]
JoeHeaton: checks
RAFAELO_440: bets $3
JoeHeaton: folds
Uncalled bet ($3) returned to RAFAELO_440
RAFAELO_440 collected $11.76 from pot
RAFAELO_440: doesn't show hand
*** SUMMARY ***
Total pot $12 | Rake $0.24
Board [Ks Ac Ad]
Seat 1: JoeHeaton (big blind) folded on the Flop
Seat 2: RAFAELO_440 (button) (small blind) collected ($11.76)


PokerStars Hand #145122949475:  Hold'em Limit ($3/$6 USD) - 2015/12/10 10:11:58 ET
Table 'Struveana III' 2-max Seat #1 is the button
Seat 1: JoeHeaton ($103.50 in chips)
Seat 2: RAFAELO_440 ($134.52 in chips)
JoeHeaton: posts small blind $1
RAFAELO_440: posts big blind $3
*** HOLE CARDS ***
JoeHeaton: folds
Uncalled bet ($2) returned to RAFAELO_440
RAFAELO_440 collected $2 from pot
RAFAELO_440: doesn't show hand
*** SUMMARY ***
Total pot $2 | Rake $0
Seat 1: JoeHeaton (button) (small blind) folded before Flop
Seat 2: RAFAELO_440 (big blind) collected ($2)


PokerStars Hand #145122933524:  Hold'em Limit ($3/$6 USD) - 2015/12/10 10:11:36 ET
Table 'Struveana III' 2-max Seat #2 is the button
Seat 1: JoeHeaton ($109.50 in chips)
Seat 2: RAFAELO_440 ($128.76 in chips)
RAFAELO_440: posts small blind $1
JoeHeaton: posts big blind $3
*** HOLE CARDS ***
RAFAELO_440: raises $3 to $6
JoeHeaton: calls $3
*** FLOP *** [Kh 2s 8s]
JoeHeaton: checks
RAFAELO_440: checks
*** TURN *** [Kh 2s 8s] [3d]
JoeHeaton: checks
RAFAELO_440: checks
*** RIVER *** [Kh 2s 8s 3d] [Ah]
JoeHeaton: checks
RAFAELO_440: checks
*** SHOW DOWN ***
JoeHeaton: shows [6d 5c] (high card Ace)
RAFAELO_440: shows [Jc Qs] (high card Ace - King+Queen kicker)
RAFAELO_440 collected $11.76 from pot
*** SUMMARY ***
Total pot $12 | Rake $0.24
Board [Kh 2s 8s 3d Ah]
Seat 1: JoeHeaton (big blind) showed [6d 5c] and lost with high card Ace
Seat 2: RAFAELO_440 (button) (small blind) showed [Jc Qs] and won ($11.76) with high card Ace


PokerStars Hand #145123007511:  Hold'em Limit ($3/$6 USD) - 2015/12/10 10:13:19 ET
Table 'Struveana III' 2-max Seat #1 is the button
Seat 1: JoeHeaton ($104.02 in chips)
Seat 2: RAFAELO_440 ($133.28 in chips)
JoeHeaton: posts small blind $1
RAFAELO_440: posts big blind $3
*** HOLE CARDS ***
JoeHeaton: raises $3 to $6
RAFAELO_440: folds
Uncalled bet ($3) returned to JoeHeaton
JoeHeaton collected $6 from pot
JoeHeaton: doesn't show hand
*** SUMMARY ***
Total pot $6 | Rake $0
Seat 1: JoeHeaton (button) (small blind) collected ($6)
Seat 2: RAFAELO_440 (big blind) folded before Flop


PokerStars Hand #145122993568:  Hold'em Limit ($3/$6 USD) - 2015/12/10 10:13:00 ET
Table 'Struveana III' 2-max Seat #2 is the button
Seat 1: JoeHeaton ($107.02 in chips)
Seat 2: RAFAELO_440 ($130.28 in chips)
RAFAELO_440: posts small blind $1
JoeHeaton: posts big blind $3
*** HOLE CARDS ***
RAFAELO_440: raises $3 to $6
JoeHeaton: folds
Uncalled bet ($3) returned to RAFAELO_440
RAFAELO_440 collected $6 from pot
RAFAELO_440: doesn't show hand
*** SUMMARY ***
Total pot $6 | Rake $0
Seat 1: JoeHeaton (big blind) folded before Flop
Seat 2: RAFAELO_440 (button) (small blind) collected ($6)


PokerStars Hand #145122974686:  Hold'em Limit ($3/$6 USD) - 2015/12/10 10:12:33 ET
Table 'Struveana III' 2-max Seat #2 is the button
Seat 1: JoeHeaton ($95.50 in chips)
Seat 2: RAFAELO_440 ($142.28 in chips)
RAFAELO_440: posts small blind $1
JoeHeaton: posts big blind $3
*** HOLE CARDS ***
RAFAELO_440: raises $3 to $6
JoeHeaton: calls $3
*** FLOP *** [8c 5c Qd]
JoeHeaton: checks
RAFAELO_440: checks
*** TURN *** [8c 5c Qd] [4h]
JoeHeaton: bets $6
RAFAELO_440: folds
Uncalled bet ($6) returned to JoeHeaton
JoeHeaton collected $11.76 from pot
JoeHeaton: doesn't show hand
*** SUMMARY ***
Total pot $12 | Rake $0.24
Board [8c 5c Qd 4h]
Seat 1: JoeHeaton (big blind) collected ($11.76)
Seat 2: RAFAELO_440 (button) (small blind) folded on the Turn


PokerStars Hand #145123044548:  Hold'em Limit ($3/$6 USD) - 2015/12/10 10:14:11 ET
Table 'Struveana III' 2-max Seat #2 is the button
Seat 1: JoeHeaton ($74.02 in chips)
Seat 2: RAFAELO_440 ($162.28 in chips)
RAFAELO_440: posts small blind $1
JoeHeaton: posts big blind $3
*** HOLE CARDS ***
RAFAELO_440: raises $3 to $6
JoeHeaton: calls $3
*** FLOP *** [9d 8c Ad]
JoeHeaton: checks
RAFAELO_440: checks
*** TURN *** [9d 8c Ad] [9h]
JoeHeaton: checks
RAFAELO_440: checks
*** RIVER *** [9d 8c Ad 9h] [5d]
JoeHeaton: checks
RAFAELO_440: checks
*** SHOW DOWN ***
JoeHeaton: shows [5h Jh] (two pair, Nines and Fives)
RAFAELO_440: mucks hand
JoeHeaton collected $11.76 from pot
*** SUMMARY ***
Total pot $12 | Rake $0.24
Board [9d 8c Ad 9h 5d]
Seat 1: JoeHeaton (big blind) showed [5h Jh] and won ($11.76) with two pair, Nines and Fives
Seat 2: RAFAELO_440 (button) (small blind) mucked


PokerStars Hand #145123030902:  Hold'em Limit ($3/$6 USD) - 2015/12/10 10:13:52 ET
Table 'Struveana III' 2-max Seat #1 is the button
Seat 1: JoeHeaton ($89.02 in chips)
Seat 2: RAFAELO_440 ($147.78 in chips)
JoeHeaton: posts small blind $1
RAFAELO_440: posts big blind $3
*** HOLE CARDS ***
JoeHeaton: raises $3 to $6
RAFAELO_440: calls $3
*** FLOP *** [Kd Jd Qs]
RAFAELO_440: checks
JoeHeaton: bets $3
RAFAELO_440: calls $3
*** TURN *** [Kd Jd Qs] [9c]
RAFAELO_440: checks
JoeHeaton: bets $6
RAFAELO_440: raises $6 to $12
JoeHeaton: folds
Uncalled bet ($6) returned to RAFAELO_440
RAFAELO_440 collected $29.50 from pot
RAFAELO_440: doesn't show hand
*** SUMMARY ***
Total pot $30 | Rake $0.50
Board [Kd Jd Qs 9c]
Seat 1: JoeHeaton (button) (small blind) folded on the Turn
Seat 2: RAFAELO_440 (big blind) collected ($29.50)


PokerStars Hand #145123018988:  Hold'em Limit ($3/$6 USD) - 2015/12/10 10:13:35 ET
Table 'Struveana III' 2-max Seat #2 is the button
Seat 1: JoeHeaton ($107.02 in chips)
Seat 2: RAFAELO_440 ($130.28 in chips)
RAFAELO_440: posts small blind $1
JoeHeaton: posts big blind $3
*** HOLE CARDS ***
RAFAELO_440: raises $3 to $6
JoeHeaton: calls $3
*** FLOP *** [6c 9s 9h]
JoeHeaton: checks
RAFAELO_440: checks
*** TURN *** [6c 9s 9h] [8c]
JoeHeaton: checks
RAFAELO_440: bets $6
JoeHeaton: calls $6
*** RIVER *** [6c 9s 9h 8c] [6h]
JoeHeaton: checks
RAFAELO_440: bets $6
JoeHeaton: calls $6
*** SHOW DOWN ***
RAFAELO_440: shows [9d Ts] (a full house, Nines full of Sixes)
JoeHeaton: mucks hand
RAFAELO_440 collected $35.50 from pot
*** SUMMARY ***
Total pot $36 | Rake $0.50
Board [6c 9s 9h 8c 6h]
Seat 1: JoeHeaton (big blind) mucked
Seat 2: RAFAELO_440 (button) (small blind) showed [9d Ts] and won ($35.50) with a full house, Nines full of Sixes


PokerStars Hand #145123095059:  Hold'em Limit ($3/$6 USD) - 2015/12/10 10:15:21 ET
Table 'Struveana III' 2-max Seat #2 is the button
Seat 1: JoeHeaton ($122.78 in chips)
Seat 2: RAFAELO_440 ($112.28 in chips)
RAFAELO_440: posts small blind $1
JoeHeaton: posts big blind $3
*** HOLE CARDS ***
RAFAELO_440: raises $3 to $6
JoeHeaton: calls $3
*** FLOP *** [4s 5d Ad]
JoeHeaton: checks
RAFAELO_440: checks
*** TURN *** [4s 5d Ad] [Jh]
JoeHeaton: checks
RAFAELO_440: bets $6
JoeHeaton: folds
Uncalled bet ($6) returned to RAFAELO_440
RAFAELO_440 collected $11.76 from pot
RAFAELO_440: doesn't show hand
*** SUMMARY ***
Total pot $12 | Rake $0.24
Board [4s 5d Ad Jh]
Seat 1: JoeHeaton (big blind) folded on the Turn
Seat 2: RAFAELO_440 (button) (small blind) collected ($11.76)


PokerStars Hand #145123082554:  Hold'em Limit ($3/$6 USD) - 2015/12/10 10:15:03 ET
Table 'Struveana III' 2-max Seat #1 is the button
Seat 1: JoeHeaton ($102.28 in chips)
Seat 2: RAFAELO_440 ($133.28 in chips)
JoeHeaton: posts small blind $1
RAFAELO_440: posts big blind $3
*** HOLE CARDS ***
JoeHeaton: raises $3 to $6
RAFAELO_440: calls $3
*** FLOP *** [Qc 6h 4d]
RAFAELO_440: checks
JoeHeaton: bets $3
RAFAELO_440: calls $3
*** TURN *** [Qc 6h 4d] [8c]
RAFAELO_440: checks
JoeHeaton: bets $6
RAFAELO_440: calls $6
*** RIVER *** [Qc 6h 4d 8c] [Jh]
RAFAELO_440: checks
JoeHeaton: bets $6
RAFAELO_440: calls $6
*** SHOW DOWN ***
JoeHeaton: shows [7d 7c] (a pair of Sevens)
RAFAELO_440: mucks hand
JoeHeaton collected $41.50 from pot
*** SUMMARY ***
Total pot $42 | Rake $0.50
Board [Qc 6h 4d 8c Jh]
Seat 1: JoeHeaton (button) (small blind) showed [7d 7c] and won ($41.50) with a pair of Sevens
Seat 2: RAFAELO_440 (big blind) mucked


PokerStars Hand #145123071503:  Hold'em Limit ($3/$6 USD) - 2015/12/10 10:14:48 ET
Table 'Struveana III' 2-max Seat #2 is the button
Seat 1: JoeHeaton ($78.78 in chips)
Seat 2: RAFAELO_440 ($157.28 in chips)
RAFAELO_440: posts small blind $1
JoeHeaton: posts big blind $3
*** HOLE CARDS ***
RAFAELO_440: raises $3 to $6
JoeHeaton: raises $3 to $9
RAFAELO_440: calls $3
*** FLOP *** [Ad 7h 9d]
JoeHeaton: bets $3
RAFAELO_440: calls $3
*** TURN *** [Ad 7h 9d] [5c]
JoeHeaton: bets $6
RAFAELO_440: calls $6
*** RIVER *** [Ad 7h 9d 5c] [7d]
JoeHeaton: bets $6
RAFAELO_440: calls $6
*** SHOW DOWN ***
JoeHeaton: shows [As 9c] (two pair, Aces and Nines)
RAFAELO_440: mucks hand
JoeHeaton collected $47.50 from pot
*** SUMMARY ***
Total pot $48 | Rake $0.50
Board [Ad 7h 9d 5c 7d]
Seat 1: JoeHeaton (big blind) showed [As 9c] and won ($47.50) with two pair, Aces and Nines
Seat 2: RAFAELO_440 (button) (small blind) mucked


PokerStars Hand #145123055695:  Hold'em Limit ($3/$6 USD) - 2015/12/10 10:14:26 ET
Table 'Struveana III' 2-max Seat #1 is the button
Seat 1: JoeHeaton ($79.78 in chips)
Seat 2: RAFAELO_440 ($156.28 in chips)
JoeHeaton: posts small blind $1
RAFAELO_440: posts big blind $3
*** HOLE CARDS ***
JoeHeaton: folds
Uncalled bet ($2) returned to RAFAELO_440
RAFAELO_440 collected $2 from pot
RAFAELO_440: doesn't show hand
*** SUMMARY ***
Total pot $2 | Rake $0
Seat 1: JoeHeaton (button) (small blind) folded before Flop
Seat 2: RAFAELO_440 (big blind) collected ($2)


PokerStars Hand #145123143700:  Hold'em Limit ($3/$6 USD) - 2015/12/10 10:16:28 ET
Table 'Struveana III' 2-max Seat #1 is the button
Seat 1: JoeHeaton ($113.28 in chips)
Seat 2: RAFAELO_440 ($199.61 in chips)
JoeHeaton: posts small blind $1
RAFAELO_440: posts big blind $3
*** HOLE CARDS ***
JoeHeaton: folds
Uncalled bet ($2) returned to RAFAELO_440
RAFAELO_440 collected $2 from pot
RAFAELO_440: doesn't show hand
*** SUMMARY ***
Total pot $2 | Rake $0
Seat 1: JoeHeaton (button) (small blind) folded before Flop
Seat 2: RAFAELO_440 (big blind) collected ($2)


PokerStars Hand #145123129742:  Hold'em Limit ($3/$6 USD) - 2015/12/10 10:16:09 ET
Table 'Struveana III' 2-max Seat #2 is the button
Seat 1: JoeHeaton ($137.28 in chips)
Seat 2: RAFAELO_440 ($97.04 in chips)
RAFAELO_440: posts small blind $1
JoeHeaton: posts big blind $3
*** HOLE CARDS ***
RAFAELO_440: raises $3 to $6
JoeHeaton: raises $3 to $9
RAFAELO_440: calls $3
*** FLOP *** [9d Ks 5d]
JoeHeaton: bets $3
RAFAELO_440: calls $3
*** TURN *** [9d Ks 5d] [4c]
JoeHeaton: bets $6
RAFAELO_440: calls $6
*** RIVER *** [9d Ks 5d 4c] [Js]
JoeHeaton: bets $6
RAFAELO_440: calls $6
*** SHOW DOWN ***
JoeHeaton: shows [Jc Ah] (a pair of Jacks)
RAFAELO_440: shows [Kd Qh] (a pair of Kings)
RAFAELO_440 collected $47.50 from pot
*** SUMMARY ***
Total pot $48 | Rake $0.50
Board [9d Ks 5d 4c Js]
Seat 1: JoeHeaton (big blind) showed [Jc Ah] and lost with a pair of Jacks
Seat 2: RAFAELO_440 (button) (small blind) showed [Kd Qh] and won ($47.50) with a pair of Kings


PokerStars Hand #145123110497:  Hold'em Limit ($3/$6 USD) - 2015/12/10 10:15:42 ET
Table 'Struveana III' 2-max Seat #1 is the button
Seat 1: JoeHeaton ($116.78 in chips)
Seat 2: RAFAELO_440 ($118.04 in chips)
JoeHeaton: posts small blind $1
RAFAELO_440: posts big blind $3
*** HOLE CARDS ***
JoeHeaton: raises $3 to $6
RAFAELO_440: calls $3
*** FLOP *** [9s 7d 2d]
RAFAELO_440: checks
JoeHeaton: bets $3
RAFAELO_440: calls $3
*** TURN *** [9s 7d 2d] [Qc]
RAFAELO_440: checks
JoeHeaton: bets $6
RAFAELO_440: calls $6
*** RIVER *** [9s 7d 2d Qc] [4c]
RAFAELO_440: checks
JoeHeaton: bets $6
RAFAELO_440: calls $6
*** SHOW DOWN ***
JoeHeaton: shows [4d 4s] (three of a kind, Fours)
RAFAELO_440: mucks hand
JoeHeaton collected $41.50 from pot
*** SUMMARY ***
Total pot $42 | Rake $0.50
Board [9s 7d 2d Qc 4c]
Seat 1: JoeHeaton (button) (small blind) showed [4d 4s] and won ($41.50) with three of a kind, Fours
Seat 2: RAFAELO_440 (big blind) mucked


PokerStars Hand #145123106863:  Hold'em Limit ($3/$6 USD) - 2015/12/10 10:15:37 ET
Table 'Struveana III' 2-max Seat #2 is the button
Seat 1: JoeHeaton ($115.78 in chips)
Seat 2: RAFAELO_440 ($119.04 in chips)
RAFAELO_440: posts small blind $1
JoeHeaton: posts big blind $3
*** HOLE CARDS ***
RAFAELO_440: folds
Uncalled bet ($2) returned to JoeHeaton
JoeHeaton collected $2 from pot
JoeHeaton: doesn't show hand
*** SUMMARY ***
Total pot $2 | Rake $0
Seat 1: JoeHeaton (big blind) collected ($2)
Seat 2: RAFAELO_440 (button) (small blind) folded before Flop


PokerStars Hand #145123103168:  Hold'em Limit ($3/$6 USD) - 2015/12/10 10:15:32 ET
Table 'Struveana III' 2-max Seat #1 is the button
Seat 1: JoeHeaton ($116.78 in chips)
Seat 2: RAFAELO_440 ($118.04 in chips)
JoeHeaton: posts small blind $1
RAFAELO_440: posts big blind $3
*** HOLE CARDS ***
JoeHeaton: folds
Uncalled bet ($2) returned to RAFAELO_440
RAFAELO_440 collected $2 from pot
RAFAELO_440: doesn't show hand
*** SUMMARY ***
Total pot $2 | Rake $0
Seat 1: JoeHeaton (button) (small blind) folded before Flop
Seat 2: RAFAELO_440 (big blind) collected ($2)


PokerStars Hand #145123180110:  Hold'em Limit ($3/$6 USD) - 2015/12/10 10:17:18 ET
Table 'Struveana III' 2-max Seat #2 is the button
Seat 1: JoeHeaton ($99.80 in chips)
Seat 2: RAFAELO_440 ($212.11 in chips)
RAFAELO_440: posts small blind $1
JoeHeaton: posts big blind $3
*** HOLE CARDS ***
RAFAELO_440: raises $3 to $6
JoeHeaton: raises $3 to $9
RAFAELO_440: calls $3
*** FLOP *** [6c 3h 8s]
JoeHeaton: bets $3
RAFAELO_440: calls $3
*** TURN *** [6c 3h 8s] [Tc]
JoeHeaton: bets $6
RAFAELO_440: folds
Uncalled bet ($6) returned to JoeHeaton
JoeHeaton collected $23.52 from pot
JoeHeaton: doesn't show hand
*** SUMMARY ***
Total pot $24 | Rake $0.48
Board [6c 3h 8s Tc]
Seat 1: JoeHeaton (big blind) collected ($23.52)
Seat 2: RAFAELO_440 (button) (small blind) folded on the Turn


PokerStars Hand #145123161224:  Hold'em Limit ($3/$6 USD) - 2015/12/10 10:16:52 ET
Table 'Struveana III' 2-max Seat #1 is the button
Seat 1: JoeHeaton ($123.80 in chips)
Seat 2: RAFAELO_440 ($188.61 in chips)
JoeHeaton: posts small blind $1
RAFAELO_440: posts big blind $3
*** HOLE CARDS ***
JoeHeaton: raises $3 to $6
RAFAELO_440: raises $3 to $9
JoeHeaton: calls $3
*** FLOP *** [7h 3c 4s]
RAFAELO_440: bets $3
JoeHeaton: calls $3
*** TURN *** [7h 3c 4s] [9h]
RAFAELO_440: bets $6
JoeHeaton: calls $6
*** RIVER *** [7h 3c 4s 9h] [Kc]
RAFAELO_440: checks
JoeHeaton: bets $6
RAFAELO_440: calls $6
*** SHOW DOWN ***
JoeHeaton: shows [6c 6s] (a pair of Sixes)
RAFAELO_440: shows [9s Js] (a pair of Nines)
RAFAELO_440 collected $47.50 from pot
*** SUMMARY ***
Total pot $48 | Rake $0.50
Board [7h 3c 4s 9h Kc]
Seat 1: JoeHeaton (button) (small blind) showed [6c 6s] and lost with a pair of Sixes
Seat 2: RAFAELO_440 (big blind) showed [9s Js] and won ($47.50) with a pair of Nines


PokerStars Hand #145123147198:  Hold'em Limit ($3/$6 USD) - 2015/12/10 10:16:33 ET
Table 'Struveana III' 2-max Seat #2 is the button
Seat 1: JoeHeaton ($112.28 in chips)
Seat 2: RAFAELO_440 ($200.61 in chips)
RAFAELO_440: posts small blind $1
JoeHeaton: posts big blind $3
*** HOLE CARDS ***
RAFAELO_440: raises $3 to $6
JoeHeaton: raises $3 to $9
RAFAELO_440: calls $3
*** FLOP *** [Td 6c 8s]
JoeHeaton: bets $3
RAFAELO_440: calls $3
*** TURN *** [Td 6c 8s] [2h]
JoeHeaton: bets $6
RAFAELO_440: folds
Uncalled bet ($6) returned to JoeHeaton
JoeHeaton collected $23.52 from pot
JoeHeaton: doesn't show hand
*** SUMMARY ***
Total pot $24 | Rake $0.48
Board [Td 6c 8s 2h]
Seat 1: JoeHeaton (big blind) collected ($23.52)
Seat 2: RAFAELO_440 (button) (small blind) folded on the Turn


PokerStars Hand #145123219580:  Hold'em Limit ($3/$6 USD) - 2015/12/10 10:18:13 ET
Table 'Struveana III' 2-max Seat #2 is the button
Seat 1: JoeHeaton ($158.08 in chips)
Seat 2: RAFAELO_440 ($152.11 in chips)
RAFAELO_440: posts small blind $1
JoeHeaton: posts big blind $3
*** HOLE CARDS ***
RAFAELO_440: raises $3 to $6
JoeHeaton: raises $3 to $9
RAFAELO_440: calls $3
*** FLOP *** [3h Ah Qh]
JoeHeaton: bets $3
RAFAELO_440: calls $3
*** TURN *** [3h Ah Qh] [Ac]
JoeHeaton: bets $6
RAFAELO_440: raises $6 to $12
JoeHeaton: raises $6 to $18
RAFAELO_440: calls $6
*** RIVER *** [3h Ah Qh Ac] [Kd]
JoeHeaton: bets $6
RAFAELO_440: folds
Uncalled bet ($6) returned to JoeHeaton
JoeHeaton collected $59.50 from pot
JoeHeaton: doesn't show hand
*** SUMMARY ***
Total pot $60 | Rake $0.50
Board [3h Ah Qh Ac Kd]
Seat 1: JoeHeaton (big blind) collected ($59.50)
Seat 2: RAFAELO_440 (button) (small blind) folded on the River


PokerStars Hand #145123211012:  Hold'em Limit ($3/$6 USD) - 2015/12/10 10:18:01 ET
Table 'Struveana III' 2-max Seat #1 is the button
Seat 1: JoeHeaton ($152.32 in chips)
Seat 2: RAFAELO_440 ($158.11 in chips)
JoeHeaton: posts small blind $1
RAFAELO_440: posts big blind $3
*** HOLE CARDS ***
JoeHeaton: raises $3 to $6
RAFAELO_440: calls $3
*** FLOP *** [2h 3c 8d]
RAFAELO_440: checks
JoeHeaton: checks
*** TURN *** [2h 3c 8d] [Qc]
RAFAELO_440: checks
JoeHeaton: checks
*** RIVER *** [2h 3c 8d Qc] [7d]
RAFAELO_440: checks
JoeHeaton: bets $6
RAFAELO_440: folds
Uncalled bet ($6) returned to JoeHeaton
JoeHeaton collected $11.76 from pot
JoeHeaton: doesn't show hand
*** SUMMARY ***
Total pot $12 | Rake $0.24
Board [2h 3c 8d Qc 7d]
Seat 1: JoeHeaton (button) (small blind) collected ($11.76)
Seat 2: RAFAELO_440 (big blind) folded on the River


PokerStars Hand #145123200046:  Hold'em Limit ($3/$6 USD) - 2015/12/10 10:17:46 ET
Table 'Struveana III' 2-max Seat #2 is the button
Seat 1: JoeHeaton ($128.82 in chips)
Seat 2: RAFAELO_440 ($182.11 in chips)
RAFAELO_440: posts small blind $1
JoeHeaton: posts big blind $3
*** HOLE CARDS ***
RAFAELO_440: raises $3 to $6
JoeHeaton: raises $3 to $9
RAFAELO_440: calls $3
*** FLOP *** [Jh 5c 9c]
JoeHeaton: bets $3
RAFAELO_440: calls $3
*** TURN *** [Jh 5c 9c] [Ks]
JoeHeaton: bets $6
RAFAELO_440: calls $6
*** RIVER *** [Jh 5c 9c Ks] [As]
JoeHeaton: bets $6
RAFAELO_440: calls $6
*** SHOW DOWN ***
JoeHeaton: shows [Qc Ts] (a straight, Ten to Ace)
RAFAELO_440: mucks hand
JoeHeaton collected $47.50 from pot
*** SUMMARY ***
Total pot $48 | Rake $0.50
Board [Jh 5c 9c Ks As]
Seat 1: JoeHeaton (big blind) showed [Qc Ts] and won ($47.50) with a straight, Ten to Ace
Seat 2: RAFAELO_440 (button) (small blind) mucked


PokerStars Hand #145123188903:  Hold'em Limit ($3/$6 USD) - 2015/12/10 10:17:31 ET
Table 'Struveana III' 2-max Seat #1 is the button
Seat 1: JoeHeaton ($111.32 in chips)
Seat 2: RAFAELO_440 ($200.11 in chips)
JoeHeaton: posts small blind $1
RAFAELO_440: posts big blind $3
*** HOLE CARDS ***
JoeHeaton: raises $3 to $6
RAFAELO_440: calls $3
*** FLOP *** [Qh Tc 7c]
RAFAELO_440: checks
JoeHeaton: bets $3
RAFAELO_440: raises $3 to $6
JoeHeaton: calls $3
*** TURN *** [Qh Tc 7c] [Jd]
RAFAELO_440: bets $6
JoeHeaton: calls $6
*** RIVER *** [Qh Tc 7c Jd] [6d]
RAFAELO_440: checks
JoeHeaton: bets $6
RAFAELO_440: folds
Uncalled bet ($6) returned to JoeHeaton
JoeHeaton collected $35.50 from pot
JoeHeaton: doesn't show hand
*** SUMMARY ***
Total pot $36 | Rake $0.50
Board [Qh Tc 7c Jd 6d]
Seat 1: JoeHeaton (button) (small blind) collected ($35.50)
Seat 2: RAFAELO_440 (big blind) folded on the River


PokerStars Hand #145123230770:  Hold'em Limit ($3/$6 USD) - 2015/12/10 10:18:28 ET
Table 'Struveana III' 2-max Seat #1 is the button
Seat 1: JoeHeaton ($187.58 in chips)
Seat 2: RAFAELO_440 ($122.11 in chips)
JoeHeaton: posts small blind $1
RAFAELO_440: posts big blind $3
*** HOLE CARDS ***
JoeHeaton: raises $3 to $6
RAFAELO_440: calls $3
*** FLOP *** [Qc 8c Qs]
RAFAELO_440: checks
JoeHeaton: bets $3
RAFAELO_440: calls $3
*** TURN *** [Qc 8c Qs] [8s]
RAFAELO_440: checks
JoeHeaton: bets $6
RAFAELO_440: folds
Uncalled bet ($6) returned to JoeHeaton
JoeHeaton collected $17.64 from pot
JoeHeaton: doesn't show hand
*** SUMMARY ***
Total pot $18 | Rake $0.36
Board [Qc 8c Qs 8s]
Seat 1: JoeHeaton (button) (small blind) collected ($17.64)
Seat 2: RAFAELO_440 (big blind) folded on the Turn


