PokerStars Hand #164122221866:  Hold'em Limit ($3/$6 USD) - 2017/01/06 7:42:28 ET
Table 'Struveana II' 6-max Seat #4 is the button
Seat 4: VolkovDmitri ($120 in chips)
Seat 5: assimarakis ($120 in chips)
VolkovDmitri: posts small blind $1
assimarakis: posts big blind $3
*** HOLE CARDS ***
VolkovDmitri: raises $3 to $6
ionellu joins the table at seat #6
assimarakis: calls $3
*** FLOP *** [2d Jh Td]
assimarakis: checks
VolkovDmitri: bets $3
assimarakis: calls $3
*** TURN *** [2d Jh Td] [6s]
assimarakis: checks
VolkovDmitri: bets $6
assimarakis: calls $6
*** RIVER *** [2d Jh Td 6s] [6h]
assimarakis: bets $6
VolkovDmitri: calls $6
*** SHOW DOWN ***
assimarakis: shows [2c Ks] (two pair, Sixes and Deuces)
VolkovDmitri: shows [4s Th] (two pair, Tens and Sixes)
VolkovDmitri collected $41.50 from pot
*** SUMMARY ***
Total pot $42 | Rake $0.50
Board [2d Jh Td 6s 6h]
Seat 4: VolkovDmitri (button) (small blind) showed [4s Th] and won ($41.50) with two pair, Tens and Sixes
Seat 5: assimarakis (big blind) showed [2c Ks] and lost with two pair, Sixes and Deuces


PokerStars Hand #164124298199:  Hold'em Limit ($3/$6 USD) - 2017/01/06 8:39:57 ET
Table 'Struveana II' 6-max Seat #4 is the button
Seat 1: angi2755 ($512.70 in chips)
Seat 4: VolkovDmitri ($154.94 in chips)
VolkovDmitri: posts small blind $1
angi2755: posts big blind $3
*** HOLE CARDS ***
VolkovDmitri: raises $3 to $6
trentin@ruim joins the table at seat #3
angi2755: calls $3
*** FLOP *** [3d 9c 7s]
angi2755: checks
VolkovDmitri: bets $3
angi2755: calls $3
*** TURN *** [3d 9c 7s] [Tc]
angi2755: checks
Chrisgalo33 joins the table at seat #5
VolkovDmitri: bets $6
angi2755: folds
Uncalled bet ($6) returned to VolkovDmitri
VolkovDmitri collected $17.64 from pot
VolkovDmitri: doesn't show hand
*** SUMMARY ***
Total pot $18 | Rake $0.36
Board [3d 9c 7s Tc]
Seat 1: angi2755 (big blind) folded on the Turn
Seat 4: VolkovDmitri (button) (small blind) collected ($17.64)


PokerStars Hand #164124263094:  Hold'em Limit ($3/$6 USD) - 2017/01/06 8:39:02 ET
Table 'Struveana II' 6-max Seat #1 is the button
Seat 1: angi2755 ($495.20 in chips)
Seat 4: VolkovDmitri ($172.94 in chips)
angi2755: posts small blind $1
VolkovDmitri: posts big blind $3
*** HOLE CARDS ***
angi2755: raises $3 to $6
VolkovDmitri: raises $3 to $9
angi2755: calls $3
*** FLOP *** [6c 8s 7c]
VolkovDmitri: checks
angi2755: bets $3
VolkovDmitri: calls $3
*** TURN *** [6c 8s 7c] [Ts]
VolkovDmitri: checks
angi2755: bets $6
VolkovDmitri: calls $6
*** RIVER *** [6c 8s 7c Ts] [2s]
VolkovDmitri: checks
angi2755: bets $6
VolkovDmitri: folds
Uncalled bet ($6) returned to angi2755
angi2755 collected $35.50 from pot
*** SUMMARY ***
Total pot $36 | Rake $0.50
Board [6c 8s 7c Ts 2s]
Seat 1: angi2755 (button) (small blind) collected ($35.50)
Seat 4: VolkovDmitri (big blind) folded on the River


PokerStars Hand #164124517775:  Hold'em Limit ($3/$6 USD) - 2017/01/06 8:45:41 ET
Table 'Struveana II' 6-max Seat #2 is the button
Seat 2: Koraseg ($104.49 in chips)
Seat 4: VolkovDmitri ($169.93 in chips)
ionellu will be allowed to play after the button
Koraseg: posts small blind $1
VolkovDmitri: posts big blind $3
*** HOLE CARDS ***
Koraseg: folds
Uncalled bet ($2) returned to VolkovDmitri
VolkovDmitri collected $2 from pot
VolkovDmitri: doesn't show hand
*** SUMMARY ***
Total pot $2 | Rake $0
Seat 2: Koraseg (button) (small blind) folded before Flop
Seat 4: VolkovDmitri (big blind) collected ($2)


PokerStars Hand #164125264959:  Hold'em Limit ($3/$6 USD) - 2017/01/06 9:05:24 ET
Table 'Struveana II' 6-max Seat #1 is the button
Seat 1: sokol-max-PS ($60.06 in chips)
Seat 2: Koraseg ($131.98 in chips)
sokol-max-PS: posts small blind $1
Koraseg: posts big blind $3
*** HOLE CARDS ***
sokol-max-PS: raises $3 to $6
Koraseg: calls $3
*** FLOP *** [Qd Jc 2c]
Koraseg: checks
sokol-max-PS: bets $3
Koraseg: folds
Uncalled bet ($3) returned to sokol-max-PS
sokol-max-PS collected $11.76 from pot
*** SUMMARY ***
Total pot $12 | Rake $0.24
Board [Qd Jc 2c]
Seat 1: sokol-max-PS (button) (small blind) collected ($11.76)
Seat 2: Koraseg (big blind) folded on the Flop


PokerStars Hand #164125314698:  Hold'em Limit ($3/$6 USD) - 2017/01/06 9:06:37 ET
Table 'Struveana II' 6-max Seat #1 is the button
Seat 1: sokol-max-PS ($88.11 in chips)
Seat 6: ionellu ($93 in chips)
sokol-max-PS: posts small blind $1
Koraseg: is sitting out
ionellu: posts big blind $3
*** HOLE CARDS ***
sokol-max-PS: raises $3 to $6
ionellu: folds
Uncalled bet ($3) returned to sokol-max-PS
sokol-max-PS collected $6 from pot
*** SUMMARY ***
Total pot $6 | Rake $0
Seat 1: sokol-max-PS (button) (small blind) collected ($6)
Seat 6: ionellu (big blind) folded before Flop


PokerStars Hand #164125327282:  Hold'em Limit ($3/$6 USD) - 2017/01/06 9:06:55 ET
Table 'Struveana II' 6-max Seat #1 is the button
Seat 1: sokol-max-PS ($85.11 in chips)
Seat 6: ionellu ($95.76 in chips)
sokol-max-PS: posts small blind $1
ionellu: posts big blind $3
*** HOLE CARDS ***
sokol-max-PS: folds
Uncalled bet ($2) returned to ionellu
ionellu collected $2 from pot
*** SUMMARY ***
Total pot $2 | Rake $0
Seat 1: sokol-max-PS (button) (small blind) folded before Flop
Seat 6: ionellu (big blind) collected ($2)


PokerStars Hand #164125319027:  Hold'em Limit ($3/$6 USD) - 2017/01/06 9:06:43 ET
Table 'Struveana II' 6-max Seat #6 is the button
Seat 1: sokol-max-PS ($91.11 in chips)
Seat 6: ionellu ($90 in chips)
ionellu: posts small blind $1
sokol-max-PS: posts big blind $3
*** HOLE CARDS ***
ionellu: raises $3 to $6
sokol-max-PS: calls $3
*** FLOP *** [7h Js Qh]
sokol-max-PS: checks
ionellu: bets $3
sokol-max-PS: folds
Uncalled bet ($3) returned to ionellu
ionellu collected $11.76 from pot
*** SUMMARY ***
Total pot $12 | Rake $0.24
Board [7h Js Qh]
Seat 1: sokol-max-PS (big blind) folded on the Flop
Seat 6: ionellu (button) (small blind) collected ($11.76)


PokerStars Hand #164125330663:  Hold'em Limit ($3/$6 USD) - 2017/01/06 9:07:00 ET
Table 'Struveana II' 6-max Seat #6 is the button
Seat 1: sokol-max-PS ($84.11 in chips)
Seat 6: ionellu ($96.76 in chips)
ionellu: posts small blind $1
sokol-max-PS: posts big blind $3
*** HOLE CARDS ***
ionellu: calls $2
sokol-max-PS: raises $3 to $6
ionellu: calls $3
*** FLOP *** [2h Jc As]
sokol-max-PS: bets $3
ionellu: folds
Uncalled bet ($3) returned to sokol-max-PS
trentin@ruim joins the table at seat #3
sokol-max-PS collected $11.76 from pot
*** SUMMARY ***
Total pot $12 | Rake $0.24
Board [2h Jc As]
Seat 1: sokol-max-PS (big blind) collected ($11.76)
Seat 6: ionellu (button) (small blind) folded on the Flop


PokerStars Hand #164125834777:  Hold'em Limit ($3/$6 USD) - 2017/01/06 9:19:01 ET
Table 'Struveana II' 6-max Seat #1 is the button
Seat 1: sokol-max-PS ($151.31 in chips)
Seat 3: ionellu ($128.71 in chips)
sokol-max-PS: posts small blind $1
ionellu: posts big blind $3
*** HOLE CARDS ***
sokol-max-PS: raises $3 to $6
ionellu: folds
Uncalled bet ($3) returned to sokol-max-PS
sokol-max-PS collected $6 from pot
*** SUMMARY ***
Total pot $6 | Rake $0
Seat 1: sokol-max-PS (button) (small blind) collected ($6)
Seat 3: ionellu (big blind) folded before Flop


