PokerStars Hand #149638388633:  Hold'em Limit ($3/$6 USD) - 2016/02/29 17:37:22 ET
Table 'Sualocin' 6-max Seat #3 is the button
Seat 3: schänzli ($120 in chips)
Seat 4: AzureCaper ($72 in chips)
schänzli: posts small blind $1
AzureCaper: posts big blind $3
*** HOLE CARDS ***
schänzli: raises $3 to $6
AzureCaper: calls $3
*** FLOP *** [Jd 6c 4h]
AzureCaper: checks
schänzli: bets $3
AzureCaper: calls $3
*** TURN *** [Jd 6c 4h] [3d]
AzureCaper: checks
schänzli: bets $6
AzureCaper: folds
Uncalled bet ($6) returned to schänzli
schänzli collected $17.64 from pot
schänzli: doesn't show hand
*** SUMMARY ***
Total pot $18 | Rake $0.36
Board [Jd 6c 4h 3d]
Seat 3: schänzli (button) (small blind) collected ($17.64)
Seat 4: AzureCaper (big blind) folded on the Turn


PokerStars Hand #149638419290:  Hold'em Limit ($3/$6 USD) - 2016/02/29 17:37:54 ET
Table 'Sualocin' 6-max Seat #3 is the button
Seat 3: schänzli ($137.28 in chips)
Seat 4: AzureCaper ($72 in chips)
schänzli: posts small blind $1
AzureCaper: posts big blind $3
*** HOLE CARDS ***
schänzli: folds
Uncalled bet ($2) returned to AzureCaper
AzureCaper collected $2 from pot
AzureCaper: doesn't show hand
fifaliga joins the table at seat #6
*** SUMMARY ***
Total pot $2 | Rake $0
Seat 3: schänzli (button) (small blind) folded before Flop
Seat 4: AzureCaper (big blind) collected ($2)


PokerStars Hand #149638406732:  Hold'em Limit ($3/$6 USD) - 2016/02/29 17:37:41 ET
Table 'Sualocin' 6-max Seat #4 is the button
Seat 3: schänzli ($128.64 in chips)
Seat 4: AzureCaper ($72 in chips)
AzureCaper: posts small blind $1
schänzli: posts big blind $3
*** HOLE CARDS ***
AzureCaper: raises $3 to $6
HasThaHustle joins the table at seat #5
schänzli: calls $3
*** FLOP *** [4h 8c 7c]
schänzli: checks
AzureCaper: bets $3
schänzli: raises $3 to $6
AzureCaper: folds
Uncalled bet ($3) returned to schänzli
schänzli collected $17.64 from pot
schänzli: doesn't show hand
*** SUMMARY ***
Total pot $18 | Rake $0.36
Board [4h 8c 7c]
Seat 3: schänzli (big blind) collected ($17.64)
Seat 4: AzureCaper (button) (small blind) folded on the Flop


PokerStars Hand #149642129579:  Hold'em Limit ($3/$6 USD) - 2016/02/29 18:51:45 ET
Table 'Sualocin' 6-max Seat #2 is the button
Seat 2: MilPopov ($158.85 in chips)
Seat 5: GRAILKO ($185.13 in chips)
MilPopov: posts small blind $1
LWNS: is sitting out
LWNS leaves the table
GRAILKO: posts big blind $3
*** HOLE CARDS ***
MilPopov: folds
Uncalled bet ($2) returned to GRAILKO
MilPopov leaves the table
GRAILKO collected $2 from pot
GRAILKO: doesn't show hand
*** SUMMARY ***
Total pot $2 | Rake $0
Seat 2: MilPopov (button) (small blind) folded before Flop
Seat 5: GRAILKO (big blind) collected ($2)


