PokerStars Hand #162270199464:  Hold'em Limit ($3/$6 USD) - 2016/12/01 20:41:01 ET
Table 'Sualocin' 6-max Seat #4 is the button
Seat 4: xxPSRxx ($93.58 in chips)
Seat 5: TinaTurner72 ($148.92 in chips)
xxPSRxx: posts small blind $1
TinaTurner72: posts big blind $3
*** HOLE CARDS ***
xxPSRxx: raises $3 to $6
TinaTurner72: raises $3 to $9
xxPSRxx: raises $3 to $12
Betting is capped
TinaTurner72: calls $3
*** FLOP *** [2d Tc Ks]
TinaTurner72: checks
xxPSRxx: bets $3
TinaTurner72: raises $3 to $6
xxPSRxx: calls $3
*** TURN *** [2d Tc Ks] [Jc]
TinaTurner72: bets $6
xxPSRxx: calls $6
*** RIVER *** [2d Tc Ks Jc] [6h]
TinaTurner72: bets $6
xxPSRxx: folds
Uncalled bet ($6) returned to TinaTurner72
TinaTurner72 collected $47.50 from pot
TinaTurner72: doesn't show hand
*** SUMMARY ***
Total pot $48 | Rake $0.50
Board [2d Tc Ks Jc 6h]
Seat 4: xxPSRxx (button) (small blind) folded on the River
Seat 5: TinaTurner72 (big blind) collected ($47.50)


PokerStars Hand #162270230035:  Hold'em Limit ($3/$6 USD) - 2016/12/01 20:42:00 ET
Table 'Sualocin' 6-max Seat #5 is the button
Seat 4: xxPSRxx ($69.58 in chips)
Seat 5: TinaTurner72 ($172.42 in chips)
TinaTurner72: posts small blind $1
xxPSRxx: posts big blind $3
*** HOLE CARDS ***
TinaTurner72: raises $3 to $6
xxPSRxx: calls $3
*** FLOP *** [6s 3h Ah]
xxPSRxx: checks
TinaTurner72: bets $3
xxPSRxx: folds
Uncalled bet ($3) returned to TinaTurner72
TinaTurner72 collected $11.76 from pot
TinaTurner72: doesn't show hand
*** SUMMARY ***
Total pot $12 | Rake $0.24
Board [6s 3h Ah]
Seat 4: xxPSRxx (big blind) folded on the Flop
Seat 5: TinaTurner72 (button) (small blind) collected ($11.76)


PokerStars Hand #162270265459:  Hold'em Limit ($3/$6 USD) - 2016/12/01 20:43:08 ET
Table 'Sualocin' 6-max Seat #5 is the button
Seat 4: xxPSRxx ($96.08 in chips)
Seat 5: TinaTurner72 ($145.18 in chips)
TinaTurner72: posts small blind $1
xxPSRxx: posts big blind $3
*** HOLE CARDS ***
TinaTurner72: raises $3 to $6
xxPSRxx: raises $3 to $9
TinaTurner72: calls $3
*** FLOP *** [Ts 3d 4h]
xxPSRxx: checks
TinaTurner72: bets $3
xxPSRxx: raises $3 to $6
TinaTurner72: calls $3
*** TURN *** [Ts 3d 4h] [Qs]
xxPSRxx: checks
TinaTurner72: checks
*** RIVER *** [Ts 3d 4h Qs] [2s]
xxPSRxx: bets $6
ToDaFelt joins the table at seat #6
TinaTurner72: folds
Uncalled bet ($6) returned to xxPSRxx
xxPSRxx collected $29.50 from pot
xxPSRxx: doesn't show hand
*** SUMMARY ***
Total pot $30 | Rake $0.50
Board [Ts 3d 4h Qs 2s]
Seat 4: xxPSRxx (big blind) collected ($29.50)
Seat 5: TinaTurner72 (button) (small blind) folded on the River


PokerStars Hand #162270285854:  Hold'em Limit ($3/$6 USD) - 2016/12/01 20:43:48 ET
Table 'Sualocin' 6-max Seat #4 is the button
Seat 4: xxPSRxx ($110.58 in chips)
Seat 5: TinaTurner72 ($130.18 in chips)
xxPSRxx: posts small blind $1
TinaTurner72: posts big blind $3
*** HOLE CARDS ***
xxPSRxx: raises $3 to $6
TinaTurner72: folds
Uncalled bet ($3) returned to xxPSRxx
xxPSRxx collected $6 from pot
xxPSRxx: doesn't show hand
*** SUMMARY ***
Total pot $6 | Rake $0
Seat 4: xxPSRxx (button) (small blind) collected ($6)
Seat 5: TinaTurner72 (big blind) folded before Flop


PokerStars Hand #162270241003:  Hold'em Limit ($3/$6 USD) - 2016/12/01 20:42:22 ET
Table 'Sualocin' 6-max Seat #4 is the button
Seat 4: xxPSRxx ($63.58 in chips)
Seat 5: TinaTurner72 ($178.18 in chips)
xxPSRxx: posts small blind $1
TinaTurner72: posts big blind $3
*** HOLE CARDS ***
xxPSRxx: raises $3 to $6
TinaTurner72: raises $3 to $9
xxPSRxx: raises $3 to $12
Betting is capped
TinaTurner72: calls $3
*** FLOP *** [8c Td Ks]
TinaTurner72: checks
xxPSRxx: bets $3
TinaTurner72: raises $3 to $6
xxPSRxx: raises $3 to $9
TinaTurner72: calls $3
*** TURN *** [8c Td Ks] [Jc]
TinaTurner72: checks
xxPSRxx: bets $6
TinaTurner72: calls $6
*** RIVER *** [8c Td Ks Jc] [3c]
TinaTurner72: checks
xxPSRxx: bets $6
TinaTurner72: calls $6
*** SHOW DOWN ***
xxPSRxx: shows [Tc 9c] (a flush, Jack high)
TinaTurner72: mucks hand
xxPSRxx collected $65.50 from pot
*** SUMMARY ***
Total pot $66 | Rake $0.50
Board [8c Td Ks Jc 3c]
Seat 4: xxPSRxx (button) (small blind) showed [Tc 9c] and won ($65.50) with a flush, Jack high
Seat 5: TinaTurner72 (big blind) mucked


PokerStars Hand #162270344914:  Hold'em Limit ($3/$6 USD) - 2016/12/01 20:45:43 ET
Table 'Sualocin' 6-max Seat #6 is the button
Seat 4: xxPSRxx ($83.58 in chips)
Seat 6: ToDaFelt ($145.44 in chips)
ToDaFelt: posts small blind $1
xxPSRxx: posts big blind $3
*** HOLE CARDS ***
ToDaFelt: raises $3 to $6
xxPSRxx: folds
Uncalled bet ($3) returned to ToDaFelt
ToDaFelt collected $6 from pot
ToDaFelt: doesn't show hand
*** SUMMARY ***
Total pot $6 | Rake $0
Seat 4: xxPSRxx (big blind) folded before Flop
Seat 6: ToDaFelt (button) (small blind) collected ($6)


PokerStars Hand #162270329471:  Hold'em Limit ($3/$6 USD) - 2016/12/01 20:45:13 ET
Table 'Sualocin' 6-max Seat #4 is the button
Seat 4: xxPSRxx ($95.58 in chips)
Seat 6: ToDaFelt ($133.92 in chips)
xxPSRxx: posts small blind $1
TinaTurner72: is sitting out
ToDaFelt: posts big blind $3
*** HOLE CARDS ***
xxPSRxx: raises $3 to $6
ToDaFelt: calls $3
*** FLOP *** [4c Th 8d]
TinaTurner72 leaves the table
ToDaFelt: checks
xxPSRxx: checks
*** TURN *** [4c Th 8d] [2d]
ToDaFelt: bets $6
xxPSRxx: calls $6
*** RIVER *** [4c Th 8d 2d] [9h]
ToDaFelt: bets $6
xxPSRxx: folds
Uncalled bet ($6) returned to ToDaFelt
ToDaFelt collected $23.52 from pot
ToDaFelt: doesn't show hand
*** SUMMARY ***
Total pot $24 | Rake $0.48
Board [4c Th 8d 2d 9h]
Seat 4: xxPSRxx (button) (small blind) folded on the River
Seat 6: ToDaFelt (big blind) collected ($23.52)


PokerStars Hand #162270348076:  Hold'em Limit ($3/$6 USD) - 2016/12/01 20:45:49 ET
Table 'Sualocin' 6-max Seat #4 is the button
Seat 4: xxPSRxx ($80.58 in chips)
Seat 6: ToDaFelt ($148.44 in chips)
xxPSRxx: posts small blind $1
ToDaFelt: posts big blind $3
*** HOLE CARDS ***
xxPSRxx: folds
Uncalled bet ($2) returned to ToDaFelt
ToDaFelt collected $2 from pot
ToDaFelt: doesn't show hand
*** SUMMARY ***
Total pot $2 | Rake $0
Seat 4: xxPSRxx (button) (small blind) folded before Flop
Seat 6: ToDaFelt (big blind) collected ($2)


PokerStars Hand #162270368616:  Hold'em Limit ($3/$6 USD) - 2016/12/01 20:46:29 ET
Table 'Sualocin' 6-max Seat #6 is the button
Seat 4: xxPSRxx ($60.58 in chips)
Seat 6: ToDaFelt ($167.94 in chips)
ToDaFelt: posts small blind $1
xxPSRxx: posts big blind $3
*** HOLE CARDS ***
ToDaFelt: folds
Uncalled bet ($2) returned to xxPSRxx
xxPSRxx collected $2 from pot
xxPSRxx: doesn't show hand
*** SUMMARY ***
Total pot $2 | Rake $0
Seat 4: xxPSRxx (big blind) collected ($2)
Seat 6: ToDaFelt (button) (small blind) folded before Flop


PokerStars Hand #162270366163:  Hold'em Limit ($3/$6 USD) - 2016/12/01 20:46:24 ET
Table 'Sualocin' 6-max Seat #4 is the button
Seat 4: xxPSRxx ($61.58 in chips)
Seat 6: ToDaFelt ($166.94 in chips)
xxPSRxx: posts small blind $1
ToDaFelt: posts big blind $3
*** HOLE CARDS ***
xxPSRxx: folds
Uncalled bet ($2) returned to ToDaFelt
ToDaFelt collected $2 from pot
ToDaFelt: doesn't show hand
*** SUMMARY ***
Total pot $2 | Rake $0
Seat 4: xxPSRxx (button) (small blind) folded before Flop
Seat 6: ToDaFelt (big blind) collected ($2)


PokerStars Hand #162270371143:  Hold'em Limit ($3/$6 USD) - 2016/12/01 20:46:34 ET
Table 'Sualocin' 6-max Seat #4 is the button
Seat 4: xxPSRxx ($61.58 in chips)
Seat 6: ToDaFelt ($166.94 in chips)
xxPSRxx: posts small blind $1
ToDaFelt: posts big blind $3
*** HOLE CARDS ***
xxPSRxx: folds
Uncalled bet ($2) returned to ToDaFelt
ToDaFelt collected $2 from pot
ToDaFelt: doesn't show hand
*** SUMMARY ***
Total pot $2 | Rake $0
Seat 4: xxPSRxx (button) (small blind) folded before Flop
Seat 6: ToDaFelt (big blind) collected ($2)


PokerStars Hand #162270350508:  Hold'em Limit ($3/$6 USD) - 2016/12/01 20:45:53 ET
Table 'Sualocin' 6-max Seat #6 is the button
Seat 4: xxPSRxx ($79.58 in chips)
Seat 6: ToDaFelt ($149.44 in chips)
ToDaFelt: posts small blind $1
xxPSRxx: posts big blind $3
*** HOLE CARDS ***
ToDaFelt: raises $3 to $6
xxPSRxx: raises $3 to $9
ToDaFelt: calls $3
*** FLOP *** [9s 5d 9h]
xxPSRxx: bets $3
ToDaFelt: calls $3
*** TURN *** [9s 5d 9h] [Kc]
xxPSRxx: checks
ToDaFelt: bets $6
xxPSRxx: calls $6
*** RIVER *** [9s 5d 9h Kc] [Ah]
xxPSRxx: checks
ToDaFelt: checks
*** SHOW DOWN ***
xxPSRxx: shows [Jh Qc] (a pair of Nines)
ToDaFelt: shows [Kh Qh] (two pair, Kings and Nines)
ToDaFelt collected $35.50 from pot
*** SUMMARY ***
Total pot $36 | Rake $0.50
Board [9s 5d 9h Kc Ah]
Seat 4: xxPSRxx (big blind) showed [Jh Qc] and lost with a pair of Nines
Seat 6: ToDaFelt (button) (small blind) showed [Kh Qh] and won ($35.50) with two pair, Kings and Nines


PokerStars Hand #162270388583:  Hold'em Limit ($3/$6 USD) - 2016/12/01 20:47:08 ET
Table 'Sualocin' 6-max Seat #4 is the button
Seat 4: xxPSRxx ($69.22 in chips)
Seat 6: ToDaFelt ($158.94 in chips)
xxPSRxx: posts small blind $1
ToDaFelt: posts big blind $3
*** HOLE CARDS ***
xxPSRxx: raises $3 to $6
ToDaFelt: calls $3
*** FLOP *** [Ah 9s 6s]
ToDaFelt: checks
xxPSRxx: bets $3
ToDaFelt: raises $3 to $6
xxPSRxx: folds
Uncalled bet ($3) returned to ToDaFelt
ToDaFelt collected $17.64 from pot
ToDaFelt: doesn't show hand
*** SUMMARY ***
Total pot $18 | Rake $0.36
Board [Ah 9s 6s]
Seat 4: xxPSRxx (button) (small blind) folded on the Flop
Seat 6: ToDaFelt (big blind) collected ($17.64)


PokerStars Hand #162270373846:  Hold'em Limit ($3/$6 USD) - 2016/12/01 20:46:39 ET
Table 'Sualocin' 6-max Seat #6 is the button
Seat 4: xxPSRxx ($60.58 in chips)
Seat 6: ToDaFelt ($167.94 in chips)
ToDaFelt: posts small blind $1
xxPSRxx: posts big blind $3
*** HOLE CARDS ***
ToDaFelt: raises $3 to $6
xxPSRxx: calls $3
*** FLOP *** [Ks Qc Kd]
xxPSRxx: checks
ToDaFelt: bets $3
xxPSRxx: calls $3
*** TURN *** [Ks Qc Kd] [2c]
xxPSRxx: checks
ToDaFelt: checks
*** RIVER *** [Ks Qc Kd 2c] [As]
xxPSRxx: bets $6
ToDaFelt: folds
Uncalled bet ($6) returned to xxPSRxx
xxPSRxx collected $17.64 from pot
xxPSRxx: doesn't show hand
*** SUMMARY ***
Total pot $18 | Rake $0.36
Board [Ks Qc Kd 2c As]
Seat 4: xxPSRxx (big blind) collected ($17.64)
Seat 6: ToDaFelt (button) (small blind) folded on the River


PokerStars Hand #162270404525:  Hold'em Limit ($3/$6 USD) - 2016/12/01 20:47:40 ET
Table 'Sualocin' 6-max Seat #6 is the button
Seat 4: xxPSRxx ($60.22 in chips)
Seat 6: ToDaFelt ($167.58 in chips)
ToDaFelt: posts small blind $1
xxPSRxx: posts big blind $3
*** HOLE CARDS ***
ToDaFelt: raises $3 to $6
xxPSRxx: calls $3
*** FLOP *** [6h 8h Ah]
xxPSRxx: checks
ToDaFelt: bets $3
xxPSRxx: raises $3 to $6
ToDaFelt: folds
Uncalled bet ($3) returned to xxPSRxx
xxPSRxx collected $17.64 from pot
*** SUMMARY ***
Total pot $18 | Rake $0.36
Board [6h 8h Ah]
Seat 4: xxPSRxx (big blind) collected ($17.64)
Seat 6: ToDaFelt (button) (small blind) folded on the Flop


PokerStars Hand #162270415566:  Hold'em Limit ($3/$6 USD) - 2016/12/01 20:48:02 ET
Table 'Sualocin' 6-max Seat #4 is the button
Seat 4: xxPSRxx ($68.86 in chips)
Seat 6: ToDaFelt ($158.58 in chips)
xxPSRxx: posts small blind $1
ToDaFelt: posts big blind $3
*** HOLE CARDS ***
xxPSRxx: raises $3 to $6
ToDaFelt: raises $3 to $9
xxPSRxx: calls $3
*** FLOP *** [4h 9s 8h]
ToDaFelt: bets $3
xxPSRxx: calls $3
*** TURN *** [4h 9s 8h] [8c]
ToDaFelt: bets $6
xxPSRxx: folds
Uncalled bet ($6) returned to ToDaFelt
ToDaFelt collected $23.52 from pot
ToDaFelt: doesn't show hand
*** SUMMARY ***
Total pot $24 | Rake $0.48
Board [4h 9s 8h 8c]
Seat 4: xxPSRxx (button) (small blind) folded on the Turn
Seat 6: ToDaFelt (big blind) collected ($23.52)


PokerStars Hand #162270436497:  Hold'em Limit ($3/$6 USD) - 2016/12/01 20:48:43 ET
Table 'Sualocin' 6-max Seat #6 is the button
Seat 4: xxPSRxx ($56.86 in chips)
Seat 6: ToDaFelt ($170.10 in chips)
ToDaFelt: posts small blind $1
xxPSRxx: posts big blind $3
*** HOLE CARDS ***
ToDaFelt: raises $3 to $6
xxPSRxx: calls $3
*** FLOP *** [7c 2h Kc]
xxPSRxx: checks
ToDaFelt: bets $3
xxPSRxx: folds
Uncalled bet ($3) returned to ToDaFelt
ToDaFelt collected $11.76 from pot
ToDaFelt: doesn't show hand
*** SUMMARY ***
Total pot $12 | Rake $0.24
Board [7c 2h Kc]
Seat 4: xxPSRxx (big blind) folded on the Flop
Seat 6: ToDaFelt (button) (small blind) collected ($11.76)


PokerStars Hand #162270466401:  Hold'em Limit ($3/$6 USD) - 2016/12/01 20:49:42 ET
Table 'Sualocin' 6-max Seat #4 is the button
Seat 4: xxPSRxx ($97.86 in chips)
Seat 6: ToDaFelt ($127.86 in chips)
xxPSRxx: posts small blind $1
ToDaFelt: posts big blind $3
*** HOLE CARDS ***
xxPSRxx: raises $3 to $6
ToDaFelt: raises $3 to $9
xxPSRxx: calls $3
*** FLOP *** [8d 3s 7h]
ToDaFelt: bets $3
xxPSRxx: folds
Uncalled bet ($3) returned to ToDaFelt
ToDaFelt collected $17.64 from pot
ToDaFelt: doesn't show hand
*** SUMMARY ***
Total pot $18 | Rake $0.36
Board [8d 3s 7h]
Seat 4: xxPSRxx (button) (small blind) folded on the Flop
Seat 6: ToDaFelt (big blind) collected ($17.64)


PokerStars Hand #162270455124:  Hold'em Limit ($3/$6 USD) - 2016/12/01 20:49:20 ET
Table 'Sualocin' 6-max Seat #6 is the button
Seat 4: xxPSRxx ($74.36 in chips)
Seat 6: ToDaFelt ($151.86 in chips)
ToDaFelt: posts small blind $1
xxPSRxx: posts big blind $3
*** HOLE CARDS ***
ToDaFelt: raises $3 to $6
xxPSRxx: calls $3
*** FLOP *** [3d 2d Ad]
xxPSRxx: checks
ToDaFelt: checks
*** TURN *** [3d 2d Ad] [2c]
xxPSRxx: bets $6
ToDaFelt: raises $6 to $12
xxPSRxx: calls $6
*** RIVER *** [3d 2d Ad 2c] [Jd]
xxPSRxx: checks
ToDaFelt: bets $6
xxPSRxx: calls $6
*** SHOW DOWN ***
ToDaFelt: shows [5c Th] (a pair of Deuces)
xxPSRxx: shows [6h Ac] (two pair, Aces and Deuces)
xxPSRxx collected $47.50 from pot
*** SUMMARY ***
Total pot $48 | Rake $0.50
Board [3d 2d Ad 2c Jd]
Seat 4: xxPSRxx (big blind) showed [6h Ac] and won ($47.50) with two pair, Aces and Deuces
Seat 6: ToDaFelt (button) (small blind) showed [5c Th] and lost with a pair of Deuces


PokerStars Hand #162270443124:  Hold'em Limit ($3/$6 USD) - 2016/12/01 20:48:56 ET
Table 'Sualocin' 6-max Seat #4 is the button
Seat 4: xxPSRxx ($50.86 in chips)
Seat 6: ToDaFelt ($175.86 in chips)
xxPSRxx: posts small blind $1
ToDaFelt: posts big blind $3
*** HOLE CARDS ***
xxPSRxx: raises $3 to $6
ToDaFelt: calls $3
*** FLOP *** [Kh 7d Ks]
ToDaFelt: checks
xxPSRxx: bets $3
ToDaFelt: raises $3 to $6
xxPSRxx: calls $3
*** TURN *** [Kh 7d Ks] [2s]
ToDaFelt: bets $6
xxPSRxx: calls $6
*** RIVER *** [Kh 7d Ks 2s] [9s]
ToDaFelt: bets $6
xxPSRxx: raises $6 to $12
ToDaFelt: folds
Uncalled bet ($6) returned to xxPSRxx
xxPSRxx collected $47.50 from pot
xxPSRxx: doesn't show hand
*** SUMMARY ***
Total pot $48 | Rake $0.50
Board [Kh 7d Ks 2s 9s]
Seat 4: xxPSRxx (button) (small blind) collected ($47.50)
Seat 6: ToDaFelt (big blind) folded on the River


PokerStars Hand #162270480462:  Hold'em Limit ($3/$6 USD) - 2016/12/01 20:50:10 ET
Table 'Sualocin' 6-max Seat #4 is the button
Seat 4: xxPSRxx ($89.86 in chips)
Seat 6: ToDaFelt ($135.50 in chips)
xxPSRxx: posts small blind $1
ToDaFelt: posts big blind $3
*** HOLE CARDS ***
xxPSRxx: raises $3 to $6
ToDaFelt: calls $3
*** FLOP *** [Qs 3s 6c]
ToDaFelt: checks
xxPSRxx: checks
*** TURN *** [Qs 3s 6c] [Ah]
ToDaFelt: checks
xxPSRxx: bets $6
ToDaFelt: raises $6 to $12
xxPSRxx: folds
Uncalled bet ($6) returned to ToDaFelt
ToDaFelt collected $23.52 from pot
ToDaFelt: doesn't show hand
*** SUMMARY ***
Total pot $24 | Rake $0.48
Board [Qs 3s 6c Ah]
Seat 4: xxPSRxx (button) (small blind) folded on the Turn
Seat 6: ToDaFelt (big blind) collected ($23.52)


PokerStars Hand #162270474920:  Hold'em Limit ($3/$6 USD) - 2016/12/01 20:49:59 ET
Table 'Sualocin' 6-max Seat #6 is the button
Seat 4: xxPSRxx ($88.86 in chips)
Seat 6: ToDaFelt ($136.50 in chips)
ToDaFelt: posts small blind $1
xxPSRxx: posts big blind $3
*** HOLE CARDS ***
ToDaFelt: folds
Uncalled bet ($2) returned to xxPSRxx
xxPSRxx collected $2 from pot
xxPSRxx: doesn't show hand
*** SUMMARY ***
Total pot $2 | Rake $0
Seat 4: xxPSRxx (big blind) collected ($2)
Seat 6: ToDaFelt (button) (small blind) folded before Flop


PokerStars Hand #162270494036:  Hold'em Limit ($3/$6 USD) - 2016/12/01 20:50:37 ET
Table 'Sualocin' 6-max Seat #6 is the button
Seat 4: xxPSRxx ($77.86 in chips)
Seat 6: ToDaFelt ($147.02 in chips)
ToDaFelt: posts small blind $1
xxPSRxx: posts big blind $3
*** HOLE CARDS ***
ToDaFelt: raises $3 to $6
xxPSRxx: calls $3
*** FLOP *** [4h 2d 6d]
xxPSRxx: checks
ToDaFelt: bets $3
xxPSRxx: calls $3
*** TURN *** [4h 2d 6d] [9h]
xxPSRxx: checks
ToDaFelt: bets $6
xxPSRxx: calls $6
*** RIVER *** [4h 2d 6d 9h] [9d]
xxPSRxx: checks
ToDaFelt: checks
*** SHOW DOWN ***
xxPSRxx: shows [Tc 8h] (a pair of Nines)
ToDaFelt: shows [4c 2c] (two pair, Nines and Fours)
ToDaFelt collected $29.50 from pot
*** SUMMARY ***
Total pot $30 | Rake $0.50
Board [4h 2d 6d 9h 9d]
Seat 4: xxPSRxx (big blind) showed [Tc 8h] and lost with a pair of Nines
Seat 6: ToDaFelt (button) (small blind) showed [4c 2c] and won ($29.50) with two pair, Nines and Fours


PokerStars Hand #162270516090:  Hold'em Limit ($3/$6 USD) - 2016/12/01 20:51:21 ET
Table 'Sualocin' 6-max Seat #4 is the button
Seat 4: xxPSRxx ($62.86 in chips)
Seat 6: ToDaFelt ($161.52 in chips)
xxPSRxx: posts small blind $1
ToDaFelt: posts big blind $3
*** HOLE CARDS ***
xxPSRxx: folds
Uncalled bet ($2) returned to ToDaFelt
ToDaFelt collected $2 from pot
ToDaFelt: doesn't show hand
*** SUMMARY ***
Total pot $2 | Rake $0
Seat 4: xxPSRxx (button) (small blind) folded before Flop
Seat 6: ToDaFelt (big blind) collected ($2)


PokerStars Hand #162270518388:  Hold'em Limit ($3/$6 USD) - 2016/12/01 20:51:26 ET
Table 'Sualocin' 6-max Seat #6 is the button
Seat 4: xxPSRxx ($61.86 in chips)
Seat 6: ToDaFelt ($162.52 in chips)
ToDaFelt: posts small blind $1
xxPSRxx: posts big blind $3
*** HOLE CARDS ***
ToDaFelt: raises $3 to $6
xxPSRxx: calls $3
*** FLOP *** [Kh 7c Tc]
xxPSRxx: checks
ToDaFelt: bets $3
xxPSRxx: calls $3
*** TURN *** [Kh 7c Tc] [Td]
xxPSRxx: checks
ToDaFelt: bets $6
xxPSRxx: calls $6
*** RIVER *** [Kh 7c Tc Td] [7h]
xxPSRxx: checks
ToDaFelt: checks
*** SHOW DOWN ***
xxPSRxx: shows [Ac 5s] (two pair, Tens and Sevens)
ToDaFelt: shows [8s Kd] (two pair, Kings and Tens)
ToDaFelt collected $29.50 from pot
*** SUMMARY ***
Total pot $30 | Rake $0.50
Board [Kh 7c Tc Td 7h]
Seat 4: xxPSRxx (big blind) showed [Ac 5s] and lost with two pair, Tens and Sevens
Seat 6: ToDaFelt (button) (small blind) showed [8s Kd] and won ($29.50) with two pair, Kings and Tens


PokerStars Hand #162269771848:  Hold'em Limit ($3/$6 USD) - 2016/12/01 20:27:49 ET
Table 'Sualocin' 6-max Seat #4 is the button
Seat 4: xxPSRxx ($108.78 in chips)
Seat 5: TinaTurner72 ($83.52 in chips)
xxPSRxx: posts small blind $1
TinaTurner72: posts big blind $3
*** HOLE CARDS ***
xxPSRxx: raises $3 to $6
TinaTurner72: raises $3 to $9
xxPSRxx: calls $3
*** FLOP *** [Ah Js 7h]
TinaTurner72: bets $3
xxPSRxx: calls $3
*** TURN *** [Ah Js 7h] [Ts]
TinaTurner72: bets $6
xxPSRxx: calls $6
*** RIVER *** [Ah Js 7h Ts] [9d]
TinaTurner72: checks
xxPSRxx: checks
*** SHOW DOWN ***
TinaTurner72: shows [9h Kd] (a pair of Nines)
xxPSRxx: shows [Ad 2h] (a pair of Aces)
xxPSRxx collected $35.50 from pot
*** SUMMARY ***
Total pot $36 | Rake $0.50
Board [Ah Js 7h Ts 9d]
Seat 4: xxPSRxx (button) (small blind) showed [Ad 2h] and won ($35.50) with a pair of Aces
Seat 5: TinaTurner72 (big blind) showed [9h Kd] and lost with a pair of Nines


PokerStars Hand #162269786923:  Hold'em Limit ($3/$6 USD) - 2016/12/01 20:28:17 ET
Table 'Sualocin' 6-max Seat #5 is the button
Seat 4: xxPSRxx ($126.28 in chips)
Seat 5: TinaTurner72 ($65.52 in chips)
TinaTurner72: posts small blind $1
xxPSRxx: posts big blind $3
*** HOLE CARDS ***
TinaTurner72: raises $3 to $6
xxPSRxx: raises $3 to $9
TinaTurner72: calls $3
*** FLOP *** [Qh Kd 3c]
xxPSRxx: bets $3
TinaTurner72: folds
Uncalled bet ($3) returned to xxPSRxx
xxPSRxx collected $17.64 from pot
xxPSRxx: doesn't show hand
*** SUMMARY ***
Total pot $18 | Rake $0.36
Board [Qh Kd 3c]
Seat 4: xxPSRxx (big blind) collected ($17.64)
Seat 5: TinaTurner72 (button) (small blind) folded on the Flop


PokerStars Hand #162269796748:  Hold'em Limit ($3/$6 USD) - 2016/12/01 20:28:35 ET
Table 'Sualocin' 6-max Seat #4 is the button
Seat 4: xxPSRxx ($134.92 in chips)
Seat 5: TinaTurner72 ($56.52 in chips)
xxPSRxx: posts small blind $1
TinaTurner72: posts big blind $3
*** HOLE CARDS ***
xxPSRxx: raises $3 to $6
TinaTurner72: calls $3
*** FLOP *** [5d 5h Ac]
TinaTurner72: checks
xxPSRxx: bets $3
TinaTurner72: raises $3 to $6
xxPSRxx: raises $3 to $9
TinaTurner72: calls $3
*** TURN *** [5d 5h Ac] [7d]
TinaTurner72: checks
xxPSRxx: bets $6
TinaTurner72: calls $6
*** RIVER *** [5d 5h Ac 7d] [Kh]
TinaTurner72: checks
xxPSRxx: checks
*** SHOW DOWN ***
TinaTurner72: shows [Ah 2c] (two pair, Aces and Fives)
xxPSRxx: mucks hand
TinaTurner72 collected $41.50 from pot
*** SUMMARY ***
Total pot $42 | Rake $0.50
Board [5d 5h Ac 7d Kh]
Seat 4: xxPSRxx (button) (small blind) mucked
Seat 5: TinaTurner72 (big blind) showed [Ah 2c] and won ($41.50) with two pair, Aces and Fives


PokerStars Hand #162269817362:  Hold'em Limit ($3/$6 USD) - 2016/12/01 20:29:13 ET
Table 'Sualocin' 6-max Seat #5 is the button
Seat 4: xxPSRxx ($113.92 in chips)
Seat 5: TinaTurner72 ($77.02 in chips)
TinaTurner72: posts small blind $1
xxPSRxx: posts big blind $3
*** HOLE CARDS ***
TinaTurner72: raises $3 to $6
xxPSRxx: calls $3
*** FLOP *** [Jd Td 6c]
xxPSRxx: checks
TinaTurner72: bets $3
xxPSRxx: calls $3
*** TURN *** [Jd Td 6c] [6s]
xxPSRxx: checks
TinaTurner72: checks
*** RIVER *** [Jd Td 6c 6s] [7s]
xxPSRxx: bets $6
TinaTurner72: folds
Uncalled bet ($6) returned to xxPSRxx
xxPSRxx collected $17.64 from pot
xxPSRxx: doesn't show hand
*** SUMMARY ***
Total pot $18 | Rake $0.36
Board [Jd Td 6c 6s 7s]
Seat 4: xxPSRxx (big blind) collected ($17.64)
Seat 5: TinaTurner72 (button) (small blind) folded on the River


PokerStars Hand #162269852830:  Hold'em Limit ($3/$6 USD) - 2016/12/01 20:30:19 ET
Table 'Sualocin' 6-max Seat #5 is the button
Seat 4: xxPSRxx ($113.56 in chips)
Seat 5: TinaTurner72 ($76.66 in chips)
TinaTurner72: posts small blind $1
xxPSRxx: posts big blind $3
*** HOLE CARDS ***
TinaTurner72: raises $3 to $6
xxPSRxx: folds
Uncalled bet ($3) returned to TinaTurner72
TinaTurner72 collected $6 from pot
TinaTurner72: doesn't show hand
*** SUMMARY ***
Total pot $6 | Rake $0
Seat 4: xxPSRxx (big blind) folded before Flop
Seat 5: TinaTurner72 (button) (small blind) collected ($6)


PokerStars Hand #162269845971:  Hold'em Limit ($3/$6 USD) - 2016/12/01 20:30:07 ET
Table 'Sualocin' 6-max Seat #4 is the button
Seat 4: xxPSRxx ($122.56 in chips)
Seat 5: TinaTurner72 ($68.02 in chips)
xxPSRxx: posts small blind $1
TinaTurner72: posts big blind $3
*** HOLE CARDS ***
xxPSRxx: raises $3 to $6
TinaTurner72: raises $3 to $9
xxPSRxx: calls $3
*** FLOP *** [2c Ah 5s]
TinaTurner72: bets $3
xxPSRxx: folds
Uncalled bet ($3) returned to TinaTurner72
TinaTurner72 collected $17.64 from pot
TinaTurner72: doesn't show hand
*** SUMMARY ***
Total pot $18 | Rake $0.36
Board [2c Ah 5s]
Seat 4: xxPSRxx (button) (small blind) folded on the Flop
Seat 5: TinaTurner72 (big blind) collected ($17.64)


PokerStars Hand #162269859471:  Hold'em Limit ($3/$6 USD) - 2016/12/01 20:30:32 ET
Table 'Sualocin' 6-max Seat #4 is the button
Seat 4: xxPSRxx ($110.56 in chips)
Seat 5: TinaTurner72 ($79.66 in chips)
xxPSRxx: posts small blind $1
TinaTurner72: posts big blind $3
*** HOLE CARDS ***
xxPSRxx: raises $3 to $6
TinaTurner72: raises $3 to $9
xxPSRxx: raises $3 to $12
Betting is capped
TinaTurner72: calls $3
*** FLOP *** [Kh 7h 2c]
TinaTurner72: checks
xxPSRxx: checks
*** TURN *** [Kh 7h 2c] [7s]
TinaTurner72: bets $6
xxPSRxx: folds
Uncalled bet ($6) returned to TinaTurner72
TinaTurner72 collected $23.52 from pot
TinaTurner72: doesn't show hand
*** SUMMARY ***
Total pot $24 | Rake $0.48
Board [Kh 7h 2c 7s]
Seat 4: xxPSRxx (button) (small blind) folded on the Turn
Seat 5: TinaTurner72 (big blind) collected ($23.52)


PokerStars Hand #162269869982:  Hold'em Limit ($3/$6 USD) - 2016/12/01 20:30:51 ET
Table 'Sualocin' 6-max Seat #5 is the button
Seat 4: xxPSRxx ($98.56 in chips)
Seat 5: TinaTurner72 ($91.18 in chips)
TinaTurner72: posts small blind $1
xxPSRxx: posts big blind $3
*** HOLE CARDS ***
TinaTurner72: raises $3 to $6
xxPSRxx: calls $3
*** FLOP *** [8c 3c Js]
xxPSRxx: checks
TinaTurner72: bets $3
xxPSRxx: calls $3
*** TURN *** [8c 3c Js] [9c]
xxPSRxx: checks
TinaTurner72: bets $6
xxPSRxx: calls $6
*** RIVER *** [8c 3c Js 9c] [Tc]
xxPSRxx: bets $6
TinaTurner72: raises $6 to $12
xxPSRxx: calls $6
*** SHOW DOWN ***
TinaTurner72: shows [Ac 7c] (a flush, Ace high)
xxPSRxx: mucks hand
TinaTurner72 collected $53.50 from pot
*** SUMMARY ***
Total pot $54 | Rake $0.50
Board [8c 3c Js 9c Tc]
Seat 4: xxPSRxx (big blind) mucked
Seat 5: TinaTurner72 (button) (small blind) showed [Ac 7c] and won ($53.50) with a flush, Ace high


PokerStars Hand #162269887629:  Hold'em Limit ($3/$6 USD) - 2016/12/01 20:31:24 ET
Table 'Sualocin' 6-max Seat #4 is the button
Seat 4: xxPSRxx ($71.56 in chips)
Seat 5: TinaTurner72 ($117.68 in chips)
xxPSRxx: posts small blind $1
TinaTurner72: posts big blind $3
*** HOLE CARDS ***
xxPSRxx: raises $3 to $6
TinaTurner72: calls $3
*** FLOP *** [9s 9d 5d]
TinaTurner72: checks
xxPSRxx: bets $3
TinaTurner72: raises $3 to $6
xxPSRxx: calls $3
*** TURN *** [9s 9d 5d] [8s]
TinaTurner72: checks
xxPSRxx: checks
*** RIVER *** [9s 9d 5d 8s] [As]
TinaTurner72: bets $6
xxPSRxx: folds
Uncalled bet ($6) returned to TinaTurner72
TinaTurner72 collected $23.52 from pot
TinaTurner72: doesn't show hand
*** SUMMARY ***
Total pot $24 | Rake $0.48
Board [9s 9d 5d 8s As]
Seat 4: xxPSRxx (button) (small blind) folded on the River
Seat 5: TinaTurner72 (big blind) collected ($23.52)


PokerStars Hand #162269917142:  Hold'em Limit ($3/$6 USD) - 2016/12/01 20:32:19 ET
Table 'Sualocin' 6-max Seat #4 is the button
Seat 4: xxPSRxx ($53.56 in chips)
Seat 5: TinaTurner72 ($134.96 in chips)
xxPSRxx: posts small blind $1
TinaTurner72: posts big blind $3
*** HOLE CARDS ***
xxPSRxx: raises $3 to $6
TinaTurner72: calls $3
*** FLOP *** [Ts 6c Th]
TinaTurner72: checks
xxPSRxx: bets $3
TinaTurner72: calls $3
*** TURN *** [Ts 6c Th] [4s]
TinaTurner72: checks
xxPSRxx: checks
*** RIVER *** [Ts 6c Th 4s] [7h]
TinaTurner72: bets $6
xxPSRxx: folds
Uncalled bet ($6) returned to TinaTurner72
TinaTurner72 collected $17.64 from pot
TinaTurner72: doesn't show hand
*** SUMMARY ***
Total pot $18 | Rake $0.36
Board [Ts 6c Th 4s 7h]
Seat 4: xxPSRxx (button) (small blind) folded on the River
Seat 5: TinaTurner72 (big blind) collected ($17.64)


PokerStars Hand #162269910800:  Hold'em Limit ($3/$6 USD) - 2016/12/01 20:32:08 ET
Table 'Sualocin' 6-max Seat #5 is the button
Seat 4: xxPSRxx ($59.56 in chips)
Seat 5: TinaTurner72 ($129.20 in chips)
TinaTurner72: posts small blind $1
xxPSRxx: posts big blind $3
*** HOLE CARDS ***
TinaTurner72: raises $3 to $6
xxPSRxx: calls $3
*** FLOP *** [Jh Ks Ac]
xxPSRxx: checks
TinaTurner72: bets $3
xxPSRxx: folds
Uncalled bet ($3) returned to TinaTurner72
TinaTurner72 collected $11.76 from pot
TinaTurner72: doesn't show hand
*** SUMMARY ***
Total pot $12 | Rake $0.24
Board [Jh Ks Ac]
Seat 4: xxPSRxx (big blind) folded on the Flop
Seat 5: TinaTurner72 (button) (small blind) collected ($11.76)


PokerStars Hand #162269933839:  Hold'em Limit ($3/$6 USD) - 2016/12/01 20:32:51 ET
Table 'Sualocin' 6-max Seat #5 is the button
Seat 4: xxPSRxx ($44.56 in chips)
Seat 5: TinaTurner72 ($143.60 in chips)
TinaTurner72: posts small blind $1
xxPSRxx: posts big blind $3
*** HOLE CARDS ***
TinaTurner72: raises $3 to $6
xxPSRxx: calls $3
*** FLOP *** [2d 8s 3h]
xxPSRxx: checks
TinaTurner72: bets $3
xxPSRxx: calls $3
*** TURN *** [2d 8s 3h] [7c]
xxPSRxx: checks
TinaTurner72: bets $6
xxPSRxx: raises $6 to $12
TinaTurner72: calls $6
*** RIVER *** [2d 8s 3h 7c] [Kd]
xxPSRxx: checks
TinaTurner72: checks
*** SHOW DOWN ***
xxPSRxx: shows [Qd 7h] (a pair of Sevens)
TinaTurner72: mucks hand
xxPSRxx collected $41.50 from pot
*** SUMMARY ***
Total pot $42 | Rake $0.50
Board [2d 8s 3h 7c Kd]
Seat 4: xxPSRxx (big blind) showed [Qd 7h] and won ($41.50) with a pair of Sevens
Seat 5: TinaTurner72 (button) (small blind) mucked


PokerStars Hand #162269972919:  Hold'em Limit ($3/$6 USD) - 2016/12/01 20:34:05 ET
Table 'Sualocin' 6-max Seat #5 is the button
Seat 4: xxPSRxx ($56.06 in chips)
Seat 5: TinaTurner72 ($131.24 in chips)
TinaTurner72: posts small blind $1
xxPSRxx: posts big blind $3
*** HOLE CARDS ***
TinaTurner72: raises $3 to $6
xxPSRxx: raises $3 to $9
TinaTurner72: calls $3
*** FLOP *** [7s 4d 5s]
xxPSRxx: bets $3
TinaTurner72: calls $3
*** TURN *** [7s 4d 5s] [8s]
xxPSRxx: bets $6
TinaTurner72: calls $6
*** RIVER *** [7s 4d 5s 8s] [9s]
xxPSRxx: bets $6
TinaTurner72: folds
Uncalled bet ($6) returned to xxPSRxx
xxPSRxx collected $35.50 from pot
xxPSRxx: doesn't show hand
*** SUMMARY ***
Total pot $36 | Rake $0.50
Board [7s 4d 5s 8s 9s]
Seat 4: xxPSRxx (big blind) collected ($35.50)
Seat 5: TinaTurner72 (button) (small blind) folded on the River


PokerStars Hand #162269961605:  Hold'em Limit ($3/$6 USD) - 2016/12/01 20:33:43 ET
Table 'Sualocin' 6-max Seat #4 is the button
Seat 4: xxPSRxx ($65.06 in chips)
Seat 5: TinaTurner72 ($122.60 in chips)
xxPSRxx: posts small blind $1
TinaTurner72: posts big blind $3
*** HOLE CARDS ***
xxPSRxx: raises $3 to $6
TinaTurner72: calls $3
*** FLOP *** [4h Jh 6h]
TinaTurner72: checks
xxPSRxx: bets $3
TinaTurner72: raises $3 to $6
xxPSRxx: folds
Uncalled bet ($3) returned to TinaTurner72
TinaTurner72 collected $17.64 from pot
TinaTurner72: doesn't show hand
*** SUMMARY ***
Total pot $18 | Rake $0.36
Board [4h Jh 6h]
Seat 4: xxPSRxx (button) (small blind) folded on the Flop
Seat 5: TinaTurner72 (big blind) collected ($17.64)


PokerStars Hand #162269998582:  Hold'em Limit ($3/$6 USD) - 2016/12/01 20:34:53 ET
Table 'Sualocin' 6-max Seat #4 is the button
Seat 4: xxPSRxx ($73.56 in chips)
Seat 5: TinaTurner72 ($113.24 in chips)
xxPSRxx: posts small blind $1
TinaTurner72: posts big blind $3
*** HOLE CARDS ***
xxPSRxx: raises $3 to $6
TinaTurner72: calls $3
*** FLOP *** [9h Kd 4s]
TinaTurner72: checks
xxPSRxx: bets $3
TinaTurner72: calls $3
*** TURN *** [9h Kd 4s] [As]
TinaTurner72: bets $6
xxPSRxx: raises $6 to $12
TinaTurner72: calls $6
*** RIVER *** [9h Kd 4s As] [Kh]
TinaTurner72: checks
xxPSRxx: bets $6
TinaTurner72: calls $6
*** SHOW DOWN ***
xxPSRxx: shows [9d 9c] (a full house, Nines full of Kings)
TinaTurner72: mucks hand
xxPSRxx collected $53.50 from pot
*** SUMMARY ***
Total pot $54 | Rake $0.50
Board [9h Kd 4s As Kh]
Seat 4: xxPSRxx (button) (small blind) showed [9d 9c] and won ($53.50) with a full house, Nines full of Kings
Seat 5: TinaTurner72 (big blind) mucked


PokerStars Hand #162270019766:  Hold'em Limit ($3/$6 USD) - 2016/12/01 20:35:34 ET
Table 'Sualocin' 6-max Seat #5 is the button
Seat 4: xxPSRxx ($100.06 in chips)
Seat 5: TinaTurner72 ($86.24 in chips)
TinaTurner72: posts small blind $1
xxPSRxx: posts big blind $3
*** HOLE CARDS ***
TinaTurner72: raises $3 to $6
xxPSRxx: raises $3 to $9
TinaTurner72: raises $3 to $12
Betting is capped
xxPSRxx: calls $3
*** FLOP *** [9d Qc Kh]
xxPSRxx: checks
TinaTurner72: bets $3
xxPSRxx: folds
Uncalled bet ($3) returned to TinaTurner72
TinaTurner72 collected $23.52 from pot
TinaTurner72: doesn't show hand
*** SUMMARY ***
Total pot $24 | Rake $0.48
Board [9d Qc Kh]
Seat 4: xxPSRxx (big blind) folded on the Flop
Seat 5: TinaTurner72 (button) (small blind) collected ($23.52)


PokerStars Hand #162270028655:  Hold'em Limit ($3/$6 USD) - 2016/12/01 20:35:50 ET
Table 'Sualocin' 6-max Seat #4 is the button
Seat 4: xxPSRxx ($88.06 in chips)
Seat 5: TinaTurner72 ($97.76 in chips)
xxPSRxx: posts small blind $1
TinaTurner72: posts big blind $3
*** HOLE CARDS ***
xxPSRxx: raises $3 to $6
TinaTurner72: calls $3
*** FLOP *** [Qs 6s 3d]
TinaTurner72: checks
xxPSRxx: bets $3
TinaTurner72: raises $3 to $6
xxPSRxx: raises $3 to $9
TinaTurner72: calls $3
*** TURN *** [Qs 6s 3d] [3c]
TinaTurner72: bets $6
xxPSRxx: calls $6
*** RIVER *** [Qs 6s 3d 3c] [4c]
TinaTurner72: bets $6
xxPSRxx: raises $6 to $12
TinaTurner72: calls $6
*** SHOW DOWN ***
xxPSRxx: shows [3h 9c] (three of a kind, Threes)
TinaTurner72: mucks hand
xxPSRxx collected $65.50 from pot
*** SUMMARY ***
Total pot $66 | Rake $0.50
Board [Qs 6s 3d 3c 4c]
Seat 4: xxPSRxx (button) (small blind) showed [3h 9c] and won ($65.50) with three of a kind, Threes
Seat 5: TinaTurner72 (big blind) mucked


PokerStars Hand #162270049992:  Hold'em Limit ($3/$6 USD) - 2016/12/01 20:36:31 ET
Table 'Sualocin' 6-max Seat #5 is the button
Seat 4: xxPSRxx ($120.56 in chips)
Seat 5: TinaTurner72 ($64.76 in chips)
TinaTurner72: posts small blind $1
xxPSRxx: posts big blind $3
*** HOLE CARDS ***
TinaTurner72: raises $3 to $6
xxPSRxx: raises $3 to $9
TinaTurner72: calls $3
*** FLOP *** [Jd 9s 5s]
xxPSRxx: bets $3
TinaTurner72: calls $3
*** TURN *** [Jd 9s 5s] [Qd]
xxPSRxx: checks
TinaTurner72: bets $6
xxPSRxx: calls $6
*** RIVER *** [Jd 9s 5s Qd] [Ac]
xxPSRxx: checks
TinaTurner72: bets $6
xxPSRxx: calls $6
*** SHOW DOWN ***
TinaTurner72: shows [9h Qh] (two pair, Queens and Nines)
xxPSRxx: mucks hand
TinaTurner72 collected $47.50 from pot
*** SUMMARY ***
Total pot $48 | Rake $0.50
Board [Jd 9s 5s Qd Ac]
Seat 4: xxPSRxx (big blind) mucked
Seat 5: TinaTurner72 (button) (small blind) showed [9h Qh] and won ($47.50) with two pair, Queens and Nines


PokerStars Hand #162270071204:  Hold'em Limit ($3/$6 USD) - 2016/12/01 20:37:11 ET
Table 'Sualocin' 6-max Seat #4 is the button
Seat 4: xxPSRxx ($96.56 in chips)
Seat 5: TinaTurner72 ($88.26 in chips)
xxPSRxx: posts small blind $1
TinaTurner72: posts big blind $3
*** HOLE CARDS ***
xxPSRxx: raises $3 to $6
TinaTurner72: calls $3
*** FLOP *** [3c Kd Js]
TinaTurner72: checks
xxPSRxx: bets $3
TinaTurner72: folds
Uncalled bet ($3) returned to xxPSRxx
xxPSRxx collected $11.76 from pot
xxPSRxx: doesn't show hand
*** SUMMARY ***
Total pot $12 | Rake $0.24
Board [3c Kd Js]
Seat 4: xxPSRxx (button) (small blind) collected ($11.76)
Seat 5: TinaTurner72 (big blind) folded on the Flop


PokerStars Hand #162270107752:  Hold'em Limit ($3/$6 USD) - 2016/12/01 20:38:21 ET
Table 'Sualocin' 6-max Seat #4 is the button
Seat 4: xxPSRxx ($119.82 in chips)
Seat 5: TinaTurner72 ($64.26 in chips)
xxPSRxx: posts small blind $1
TinaTurner72: posts big blind $3
*** HOLE CARDS ***
xxPSRxx: raises $3 to $6
TinaTurner72: calls $3
*** FLOP *** [9s Ac 8h]
TinaTurner72: checks
xxPSRxx: bets $3
TinaTurner72: folds
Uncalled bet ($3) returned to xxPSRxx
xxPSRxx collected $11.76 from pot
xxPSRxx: doesn't show hand
*** SUMMARY ***
Total pot $12 | Rake $0.24
Board [9s Ac 8h]
Seat 4: xxPSRxx (button) (small blind) collected ($11.76)
Seat 5: TinaTurner72 (big blind) folded on the Flop


PokerStars Hand #162270087635:  Hold'em Limit ($3/$6 USD) - 2016/12/01 20:37:43 ET
Table 'Sualocin' 6-max Seat #5 is the button
Seat 4: xxPSRxx ($102.32 in chips)
Seat 5: TinaTurner72 ($82.26 in chips)
TinaTurner72: posts small blind $1
xxPSRxx: posts big blind $3
*** HOLE CARDS ***
TinaTurner72: raises $3 to $6
xxPSRxx: calls $3
*** FLOP *** [5c Js 3s]
xxPSRxx: checks
TinaTurner72: bets $3
xxPSRxx: raises $3 to $6
TinaTurner72: calls $3
*** TURN *** [5c Js 3s] [2s]
xxPSRxx: bets $6
TinaTurner72: calls $6
*** RIVER *** [5c Js 3s 2s] [9c]
xxPSRxx: checks
TinaTurner72: checks
*** SHOW DOWN ***
xxPSRxx: shows [2c Tc] (a pair of Deuces)
TinaTurner72: mucks hand
xxPSRxx collected $35.50 from pot
*** SUMMARY ***
Total pot $36 | Rake $0.50
Board [5c Js 3s 2s 9c]
Seat 4: xxPSRxx (big blind) showed [2c Tc] and won ($35.50) with a pair of Deuces
Seat 5: TinaTurner72 (button) (small blind) mucked


PokerStars Hand #162270160551:  Hold'em Limit ($3/$6 USD) - 2016/12/01 20:39:46 ET
Table 'Sualocin' 6-max Seat #5 is the button
Seat 4: xxPSRxx ($116.58 in chips)
Seat 5: TinaTurner72 ($66.78 in chips)
TinaTurner72: posts small blind $1
xxPSRxx: posts big blind $3
*** HOLE CARDS ***
TinaTurner72: folds
Uncalled bet ($2) returned to xxPSRxx
xxPSRxx collected $2 from pot
xxPSRxx: doesn't show hand
*** SUMMARY ***
Total pot $2 | Rake $0
Seat 4: xxPSRxx (big blind) collected ($2)
Seat 5: TinaTurner72 (button) (small blind) folded before Flop


PokerStars Hand #162270154372:  Hold'em Limit ($3/$6 USD) - 2016/12/01 20:39:34 ET
Table 'Sualocin' 6-max Seat #4 is the button
Seat 4: xxPSRxx ($113.58 in chips)
Seat 5: TinaTurner72 ($69.78 in chips)
xxPSRxx: posts small blind $1
TinaTurner72: posts big blind $3
*** HOLE CARDS ***
xxPSRxx: raises $3 to $6
TinaTurner72: folds
Uncalled bet ($3) returned to xxPSRxx
xxPSRxx collected $6 from pot
xxPSRxx: doesn't show hand
*** SUMMARY ***
Total pot $6 | Rake $0
Seat 4: xxPSRxx (button) (small blind) collected ($6)
Seat 5: TinaTurner72 (big blind) folded before Flop


PokerStars Hand #162270131632:  Hold'em Limit ($3/$6 USD) - 2016/12/01 20:38:51 ET
Table 'Sualocin' 6-max Seat #5 is the button
Seat 4: xxPSRxx ($125.58 in chips)
Seat 5: TinaTurner72 ($58.26 in chips)
TinaTurner72: posts small blind $1
xxPSRxx: posts big blind $3
*** HOLE CARDS ***
TinaTurner72: raises $3 to $6
xxPSRxx: calls $3
*** FLOP *** [9s Qs 3c]
xxPSRxx: checks
TinaTurner72: bets $3
xxPSRxx: raises $3 to $6
TinaTurner72: calls $3
*** TURN *** [9s Qs 3c] [Ad]
xxPSRxx: checks
TinaTurner72: checks
*** RIVER *** [9s Qs 3c Ad] [Kd]
xxPSRxx: checks
TinaTurner72: bets $6
xxPSRxx: folds
Uncalled bet ($6) returned to TinaTurner72
TinaTurner72 collected $23.52 from pot
TinaTurner72: doesn't show hand
*** SUMMARY ***
Total pot $24 | Rake $0.48
Board [9s Qs 3c Ad Kd]
Seat 4: xxPSRxx (big blind) folded on the River
Seat 5: TinaTurner72 (button) (small blind) collected ($23.52)


PokerStars Hand #162270183883:  Hold'em Limit ($3/$6 USD) - 2016/12/01 20:40:31 ET
Table 'Sualocin' 6-max Seat #5 is the button
Seat 4: xxPSRxx ($102.58 in chips)
Seat 5: TinaTurner72 ($140.28 in chips)
TinaTurner72: posts small blind $1
xxPSRxx: posts big blind $3
*** HOLE CARDS ***
TinaTurner72: raises $3 to $6
xxPSRxx: calls $3
*** FLOP *** [8d Kh 4h]
xxPSRxx: checks
TinaTurner72: bets $3
xxPSRxx: calls $3
*** TURN *** [8d Kh 4h] [Ad]
xxPSRxx: checks
TinaTurner72: bets $6
xxPSRxx: folds
Uncalled bet ($6) returned to TinaTurner72
TinaTurner72 collected $17.64 from pot
*** SUMMARY ***
Total pot $18 | Rake $0.36
Board [8d Kh 4h Ad]
Seat 4: xxPSRxx (big blind) folded on the Turn
Seat 5: TinaTurner72 (button) (small blind) collected ($17.64)


PokerStars Hand #162270163867:  Hold'em Limit ($3/$6 USD) - 2016/12/01 20:39:53 ET
Table 'Sualocin' 6-max Seat #4 is the button
Seat 4: xxPSRxx ($117.58 in chips)
Seat 5: TinaTurner72 ($65.78 in chips)
xxPSRxx: posts small blind $1
TinaTurner72: posts big blind $3
*** HOLE CARDS ***
xxPSRxx: raises $3 to $6
TinaTurner72: raises $3 to $9
xxPSRxx: calls $3
*** FLOP *** [3s 3c 5h]
TinaTurner72: bets $3
xxPSRxx: raises $3 to $6
TinaTurner72: calls $3
*** TURN *** [3s 3c 5h] [Jc]
TinaTurner72: checks
xxPSRxx: checks
*** RIVER *** [3s 3c 5h Jc] [Jd]
TinaTurner72: bets $6
xxPSRxx: folds
Uncalled bet ($6) returned to TinaTurner72
TinaTurner72 collected $29.50 from pot
TinaTurner72: doesn't show hand
*** SUMMARY ***
Total pot $30 | Rake $0.50
Board [3s 3c 5h Jc Jd]
Seat 4: xxPSRxx (button) (small blind) folded on the River
Seat 5: TinaTurner72 (big blind) collected ($29.50)


