PokerStars Hand #145819576786:  Hold'em Limit ($3/$6 USD) - 2015/12/23 18:23:30 ET
Table 'Sualocin' 6-max Seat #1 is the button
Seat 1: Velbor107 ($301 in chips)
Seat 6: biermann78 ($59 in chips)
Velbor107: posts small blind $1
biermann78: posts big blind $3
*** HOLE CARDS ***
Velbor107: raises $3 to $6
biermann78: raises $3 to $9
SmellyToes4u joins the table at seat #2
Velbor107: calls $3
*** FLOP *** [6d Th Ah]
biermann78: bets $3
Velbor107: calls $3
*** TURN *** [6d Th Ah] [Qc]
biermann78: bets $6
Velbor107: calls $6
*** RIVER *** [6d Th Ah Qc] [3d]
biermann78: bets $6
Velbor107: calls $6
*** SHOW DOWN ***
biermann78: shows [Ad 9h] (a pair of Aces)
Velbor107: mucks hand
biermann78 collected $47.50 from pot
*** SUMMARY ***
Total pot $48 | Rake $0.50
Board [6d Th Ah Qc 3d]
Seat 1: Velbor107 (button) (small blind) mucked
Seat 6: biermann78 (big blind) showed [Ad 9h] and won ($47.50) with a pair of Aces


PokerStars Hand #145819619706:  Hold'em Limit ($3/$6 USD) - 2015/12/23 18:24:21 ET
Table 'Sualocin' 6-max Seat #6 is the button
Seat 1: Velbor107 ($277 in chips)
Seat 6: biermann78 ($82.50 in chips)
biermann78: posts small blind $1
Velbor107: posts big blind $3
*** HOLE CARDS ***
biermann78: raises $3 to $6
Velbor107: raises $3 to $9
biermann78: calls $3
*** FLOP *** [4h 7h 3h]
Velbor107: bets $3
jhonnystorme joins the table at seat #3
biermann78: folds
Uncalled bet ($3) returned to Velbor107
Velbor107 collected $17.64 from pot
Karpik09 joins the table at seat #4
*** SUMMARY ***
Total pot $18 | Rake $0.36
Board [4h 7h 3h]
Seat 1: Velbor107 (big blind) collected ($17.64)
Seat 6: biermann78 (button) (small blind) folded on the Flop


