PokerStars Hand #162341742802:  Hold'em Limit ($3/$6 USD) - 2016/12/03 9:37:04 ET
Table 'Sualocin II' 6-max Seat #4 is the button
Seat 1: Utkuch ($227.64 in chips)
Seat 4: Great_Kang ($168.70 in chips)
Great_Kang: posts small blind $1
Krazy90: is sitting out
Utkuch: posts big blind $3
*** HOLE CARDS ***
Great_Kang: folds
Uncalled bet ($2) returned to Utkuch
Utkuch collected $2 from pot
*** SUMMARY ***
Total pot $2 | Rake $0
Seat 1: Utkuch (big blind) collected ($2)
Seat 4: Great_Kang (button) (small blind) folded before Flop


PokerStars Hand #162341746927:  Hold'em Limit ($3/$6 USD) - 2016/12/03 9:37:10 ET
Table 'Sualocin II' 6-max Seat #1 is the button
Seat 1: Utkuch ($228.64 in chips)
Seat 4: Great_Kang ($167.70 in chips)
Utkuch: posts small blind $1
Great_Kang: posts big blind $3
*** HOLE CARDS ***
Utkuch: raises $3 to $6
Great_Kang: raises $3 to $9
Utkuch: calls $3
*** FLOP *** [3h Qd 5s]
Great_Kang: bets $3
Utkuch: raises $3 to $6
Great_Kang: calls $3
*** TURN *** [3h Qd 5s] [Ts]
Krazy90 leaves the table
Great_Kang: checks
Utkuch: bets $6
Great_Kang: raises $6 to $12
Utkuch: calls $6
*** RIVER *** [3h Qd 5s Ts] [Ks]
Great_Kang: bets $6
Utkuch: folds
Uncalled bet ($6) returned to Great_Kang
Great_Kang collected $53.50 from pot
Great_Kang: doesn't show hand
*** SUMMARY ***
Total pot $54 | Rake $0.50
Board [3h Qd 5s Ts Ks]
Seat 1: Utkuch (button) (small blind) folded on the River
Seat 4: Great_Kang (big blind) collected ($53.50)


