PokerStars Hand #171828091596:  Hold'em Limit ($3/$6 USD) - 2017/06/15 20:40:11 ET
Table 'Subamara' 6-max Seat #1 is the button
Seat 1: belik555 ($153.32 in chips)
Seat 6: scorpio04 ($150 in chips)
belik555: posts small blind $1
Chessnok: is sitting out
scorpio04: posts big blind $3
*** HOLE CARDS ***
belik555: raises $3 to $6
Chessnok leaves the table
scorpio04: calls $3
*** FLOP *** [7c Js Ts]
MForce007 leaves the table
scorpio04: checks
belik555: bets $3
scorpio04: raises $3 to $6
belik555: calls $3
*** TURN *** [7c Js Ts] [Ks]
scorpio04: bets $6
belik555: calls $6
*** RIVER *** [7c Js Ts Ks] [Td]
scorpio04: checks
EVBET leaves the table
belik555: checks
*** SHOW DOWN ***
scorpio04: shows [Jh 5s] (two pair, Jacks and Tens)
belik555: shows [6s Jc] (two pair, Jacks and Tens)
scorpio04 collected $17.75 from pot
belik555 collected $17.75 from pot
*** SUMMARY ***
Total pot $36 | Rake $0.50
Board [7c Js Ts Ks Td]
Seat 1: belik555 (button) (small blind) showed [6s Jc] and won ($17.75) with two pair, Jacks and Tens
Seat 6: scorpio04 (big blind) showed [Jh 5s] and won ($17.75) with two pair, Jacks and Tens


