PokerStars Hand #172198064384:  Hold'em Limit ($3/$6 USD) - 2017/06/24 19:07:07 ET
Table 'Subamara' 6-max Seat #6 is the button
Seat 3: hassan67 ($120 in chips)
Seat 6: lud 1986 ($82 in chips)
lud 1986: posts small blind $1
hassan67: posts big blind $3
*** HOLE CARDS ***
lud 1986: raises $3 to $6
Jack_Wu1985 joins the table at seat #4
hassan67: calls $3
*** FLOP *** [6s 6d 4d]
hassan67: checks
lud 1986: bets $3
hassan67: raises $3 to $6
lud 1986: folds
Uncalled bet ($3) returned to hassan67
hassan67 collected $17.64 from pot
hassan67: doesn't show hand
*** SUMMARY ***
Total pot $18 | Rake $0.36
Board [6s 6d 4d]
Seat 3: hassan67 (big blind) collected ($17.64)
Seat 6: lud 1986 (button) (small blind) folded on the Flop


PokerStars Hand #172199515414:  Hold'em Limit ($3/$6 USD) - 2017/06/24 19:52:37 ET
Table 'Subamara' 6-max Seat #1 is the button
Seat 1: belik555 ($123.67 in chips)
Seat 3: hassan67 ($128.64 in chips)
belik555: posts small blind $1
hassan67: posts big blind $3
*** HOLE CARDS ***
belik555: folds
Uncalled bet ($2) returned to hassan67
hassan67 collected $2 from pot
hassan67: doesn't show hand
*** SUMMARY ***
Total pot $2 | Rake $0
Seat 1: belik555 (button) (small blind) folded before Flop
Seat 3: hassan67 (big blind) collected ($2)


PokerStars Hand #172199502298:  Hold'em Limit ($3/$6 USD) - 2017/06/24 19:52:11 ET
Table 'Subamara' 6-max Seat #3 is the button
Seat 1: belik555 ($132.67 in chips)
Seat 3: hassan67 ($120 in chips)
hassan67: posts small blind $1
belik555: posts big blind $3
*** HOLE CARDS ***
hassan67: raises $3 to $6
belik555: calls $3
*** FLOP *** [6c 9s Ah]
belik555: checks
hassan67: bets $3
belik555: calls $3
*** TURN *** [6c 9s Ah] [Qs]
belik555: checks
hassan67: bets $6
caliberblue leaves the table
belik555: folds
Uncalled bet ($6) returned to hassan67
hassan67 collected $17.64 from pot
hassan67: doesn't show hand
*** SUMMARY ***
Total pot $18 | Rake $0.36
Board [6c 9s Ah Qs]
Seat 1: belik555 (big blind) folded on the Turn
Seat 3: hassan67 (button) (small blind) collected ($17.64)


