PokerStars Hand #175405807470:  Hold'em Limit ($3/$6 USD) - 2017/09/09 6:48:27 ET
Table 'Subamara' 6-max Seat #4 is the button
Seat 4: VolkovDmitri ($120 in chips)
Seat 5: igorkabmw ($40 in chips)
VolkovDmitri: posts small blind $1
igorkabmw: posts big blind $3
*** HOLE CARDS ***
VolkovDmitri: raises $3 to $6
igorkabmw: calls $3
*** FLOP *** [Ac 4s 8c]
igorkabmw: checks
VolkovDmitri: bets $3
igorkabmw: calls $3
*** TURN *** [Ac 4s 8c] [2h]
igorkabmw: checks
VolkovDmitri: checks
*** RIVER *** [Ac 4s 8c 2h] [7h]
igorkabmw: bets $6
VolkovDmitri: folds
Uncalled bet ($6) returned to igorkabmw
masterblstr8 joins the table at seat #6
igorkabmw collected $17.64 from pot
*** SUMMARY ***
Total pot $18 | Rake $0.36
Board [Ac 4s 8c 2h 7h]
Seat 4: VolkovDmitri (button) (small blind) folded on the River
Seat 5: igorkabmw (big blind) collected ($17.64)


PokerStars Hand #175406875347:  Hold'em Limit ($3/$6 USD) - 2017/09/09 7:28:47 ET
Table 'Subamara' 6-max Seat #5 is the button
Seat 2: jamie2000 ($168.38 in chips)
Seat 5: ICEiceman ($122.88 in chips)
ICEiceman: posts small blind $1
Psynto: is sitting out
jamie2000: posts big blind $3
*** HOLE CARDS ***
Psynto leaves the table
ICEiceman: raises $3 to $6
jamie2000: calls $3
*** FLOP *** [2h 8h Kd]
jamie2000: checks
ICEiceman: checks
*** TURN *** [2h 8h Kd] [6d]
jamie2000: checks
ICEiceman: bets $6
jamie2000: folds
Uncalled bet ($6) returned to ICEiceman
ICEiceman collected $11.76 from pot
ICEiceman: doesn't show hand
*** SUMMARY ***
Total pot $12 | Rake $0.24
Board [2h 8h Kd 6d]
Seat 2: jamie2000 (big blind) folded on the Turn
Seat 5: ICEiceman (button) (small blind) collected ($11.76)


