PokerStars Hand #169110884494:  Hold'em Limit ($3/$6 USD) - 2017/04/16 5:36:47 ET
Table 'Subamara' 10-max Seat #2 is the button
Seat 2: Qvidde ($120 in chips)
Seat 6: AzureCaper ($139.25 in chips)
Qvidde: posts small blind $1
AzureCaper: posts big blind $3
*** HOLE CARDS ***
Perditore1 leaves the table
Qvidde: raises $3 to $6
AzureCaper: folds
Uncalled bet ($3) returned to Qvidde
Qvidde collected $6 from pot
Qvidde: doesn't show hand
*** SUMMARY ***
Total pot $6 | Rake $0
Seat 2: Qvidde (button) (small blind) collected ($6)
Seat 6: AzureCaper (big blind) folded before Flop


PokerStars Hand #169110890342:  Hold'em Limit ($3/$6 USD) - 2017/04/16 5:37:01 ET
Table 'Subamara' 10-max Seat #2 is the button
Seat 2: Qvidde ($124 in chips)
Seat 6: AzureCaper ($135.25 in chips)
Qvidde: posts small blind $1
AzureCaper: posts big blind $3
*** HOLE CARDS ***
Qvidde: raises $3 to $6
AzureCaper: calls $3
*** FLOP *** [9d 3c Ks]
AzureCaper: checks
Qvidde: bets $3
AzureCaper: folds
Uncalled bet ($3) returned to Qvidde
Qvidde collected $11.76 from pot
Qvidde: doesn't show hand
*** SUMMARY ***
Total pot $12 | Rake $0.24
Board [9d 3c Ks]
Seat 2: Qvidde (button) (small blind) collected ($11.76)
Seat 6: AzureCaper (big blind) folded on the Flop


PokerStars Hand #169110896788:  Hold'em Limit ($3/$6 USD) - 2017/04/16 5:37:16 ET
Table 'Subamara' 10-max Seat #6 is the button
Seat 2: Qvidde ($129.76 in chips)
Seat 6: AzureCaper ($129.25 in chips)
AzureCaper: posts small blind $1
Qvidde: posts big blind $3
*** HOLE CARDS ***
AzureCaper: folds
Uncalled bet ($2) returned to Qvidde
AzureCaper leaves the table
Qvidde collected $2 from pot
Qvidde: doesn't show hand
*** SUMMARY ***
Total pot $2 | Rake $0
Seat 2: Qvidde (big blind) collected ($2)
Seat 6: AzureCaper (button) (small blind) folded before Flop


PokerStars Hand #169110887959:  Hold'em Limit ($3/$6 USD) - 2017/04/16 5:36:55 ET
Table 'Subamara' 10-max Seat #6 is the button
Seat 2: Qvidde ($123 in chips)
Seat 6: AzureCaper ($136.25 in chips)
AzureCaper: posts small blind $1
Qvidde: posts big blind $3
*** HOLE CARDS ***
AzureCaper: folds
Uncalled bet ($2) returned to Qvidde
Qvidde collected $2 from pot
Qvidde: doesn't show hand
*** SUMMARY ***
Total pot $2 | Rake $0
Seat 2: Qvidde (big blind) collected ($2)
Seat 6: AzureCaper (button) (small blind) folded before Flop


