PokerStars Hand #151788998738:  Hold'em Limit ($3/$6 USD) - 2016/04/11 19:32:26 ET
Table 'Subra' 6-max Seat #1 is the button
Seat 1: Zubasa07 ($500 in chips)
Seat 2: ajmaster333 ($65 in chips)
Zubasa07: posts small blind $1
ajmaster333: posts big blind $3
*** HOLE CARDS ***
Zubasa07: raises $3 to $6
ajmaster333: raises $3 to $9
Zubasa07: calls $3
*** FLOP *** [4c 5s Jh]
ajmaster333: bets $3
Zubasa07: calls $3
*** TURN *** [4c 5s Jh] [8c]
ajmaster333: bets $6
Zubasa07: calls $6
*** RIVER *** [4c 5s Jh 8c] [7h]
ajmaster333: bets $6
Zubasa07: folds
Uncalled bet ($6) returned to ajmaster333
ajmaster333 collected $35.50 from pot
ajmaster333: doesn't show hand
*** SUMMARY ***
Total pot $36 | Rake $0.50
Board [4c 5s Jh 8c 7h]
Seat 1: Zubasa07 (button) (small blind) folded on the River
Seat 2: ajmaster333 (big blind) collected ($35.50)


PokerStars Hand #151789029496:  Hold'em Limit ($3/$6 USD) - 2016/04/11 19:33:18 ET
Table 'Subra' 6-max Seat #2 is the button
Seat 1: Zubasa07 ($482 in chips)
Seat 2: ajmaster333 ($82.50 in chips)
ajmaster333: posts small blind $1
Zubasa07: posts big blind $3
*** HOLE CARDS ***
ajmaster333: calls $2
Zubasa07: checks
*** FLOP *** [7s Qs 7d]
Zubasa07: checks
ajmaster333: bets $3
Zubasa07: folds
Uncalled bet ($3) returned to ajmaster333
ajmaster333 collected $5.88 from pot
ajmaster333: doesn't show hand
*** SUMMARY ***
Total pot $6 | Rake $0.12
Board [7s Qs 7d]
Seat 1: Zubasa07 (big blind) folded on the Flop
Seat 2: ajmaster333 (button) (small blind) collected ($5.88)


PokerStars Hand #151789038793:  Hold'em Limit ($3/$6 USD) - 2016/04/11 19:33:34 ET
Table 'Subra' 6-max Seat #1 is the button
Seat 1: Zubasa07 ($479 in chips)
Seat 2: ajmaster333 ($85.38 in chips)
Zubasa07: posts small blind $1
ajmaster333: posts big blind $3
*** HOLE CARDS ***
Zubasa07: raises $3 to $6
ajmaster333: calls $3
*** FLOP *** [3d Js 9d]
ajmaster333: checks
Zubasa07: bets $3
ajmaster333: folds
Uncalled bet ($3) returned to Zubasa07
Zubasa07 collected $11.76 from pot
Zubasa07: doesn't show hand
*** SUMMARY ***
Total pot $12 | Rake $0.24
Board [3d Js 9d]
Seat 1: Zubasa07 (button) (small blind) collected ($11.76)
Seat 2: ajmaster333 (big blind) folded on the Flop


PokerStars Hand #151789046831:  Hold'em Limit ($3/$6 USD) - 2016/04/11 19:33:48 ET
Table 'Subra' 6-max Seat #2 is the button
Seat 1: Zubasa07 ($484.76 in chips)
Seat 2: ajmaster333 ($79.38 in chips)
ajmaster333: posts small blind $1
Zubasa07: posts big blind $3
*** HOLE CARDS ***
ajmaster333: raises $3 to $6
Zubasa07: calls $3
*** FLOP *** [7d 9c Ac]
Zubasa07: checks
ajmaster333: bets $3
Zubasa07: calls $3
*** TURN *** [7d 9c Ac] [3d]
Zubasa07: checks
ajmaster333: bets $6
Zubasa07: calls $6
*** RIVER *** [7d 9c Ac 3d] [Qh]
Zubasa07: checks
ajmaster333: checks
*** SHOW DOWN ***
Zubasa07: shows [Ks 4d] (high card Ace)
ajmaster333: shows [2d Kh] (high card Ace)
Zubasa07 collected $14.75 from pot
ajmaster333 collected $14.75 from pot
*** SUMMARY ***
Total pot $30 | Rake $0.50
Board [7d 9c Ac 3d Qh]
Seat 1: Zubasa07 (big blind) showed [Ks 4d] and won ($14.75) with high card Ace
Seat 2: ajmaster333 (button) (small blind) showed [2d Kh] and won ($14.75) with high card Ace


PokerStars Hand #151789072937:  Hold'em Limit ($3/$6 USD) - 2016/04/11 19:34:33 ET
Table 'Subra' 6-max Seat #1 is the button
Seat 1: Zubasa07 ($484.51 in chips)
Seat 2: ajmaster333 ($79.13 in chips)
Zubasa07: posts small blind $1
ajmaster333: posts big blind $3
*** HOLE CARDS ***
Zubasa07: raises $3 to $6
ajmaster333: calls $3
*** FLOP *** [5s Kh Ts]
ajmaster333: checks
Zubasa07: bets $3
ajmaster333: calls $3
*** TURN *** [5s Kh Ts] [7c]
ajmaster333: checks
Zubasa07: bets $6
ajmaster333: raises $6 to $12
Zubasa07: calls $6
*** RIVER *** [5s Kh Ts 7c] [3s]
ajmaster333: bets $6
fourthtry joins the table at seat #4
Zubasa07: calls $6
*** SHOW DOWN ***
ajmaster333: shows [4c Kd] (a pair of Kings)
Zubasa07: shows [6h Kc] (a pair of Kings - Ten+Seven+Six kicker)
Zubasa07 collected $53.50 from pot
*** SUMMARY ***
Total pot $54 | Rake $0.50
Board [5s Kh Ts 7c 3s]
Seat 1: Zubasa07 (button) (small blind) showed [6h Kc] and won ($53.50) with a pair of Kings
Seat 2: ajmaster333 (big blind) showed [4c Kd] and lost with a pair of Kings


PokerStars Hand #151789402326:  Hold'em Limit ($3/$6 USD) - 2016/04/11 19:44:08 ET
Table 'Subra' 6-max Seat #1 is the button
Seat 1: Zubasa07 ($544.39 in chips)
Seat 5: Yell0wBack ($454.22 in chips)
Zubasa07: posts small blind $1
vestimokrec: is sitting out
Yell0wBack: posts big blind $3
*** HOLE CARDS ***
Zubasa07: raises $3 to $6
Yell0wBack: raises $3 to $9
vestimokrec leaves the table
Zubasa07: calls $3
*** FLOP *** [7h Ad Jd]
lelala joins the table at seat #6
Yell0wBack: bets $3
Zubasa07: calls $3
*** TURN *** [7h Ad Jd] [7c]
Yell0wBack: bets $6
Zubasa07: folds
Uncalled bet ($6) returned to Yell0wBack
Yell0wBack collected $23.52 from pot
Yell0wBack: doesn't show hand
*** SUMMARY ***
Total pot $24 | Rake $0.48
Board [7h Ad Jd 7c]
Seat 1: Zubasa07 (button) (small blind) folded on the Turn
Seat 5: Yell0wBack (big blind) collected ($23.52)


PokerStars Hand #151789426514:  Hold'em Limit ($3/$6 USD) - 2016/04/11 19:44:50 ET
Table 'Subra' 6-max Seat #6 is the button
Seat 5: Yell0wBack ($464.74 in chips)
Seat 6: lelala ($121 in chips)
lelala: posts small blind $1
Zubasa07: is sitting out
Yell0wBack: posts big blind $3
*** HOLE CARDS ***
Zubasa07 leaves the table
lelala: folds
Uncalled bet ($2) returned to Yell0wBack
Yell0wBack collected $2 from pot
Yell0wBack: doesn't show hand
*** SUMMARY ***
Total pot $2 | Rake $0
Seat 5: Yell0wBack (big blind) collected ($2)
Seat 6: lelala (button) (small blind) folded before Flop


PokerStars Hand #151789429597:  Hold'em Limit ($3/$6 USD) - 2016/04/11 19:44:56 ET
Table 'Subra' 6-max Seat #5 is the button
Seat 5: Yell0wBack ($465.74 in chips)
Seat 6: lelala ($120 in chips)
Yell0wBack: posts small blind $1
lelala: posts big blind $3
*** HOLE CARDS ***
Yell0wBack: raises $3 to $6
lelala: raises $3 to $9
Yell0wBack: calls $3
*** FLOP *** [As 4s Qc]
lelala: bets $3
Yell0wBack: folds
Uncalled bet ($3) returned to lelala
lelala collected $17.64 from pot
*** SUMMARY ***
Total pot $18 | Rake $0.36
Board [As 4s Qc]
Seat 5: Yell0wBack (button) (small blind) folded on the Flop
Seat 6: lelala (big blind) collected ($17.64)


PokerStars Hand #151789439577:  Hold'em Limit ($3/$6 USD) - 2016/04/11 19:45:13 ET
Table 'Subra' 6-max Seat #6 is the button
Seat 5: Yell0wBack ($456.74 in chips)
Seat 6: lelala ($128.64 in chips)
lelala: posts small blind $1
Yell0wBack: posts big blind $3
*** HOLE CARDS ***
lelala: folds
Uncalled bet ($2) returned to Yell0wBack
Yell0wBack collected $2 from pot
Yell0wBack: doesn't show hand
*** SUMMARY ***
Total pot $2 | Rake $0
Seat 5: Yell0wBack (big blind) collected ($2)
Seat 6: lelala (button) (small blind) folded before Flop


