PokerStars Hand #148035996701:  Hold'em Limit ($3/$6 USD) - 2016/02/01 0:42:36 ET
Table 'Subra' 6-max Seat #4 is the button
Seat 3: ajbooomX ($119 in chips)
Seat 4: AzureCaper ($73 in chips)
AzureCaper: posts small blind $1
ajbooomX: posts big blind $3
*** HOLE CARDS ***
AzureCaper: folds
Uncalled bet ($2) returned to ajbooomX
ajbooomX collected $2 from pot
ajbooomX: doesn't show hand
*** SUMMARY ***
Total pot $2 | Rake $0
Seat 3: ajbooomX (big blind) collected ($2)
Seat 4: AzureCaper (button) (small blind) folded before Flop


PokerStars Hand #148035994702:  Hold'em Limit ($3/$6 USD) - 2016/02/01 0:42:28 ET
Table 'Subra' 6-max Seat #3 is the button
Seat 3: ajbooomX ($120 in chips)
Seat 4: AzureCaper ($72 in chips)
ajbooomX: posts small blind $1
AzureCaper: posts big blind $3
*** HOLE CARDS ***
ajbooomX: folds
Uncalled bet ($2) returned to AzureCaper
AzureCaper collected $2 from pot
AzureCaper: doesn't show hand
*** SUMMARY ***
Total pot $2 | Rake $0
Seat 3: ajbooomX (button) (small blind) folded before Flop
Seat 4: AzureCaper (big blind) collected ($2)


PokerStars Hand #148036002540:  Hold'em Limit ($3/$6 USD) - 2016/02/01 0:42:58 ET
Table 'Subra' 6-max Seat #3 is the button
Seat 3: ajbooomX ($127.64 in chips)
Seat 4: AzureCaper ($72 in chips)
ajbooomX: posts small blind $1
AzureCaper: posts big blind $3
*** HOLE CARDS ***
ajbooomX: calls $2
AzureCaper: checks
*** FLOP *** [5s 6s 6c]
AzureCaper: bets $3
ajbooomX: calls $3
*** TURN *** [5s 6s 6c] [3h]
AzureCaper: bets $6
ajbooomX: calls $6
*** RIVER *** [5s 6s 6c 3h] [2d]
AzureCaper: bets $6
ajbooomX: raises $6 to $12
AzureCaper: calls $6
*** SHOW DOWN ***
ajbooomX: shows [8d 4d] (a straight, Deuce to Six)
AzureCaper: mucks hand
ajbooomX collected $47.50 from pot
*** SUMMARY ***
Total pot $48 | Rake $0.50
Board [5s 6s 6c 3h 2d]
Seat 3: ajbooomX (button) (small blind) showed [8d 4d] and won ($47.50) with a straight, Deuce to Six
Seat 4: AzureCaper (big blind) mucked


PokerStars Hand #148035999476:  Hold'em Limit ($3/$6 USD) - 2016/02/01 0:42:46 ET
Table 'Subra' 6-max Seat #4 is the button
Seat 3: ajbooomX ($119 in chips)
Seat 4: AzureCaper ($73 in chips)
AzureCaper: posts small blind $1
ajbooomX: posts big blind $3
*** HOLE CARDS ***
AzureCaper: raises $3 to $6
ajbooomX: raises $3 to $9
AzureCaper: calls $3
*** FLOP *** [8s 8c Qs]
ajbooomX: bets $3
AzureCaper: folds
Uncalled bet ($3) returned to ajbooomX
ajbooomX collected $17.64 from pot
ajbooomX: doesn't show hand
*** SUMMARY ***
Total pot $18 | Rake $0.36
Board [8s 8c Qs]
Seat 3: ajbooomX (big blind) collected ($17.64)
Seat 4: AzureCaper (button) (small blind) folded on the Flop


PokerStars Hand #148036010639:  Hold'em Limit ($3/$6 USD) - 2016/02/01 0:43:28 ET
Table 'Subra' 6-max Seat #4 is the button
Seat 3: ajbooomX ($151.14 in chips)
Seat 4: AzureCaper ($72 in chips)
AzureCaper: posts small blind $1
ajbooomX: posts big blind $3
*** HOLE CARDS ***
AzureCaper: raises $3 to $6
ajbooomX: calls $3
*** FLOP *** [Jh 6c 9c]
ajbooomX: checks
AzureCaper: bets $3
ajbooomX: calls $3
*** TURN *** [Jh 6c 9c] [7d]
ajbooomX: checks
AzureCaper: checks
*** RIVER *** [Jh 6c 9c 7d] [8s]
ajbooomX: checks
AzureCaper: checks
*** SHOW DOWN ***
ajbooomX: shows [6h As] (a pair of Sixes)
AzureCaper: mucks hand
ajbooomX collected $17.64 from pot
*** SUMMARY ***
Total pot $18 | Rake $0.36
Board [Jh 6c 9c 7d 8s]
Seat 3: ajbooomX (big blind) showed [6h As] and won ($17.64) with a pair of Sixes
Seat 4: AzureCaper (button) (small blind) mucked


PokerStars Hand #148036023853:  Hold'em Limit ($3/$6 USD) - 2016/02/01 0:44:17 ET
Table 'Subra' 6-max Seat #4 is the button
Seat 3: ajbooomX ($165.54 in chips)
Seat 4: AzureCaper ($72 in chips)
AzureCaper: posts small blind $1
ajbooomX: posts big blind $3
*** HOLE CARDS ***
AzureCaper: folds
Uncalled bet ($2) returned to ajbooomX
ajbooomX collected $2 from pot
ajbooomX: doesn't show hand
*** SUMMARY ***
Total pot $2 | Rake $0
Seat 3: ajbooomX (big blind) collected ($2)
Seat 4: AzureCaper (button) (small blind) folded before Flop


PokerStars Hand #148036019204:  Hold'em Limit ($3/$6 USD) - 2016/02/01 0:44:00 ET
Table 'Subra' 6-max Seat #3 is the button
Seat 3: ajbooomX ($159.78 in chips)
Seat 4: AzureCaper ($72 in chips)
ajbooomX: posts small blind $1
AzureCaper: posts big blind $3
*** HOLE CARDS ***
ajbooomX: calls $2
AzureCaper: checks
*** FLOP *** [5c Ts 6h]
AzureCaper: bets $3
ajbooomX: raises $3 to $6
AzureCaper: folds
Uncalled bet ($3) returned to ajbooomX
ajbooomX collected $11.76 from pot
ajbooomX: doesn't show hand
*** SUMMARY ***
Total pot $12 | Rake $0.24
Board [5c Ts 6h]
Seat 3: ajbooomX (button) (small blind) collected ($11.76)
Seat 4: AzureCaper (big blind) folded on the Flop


PokerStars Hand #148036039586:  Hold'em Limit ($3/$6 USD) - 2016/02/01 0:45:15 ET
Table 'Subra' 6-max Seat #3 is the button
Seat 3: ajbooomX ($167.42 in chips)
Seat 4: AzureCaper ($73.76 in chips)
ajbooomX: posts small blind $1
AzureCaper: posts big blind $3
*** HOLE CARDS ***
ajbooomX: folds
Uncalled bet ($2) returned to AzureCaper
AzureCaper collected $2 from pot
AzureCaper: doesn't show hand
*** SUMMARY ***
Total pot $2 | Rake $0
Seat 3: ajbooomX (button) (small blind) folded before Flop
Seat 4: AzureCaper (big blind) collected ($2)


PokerStars Hand #148036038050:  Hold'em Limit ($3/$6 USD) - 2016/02/01 0:45:10 ET
Table 'Subra' 6-max Seat #4 is the button
Seat 3: ajbooomX ($166.42 in chips)
Seat 4: AzureCaper ($74.76 in chips)
AzureCaper: posts small blind $1
ajbooomX: posts big blind $3
*** HOLE CARDS ***
AzureCaper: folds
Uncalled bet ($2) returned to ajbooomX
ajbooomX collected $2 from pot
ajbooomX: doesn't show hand
*** SUMMARY ***
Total pot $2 | Rake $0
Seat 3: ajbooomX (big blind) collected ($2)
Seat 4: AzureCaper (button) (small blind) folded before Flop


PokerStars Hand #148036036034:  Hold'em Limit ($3/$6 USD) - 2016/02/01 0:45:02 ET
Table 'Subra' 6-max Seat #3 is the button
Seat 3: ajbooomX ($163.42 in chips)
Seat 4: AzureCaper ($77.76 in chips)
ajbooomX: posts small blind $1
AzureCaper: posts big blind $3
*** HOLE CARDS ***
ajbooomX: raises $3 to $6
AzureCaper: folds
Uncalled bet ($3) returned to ajbooomX
ajbooomX collected $6 from pot
ajbooomX: doesn't show hand
*** SUMMARY ***
Total pot $6 | Rake $0
Seat 3: ajbooomX (button) (small blind) collected ($6)
Seat 4: AzureCaper (big blind) folded before Flop


PokerStars Hand #148036040879:  Hold'em Limit ($3/$6 USD) - 2016/02/01 0:45:20 ET
Table 'Subra' 6-max Seat #4 is the button
Seat 3: ajbooomX ($166.42 in chips)
Seat 4: AzureCaper ($74.76 in chips)
AzureCaper: posts small blind $1
ajbooomX: posts big blind $3
*** HOLE CARDS ***
AzureCaper: folds
Uncalled bet ($2) returned to ajbooomX
ajbooomX collected $2 from pot
ajbooomX: doesn't show hand
*** SUMMARY ***
Total pot $2 | Rake $0
Seat 3: ajbooomX (big blind) collected ($2)
Seat 4: AzureCaper (button) (small blind) folded before Flop


PokerStars Hand #148036031319:  Hold'em Limit ($3/$6 USD) - 2016/02/01 0:44:45 ET
Table 'Subra' 6-max Seat #4 is the button
Seat 3: ajbooomX ($169.42 in chips)
Seat 4: AzureCaper ($72 in chips)
AzureCaper: posts small blind $1
ajbooomX: posts big blind $3
*** HOLE CARDS ***
AzureCaper: raises $3 to $6
ajbooomX: calls $3
*** FLOP *** [4h Jc 2s]
ajbooomX: checks
AzureCaper: bets $3
ajbooomX: folds
Uncalled bet ($3) returned to AzureCaper
AzureCaper collected $11.76 from pot
AzureCaper: doesn't show hand
*** SUMMARY ***
Total pot $12 | Rake $0.24
Board [4h Jc 2s]
Seat 3: ajbooomX (big blind) folded on the Flop
Seat 4: AzureCaper (button) (small blind) collected ($11.76)


PokerStars Hand #148036025290:  Hold'em Limit ($3/$6 USD) - 2016/02/01 0:44:23 ET
Table 'Subra' 6-max Seat #3 is the button
Seat 3: ajbooomX ($166.54 in chips)
Seat 4: AzureCaper ($72 in chips)
ajbooomX: posts small blind $1
AzureCaper: posts big blind $3
*** HOLE CARDS ***
ajbooomX: calls $2
AzureCaper: checks
*** FLOP *** [Jd Qc Kc]
AzureCaper: checks
ajbooomX: checks
*** TURN *** [Jd Qc Kc] [8h]
AzureCaper: checks
ajbooomX: checks
*** RIVER *** [Jd Qc Kc 8h] [Js]
AzureCaper: checks
ajbooomX: checks
*** SHOW DOWN ***
AzureCaper: shows [9c 2h] (a pair of Jacks)
ajbooomX: shows [6s Th] (a pair of Jacks - King+Queen+Ten kicker)
ajbooomX collected $5.88 from pot
*** SUMMARY ***
Total pot $6 | Rake $0.12
Board [Jd Qc Kc 8h Js]
Seat 3: ajbooomX (button) (small blind) showed [6s Th] and won ($5.88) with a pair of Jacks
Seat 4: AzureCaper (big blind) showed [9c 2h] and lost with a pair of Jacks


PokerStars Hand #148036042125:  Hold'em Limit ($3/$6 USD) - 2016/02/01 0:45:25 ET
Table 'Subra' 6-max Seat #3 is the button
Seat 3: ajbooomX ($167.42 in chips)
Seat 4: AzureCaper ($73.76 in chips)
ajbooomX: posts small blind $1
AzureCaper: posts big blind $3
*** HOLE CARDS ***
ajbooomX: calls $2
AzureCaper: checks
*** FLOP *** [6h Kc Qd]
AzureCaper: checks
ajbooomX: bets $3
AzureCaper: folds
Uncalled bet ($3) returned to ajbooomX
ajbooomX collected $5.88 from pot
ajbooomX: doesn't show hand
*** SUMMARY ***
Total pot $6 | Rake $0.12
Board [6h Kc Qd]
Seat 3: ajbooomX (button) (small blind) collected ($5.88)
Seat 4: AzureCaper (big blind) folded on the Flop


PokerStars Hand #148036049597:  Hold'em Limit ($3/$6 USD) - 2016/02/01 0:45:52 ET
Table 'Subra' 6-max Seat #3 is the button
Seat 3: ajbooomX ($164.30 in chips)
Seat 4: AzureCaper ($77.76 in chips)
ajbooomX: posts small blind $1
AzureCaper: posts big blind $3
*** HOLE CARDS ***
ajbooomX: calls $2
AzureCaper: checks
*** FLOP *** [Td Ac 9c]
AzureCaper: checks
ajbooomX: bets $3
AzureCaper: folds
Uncalled bet ($3) returned to ajbooomX
ajbooomX collected $5.88 from pot
ajbooomX: doesn't show hand
*** SUMMARY ***
Total pot $6 | Rake $0.12
Board [Td Ac 9c]
Seat 3: ajbooomX (button) (small blind) collected ($5.88)
Seat 4: AzureCaper (big blind) folded on the Flop


PokerStars Hand #148036046698:  Hold'em Limit ($3/$6 USD) - 2016/02/01 0:45:42 ET
Table 'Subra' 6-max Seat #4 is the button
Seat 3: ajbooomX ($170.30 in chips)
Seat 4: AzureCaper ($72 in chips)
AzureCaper: posts small blind $1
ajbooomX: posts big blind $3
*** HOLE CARDS ***
AzureCaper: raises $3 to $6
ajbooomX: calls $3
*** FLOP *** [9h 2s 4d]
ajbooomX: checks
AzureCaper: bets $3
ajbooomX: folds
Uncalled bet ($3) returned to AzureCaper
AzureCaper collected $11.76 from pot
AzureCaper: doesn't show hand
*** SUMMARY ***
Total pot $12 | Rake $0.24
Board [9h 2s 4d]
Seat 3: ajbooomX (big blind) folded on the Flop
Seat 4: AzureCaper (button) (small blind) collected ($11.76)


PokerStars Hand #148036057470:  Hold'em Limit ($3/$6 USD) - 2016/02/01 0:46:21 ET
Table 'Subra' 6-max Seat #4 is the button
Seat 3: ajbooomX ($165.18 in chips)
Seat 4: AzureCaper ($76.64 in chips)
AzureCaper: posts small blind $1
ajbooomX: posts big blind $3
*** HOLE CARDS ***
AzureCaper: raises $3 to $6
ajbooomX: calls $3
*** FLOP *** [4d 8c Ts]
ajbooomX: checks
AzureCaper: bets $3
ajbooomX: calls $3
*** TURN *** [4d 8c Ts] [7s]
ajbooomX: checks
AzureCaper: bets $6
ajbooomX: folds
Uncalled bet ($6) returned to AzureCaper
AzureCaper collected $17.64 from pot
AzureCaper: doesn't show hand
*** SUMMARY ***
Total pot $18 | Rake $0.36
Board [4d 8c Ts 7s]
Seat 3: ajbooomX (big blind) folded on the Turn
Seat 4: AzureCaper (button) (small blind) collected ($17.64)


PokerStars Hand #148036052799:  Hold'em Limit ($3/$6 USD) - 2016/02/01 0:46:04 ET
Table 'Subra' 6-max Seat #4 is the button
Seat 3: ajbooomX ($167.18 in chips)
Seat 4: AzureCaper ($74.76 in chips)
AzureCaper: posts small blind $1
ajbooomX: posts big blind $3
*** HOLE CARDS ***
AzureCaper: folds
Uncalled bet ($2) returned to ajbooomX
ajbooomX collected $2 from pot
ajbooomX: doesn't show hand
*** SUMMARY ***
Total pot $2 | Rake $0
Seat 3: ajbooomX (big blind) collected ($2)
Seat 4: AzureCaper (button) (small blind) folded before Flop


PokerStars Hand #148036053982:  Hold'em Limit ($3/$6 USD) - 2016/02/01 0:46:08 ET
Table 'Subra' 6-max Seat #3 is the button
Seat 3: ajbooomX ($168.18 in chips)
Seat 4: AzureCaper ($73.76 in chips)
ajbooomX: posts small blind $1
AzureCaper: posts big blind $3
*** HOLE CARDS ***
ajbooomX: calls $2
AzureCaper: checks
*** FLOP *** [Qh 7c 4h]
AzureCaper: bets $3
ajbooomX: folds
Uncalled bet ($3) returned to AzureCaper
AzureCaper collected $5.88 from pot
AzureCaper: doesn't show hand
*** SUMMARY ***
Total pot $6 | Rake $0.12
Board [Qh 7c 4h]
Seat 3: ajbooomX (button) (small blind) folded on the Flop
Seat 4: AzureCaper (big blind) collected ($5.88)


PokerStars Hand #148036069908:  Hold'em Limit ($3/$6 USD) - 2016/02/01 0:47:07 ET
Table 'Subra' 6-max Seat #3 is the button
Seat 3: ajbooomX ($130.18 in chips)
Seat 4: AzureCaper ($110.78 in chips)
ajbooomX: posts small blind $1
AzureCaper: posts big blind $3
*** HOLE CARDS ***
ajbooomX: raises $3 to $6
AzureCaper: calls $3
*** FLOP *** [2c 4c 7s]
AzureCaper: bets $3
ajbooomX: raises $3 to $6
AzureCaper: calls $3
*** TURN *** [2c 4c 7s] [2s]
AzureCaper: checks
ajbooomX: bets $6
AzureCaper: calls $6
*** RIVER *** [2c 4c 7s 2s] [9c]
AzureCaper: checks
ajbooomX: bets $6
AzureCaper: folds
Uncalled bet ($6) returned to ajbooomX
ajbooomX collected $35.50 from pot
ajbooomX: doesn't show hand
*** SUMMARY ***
Total pot $36 | Rake $0.50
Board [2c 4c 7s 2s 9c]
Seat 3: ajbooomX (button) (small blind) collected ($35.50)
Seat 4: AzureCaper (big blind) folded on the River


PokerStars Hand #148036068699:  Hold'em Limit ($3/$6 USD) - 2016/02/01 0:47:03 ET
Table 'Subra' 6-max Seat #4 is the button
Seat 3: ajbooomX ($129.18 in chips)
Seat 4: AzureCaper ($111.78 in chips)
AzureCaper: posts small blind $1
ajbooomX: posts big blind $3
*** HOLE CARDS ***
AzureCaper: folds
Uncalled bet ($2) returned to ajbooomX
ajbooomX collected $2 from pot
ajbooomX: doesn't show hand
*** SUMMARY ***
Total pot $2 | Rake $0
Seat 3: ajbooomX (big blind) collected ($2)
Seat 4: AzureCaper (button) (small blind) folded before Flop


PokerStars Hand #148036063042:  Hold'em Limit ($3/$6 USD) - 2016/02/01 0:46:42 ET
Table 'Subra' 6-max Seat #3 is the button
Seat 3: ajbooomX ($156.18 in chips)
Seat 4: AzureCaper ($85.28 in chips)
ajbooomX: posts small blind $1
AzureCaper: posts big blind $3
*** HOLE CARDS ***
ajbooomX: raises $3 to $6
AzureCaper: raises $3 to $9
ajbooomX: calls $3
*** FLOP *** [4c 8d 8h]
AzureCaper: bets $3
ajbooomX: raises $3 to $6
AzureCaper: calls $3
*** TURN *** [4c 8d 8h] [8c]
AzureCaper: checks
ajbooomX: bets $6
AzureCaper: calls $6
*** RIVER *** [4c 8d 8h 8c] [Kd]
AzureCaper: checks
ajbooomX: bets $6
AzureCaper: raises $6 to $12
ajbooomX: folds
Uncalled bet ($6) returned to AzureCaper
AzureCaper collected $53.50 from pot
AzureCaper: doesn't show hand
*** SUMMARY ***
Total pot $54 | Rake $0.50
Board [4c 8d 8h 8c Kd]
Seat 3: ajbooomX (button) (small blind) folded on the River
Seat 4: AzureCaper (big blind) collected ($53.50)


PokerStars Hand #148036085666:  Hold'em Limit ($3/$6 USD) - 2016/02/01 0:48:05 ET
Table 'Subra' 6-max Seat #3 is the button
Seat 3: ajbooomX ($130.68 in chips)
Seat 4: AzureCaper ($109.16 in chips)
ajbooomX: posts small blind $1
AzureCaper: posts big blind $3
*** HOLE CARDS ***
ajbooomX: raises $3 to $6
AzureCaper: folds
Uncalled bet ($3) returned to ajbooomX
ajbooomX collected $6 from pot
ajbooomX: doesn't show hand
*** SUMMARY ***
Total pot $6 | Rake $0
Seat 3: ajbooomX (button) (small blind) collected ($6)
Seat 4: AzureCaper (big blind) folded before Flop


PokerStars Hand #148036084531:  Hold'em Limit ($3/$6 USD) - 2016/02/01 0:48:01 ET
Table 'Subra' 6-max Seat #4 is the button
Seat 3: ajbooomX ($129.68 in chips)
Seat 4: AzureCaper ($110.16 in chips)
AzureCaper: posts small blind $1
ajbooomX: posts big blind $3
*** HOLE CARDS ***
AzureCaper: folds
Uncalled bet ($2) returned to ajbooomX
ajbooomX collected $2 from pot
ajbooomX: doesn't show hand
*** SUMMARY ***
Total pot $2 | Rake $0
Seat 3: ajbooomX (big blind) collected ($2)
Seat 4: AzureCaper (button) (small blind) folded before Flop


PokerStars Hand #148036081742:  Hold'em Limit ($3/$6 USD) - 2016/02/01 0:47:51 ET
Table 'Subra' 6-max Seat #3 is the button
Seat 3: ajbooomX ($132.68 in chips)
Seat 4: AzureCaper ($107.28 in chips)
ajbooomX: posts small blind $1
AzureCaper: posts big blind $3
*** HOLE CARDS ***
ajbooomX: calls $2
AzureCaper: checks
*** FLOP *** [2c Td 4h]
AzureCaper: bets $3
ajbooomX: folds
Uncalled bet ($3) returned to AzureCaper
AzureCaper collected $5.88 from pot
AzureCaper: doesn't show hand
*** SUMMARY ***
Total pot $6 | Rake $0.12
Board [2c Td 4h]
Seat 3: ajbooomX (button) (small blind) folded on the Flop
Seat 4: AzureCaper (big blind) collected ($5.88)


PokerStars Hand #148036077207:  Hold'em Limit ($3/$6 USD) - 2016/02/01 0:47:34 ET
Table 'Subra' 6-max Seat #4 is the button
Seat 3: ajbooomX ($147.68 in chips)
Seat 4: AzureCaper ($92.78 in chips)
AzureCaper: posts small blind $1
ajbooomX: posts big blind $3
*** HOLE CARDS ***
AzureCaper: raises $3 to $6
ajbooomX: calls $3
*** FLOP *** [7h 2s 9c]
ajbooomX: checks
AzureCaper: bets $3
ajbooomX: calls $3
*** TURN *** [7h 2s 9c] [8c]
ajbooomX: checks
AzureCaper: bets $6
ajbooomX: calls $6
*** RIVER *** [7h 2s 9c 8c] [3s]
ajbooomX: checks
AzureCaper: checks
*** SHOW DOWN ***
ajbooomX: shows [6c Ah] (high card Ace)
AzureCaper: shows [Ac 7c] (a pair of Sevens)
AzureCaper collected $29.50 from pot
*** SUMMARY ***
Total pot $30 | Rake $0.50
Board [7h 2s 9c 8c 3s]
Seat 3: ajbooomX (big blind) showed [6c Ah] and lost with high card Ace
Seat 4: AzureCaper (button) (small blind) showed [Ac 7c] and won ($29.50) with a pair of Sevens


PokerStars Hand #148036089192:  Hold'em Limit ($3/$6 USD) - 2016/02/01 0:48:18 ET
Table 'Subra' 6-max Seat #3 is the button
Seat 3: ajbooomX ($134.68 in chips)
Seat 4: AzureCaper ($105.16 in chips)
ajbooomX: posts small blind $1
AzureCaper: posts big blind $3
*** HOLE CARDS ***
ajbooomX: calls $2
AzureCaper: checks
*** FLOP *** [Ah 3c Td]
AzureCaper: bets $3
ajbooomX: folds
Uncalled bet ($3) returned to AzureCaper
AzureCaper collected $5.88 from pot
AzureCaper: doesn't show hand
*** SUMMARY ***
Total pot $6 | Rake $0.12
Board [Ah 3c Td]
Seat 3: ajbooomX (button) (small blind) folded on the Flop
Seat 4: AzureCaper (big blind) collected ($5.88)


PokerStars Hand #148036087353:  Hold'em Limit ($3/$6 USD) - 2016/02/01 0:48:11 ET
Table 'Subra' 6-max Seat #4 is the button
Seat 3: ajbooomX ($133.68 in chips)
Seat 4: AzureCaper ($106.16 in chips)
AzureCaper: posts small blind $1
ajbooomX: posts big blind $3
*** HOLE CARDS ***
AzureCaper: folds
Uncalled bet ($2) returned to ajbooomX
ajbooomX collected $2 from pot
ajbooomX: doesn't show hand
*** SUMMARY ***
Total pot $2 | Rake $0
Seat 3: ajbooomX (big blind) collected ($2)
Seat 4: AzureCaper (button) (small blind) folded before Flop


PokerStars Hand #148036093294:  Hold'em Limit ($3/$6 USD) - 2016/02/01 0:48:33 ET
Table 'Subra' 6-max Seat #4 is the button
Seat 3: ajbooomX ($131.68 in chips)
Seat 4: AzureCaper ($108.04 in chips)
AzureCaper: posts small blind $1
ajbooomX: posts big blind $3
*** HOLE CARDS ***
AzureCaper: folds
Uncalled bet ($2) returned to ajbooomX
ajbooomX collected $2 from pot
ajbooomX: doesn't show hand
*** SUMMARY ***
Total pot $2 | Rake $0
Seat 3: ajbooomX (big blind) collected ($2)
Seat 4: AzureCaper (button) (small blind) folded before Flop


PokerStars Hand #148036094575:  Hold'em Limit ($3/$6 USD) - 2016/02/01 0:48:38 ET
Table 'Subra' 6-max Seat #3 is the button
Seat 3: ajbooomX ($132.68 in chips)
Seat 4: AzureCaper ($107.04 in chips)
ajbooomX: posts small blind $1
AzureCaper: posts big blind $3
*** HOLE CARDS ***
ajbooomX: raises $3 to $6
AzureCaper: calls $3
*** FLOP *** [Tc 4d 2s]
AzureCaper: checks
ajbooomX: bets $3
AzureCaper: calls $3
*** TURN *** [Tc 4d 2s] [Ah]
AzureCaper: checks
ajbooomX: checks
*** RIVER *** [Tc 4d 2s Ah] [3h]
AzureCaper: checks
ajbooomX: checks
*** SHOW DOWN ***
AzureCaper: shows [Qc Jh] (high card Ace)
ajbooomX: mucks hand
AzureCaper collected $17.64 from pot
*** SUMMARY ***
Total pot $18 | Rake $0.36
Board [Tc 4d 2s Ah 3h]
Seat 3: ajbooomX (button) (small blind) mucked
Seat 4: AzureCaper (big blind) showed [Qc Jh] and won ($17.64) with high card Ace


PokerStars Hand #148036098655:  Hold'em Limit ($3/$6 USD) - 2016/02/01 0:48:53 ET
Table 'Subra' 6-max Seat #4 is the button
Seat 3: ajbooomX ($123.68 in chips)
Seat 4: AzureCaper ($115.68 in chips)
AzureCaper: posts small blind $1
ajbooomX: posts big blind $3
*** HOLE CARDS ***
AzureCaper: raises $3 to $6
ajbooomX: raises $3 to $9
AzureCaper: calls $3
*** FLOP *** [Tc Kh 3h]
ajbooomX: bets $3
AzureCaper: folds
Uncalled bet ($3) returned to ajbooomX
ajbooomX collected $17.64 from pot
ajbooomX: doesn't show hand
*** SUMMARY ***
Total pot $18 | Rake $0.36
Board [Tc Kh 3h]
Seat 3: ajbooomX (big blind) collected ($17.64)
Seat 4: AzureCaper (button) (small blind) folded on the Flop


PokerStars Hand #148036101648:  Hold'em Limit ($3/$6 USD) - 2016/02/01 0:49:04 ET
Table 'Subra' 6-max Seat #3 is the button
Seat 3: ajbooomX ($132.32 in chips)
Seat 4: AzureCaper ($106.68 in chips)
ajbooomX: posts small blind $1
AzureCaper: posts big blind $3
*** HOLE CARDS ***
ajbooomX: raises $3 to $6
AzureCaper: calls $3
*** FLOP *** [5d 6c Th]
AzureCaper: checks
ajbooomX: bets $3
AzureCaper: folds
Uncalled bet ($3) returned to ajbooomX
ajbooomX collected $11.76 from pot
ajbooomX: doesn't show hand
*** SUMMARY ***
Total pot $12 | Rake $0.24
Board [5d 6c Th]
Seat 3: ajbooomX (button) (small blind) collected ($11.76)
Seat 4: AzureCaper (big blind) folded on the Flop


PokerStars Hand #148036106810:  Hold'em Limit ($3/$6 USD) - 2016/02/01 0:49:23 ET
Table 'Subra' 6-max Seat #3 is the button
Seat 3: ajbooomX ($132.08 in chips)
Seat 4: AzureCaper ($106.44 in chips)
ajbooomX: posts small blind $1
AzureCaper: posts big blind $3
*** HOLE CARDS ***
ajbooomX: calls $2
AzureCaper: checks
*** FLOP *** [Js Qd 4d]
AzureCaper: checks
ajbooomX: checks
*** TURN *** [Js Qd 4d] [5h]
AzureCaper: checks
ajbooomX: checks
*** RIVER *** [Js Qd 4d 5h] [Th]
AzureCaper: checks
ajbooomX: checks
*** SHOW DOWN ***
AzureCaper: shows [4s Ad] (a pair of Fours)
ajbooomX: shows [5d Ac] (a pair of Fives)
ajbooomX collected $5.88 from pot
*** SUMMARY ***
Total pot $6 | Rake $0.12
Board [Js Qd 4d 5h Th]
Seat 3: ajbooomX (button) (small blind) showed [5d Ac] and won ($5.88) with a pair of Fives
Seat 4: AzureCaper (big blind) showed [4s Ad] and lost with a pair of Fours


PokerStars Hand #148036122655:  Hold'em Limit ($3/$6 USD) - 2016/02/01 0:50:22 ET
Table 'Subra' 6-max Seat #4 is the button
Seat 3: ajbooomX ($158.34 in chips)
Seat 4: AzureCaper ($79.44 in chips)
AzureCaper: posts small blind $1
ajbooomX: posts big blind $3
*** HOLE CARDS ***
AzureCaper: raises $3 to $6
ajbooomX: raises $3 to $9
AzureCaper: calls $3
*** FLOP *** [Jh Ks 2h]
ajbooomX: checks
AzureCaper: bets $3
ajbooomX: calls $3
*** TURN *** [Jh Ks 2h] [6c]
ajbooomX: checks
AzureCaper: bets $6
ajbooomX: calls $6
*** RIVER *** [Jh Ks 2h 6c] [8c]
ajbooomX: checks
AzureCaper: bets $6
ajbooomX: calls $6
*** SHOW DOWN ***
AzureCaper: shows [3s Kh] (a pair of Kings)
ajbooomX: mucks hand
AzureCaper collected $47.50 from pot
*** SUMMARY ***
Total pot $48 | Rake $0.50
Board [Jh Ks 2h 6c 8c]
Seat 3: ajbooomX (big blind) mucked
Seat 4: AzureCaper (button) (small blind) showed [3s Kh] and won ($47.50) with a pair of Kings


PokerStars Hand #148036117107:  Hold'em Limit ($3/$6 USD) - 2016/02/01 0:50:01 ET
Table 'Subra' 6-max Seat #3 is the button
Seat 3: ajbooomX ($155.46 in chips)
Seat 4: AzureCaper ($82.44 in chips)
ajbooomX: posts small blind $1
AzureCaper: posts big blind $3
*** HOLE CARDS ***
ajbooomX: calls $2
AzureCaper: checks
*** FLOP *** [Ac Kd 9s]
AzureCaper: checks
ajbooomX: checks
*** TURN *** [Ac Kd 9s] [9h]
AzureCaper: checks
ajbooomX: checks
*** RIVER *** [Ac Kd 9s 9h] [6s]
AzureCaper: checks
ajbooomX: bets $6
AzureCaper: folds
Uncalled bet ($6) returned to ajbooomX
ajbooomX collected $5.88 from pot
ajbooomX: doesn't show hand
*** SUMMARY ***
Total pot $6 | Rake $0.12
Board [Ac Kd 9s 9h 6s]
Seat 3: ajbooomX (button) (small blind) collected ($5.88)
Seat 4: AzureCaper (big blind) folded on the River


PokerStars Hand #148036110552:  Hold'em Limit ($3/$6 USD) - 2016/02/01 0:49:37 ET
Table 'Subra' 6-max Seat #4 is the button
Seat 3: ajbooomX ($134.96 in chips)
Seat 4: AzureCaper ($103.44 in chips)
AzureCaper: posts small blind $1
ajbooomX: posts big blind $3
*** HOLE CARDS ***
AzureCaper: raises $3 to $6
ajbooomX: calls $3
*** FLOP *** [4s 8s 7s]
ajbooomX: bets $3
AzureCaper: calls $3
*** TURN *** [4s 8s 7s] [8c]
ajbooomX: bets $6
AzureCaper: calls $6
*** RIVER *** [4s 8s 7s 8c] [6c]
ajbooomX: bets $6
AzureCaper: calls $6
*** SHOW DOWN ***
ajbooomX: shows [6h 9d] (two pair, Eights and Sixes)
AzureCaper: mucks hand
ajbooomX collected $41.50 from pot
*** SUMMARY ***
Total pot $42 | Rake $0.50
Board [4s 8s 7s 8c 6c]
Seat 3: ajbooomX (big blind) showed [6h 9d] and won ($41.50) with two pair, Eights and Sixes
Seat 4: AzureCaper (button) (small blind) mucked


PokerStars Hand #148036127749:  Hold'em Limit ($3/$6 USD) - 2016/02/01 0:50:41 ET
Table 'Subra' 6-max Seat #3 is the button
Seat 3: ajbooomX ($134.34 in chips)
Seat 4: AzureCaper ($102.94 in chips)
ajbooomX: posts small blind $1
AzureCaper: posts big blind $3
*** HOLE CARDS ***
ajbooomX: calls $2
AzureCaper: checks
*** FLOP *** [9d Jd Jh]
AzureCaper: checks
ajbooomX: checks
*** TURN *** [9d Jd Jh] [4d]
AzureCaper: checks
ajbooomX: checks
*** RIVER *** [9d Jd Jh 4d] [9s]
AzureCaper: checks
ajbooomX: checks
*** SHOW DOWN ***
AzureCaper: shows [Ks 4c] (two pair, Jacks and Nines)
ajbooomX: mucks hand
AzureCaper collected $5.88 from pot
*** SUMMARY ***
Total pot $6 | Rake $0.12
Board [9d Jd Jh 4d 9s]
Seat 3: ajbooomX (button) (small blind) mucked
Seat 4: AzureCaper (big blind) showed [Ks 4c] and won ($5.88) with two pair, Jacks and Nines


PokerStars Hand #148036135318:  Hold'em Limit ($3/$6 USD) - 2016/02/01 0:51:09 ET
Table 'Subra' 6-max Seat #3 is the button
Seat 3: ajbooomX ($113.34 in chips)
Seat 4: AzureCaper ($123.32 in chips)
ajbooomX: posts small blind $1
AzureCaper: posts big blind $3
*** HOLE CARDS ***
ajbooomX: folds
Uncalled bet ($2) returned to AzureCaper
AzureCaper collected $2 from pot
AzureCaper: doesn't show hand
*** SUMMARY ***
Total pot $2 | Rake $0
Seat 3: ajbooomX (button) (small blind) folded before Flop
Seat 4: AzureCaper (big blind) collected ($2)


PokerStars Hand #148036131790:  Hold'em Limit ($3/$6 USD) - 2016/02/01 0:50:56 ET
Table 'Subra' 6-max Seat #4 is the button
Seat 3: ajbooomX ($131.34 in chips)
Seat 4: AzureCaper ($105.82 in chips)
AzureCaper: posts small blind $1
ajbooomX: posts big blind $3
*** HOLE CARDS ***
AzureCaper: raises $3 to $6
ajbooomX: raises $3 to $9
AzureCaper: calls $3
*** FLOP *** [2s 5h 8d]
ajbooomX: bets $3
AzureCaper: calls $3
*** TURN *** [2s 5h 8d] [3s]
ajbooomX: checks
AzureCaper: checks
*** RIVER *** [2s 5h 8d 3s] [7s]
ajbooomX: bets $6
AzureCaper: calls $6
*** SHOW DOWN ***
ajbooomX: shows [7c 9c] (a pair of Sevens)
AzureCaper: shows [7d Kd] (a pair of Sevens - King kicker)
AzureCaper collected $35.50 from pot
*** SUMMARY ***
Total pot $36 | Rake $0.50
Board [2s 5h 8d 3s 7s]
Seat 3: ajbooomX (big blind) showed [7c 9c] and lost with a pair of Sevens
Seat 4: AzureCaper (button) (small blind) showed [7d Kd] and won ($35.50) with a pair of Sevens


PokerStars Hand #148036143535:  Hold'em Limit ($3/$6 USD) - 2016/02/01 0:51:40 ET
Table 'Subra' 6-max Seat #4 is the button
Seat 3: ajbooomX ($135.38 in chips)
Seat 4: AzureCaper ($100.32 in chips)
AzureCaper: posts small blind $1
ajbooomX: posts big blind $3
*** HOLE CARDS ***
AzureCaper: folds
Uncalled bet ($2) returned to ajbooomX
ajbooomX collected $2 from pot
ajbooomX: doesn't show hand
*** SUMMARY ***
Total pot $2 | Rake $0
Seat 3: ajbooomX (big blind) collected ($2)
Seat 4: AzureCaper (button) (small blind) folded before Flop


PokerStars Hand #148036140075:  Hold'em Limit ($3/$6 USD) - 2016/02/01 0:51:27 ET
Table 'Subra' 6-max Seat #3 is the button
Seat 3: ajbooomX ($123.86 in chips)
Seat 4: AzureCaper ($112.32 in chips)
ajbooomX: posts small blind $1
AzureCaper: posts big blind $3
*** HOLE CARDS ***
ajbooomX: raises $3 to $6
AzureCaper: calls $3
*** FLOP *** [8c 4c 4s]
AzureCaper: checks
ajbooomX: checks
*** TURN *** [8c 4c 4s] [6h]
AzureCaper: checks
ajbooomX: checks
*** RIVER *** [8c 4c 4s 6h] [8s]
AzureCaper: checks
ajbooomX: bets $6
AzureCaper: calls $6
*** SHOW DOWN ***
ajbooomX: shows [Qd Ac] (two pair, Eights and Fours)
AzureCaper: mucks hand
ajbooomX collected $23.52 from pot
*** SUMMARY ***
Total pot $24 | Rake $0.48
Board [8c 4c 4s 6h 8s]
Seat 3: ajbooomX (button) (small blind) showed [Qd Ac] and won ($23.52) with two pair, Eights and Fours
Seat 4: AzureCaper (big blind) mucked


PokerStars Hand #148036136559:  Hold'em Limit ($3/$6 USD) - 2016/02/01 0:51:14 ET
Table 'Subra' 6-max Seat #4 is the button
Seat 3: ajbooomX ($112.34 in chips)
Seat 4: AzureCaper ($124.32 in chips)
AzureCaper: posts small blind $1
ajbooomX: posts big blind $3
*** HOLE CARDS ***
AzureCaper: raises $3 to $6
ajbooomX: raises $3 to $9
AzureCaper: calls $3
*** FLOP *** [2h 5c 5h]
ajbooomX: bets $3
AzureCaper: calls $3
*** TURN *** [2h 5c 5h] [Qd]
ajbooomX: bets $6
AzureCaper: folds
Uncalled bet ($6) returned to ajbooomX
ajbooomX collected $23.52 from pot
ajbooomX: doesn't show hand
*** SUMMARY ***
Total pot $24 | Rake $0.48
Board [2h 5c 5h Qd]
Seat 3: ajbooomX (big blind) collected ($23.52)
Seat 4: AzureCaper (button) (small blind) folded on the Turn


PokerStars Hand #148036147277:  Hold'em Limit ($3/$6 USD) - 2016/02/01 0:51:54 ET
Table 'Subra' 6-max Seat #4 is the button
Seat 3: ajbooomX ($139.26 in chips)
Seat 4: AzureCaper ($96.32 in chips)
AzureCaper: posts small blind $1
ajbooomX: posts big blind $3
*** HOLE CARDS ***
AzureCaper: folds
Uncalled bet ($2) returned to ajbooomX
ajbooomX collected $2 from pot
ajbooomX: doesn't show hand
*** SUMMARY ***
Total pot $2 | Rake $0
Seat 3: ajbooomX (big blind) collected ($2)
Seat 4: AzureCaper (button) (small blind) folded before Flop


PokerStars Hand #148036148416:  Hold'em Limit ($3/$6 USD) - 2016/02/01 0:51:59 ET
Table 'Subra' 6-max Seat #3 is the button
Seat 3: ajbooomX ($140.26 in chips)
Seat 4: AzureCaper ($95.32 in chips)
ajbooomX: posts small blind $1
AzureCaper: posts big blind $3
*** HOLE CARDS ***
ajbooomX: calls $2
AzureCaper: checks
*** FLOP *** [4h Jh 2d]
AzureCaper: checks
ajbooomX: bets $3
AzureCaper: folds
Uncalled bet ($3) returned to ajbooomX
ajbooomX collected $5.88 from pot
ajbooomX: doesn't show hand
*** SUMMARY ***
Total pot $6 | Rake $0.12
Board [4h Jh 2d]
Seat 3: ajbooomX (button) (small blind) collected ($5.88)
Seat 4: AzureCaper (big blind) folded on the Flop


PokerStars Hand #148036144751:  Hold'em Limit ($3/$6 USD) - 2016/02/01 0:51:45 ET
Table 'Subra' 6-max Seat #3 is the button
Seat 3: ajbooomX ($136.38 in chips)
Seat 4: AzureCaper ($99.32 in chips)
ajbooomX: posts small blind $1
AzureCaper: posts big blind $3
*** HOLE CARDS ***
ajbooomX: calls $2
AzureCaper: checks
*** FLOP *** [Ac 8d 8s]
AzureCaper: checks
ajbooomX: bets $3
AzureCaper: folds
Uncalled bet ($3) returned to ajbooomX
ajbooomX collected $5.88 from pot
ajbooomX: doesn't show hand
*** SUMMARY ***
Total pot $6 | Rake $0.12
Board [Ac 8d 8s]
Seat 3: ajbooomX (button) (small blind) collected ($5.88)
Seat 4: AzureCaper (big blind) folded on the Flop


PokerStars Hand #148036155935:  Hold'em Limit ($3/$6 USD) - 2016/02/01 0:52:27 ET
Table 'Subra' 6-max Seat #3 is the button
Seat 3: ajbooomX ($163.64 in chips)
Seat 4: AzureCaper ($72 in chips)
ajbooomX: posts small blind $1
AzureCaper: posts big blind $3
*** HOLE CARDS ***
ajbooomX: folds
Uncalled bet ($2) returned to AzureCaper
AzureCaper collected $2 from pot
AzureCaper: doesn't show hand
*** SUMMARY ***
Total pot $2 | Rake $0
Seat 3: ajbooomX (button) (small blind) folded before Flop
Seat 4: AzureCaper (big blind) collected ($2)


PokerStars Hand #148036151706:  Hold'em Limit ($3/$6 USD) - 2016/02/01 0:52:11 ET
Table 'Subra' 6-max Seat #4 is the button
Seat 3: ajbooomX ($143.14 in chips)
Seat 4: AzureCaper ($92.32 in chips)
AzureCaper: posts small blind $1
ajbooomX: posts big blind $3
*** HOLE CARDS ***
AzureCaper: raises $3 to $6
ajbooomX: calls $3
*** FLOP *** [5d 9c Th]
ajbooomX: checks
AzureCaper: bets $3
ajbooomX: calls $3
*** TURN *** [5d 9c Th] [9d]
ajbooomX: checks
AzureCaper: bets $6
ajbooomX: calls $6
*** RIVER *** [5d 9c Th 9d] [4s]
ajbooomX: checks
AzureCaper: bets $6
ajbooomX: calls $6
*** SHOW DOWN ***
AzureCaper: shows [6d 7c] (a pair of Nines)
ajbooomX: shows [2c 2s] (two pair, Nines and Deuces)
ajbooomX collected $41.50 from pot
*** SUMMARY ***
Total pot $42 | Rake $0.50
Board [5d 9c Th 9d 4s]
Seat 3: ajbooomX (big blind) showed [2c 2s] and won ($41.50) with two pair, Nines and Deuces
Seat 4: AzureCaper (button) (small blind) showed [6d 7c] and lost with a pair of Nines


PokerStars Hand #148036157142:  Hold'em Limit ($3/$6 USD) - 2016/02/01 0:52:32 ET
Table 'Subra' 6-max Seat #4 is the button
Seat 3: ajbooomX ($162.64 in chips)
Seat 4: AzureCaper ($73 in chips)
AzureCaper: posts small blind $1
ajbooomX: posts big blind $3
*** HOLE CARDS ***
AzureCaper: folds
Uncalled bet ($2) returned to ajbooomX
ajbooomX collected $2 from pot
ajbooomX: doesn't show hand
*** SUMMARY ***
Total pot $2 | Rake $0
Seat 3: ajbooomX (big blind) collected ($2)
Seat 4: AzureCaper (button) (small blind) folded before Flop


PokerStars Hand #148036162688:  Hold'em Limit ($3/$6 USD) - 2016/02/01 0:52:53 ET
Table 'Subra' 6-max Seat #3 is the button
Seat 3: ajbooomX ($163.52 in chips)
Seat 4: AzureCaper ($75 in chips)
ajbooomX: posts small blind $1
AzureCaper: posts big blind $3
*** HOLE CARDS ***
ajbooomX: calls $2
AzureCaper: checks
*** FLOP *** [4h 7h Ts]
AzureCaper: bets $3
ajbooomX: folds
Uncalled bet ($3) returned to AzureCaper
AzureCaper collected $5.88 from pot
AzureCaper: doesn't show hand
*** SUMMARY ***
Total pot $6 | Rake $0.12
Board [4h 7h Ts]
Seat 3: ajbooomX (button) (small blind) folded on the Flop
Seat 4: AzureCaper (big blind) collected ($5.88)


PokerStars Hand #148036167042:  Hold'em Limit ($3/$6 USD) - 2016/02/01 0:53:09 ET
Table 'Subra' 6-max Seat #3 is the button
Seat 3: ajbooomX ($157.52 in chips)
Seat 4: AzureCaper ($80.88 in chips)
ajbooomX: posts small blind $1
AzureCaper: posts big blind $3
*** HOLE CARDS ***
ajbooomX: raises $3 to $6
AzureCaper: folds
Uncalled bet ($3) returned to ajbooomX
ajbooomX collected $6 from pot
ajbooomX: doesn't show hand
*** SUMMARY ***
Total pot $6 | Rake $0
Seat 3: ajbooomX (button) (small blind) collected ($6)
Seat 4: AzureCaper (big blind) folded before Flop


PokerStars Hand #148036170149:  Hold'em Limit ($3/$6 USD) - 2016/02/01 0:53:21 ET
Table 'Subra' 6-max Seat #3 is the button
Seat 3: ajbooomX ($157.52 in chips)
Seat 4: AzureCaper ($80.88 in chips)
ajbooomX: posts small blind $1
AzureCaper: posts big blind $3
*** HOLE CARDS ***
ajbooomX: folds
Uncalled bet ($2) returned to AzureCaper
AzureCaper collected $2 from pot
AzureCaper: doesn't show hand
*** SUMMARY ***
Total pot $2 | Rake $0
Seat 3: ajbooomX (button) (small blind) folded before Flop
Seat 4: AzureCaper (big blind) collected ($2)


PokerStars Hand #148036168569:  Hold'em Limit ($3/$6 USD) - 2016/02/01 0:53:15 ET
Table 'Subra' 6-max Seat #4 is the button
Seat 3: ajbooomX ($160.52 in chips)
Seat 4: AzureCaper ($77.88 in chips)
AzureCaper: posts small blind $1
ajbooomX: posts big blind $3
*** HOLE CARDS ***
AzureCaper: raises $3 to $6
ajbooomX: folds
Uncalled bet ($3) returned to AzureCaper
AzureCaper collected $6 from pot
AzureCaper: doesn't show hand
*** SUMMARY ***
Total pot $6 | Rake $0
Seat 3: ajbooomX (big blind) folded before Flop
Seat 4: AzureCaper (button) (small blind) collected ($6)


PokerStars Hand #148036171330:  Hold'em Limit ($3/$6 USD) - 2016/02/01 0:53:25 ET
Table 'Subra' 6-max Seat #4 is the button
Seat 3: ajbooomX ($156.52 in chips)
Seat 4: AzureCaper ($81.88 in chips)
AzureCaper: posts small blind $1
ajbooomX: posts big blind $3
*** HOLE CARDS ***
AzureCaper: raises $3 to $6
ajbooomX: raises $3 to $9
AzureCaper: calls $3
*** FLOP *** [Jd 9c 6s]
ajbooomX: bets $3
AzureCaper: calls $3
*** TURN *** [Jd 9c 6s] [3s]
ajbooomX: bets $6
AzureCaper: calls $6
*** RIVER *** [Jd 9c 6s 3s] [Th]
ajbooomX: bets $6
AzureCaper: folds
Uncalled bet ($6) returned to ajbooomX
ajbooomX collected $35.50 from pot
ajbooomX: doesn't show hand
*** SUMMARY ***
Total pot $36 | Rake $0.50
Board [Jd 9c 6s 3s Th]
Seat 3: ajbooomX (big blind) collected ($35.50)
Seat 4: AzureCaper (button) (small blind) folded on the River


PokerStars Hand #148036160991:  Hold'em Limit ($3/$6 USD) - 2016/02/01 0:52:46 ET
Table 'Subra' 6-max Seat #4 is the button
Seat 3: ajbooomX ($166.52 in chips)
Seat 4: AzureCaper ($72 in chips)
AzureCaper: posts small blind $1
ajbooomX: posts big blind $3
*** HOLE CARDS ***
AzureCaper: raises $3 to $6
ajbooomX: folds
Uncalled bet ($3) returned to AzureCaper
AzureCaper collected $6 from pot
AzureCaper: doesn't show hand
*** SUMMARY ***
Total pot $6 | Rake $0
Seat 3: ajbooomX (big blind) folded before Flop
Seat 4: AzureCaper (button) (small blind) collected ($6)


PokerStars Hand #148036158540:  Hold'em Limit ($3/$6 USD) - 2016/02/01 0:52:37 ET
Table 'Subra' 6-max Seat #3 is the button
Seat 3: ajbooomX ($163.64 in chips)
Seat 4: AzureCaper ($72 in chips)
ajbooomX: posts small blind $1
AzureCaper: posts big blind $3
*** HOLE CARDS ***
ajbooomX: calls $2
AzureCaper: checks
*** FLOP *** [As 3c 9s]
AzureCaper: checks
ajbooomX: bets $3
AzureCaper: folds
Uncalled bet ($3) returned to ajbooomX
ajbooomX collected $5.88 from pot
ajbooomX: doesn't show hand
*** SUMMARY ***
Total pot $6 | Rake $0.12
Board [As 3c 9s]
Seat 3: ajbooomX (button) (small blind) collected ($5.88)
Seat 4: AzureCaper (big blind) folded on the Flop


PokerStars Hand #148036190090:  Hold'em Limit ($3/$6 USD) - 2016/02/01 0:54:36 ET
Table 'Subra' 6-max Seat #3 is the button
Seat 3: ajbooomX ($179.18 in chips)
Seat 4: AzureCaper ($80.64 in chips)
ajbooomX: posts small blind $1
AzureCaper: posts big blind $3
*** HOLE CARDS ***
ajbooomX: folds
Uncalled bet ($2) returned to AzureCaper
AzureCaper collected $2 from pot
AzureCaper: doesn't show hand
*** SUMMARY ***
Total pot $2 | Rake $0
Seat 3: ajbooomX (button) (small blind) folded before Flop
Seat 4: AzureCaper (big blind) collected ($2)


PokerStars Hand #148036179439:  Hold'em Limit ($3/$6 USD) - 2016/02/01 0:53:56 ET
Table 'Subra' 6-max Seat #4 is the button
Seat 3: ajbooomX ($185.54 in chips)
Seat 4: AzureCaper ($72 in chips)
AzureCaper: posts small blind $1
ajbooomX: posts big blind $3
*** HOLE CARDS ***
AzureCaper: raises $3 to $6
ajbooomX: calls $3
*** FLOP *** [Tc Kc 4d]
ajbooomX: checks
AzureCaper: bets $3
ajbooomX: folds
Uncalled bet ($3) returned to AzureCaper
AzureCaper collected $11.76 from pot
AzureCaper: doesn't show hand
*** SUMMARY ***
Total pot $12 | Rake $0.24
Board [Tc Kc 4d]
Seat 3: ajbooomX (big blind) folded on the Flop
Seat 4: AzureCaper (button) (small blind) collected ($11.76)


PokerStars Hand #148036186627:  Hold'em Limit ($3/$6 USD) - 2016/02/01 0:54:23 ET
Table 'Subra' 6-max Seat #4 is the button
Seat 3: ajbooomX ($188.18 in chips)
Seat 4: AzureCaper ($72 in chips)
AzureCaper: posts small blind $1
ajbooomX: posts big blind $3
*** HOLE CARDS ***
AzureCaper: raises $3 to $6
ajbooomX: calls $3
*** FLOP *** [4s 6c Jd]
ajbooomX: checks
AzureCaper: bets $3
ajbooomX: calls $3
*** TURN *** [4s 6c Jd] [3h]
ajbooomX: checks
AzureCaper: bets $6
ajbooomX: folds
Uncalled bet ($6) returned to AzureCaper
AzureCaper collected $17.64 from pot
AzureCaper: doesn't show hand
*** SUMMARY ***
Total pot $18 | Rake $0.36
Board [4s 6c Jd 3h]
Seat 3: ajbooomX (big blind) folded on the Turn
Seat 4: AzureCaper (button) (small blind) collected ($17.64)


PokerStars Hand #148036182174:  Hold'em Limit ($3/$6 USD) - 2016/02/01 0:54:06 ET
Table 'Subra' 6-max Seat #3 is the button
Seat 3: ajbooomX ($179.54 in chips)
Seat 4: AzureCaper ($77.76 in chips)
ajbooomX: posts small blind $1
AzureCaper: posts big blind $3
*** HOLE CARDS ***
ajbooomX: calls $2
AzureCaper: checks
*** FLOP *** [Ks 3d Th]
AzureCaper: checks
ajbooomX: checks
*** TURN *** [Ks 3d Th] [6d]
AzureCaper: bets $6
ajbooomX: calls $6
*** RIVER *** [Ks 3d Th 6d] [7s]
AzureCaper: checks
ajbooomX: bets $6
AzureCaper: folds
Uncalled bet ($6) returned to ajbooomX
ajbooomX collected $17.64 from pot
ajbooomX: doesn't show hand
*** SUMMARY ***
Total pot $18 | Rake $0.36
Board [Ks 3d Th 6d 7s]
Seat 3: ajbooomX (button) (small blind) collected ($17.64)
Seat 4: AzureCaper (big blind) folded on the River


PokerStars Hand #148036174998:  Hold'em Limit ($3/$6 USD) - 2016/02/01 0:53:39 ET
Table 'Subra' 6-max Seat #3 is the button
Seat 3: ajbooomX ($174.02 in chips)
Seat 4: AzureCaper ($72 in chips)
ajbooomX: posts small blind $1
AzureCaper: posts big blind $3
*** HOLE CARDS ***
ajbooomX: calls $2
AzureCaper: checks
*** FLOP *** [6d 5d 9s]
AzureCaper: bets $3
ajbooomX: calls $3
*** TURN *** [6d 5d 9s] [7d]
AzureCaper: bets $6
ajbooomX: calls $6
*** RIVER *** [6d 5d 9s 7d] [Kh]
AzureCaper: checks
ajbooomX: checks
*** SHOW DOWN ***
AzureCaper: shows [6s 3d] (a pair of Sixes)
ajbooomX: shows [4s 9c] (a pair of Nines)
ajbooomX collected $23.52 from pot
*** SUMMARY ***
Total pot $24 | Rake $0.48
Board [6d 5d 9s 7d Kh]
Seat 3: ajbooomX (button) (small blind) showed [4s 9c] and won ($23.52) with a pair of Nines
Seat 4: AzureCaper (big blind) showed [6s 3d] and lost with a pair of Sixes


PokerStars Hand #148036195036:  Hold'em Limit ($3/$6 USD) - 2016/02/01 0:54:54 ET
Table 'Subra' 6-max Seat #4 is the button
Seat 3: ajbooomX ($171.18 in chips)
Seat 4: AzureCaper ($88.40 in chips)
AzureCaper: posts small blind $1
ajbooomX: posts big blind $3
*** HOLE CARDS ***
AzureCaper: raises $3 to $6
ajbooomX: calls $3
*** FLOP *** [5h Ts 2s]
ajbooomX: checks
AzureCaper: bets $3
ajbooomX: folds
Uncalled bet ($3) returned to AzureCaper
AzureCaper collected $11.76 from pot
AzureCaper: doesn't show hand
*** SUMMARY ***
Total pot $12 | Rake $0.24
Board [5h Ts 2s]
Seat 3: ajbooomX (big blind) folded on the Flop
Seat 4: AzureCaper (button) (small blind) collected ($11.76)


PokerStars Hand #148036203010:  Hold'em Limit ($3/$6 USD) - 2016/02/01 0:55:28 ET
Table 'Subra' 6-max Seat #4 is the button
Seat 3: ajbooomX ($188.68 in chips)
Seat 4: AzureCaper ($72 in chips)
AzureCaper: posts small blind $1
ajbooomX: posts big blind $3
*** HOLE CARDS ***
AzureCaper: folds
Uncalled bet ($2) returned to ajbooomX
ajbooomX collected $2 from pot
ajbooomX: doesn't show hand
*** SUMMARY ***
Total pot $2 | Rake $0
Seat 3: ajbooomX (big blind) collected ($2)
Seat 4: AzureCaper (button) (small blind) folded before Flop


PokerStars Hand #148036197932:  Hold'em Limit ($3/$6 USD) - 2016/02/01 0:55:05 ET
Table 'Subra' 6-max Seat #3 is the button
Seat 3: ajbooomX ($165.18 in chips)
Seat 4: AzureCaper ($94.16 in chips)
ajbooomX: posts small blind $1
AzureCaper: posts big blind $3
*** HOLE CARDS ***
ajbooomX: raises $3 to $6
AzureCaper: calls $3
*** FLOP *** [4s 4c 6c]
AzureCaper: bets $3
ajbooomX: raises $3 to $6
AzureCaper: calls $3
*** TURN *** [4s 4c 6c] [Tc]
AzureCaper: checks
ajbooomX: bets $6
AzureCaper: calls $6
*** RIVER *** [4s 4c 6c Tc] [Kc]
AzureCaper: checks
ajbooomX: bets $6
AzureCaper: calls $6
*** SHOW DOWN ***
ajbooomX: shows [Qc 7c] (a flush, King high)
AzureCaper: mucks hand
ajbooomX collected $47.50 from pot
*** SUMMARY ***
Total pot $48 | Rake $0.50
Board [4s 4c 6c Tc Kc]
Seat 3: ajbooomX (button) (small blind) showed [Qc 7c] and won ($47.50) with a flush, King high
Seat 4: AzureCaper (big blind) mucked


PokerStars Hand #148036191253:  Hold'em Limit ($3/$6 USD) - 2016/02/01 0:54:40 ET
Table 'Subra' 6-max Seat #4 is the button
Seat 3: ajbooomX ($178.18 in chips)
Seat 4: AzureCaper ($81.64 in chips)
AzureCaper: posts small blind $1
ajbooomX: posts big blind $3
*** HOLE CARDS ***
AzureCaper: raises $3 to $6
ajbooomX: calls $3
*** FLOP *** [Kh 4s Kd]
ajbooomX: checks
AzureCaper: bets $3
ajbooomX: folds
Uncalled bet ($3) returned to AzureCaper
AzureCaper collected $11.76 from pot
AzureCaper: doesn't show hand
*** SUMMARY ***
Total pot $12 | Rake $0.24
Board [Kh 4s Kd]
Seat 3: ajbooomX (big blind) folded on the Flop
Seat 4: AzureCaper (button) (small blind) collected ($11.76)


PokerStars Hand #148036203926:  Hold'em Limit ($3/$6 USD) - 2016/02/01 0:55:32 ET
Table 'Subra' 6-max Seat #3 is the button
Seat 3: ajbooomX ($189.68 in chips)
Seat 4: AzureCaper ($72 in chips)
ajbooomX: posts small blind $1
AzureCaper: posts big blind $3
*** HOLE CARDS ***
ajbooomX: calls $2
AzureCaper: raises $3 to $6
ajbooomX: calls $3
*** FLOP *** [9d 3d 2h]
AzureCaper: bets $3
ajbooomX: folds
Uncalled bet ($3) returned to AzureCaper
AzureCaper collected $11.76 from pot
AzureCaper: doesn't show hand
*** SUMMARY ***
Total pot $12 | Rake $0.24
Board [9d 3d 2h]
Seat 3: ajbooomX (button) (small blind) folded on the Flop
Seat 4: AzureCaper (big blind) collected ($11.76)


PokerStars Hand #148036219150:  Hold'em Limit ($3/$6 USD) - 2016/02/01 0:56:39 ET
Table 'Subra' 6-max Seat #4 is the button
Seat 3: ajbooomX ($209.69 in chips)
Seat 4: AzureCaper ($72 in chips)
AzureCaper: posts small blind $1
ajbooomX: posts big blind $3
*** HOLE CARDS ***
AzureCaper: raises $3 to $6
ajbooomX: folds
Uncalled bet ($3) returned to AzureCaper
AzureCaper collected $6 from pot
AzureCaper: doesn't show hand
*** SUMMARY ***
Total pot $6 | Rake $0
Seat 3: ajbooomX (big blind) folded before Flop
Seat 4: AzureCaper (button) (small blind) collected ($6)


PokerStars Hand #148036217073:  Hold'em Limit ($3/$6 USD) - 2016/02/01 0:56:30 ET
Table 'Subra' 6-max Seat #3 is the button
Seat 3: ajbooomX ($203.93 in chips)
Seat 4: AzureCaper ($74.63 in chips)
ajbooomX: posts small blind $1
AzureCaper: posts big blind $3
*** HOLE CARDS ***
ajbooomX: raises $3 to $6
AzureCaper: calls $3
*** FLOP *** [3h 3s Jc]
AzureCaper: checks
ajbooomX: bets $3
AzureCaper: folds
Uncalled bet ($3) returned to ajbooomX
ajbooomX collected $11.76 from pot
ajbooomX: doesn't show hand
*** SUMMARY ***
Total pot $12 | Rake $0.24
Board [3h 3s Jc]
Seat 3: ajbooomX (button) (small blind) collected ($11.76)
Seat 4: AzureCaper (big blind) folded on the Flop


PokerStars Hand #148036209836:  Hold'em Limit ($3/$6 USD) - 2016/02/01 0:55:58 ET
Table 'Subra' 6-max Seat #3 is the button
Seat 3: ajbooomX ($207.18 in chips)
Seat 4: AzureCaper ($72 in chips)
ajbooomX: posts small blind $1
AzureCaper: posts big blind $3
*** HOLE CARDS ***
ajbooomX: calls $2
AzureCaper: checks
*** FLOP *** [3s 2c Qs]
AzureCaper: bets $3
ajbooomX: folds
Uncalled bet ($3) returned to AzureCaper
AzureCaper collected $5.88 from pot
AzureCaper: doesn't show hand
*** SUMMARY ***
Total pot $6 | Rake $0.12
Board [3s 2c Qs]
Seat 3: ajbooomX (button) (small blind) folded on the Flop
Seat 4: AzureCaper (big blind) collected ($5.88)


PokerStars Hand #148036212472:  Hold'em Limit ($3/$6 USD) - 2016/02/01 0:56:10 ET
Table 'Subra' 6-max Seat #4 is the button
Seat 3: ajbooomX ($204.18 in chips)
Seat 4: AzureCaper ($74.88 in chips)
AzureCaper: posts small blind $1
ajbooomX: posts big blind $3
*** HOLE CARDS ***
AzureCaper: raises $3 to $6
ajbooomX: calls $3
*** FLOP *** [Td Tc Th]
ajbooomX: checks
AzureCaper: bets $3
ajbooomX: calls $3
*** TURN *** [Td Tc Th] [Js]
ajbooomX: checks
AzureCaper: bets $6
ajbooomX: calls $6
*** RIVER *** [Td Tc Th Js] [6s]
ajbooomX: checks
AzureCaper: checks
*** SHOW DOWN ***
ajbooomX: shows [Ac 5d] (three of a kind, Tens)
AzureCaper: shows [Ad 4s] (three of a kind, Tens)
ajbooomX collected $14.75 from pot
AzureCaper collected $14.75 from pot
*** SUMMARY ***
Total pot $30 | Rake $0.50
Board [Td Tc Th Js 6s]
Seat 3: ajbooomX (big blind) showed [Ac 5d] and won ($14.75) with three of a kind, Tens
Seat 4: AzureCaper (button) (small blind) showed [Ad 4s] and won ($14.75) with three of a kind, Tens


PokerStars Hand #148036229489:  Hold'em Limit ($3/$6 USD) - 2016/02/01 0:57:23 ET
Table 'Subra' 6-max Seat #3 is the button
Seat 3: ajbooomX ($221.19 in chips)
Seat 4: AzureCaper ($72 in chips)
ajbooomX: posts small blind $1
AzureCaper: posts big blind $3
*** HOLE CARDS ***
ajbooomX: raises $3 to $6
AzureCaper: calls $3
*** FLOP *** [Qs 9d 6h]
AzureCaper: checks
ajbooomX: bets $3
AzureCaper: folds
Uncalled bet ($3) returned to ajbooomX
ajbooomX collected $11.76 from pot
ajbooomX: doesn't show hand
*** SUMMARY ***
Total pot $12 | Rake $0.24
Board [Qs 9d 6h]
Seat 3: ajbooomX (button) (small blind) collected ($11.76)
Seat 4: AzureCaper (big blind) folded on the Flop


PokerStars Hand #148036221740:  Hold'em Limit ($3/$6 USD) - 2016/02/01 0:56:50 ET
Table 'Subra' 6-max Seat #4 is the button
Seat 3: ajbooomX ($205.69 in chips)
Seat 4: AzureCaper ($76 in chips)
AzureCaper: posts small blind $1
ajbooomX: posts big blind $3
*** HOLE CARDS ***
AzureCaper: folds
Uncalled bet ($2) returned to ajbooomX
ajbooomX collected $2 from pot
ajbooomX: doesn't show hand
*** SUMMARY ***
Total pot $2 | Rake $0
Seat 3: ajbooomX (big blind) collected ($2)
Seat 4: AzureCaper (button) (small blind) folded before Flop


PokerStars Hand #148036220659:  Hold'em Limit ($3/$6 USD) - 2016/02/01 0:56:46 ET
Table 'Subra' 6-max Seat #3 is the button
Seat 3: ajbooomX ($206.69 in chips)
Seat 4: AzureCaper ($75 in chips)
ajbooomX: posts small blind $1
AzureCaper: posts big blind $3
*** HOLE CARDS ***
ajbooomX: folds
Uncalled bet ($2) returned to AzureCaper
AzureCaper collected $2 from pot
AzureCaper: doesn't show hand
*** SUMMARY ***
Total pot $2 | Rake $0
Seat 3: ajbooomX (button) (small blind) folded before Flop
Seat 4: AzureCaper (big blind) collected ($2)


PokerStars Hand #148036222925:  Hold'em Limit ($3/$6 USD) - 2016/02/01 0:56:55 ET
Table 'Subra' 6-max Seat #3 is the button
Seat 3: ajbooomX ($206.69 in chips)
Seat 4: AzureCaper ($75 in chips)
ajbooomX: posts small blind $1
AzureCaper: posts big blind $3
*** HOLE CARDS ***
ajbooomX: calls $2
AzureCaper: checks
*** FLOP *** [8h Jc 9c]
AzureCaper: bets $3
ajbooomX: folds
Uncalled bet ($3) returned to AzureCaper
AzureCaper collected $5.88 from pot
AzureCaper: doesn't show hand
*** SUMMARY ***
Total pot $6 | Rake $0.12
Board [8h Jc 9c]
Seat 3: ajbooomX (button) (small blind) folded on the Flop
Seat 4: AzureCaper (big blind) collected ($5.88)


PokerStars Hand #148036225302:  Hold'em Limit ($3/$6 USD) - 2016/02/01 0:57:05 ET
Table 'Subra' 6-max Seat #4 is the button
Seat 3: ajbooomX ($203.69 in chips)
Seat 4: AzureCaper ($77.88 in chips)
AzureCaper: posts small blind $1
ajbooomX: posts big blind $3
*** HOLE CARDS ***
AzureCaper: raises $3 to $6
ajbooomX: raises $3 to $9
AzureCaper: calls $3
*** FLOP *** [Ac Ts 8s]
ajbooomX: checks
AzureCaper: bets $3
ajbooomX: calls $3
*** TURN *** [Ac Ts 8s] [Kh]
ajbooomX: checks
AzureCaper: bets $6
ajbooomX: calls $6
*** RIVER *** [Ac Ts 8s Kh] [Jd]
ajbooomX: bets $6
AzureCaper: folds
Uncalled bet ($6) returned to ajbooomX
ajbooomX collected $35.50 from pot
ajbooomX: doesn't show hand
*** SUMMARY ***
Total pot $36 | Rake $0.50
Board [Ac Ts 8s Kh Jd]
Seat 3: ajbooomX (big blind) collected ($35.50)
Seat 4: AzureCaper (button) (small blind) folded on the River


PokerStars Hand #148036251499:  Hold'em Limit ($3/$6 USD) - 2016/02/01 0:58:32 ET
Table 'Subra' 6-max Seat #3 is the button
Seat 3: ajbooomX ($211.11 in chips)
Seat 4: AzureCaper ($86.02 in chips)
ajbooomX: posts small blind $1
AzureCaper: posts big blind $3
*** HOLE CARDS ***
ajbooomX: raises $3 to $6
AzureCaper: folds
Uncalled bet ($3) returned to ajbooomX
ajbooomX collected $6 from pot
ajbooomX: doesn't show hand
*** SUMMARY ***
Total pot $6 | Rake $0
Seat 3: ajbooomX (button) (small blind) collected ($6)
Seat 4: AzureCaper (big blind) folded before Flop


PokerStars Hand #148036237375:  Hold'em Limit ($3/$6 USD) - 2016/02/01 0:57:58 ET
Table 'Subra' 6-max Seat #4 is the button
Seat 3: ajbooomX ($196.95 in chips)
Seat 4: AzureCaper ($101.26 in chips)
AzureCaper: posts small blind $1
ajbooomX: posts big blind $3
*** HOLE CARDS ***
AzureCaper: raises $3 to $6
ajbooomX: raises $3 to $9
AzureCaper: calls $3
*** FLOP *** [5s Td Qh]
ajbooomX: bets $3
AzureCaper: folds
Uncalled bet ($3) returned to ajbooomX
ajbooomX collected $17.64 from pot
ajbooomX: doesn't show hand
*** SUMMARY ***
Total pot $18 | Rake $0.36
Board [5s Td Qh]
Seat 3: ajbooomX (big blind) collected ($17.64)
Seat 4: AzureCaper (button) (small blind) folded on the Flop


PokerStars Hand #148036235173:  Hold'em Limit ($3/$6 USD) - 2016/02/01 0:57:48 ET
Table 'Subra' 6-max Seat #3 is the button
Seat 3: ajbooomX ($202.95 in chips)
Seat 4: AzureCaper ($95.50 in chips)
ajbooomX: posts small blind $1
AzureCaper: posts big blind $3
*** HOLE CARDS ***
ajbooomX: calls $2
AzureCaper: raises $3 to $6
ajbooomX: calls $3
*** FLOP *** [Jd Kc 2c]
AzureCaper: bets $3
ajbooomX: folds
Uncalled bet ($3) returned to AzureCaper
AzureCaper collected $11.76 from pot
AzureCaper: doesn't show hand
*** SUMMARY ***
Total pot $12 | Rake $0.24
Board [Jd Kc 2c]
Seat 3: ajbooomX (button) (small blind) folded on the Flop
Seat 4: AzureCaper (big blind) collected ($11.76)


PokerStars Hand #148036242648:  Hold'em Limit ($3/$6 USD) - 2016/02/01 0:58:06 ET
Table 'Subra' 6-max Seat #3 is the button
Seat 3: ajbooomX ($205.59 in chips)
Seat 4: AzureCaper ($92.26 in chips)
ajbooomX: posts small blind $1
AzureCaper: posts big blind $3
*** HOLE CARDS ***
ajbooomX: raises $3 to $6
AzureCaper: calls $3
*** FLOP *** [9d Js 4s]
AzureCaper: checks
ajbooomX: checks
*** TURN *** [9d Js 4s] [6h]
AzureCaper: bets $6
ajbooomX: calls $6
*** RIVER *** [9d Js 4s 6h] [Qc]
AzureCaper: checks
ajbooomX: bets $6
AzureCaper: folds
Uncalled bet ($6) returned to ajbooomX
ajbooomX collected $23.52 from pot
ajbooomX: doesn't show hand
*** SUMMARY ***
Total pot $24 | Rake $0.48
Board [9d Js 4s 6h Qc]
Seat 3: ajbooomX (button) (small blind) collected ($23.52)
Seat 4: AzureCaper (big blind) folded on the River


PokerStars Hand #148036263233:  Hold'em Limit ($3/$6 USD) - 2016/02/01 0:59:19 ET
Table 'Subra' 6-max Seat #4 is the button
Seat 3: ajbooomX ($205.87 in chips)
Seat 4: AzureCaper ($90.42 in chips)
AzureCaper: posts small blind $1
ajbooomX: posts big blind $3
*** HOLE CARDS ***
AzureCaper: folds
Uncalled bet ($2) returned to ajbooomX
ajbooomX collected $2 from pot
ajbooomX: doesn't show hand
*** SUMMARY ***
Total pot $2 | Rake $0
Seat 3: ajbooomX (big blind) collected ($2)
Seat 4: AzureCaper (button) (small blind) folded before Flop


PokerStars Hand #148036260749:  Hold'em Limit ($3/$6 USD) - 2016/02/01 0:59:08 ET
Table 'Subra' 6-max Seat #3 is the button
Seat 3: ajbooomX ($200.11 in chips)
Seat 4: AzureCaper ($96.42 in chips)
ajbooomX: posts small blind $1
AzureCaper: posts big blind $3
*** HOLE CARDS ***
ajbooomX: raises $3 to $6
AzureCaper: calls $3
*** FLOP *** [Ks 4c Qd]
AzureCaper: checks
ajbooomX: bets $3
AzureCaper: folds
Uncalled bet ($3) returned to ajbooomX
ajbooomX collected $11.76 from pot
ajbooomX: doesn't show hand
*** SUMMARY ***
Total pot $12 | Rake $0.24
Board [Ks 4c Qd]
Seat 3: ajbooomX (button) (small blind) collected ($11.76)
Seat 4: AzureCaper (big blind) folded on the Flop


PokerStars Hand #148036266252:  Hold'em Limit ($3/$6 USD) - 2016/02/01 0:59:32 ET
Table 'Subra' 6-max Seat #4 is the button
Seat 3: ajbooomX ($212.63 in chips)
Seat 4: AzureCaper ($83.42 in chips)
AzureCaper: posts small blind $1
ajbooomX: posts big blind $3
*** HOLE CARDS ***
AzureCaper: folds
Uncalled bet ($2) returned to ajbooomX
ajbooomX collected $2 from pot
ajbooomX: doesn't show hand
*** SUMMARY ***
Total pot $2 | Rake $0
Seat 3: ajbooomX (big blind) collected ($2)
Seat 4: AzureCaper (button) (small blind) folded before Flop


PokerStars Hand #148036264350:  Hold'em Limit ($3/$6 USD) - 2016/02/01 0:59:24 ET
Table 'Subra' 6-max Seat #3 is the button
Seat 3: ajbooomX ($206.87 in chips)
Seat 4: AzureCaper ($89.42 in chips)
ajbooomX: posts small blind $1
AzureCaper: posts big blind $3
*** HOLE CARDS ***
ajbooomX: raises $3 to $6
AzureCaper: calls $3
*** FLOP *** [8h 9d As]
AzureCaper: checks
ajbooomX: bets $3
AzureCaper: folds
Uncalled bet ($3) returned to ajbooomX
ajbooomX collected $11.76 from pot
ajbooomX: doesn't show hand
*** SUMMARY ***
Total pot $12 | Rake $0.24
Board [8h 9d As]
Seat 3: ajbooomX (button) (small blind) collected ($11.76)
Seat 4: AzureCaper (big blind) folded on the Flop


PokerStars Hand #148036259729:  Hold'em Limit ($3/$6 USD) - 2016/02/01 0:59:04 ET
Table 'Subra' 6-max Seat #4 is the button
Seat 3: ajbooomX ($199.11 in chips)
Seat 4: AzureCaper ($97.42 in chips)
AzureCaper: posts small blind $1
ajbooomX: posts big blind $3
*** HOLE CARDS ***
AzureCaper: folds
Uncalled bet ($2) returned to ajbooomX
ajbooomX collected $2 from pot
ajbooomX: doesn't show hand
*** SUMMARY ***
Total pot $2 | Rake $0
Seat 3: ajbooomX (big blind) collected ($2)
Seat 4: AzureCaper (button) (small blind) folded before Flop


PokerStars Hand #148036270287:  Hold'em Limit ($3/$6 USD) - 2016/02/01 0:59:49 ET
Table 'Subra' 6-max Seat #4 is the button
Seat 3: ajbooomX ($210.63 in chips)
Seat 4: AzureCaper ($85.30 in chips)
AzureCaper: posts small blind $1
ajbooomX: posts big blind $3
*** HOLE CARDS ***
AzureCaper: raises $3 to $6
ajbooomX: calls $3
*** FLOP *** [Qc 5s 4c]
ajbooomX: checks
AzureCaper: bets $3
ajbooomX: calls $3
*** TURN *** [Qc 5s 4c] [6h]
ajbooomX: checks
AzureCaper: bets $6
ajbooomX: calls $6
*** RIVER *** [Qc 5s 4c 6h] [3d]
ajbooomX: checks
AzureCaper: bets $6
ajbooomX: calls $6
*** SHOW DOWN ***
AzureCaper: shows [Tc 2c] (a straight, Deuce to Six)
ajbooomX: mucks hand
AzureCaper collected $41.50 from pot
*** SUMMARY ***
Total pot $42 | Rake $0.50
Board [Qc 5s 4c 6h 3d]
Seat 3: ajbooomX (big blind) mucked
Seat 4: AzureCaper (button) (small blind) showed [Tc 2c] and won ($41.50) with a straight, Deuce to Six


PokerStars Hand #148036278560:  Hold'em Limit ($3/$6 USD) - 2016/02/01 1:00:24 ET
Table 'Subra' 6-max Seat #3 is the button
Seat 3: ajbooomX ($189.39 in chips)
Seat 4: AzureCaper ($105.56 in chips)
ajbooomX: posts small blind $1
AzureCaper: posts big blind $3
*** HOLE CARDS ***
ajbooomX: raises $3 to $6
AzureCaper: calls $3
*** FLOP *** [7d 8d 7s]
AzureCaper: checks
ajbooomX: bets $3
AzureCaper: calls $3
*** TURN *** [7d 8d 7s] [Jh]
AzureCaper: checks
ajbooomX: bets $6
AzureCaper: folds
Uncalled bet ($6) returned to ajbooomX
ajbooomX collected $17.64 from pot
ajbooomX: doesn't show hand
*** SUMMARY ***
Total pot $18 | Rake $0.36
Board [7d 8d 7s Jh]
Seat 3: ajbooomX (button) (small blind) collected ($17.64)
Seat 4: AzureCaper (big blind) folded on the Turn


PokerStars Hand #148036267292:  Hold'em Limit ($3/$6 USD) - 2016/02/01 0:59:36 ET
Table 'Subra' 6-max Seat #3 is the button
Seat 3: ajbooomX ($213.63 in chips)
Seat 4: AzureCaper ($82.42 in chips)
ajbooomX: posts small blind $1
AzureCaper: posts big blind $3
*** HOLE CARDS ***
ajbooomX: calls $2
AzureCaper: checks
*** FLOP *** [3c Qh Ah]
AzureCaper: bets $3
ajbooomX: folds
Uncalled bet ($3) returned to AzureCaper
AzureCaper collected $5.88 from pot
AzureCaper: doesn't show hand
*** SUMMARY ***
Total pot $6 | Rake $0.12
Board [3c Qh Ah]
Seat 3: ajbooomX (button) (small blind) folded on the Flop
Seat 4: AzureCaper (big blind) collected ($5.88)


PokerStars Hand #148036292821:  Hold'em Limit ($3/$6 USD) - 2016/02/01 1:01:21 ET
Table 'Subra' 6-max Seat #6 is the button
Seat 4: AzureCaper ($102.20 in chips)
Seat 6: SteroidKing1 ($110 in chips)
SteroidKing1: posts small blind $1
AzureCaper: posts big blind $3
*** HOLE CARDS ***
SteroidKing1: raises $3 to $6
AzureCaper: folds
Uncalled bet ($3) returned to SteroidKing1
SteroidKing1 collected $6 from pot
SteroidKing1: doesn't show hand
*** SUMMARY ***
Total pot $6 | Rake $0
Seat 4: AzureCaper (big blind) folded before Flop
Seat 6: SteroidKing1 (button) (small blind) collected ($6)


PokerStars Hand #148036295281:  Hold'em Limit ($3/$6 USD) - 2016/02/01 1:01:31 ET
Table 'Subra' 6-max Seat #6 is the button
Seat 4: AzureCaper ($98.20 in chips)
Seat 6: SteroidKing1 ($114 in chips)
SteroidKing1: posts small blind $1
AzureCaper: posts big blind $3
*** HOLE CARDS ***
SteroidKing1: folds
Uncalled bet ($2) returned to AzureCaper
AzureCaper collected $2 from pot
AzureCaper: doesn't show hand
*** SUMMARY ***
Total pot $2 | Rake $0
Seat 4: AzureCaper (big blind) collected ($2)
Seat 6: SteroidKing1 (button) (small blind) folded before Flop


PokerStars Hand #148036294188:  Hold'em Limit ($3/$6 USD) - 2016/02/01 1:01:27 ET
Table 'Subra' 6-max Seat #4 is the button
Seat 4: AzureCaper ($99.20 in chips)
Seat 6: SteroidKing1 ($113 in chips)
AzureCaper: posts small blind $1
SteroidKing1: posts big blind $3
*** HOLE CARDS ***
AzureCaper: folds
Uncalled bet ($2) returned to SteroidKing1
SteroidKing1 collected $2 from pot
SteroidKing1: doesn't show hand
*** SUMMARY ***
Total pot $2 | Rake $0
Seat 4: AzureCaper (button) (small blind) folded before Flop
Seat 6: SteroidKing1 (big blind) collected ($2)


PokerStars Hand #148036281570:  Hold'em Limit ($3/$6 USD) - 2016/02/01 1:00:37 ET
Table 'Subra' 6-max Seat #4 is the button
Seat 3: ajbooomX ($198.03 in chips)
Seat 4: AzureCaper ($96.56 in chips)
AzureCaper: posts small blind $1
ajbooomX: posts big blind $3
*** HOLE CARDS ***
AzureCaper: folds
Uncalled bet ($2) returned to ajbooomX
ajbooomX collected $2 from pot
ajbooomX: doesn't show hand
*** SUMMARY ***
Total pot $2 | Rake $0
Seat 3: ajbooomX (big blind) collected ($2)
Seat 4: AzureCaper (button) (small blind) folded before Flop


PokerStars Hand #148036296788:  Hold'em Limit ($3/$6 USD) - 2016/02/01 1:01:37 ET
Table 'Subra' 6-max Seat #4 is the button
Seat 4: AzureCaper ($99.20 in chips)
Seat 6: SteroidKing1 ($113 in chips)
AzureCaper: posts small blind $1
SteroidKing1: posts big blind $3
*** HOLE CARDS ***
AzureCaper: folds
Uncalled bet ($2) returned to SteroidKing1
SteroidKing1 collected $2 from pot
SteroidKing1: doesn't show hand
*** SUMMARY ***
Total pot $2 | Rake $0
Seat 4: AzureCaper (button) (small blind) folded before Flop
Seat 6: SteroidKing1 (big blind) collected ($2)


PokerStars Hand #148036721707:  Hold'em Limit ($3/$6 USD) - 2016/02/01 1:28:41 ET
Table 'Subra' 6-max Seat #4 is the button
Seat 3: ajbooomX ($232.07 in chips)
Seat 4: AzureCaper ($146.27 in chips)
AzureCaper: posts small blind $1
TbIP-TbIP 88: is sitting out
ajbooomX: posts big blind $3
*** HOLE CARDS ***
AzureCaper: raises $3 to $6
ajbooomX: calls $3
*** FLOP *** [Kd 2s 6d]
ajbooomX: checks
AzureCaper: bets $3
ajbooomX: folds
Uncalled bet ($3) returned to AzureCaper
AzureCaper collected $11.76 from pot
AzureCaper: doesn't show hand
*** SUMMARY ***
Total pot $12 | Rake $0.24
Board [Kd 2s 6d]
Seat 3: ajbooomX (big blind) folded on the Flop
Seat 4: AzureCaper (button) (small blind) collected ($11.76)


PokerStars Hand #148036730183:  Hold'em Limit ($3/$6 USD) - 2016/02/01 1:29:13 ET
Table 'Subra' 6-max Seat #3 is the button
Seat 3: ajbooomX ($226.07 in chips)
Seat 4: AzureCaper ($152.03 in chips)
ajbooomX: posts small blind $1
AzureCaper: posts big blind $3
*** HOLE CARDS ***
ajbooomX: calls $2
AzureCaper: raises $3 to $6
ajbooomX: calls $3
*** FLOP *** [Qc Jc Qh]
AzureCaper: bets $3
ajbooomX: calls $3
*** TURN *** [Qc Jc Qh] [8c]
AzureCaper: checks
ajbooomX: bets $6
AzureCaper: calls $6
*** RIVER *** [Qc Jc Qh 8c] [8d]
AzureCaper: checks
ajbooomX: bets $6
AzureCaper: calls $6
*** SHOW DOWN ***
ajbooomX: shows [Td 9s] (a straight, Eight to Queen)
AzureCaper: mucks hand
ajbooomX collected $41.50 from pot
*** SUMMARY ***
Total pot $42 | Rake $0.50
Board [Qc Jc Qh 8c 8d]
Seat 3: ajbooomX (button) (small blind) showed [Td 9s] and won ($41.50) with a straight, Eight to Queen
Seat 4: AzureCaper (big blind) mucked


PokerStars Hand #148036724620:  Hold'em Limit ($3/$6 USD) - 2016/02/01 1:28:52 ET
Table 'Subra' 6-max Seat #3 is the button
Seat 3: ajbooomX ($226.07 in chips)
Seat 4: AzureCaper ($152.03 in chips)
ajbooomX: posts small blind $1
AzureCaper: posts big blind $3
*** HOLE CARDS ***
ajbooomX: folds
Uncalled bet ($2) returned to AzureCaper
AzureCaper collected $2 from pot
AzureCaper: doesn't show hand
*** SUMMARY ***
Total pot $2 | Rake $0
Seat 3: ajbooomX (button) (small blind) folded before Flop
Seat 4: AzureCaper (big blind) collected ($2)


PokerStars Hand #148036728909:  Hold'em Limit ($3/$6 USD) - 2016/02/01 1:29:08 ET
Table 'Subra' 6-max Seat #4 is the button
Seat 3: ajbooomX ($225.07 in chips)
Seat 4: AzureCaper ($153.03 in chips)
AzureCaper: posts small blind $1
ajbooomX: posts big blind $3
*** HOLE CARDS ***
AzureCaper: folds
Uncalled bet ($2) returned to ajbooomX
ajbooomX collected $2 from pot
ajbooomX: doesn't show hand
TbIP-TbIP 88 leaves the table
*** SUMMARY ***
Total pot $2 | Rake $0
Seat 3: ajbooomX (big blind) collected ($2)
Seat 4: AzureCaper (button) (small blind) folded before Flop


PokerStars Hand #148036727324:  Hold'em Limit ($3/$6 USD) - 2016/02/01 1:29:02 ET
Table 'Subra' 6-max Seat #3 is the button
Seat 3: ajbooomX ($226.07 in chips)
Seat 4: AzureCaper ($152.03 in chips)
ajbooomX: posts small blind $1
AzureCaper: posts big blind $3
*** HOLE CARDS ***
ajbooomX: folds
Uncalled bet ($2) returned to AzureCaper
AzureCaper collected $2 from pot
AzureCaper: doesn't show hand
*** SUMMARY ***
Total pot $2 | Rake $0
Seat 3: ajbooomX (button) (small blind) folded before Flop
Seat 4: AzureCaper (big blind) collected ($2)


PokerStars Hand #148036750756:  Hold'em Limit ($3/$6 USD) - 2016/02/01 1:30:31 ET
Table 'Subra' 6-max Seat #3 is the button
Seat 3: ajbooomX ($253.83 in chips)
Seat 4: AzureCaper ($122.43 in chips)
ajbooomX: posts small blind $1
AzureCaper: posts big blind $3
*** HOLE CARDS ***
ajbooomX: calls $2
AzureCaper: checks
*** FLOP *** [Qc 3s 6h]
AzureCaper: bets $3
ajbooomX: folds
Uncalled bet ($3) returned to AzureCaper
AzureCaper collected $5.88 from pot
AzureCaper: doesn't show hand
*** SUMMARY ***
Total pot $6 | Rake $0.12
Board [Qc 3s 6h]
Seat 3: ajbooomX (button) (small blind) folded on the Flop
Seat 4: AzureCaper (big blind) collected ($5.88)


PokerStars Hand #148036743832:  Hold'em Limit ($3/$6 USD) - 2016/02/01 1:30:05 ET
Table 'Subra' 6-max Seat #4 is the button
Seat 3: ajbooomX ($255.07 in chips)
Seat 4: AzureCaper ($121.67 in chips)
AzureCaper: posts small blind $1
ajbooomX: posts big blind $3
*** HOLE CARDS ***
AzureCaper: raises $3 to $6
ajbooomX: calls $3
*** FLOP *** [8h 9d Jc]
ajbooomX: bets $3
AzureCaper: folds
Uncalled bet ($3) returned to ajbooomX
ajbooomX collected $11.76 from pot
ajbooomX: doesn't show hand
*** SUMMARY ***
Total pot $12 | Rake $0.24
Board [8h 9d Jc]
Seat 3: ajbooomX (big blind) collected ($11.76)
Seat 4: AzureCaper (button) (small blind) folded on the Flop


PokerStars Hand #148036746002:  Hold'em Limit ($3/$6 USD) - 2016/02/01 1:30:13 ET
Table 'Subra' 6-max Seat #3 is the button
Seat 3: ajbooomX ($260.83 in chips)
Seat 4: AzureCaper ($115.67 in chips)
ajbooomX: posts small blind $1
AzureCaper: posts big blind $3
*** HOLE CARDS ***
ajbooomX: folds
Uncalled bet ($2) returned to AzureCaper
AzureCaper collected $2 from pot
AzureCaper: doesn't show hand
*** SUMMARY ***
Total pot $2 | Rake $0
Seat 3: ajbooomX (button) (small blind) folded before Flop
Seat 4: AzureCaper (big blind) collected ($2)


PokerStars Hand #148036747274:  Hold'em Limit ($3/$6 USD) - 2016/02/01 1:30:18 ET
Table 'Subra' 6-max Seat #4 is the button
Seat 3: ajbooomX ($259.83 in chips)
Seat 4: AzureCaper ($116.67 in chips)
AzureCaper: posts small blind $1
ajbooomX: posts big blind $3
*** HOLE CARDS ***
AzureCaper: raises $3 to $6
ajbooomX: calls $3
*** FLOP *** [2d Jc Qd]
ajbooomX: checks
AzureCaper: bets $3
ajbooomX: folds
Uncalled bet ($3) returned to AzureCaper
AzureCaper collected $11.76 from pot
AzureCaper: doesn't show hand
*** SUMMARY ***
Total pot $12 | Rake $0.24
Board [2d Jc Qd]
Seat 3: ajbooomX (big blind) folded on the Flop
Seat 4: AzureCaper (button) (small blind) collected ($11.76)


PokerStars Hand #148036735236:  Hold'em Limit ($3/$6 USD) - 2016/02/01 1:29:32 ET
Table 'Subra' 6-max Seat #4 is the button
Seat 3: ajbooomX ($246.57 in chips)
Seat 4: AzureCaper ($131.03 in chips)
AzureCaper: posts small blind $1
ajbooomX: posts big blind $3
*** HOLE CARDS ***
AzureCaper: raises $3 to $6
ajbooomX: calls $3
*** FLOP *** [Tc 3s 5s]
ajbooomX: checks
AzureCaper: bets $3
ajbooomX: calls $3
*** TURN *** [Tc 3s 5s] [4s]
ajbooomX: checks
AzureCaper: bets $6
ajbooomX: folds
Uncalled bet ($6) returned to AzureCaper
AzureCaper collected $17.64 from pot
AzureCaper: doesn't show hand
*** SUMMARY ***
Total pot $18 | Rake $0.36
Board [Tc 3s 5s 4s]
Seat 3: ajbooomX (big blind) folded on the Turn
Seat 4: AzureCaper (button) (small blind) collected ($17.64)


PokerStars Hand #148036758369:  Hold'em Limit ($3/$6 USD) - 2016/02/01 1:30:59 ET
Table 'Subra' 6-max Seat #4 is the button
Seat 3: ajbooomX ($265.23 in chips)
Seat 4: AzureCaper ($110.31 in chips)
AzureCaper: posts small blind $1
ajbooomX: posts big blind $3
*** HOLE CARDS ***
AzureCaper: raises $3 to $6
ajbooomX: calls $3
*** FLOP *** [7s 4s Qc]
ajbooomX: checks
AzureCaper: bets $3
ajbooomX: folds
Uncalled bet ($3) returned to AzureCaper
AzureCaper collected $11.76 from pot
AzureCaper: doesn't show hand
*** SUMMARY ***
Total pot $12 | Rake $0.24
Board [7s 4s Qc]
Seat 3: ajbooomX (big blind) folded on the Flop
Seat 4: AzureCaper (button) (small blind) collected ($11.76)


PokerStars Hand #148036769022:  Hold'em Limit ($3/$6 USD) - 2016/02/01 1:31:39 ET
Table 'Subra' 6-max Seat #4 is the button
Seat 3: ajbooomX ($241.23 in chips)
Seat 4: AzureCaper ($133.57 in chips)
AzureCaper: posts small blind $1
ajbooomX: posts big blind $3
*** HOLE CARDS ***
AzureCaper: raises $3 to $6
ajbooomX: folds
Uncalled bet ($3) returned to AzureCaper
AzureCaper collected $6 from pot
AzureCaper: doesn't show hand
*** SUMMARY ***
Total pot $6 | Rake $0
Seat 3: ajbooomX (big blind) folded before Flop
Seat 4: AzureCaper (button) (small blind) collected ($6)


PokerStars Hand #148036773374:  Hold'em Limit ($3/$6 USD) - 2016/02/01 1:31:55 ET
Table 'Subra' 6-max Seat #4 is the button
Seat 3: ajbooomX ($237.23 in chips)
Seat 4: AzureCaper ($137.57 in chips)
AzureCaper: posts small blind $1
ajbooomX: posts big blind $3
*** HOLE CARDS ***
AzureCaper: raises $3 to $6
ajbooomX: calls $3
*** FLOP *** [3c 9d 8s]
ajbooomX: checks
AzureCaper: bets $3
ajbooomX: folds
Uncalled bet ($3) returned to AzureCaper
AzureCaper collected $11.76 from pot
AzureCaper: doesn't show hand
*** SUMMARY ***
Total pot $12 | Rake $0.24
Board [3c 9d 8s]
Seat 3: ajbooomX (big blind) folded on the Flop
Seat 4: AzureCaper (button) (small blind) collected ($11.76)


PokerStars Hand #148036791934:  Hold'em Limit ($3/$6 USD) - 2016/02/01 1:33:05 ET
Table 'Subra' 6-max Seat #4 is the button
Seat 3: ajbooomX ($215.39 in chips)
Seat 4: AzureCaper ($157.83 in chips)
AzureCaper: posts small blind $1
ajbooomX: posts big blind $3
*** HOLE CARDS ***
AzureCaper: raises $3 to $6
ajbooomX: calls $3
*** FLOP *** [7h 3s 7d]
ajbooomX: checks
AzureCaper: bets $3
ajbooomX: folds
Uncalled bet ($3) returned to AzureCaper
AzureCaper collected $11.76 from pot
AzureCaper: doesn't show hand
*** SUMMARY ***
Total pot $12 | Rake $0.24
Board [7h 3s 7d]
Seat 3: ajbooomX (big blind) folded on the Flop
Seat 4: AzureCaper (button) (small blind) collected ($11.76)


PokerStars Hand #148036796610:  Hold'em Limit ($3/$6 USD) - 2016/02/01 1:33:22 ET
Table 'Subra' 6-max Seat #4 is the button
Seat 3: ajbooomX ($212.39 in chips)
Seat 4: AzureCaper ($160.59 in chips)
AzureCaper: posts small blind $1
ajbooomX: posts big blind $3
*** HOLE CARDS ***
AzureCaper: folds
Uncalled bet ($2) returned to ajbooomX
ajbooomX collected $2 from pot
ajbooomX: doesn't show hand
*** SUMMARY ***
Total pot $2 | Rake $0
Seat 3: ajbooomX (big blind) collected ($2)
Seat 4: AzureCaper (button) (small blind) folded before Flop


PokerStars Hand #148036783263:  Hold'em Limit ($3/$6 USD) - 2016/02/01 1:32:32 ET
Table 'Subra' 6-max Seat #4 is the button
Seat 3: ajbooomX ($239.87 in chips)
Seat 4: AzureCaper ($134.33 in chips)
AzureCaper: posts small blind $1
ajbooomX: posts big blind $3
*** HOLE CARDS ***
AzureCaper: raises $3 to $6
ajbooomX: raises $3 to $9
AzureCaper: calls $3
*** FLOP *** [8h 5d 3h]
ajbooomX: bets $3
AzureCaper: calls $3
*** TURN *** [8h 5d 3h] [7d]
ajbooomX: bets $6
AzureCaper: raises $6 to $12
ajbooomX: calls $6
*** RIVER *** [8h 5d 3h 7d] [Ah]
ajbooomX: bets $6
AzureCaper: raises $6 to $12
ajbooomX: calls $6
*** SHOW DOWN ***
AzureCaper: shows [7c 3c] (two pair, Sevens and Threes)
ajbooomX: mucks hand
AzureCaper collected $71.50 from pot
*** SUMMARY ***
Total pot $72 | Rake $0.50
Board [8h 5d 3h 7d Ah]
Seat 3: ajbooomX (big blind) mucked
Seat 4: AzureCaper (button) (small blind) showed [7c 3c] and won ($71.50) with two pair, Sevens and Threes


PokerStars Hand #148036788770:  Hold'em Limit ($3/$6 USD) - 2016/02/01 1:32:53 ET
Table 'Subra' 6-max Seat #3 is the button
Seat 3: ajbooomX ($203.87 in chips)
Seat 4: AzureCaper ($169.83 in chips)
ajbooomX: posts small blind $1
AzureCaper: posts big blind $3
*** HOLE CARDS ***
ajbooomX: raises $3 to $6
AzureCaper: raises $3 to $9
ajbooomX: raises $3 to $12
Betting is capped
AzureCaper: calls $3
*** FLOP *** [5c As 4h]
AzureCaper: checks
ajbooomX: bets $3
AzureCaper: folds
Uncalled bet ($3) returned to ajbooomX
ajbooomX collected $23.52 from pot
ajbooomX: doesn't show hand
*** SUMMARY ***
Total pot $24 | Rake $0.48
Board [5c As 4h]
Seat 3: ajbooomX (button) (small blind) collected ($23.52)
Seat 4: AzureCaper (big blind) folded on the Flop


PokerStars Hand #148036799754:  Hold'em Limit ($3/$6 USD) - 2016/02/01 1:33:34 ET
Table 'Subra' 6-max Seat #4 is the button
Seat 3: ajbooomX ($212.39 in chips)
Seat 4: AzureCaper ($160.59 in chips)
AzureCaper: posts small blind $1
ajbooomX: posts big blind $3
*** HOLE CARDS ***
AzureCaper: raises $3 to $6
ajbooomX: calls $3
*** FLOP *** [Jc 2d 3d]
ajbooomX: checks
AzureCaper: bets $3
ajbooomX: folds
Uncalled bet ($3) returned to AzureCaper
AzureCaper collected $11.76 from pot
AzureCaper: doesn't show hand
*** SUMMARY ***
Total pot $12 | Rake $0.24
Board [Jc 2d 3d]
Seat 3: ajbooomX (big blind) folded on the Flop
Seat 4: AzureCaper (button) (small blind) collected ($11.76)


PokerStars Hand #148036802791:  Hold'em Limit ($3/$6 USD) - 2016/02/01 1:33:46 ET
Table 'Subra' 6-max Seat #3 is the button
Seat 3: ajbooomX ($206.39 in chips)
Seat 4: AzureCaper ($166.35 in chips)
ajbooomX: posts small blind $1
AzureCaper: posts big blind $3
*** HOLE CARDS ***
ajbooomX: raises $3 to $6
AzureCaper: folds
Uncalled bet ($3) returned to ajbooomX
ajbooomX collected $6 from pot
ajbooomX: doesn't show hand
*** SUMMARY ***
Total pot $6 | Rake $0
Seat 3: ajbooomX (button) (small blind) collected ($6)
Seat 4: AzureCaper (big blind) folded before Flop


PokerStars Hand #148036812074:  Hold'em Limit ($3/$6 USD) - 2016/02/01 1:34:21 ET
Table 'Subra' 6-max Seat #4 is the button
Seat 3: ajbooomX ($184.39 in chips)
Seat 4: AzureCaper ($187.85 in chips)
AzureCaper: posts small blind $1
ajbooomX: posts big blind $3
*** HOLE CARDS ***
AzureCaper: raises $3 to $6
ajbooomX: raises $3 to $9
AzureCaper: calls $3
*** FLOP *** [Tc 7d 5h]
ajbooomX: bets $3
AzureCaper: raises $3 to $6
ajbooomX: raises $3 to $9
AzureCaper: raises $3 to $12
Betting is capped
ajbooomX: calls $3
*** TURN *** [Tc 7d 5h] [7h]
ajbooomX: bets $6
AzureCaper: calls $6
*** RIVER *** [Tc 7d 5h 7h] [Qc]
ajbooomX: bets $6
AzureCaper: folds
Uncalled bet ($6) returned to ajbooomX
ajbooomX collected $53.50 from pot
ajbooomX: doesn't show hand
*** SUMMARY ***
Total pot $54 | Rake $0.50
Board [Tc 7d 5h 7h Qc]
Seat 3: ajbooomX (big blind) collected ($53.50)
Seat 4: AzureCaper (button) (small blind) folded on the River


PokerStars Hand #148036810892:  Hold'em Limit ($3/$6 USD) - 2016/02/01 1:34:16 ET
Table 'Subra' 6-max Seat #3 is the button
Seat 3: ajbooomX ($185.39 in chips)
Seat 4: AzureCaper ($186.85 in chips)
ajbooomX: posts small blind $1
AzureCaper: posts big blind $3
*** HOLE CARDS ***
ajbooomX: folds
Uncalled bet ($2) returned to AzureCaper
AzureCaper collected $2 from pot
AzureCaper: doesn't show hand
*** SUMMARY ***
Total pot $2 | Rake $0
Seat 3: ajbooomX (button) (small blind) folded before Flop
Seat 4: AzureCaper (big blind) collected ($2)


PokerStars Hand #148036804554:  Hold'em Limit ($3/$6 USD) - 2016/02/01 1:33:52 ET
Table 'Subra' 6-max Seat #4 is the button
Seat 3: ajbooomX ($209.39 in chips)
Seat 4: AzureCaper ($163.35 in chips)
AzureCaper: posts small blind $1
ajbooomX: posts big blind $3
*** HOLE CARDS ***
AzureCaper: raises $3 to $6
ajbooomX: raises $3 to $9
AzureCaper: raises $3 to $12
Betting is capped
ajbooomX: calls $3
*** FLOP *** [Ts 9d Js]
ajbooomX: bets $3
AzureCaper: raises $3 to $6
ajbooomX: calls $3
*** TURN *** [Ts 9d Js] [Kh]
ajbooomX: checks
AzureCaper: bets $6
ajbooomX: calls $6
*** RIVER *** [Ts 9d Js Kh] [8s]
ajbooomX: checks
AzureCaper: checks
*** SHOW DOWN ***
ajbooomX: shows [As Tc] (a pair of Tens)
AzureCaper: shows [Jh Ac] (a pair of Jacks)
AzureCaper collected $47.50 from pot
*** SUMMARY ***
Total pot $48 | Rake $0.50
Board [Ts 9d Js Kh 8s]
Seat 3: ajbooomX (big blind) showed [As Tc] and lost with a pair of Tens
Seat 4: AzureCaper (button) (small blind) showed [Jh Ac] and won ($47.50) with a pair of Jacks


PokerStars Hand #148036820923:  Hold'em Limit ($3/$6 USD) - 2016/02/01 1:34:54 ET
Table 'Subra' 6-max Seat #4 is the button
Seat 3: ajbooomX ($209.89 in chips)
Seat 4: AzureCaper ($161.85 in chips)
AzureCaper: posts small blind $1
ajbooomX: posts big blind $3
*** HOLE CARDS ***
AzureCaper: folds
Uncalled bet ($2) returned to ajbooomX
ajbooomX collected $2 from pot
ajbooomX: doesn't show hand
*** SUMMARY ***
Total pot $2 | Rake $0
Seat 3: ajbooomX (big blind) collected ($2)
Seat 4: AzureCaper (button) (small blind) folded before Flop


PokerStars Hand #148036819596:  Hold'em Limit ($3/$6 USD) - 2016/02/01 1:34:49 ET
Table 'Subra' 6-max Seat #3 is the button
Seat 3: ajbooomX ($210.89 in chips)
Seat 4: AzureCaper ($160.85 in chips)
ajbooomX: posts small blind $1
AzureCaper: posts big blind $3
*** HOLE CARDS ***
ajbooomX: folds
Uncalled bet ($2) returned to AzureCaper
AzureCaper collected $2 from pot
AzureCaper: doesn't show hand
*** SUMMARY ***
Total pot $2 | Rake $0
Seat 3: ajbooomX (button) (small blind) folded before Flop
Seat 4: AzureCaper (big blind) collected ($2)


PokerStars Hand #148036831763:  Hold'em Limit ($3/$6 USD) - 2016/02/01 1:35:35 ET
Table 'Subra' 6-max Seat #3 is the button
Seat 3: ajbooomX ($193.89 in chips)
Seat 4: AzureCaper ($177.35 in chips)
ajbooomX: posts small blind $1
AzureCaper: posts big blind $3
*** HOLE CARDS ***
ajbooomX: raises $3 to $6
AzureCaper: folds
Uncalled bet ($3) returned to ajbooomX
ajbooomX collected $6 from pot
ajbooomX: doesn't show hand
*** SUMMARY ***
Total pot $6 | Rake $0
Seat 3: ajbooomX (button) (small blind) collected ($6)
Seat 4: AzureCaper (big blind) folded before Flop


PokerStars Hand #148036822114:  Hold'em Limit ($3/$6 USD) - 2016/02/01 1:34:59 ET
Table 'Subra' 6-max Seat #3 is the button
Seat 3: ajbooomX ($210.89 in chips)
Seat 4: AzureCaper ($160.85 in chips)
ajbooomX: posts small blind $1
AzureCaper: posts big blind $3
*** HOLE CARDS ***
ajbooomX: calls $2
AzureCaper: checks
*** FLOP *** [Kc 5h Jd]
AzureCaper: bets $3
ajbooomX: calls $3
*** TURN *** [Kc 5h Jd] [Kh]
AzureCaper: bets $6
ajbooomX: calls $6
*** RIVER *** [Kc 5h Jd Kh] [7c]
AzureCaper: checks
ajbooomX: bets $6
AzureCaper: calls $6
*** SHOW DOWN ***
ajbooomX: shows [Qc Td] (a pair of Kings)
AzureCaper: shows [Qh 5s] (two pair, Kings and Fives)
AzureCaper collected $35.50 from pot
*** SUMMARY ***
Total pot $36 | Rake $0.50
Board [Kc 5h Jd Kh 7c]
Seat 3: ajbooomX (button) (small blind) showed [Qc Td] and lost with a pair of Kings
Seat 4: AzureCaper (big blind) showed [Qh 5s] and won ($35.50) with two pair, Kings and Fives


PokerStars Hand #148036843211:  Hold'em Limit ($3/$6 USD) - 2016/02/01 1:36:18 ET
Table 'Subra' 6-max Seat #3 is the button
Seat 3: ajbooomX ($178.89 in chips)
Seat 4: AzureCaper ($191.75 in chips)
ajbooomX: posts small blind $1
AzureCaper: posts big blind $3
*** HOLE CARDS ***
ajbooomX: raises $3 to $6
AzureCaper: calls $3
*** FLOP *** [9h 6s 4s]
AzureCaper: checks
ajbooomX: bets $3
AzureCaper: calls $3
*** TURN *** [9h 6s 4s] [9d]
AzureCaper: checks
ajbooomX: bets $6
AzureCaper: calls $6
*** RIVER *** [9h 6s 4s 9d] [7d]
AzureCaper: checks
ajbooomX: bets $6
AzureCaper: calls $6
*** SHOW DOWN ***
ajbooomX: shows [Js Jc] (two pair, Jacks and Nines)
AzureCaper: mucks hand
ajbooomX collected $41.50 from pot
*** SUMMARY ***
Total pot $42 | Rake $0.50
Board [9h 6s 4s 9d 7d]
Seat 3: ajbooomX (button) (small blind) showed [Js Jc] and won ($41.50) with two pair, Jacks and Nines
Seat 4: AzureCaper (big blind) mucked


PokerStars Hand #148036836596:  Hold'em Limit ($3/$6 USD) - 2016/02/01 1:35:53 ET
Table 'Subra' 6-max Seat #3 is the button
Seat 3: ajbooomX ($190.89 in chips)
Seat 4: AzureCaper ($180.11 in chips)
ajbooomX: posts small blind $1
AzureCaper: posts big blind $3
*** HOLE CARDS ***
ajbooomX: calls $2
AzureCaper: raises $3 to $6
ajbooomX: calls $3
*** FLOP *** [7s 6s 9s]
AzureCaper: bets $3
ajbooomX: calls $3
*** TURN *** [7s 6s 9s] [7d]
AzureCaper: bets $6
ajbooomX: folds
Uncalled bet ($6) returned to AzureCaper
AzureCaper collected $17.64 from pot
AzureCaper: doesn't show hand
*** SUMMARY ***
Total pot $18 | Rake $0.36
Board [7s 6s 9s 7d]
Seat 3: ajbooomX (button) (small blind) folded on the Turn
Seat 4: AzureCaper (big blind) collected ($17.64)


PokerStars Hand #148036847308:  Hold'em Limit ($3/$6 USD) - 2016/02/01 1:36:33 ET
Table 'Subra' 6-max Seat #4 is the button
Seat 3: ajbooomX ($199.39 in chips)
Seat 4: AzureCaper ($170.75 in chips)
AzureCaper: posts small blind $1
ajbooomX: posts big blind $3
*** HOLE CARDS ***
AzureCaper: raises $3 to $6
ajbooomX: folds
Uncalled bet ($3) returned to AzureCaper
AzureCaper collected $6 from pot
AzureCaper: doesn't show hand
*** SUMMARY ***
Total pot $6 | Rake $0
Seat 3: ajbooomX (big blind) folded before Flop
Seat 4: AzureCaper (button) (small blind) collected ($6)


PokerStars Hand #148036833501:  Hold'em Limit ($3/$6 USD) - 2016/02/01 1:35:41 ET
Table 'Subra' 6-max Seat #4 is the button
Seat 3: ajbooomX ($196.89 in chips)
Seat 4: AzureCaper ($174.35 in chips)
AzureCaper: posts small blind $1
ajbooomX: posts big blind $3
*** HOLE CARDS ***
AzureCaper: raises $3 to $6
ajbooomX: calls $3
*** FLOP *** [3d 8h Jd]
ajbooomX: checks
AzureCaper: bets $3
ajbooomX: folds
Uncalled bet ($3) returned to AzureCaper
AzureCaper collected $11.76 from pot
AzureCaper: doesn't show hand
*** SUMMARY ***
Total pot $12 | Rake $0.24
Board [3d 8h Jd]
Seat 3: ajbooomX (big blind) folded on the Flop
Seat 4: AzureCaper (button) (small blind) collected ($11.76)


PokerStars Hand #148036856255:  Hold'em Limit ($3/$6 USD) - 2016/02/01 1:37:07 ET
Table 'Subra' 6-max Seat #4 is the button
Seat 3: ajbooomX ($210.89 in chips)
Seat 4: AzureCaper ($158.75 in chips)
AzureCaper: posts small blind $1
ajbooomX: posts big blind $3
*** HOLE CARDS ***
AzureCaper: raises $3 to $6
ajbooomX: calls $3
*** FLOP *** [5d Ks 7d]
ajbooomX: checks
AzureCaper: bets $3
ajbooomX: folds
Uncalled bet ($3) returned to AzureCaper
AzureCaper collected $11.76 from pot
AzureCaper: doesn't show hand
*** SUMMARY ***
Total pot $12 | Rake $0.24
Board [5d Ks 7d]
Seat 3: ajbooomX (big blind) folded on the Flop
Seat 4: AzureCaper (button) (small blind) collected ($11.76)


PokerStars Hand #148036848759:  Hold'em Limit ($3/$6 USD) - 2016/02/01 1:36:38 ET
Table 'Subra' 6-max Seat #3 is the button
Seat 3: ajbooomX ($196.39 in chips)
Seat 4: AzureCaper ($173.75 in chips)
ajbooomX: posts small blind $1
AzureCaper: posts big blind $3
*** HOLE CARDS ***
ajbooomX: calls $2
AzureCaper: checks
*** FLOP *** [2c Ks 3s]
AzureCaper: checks
ajbooomX: checks
*** TURN *** [2c Ks 3s] [Kh]
AzureCaper: bets $6
ajbooomX: calls $6
*** RIVER *** [2c Ks 3s Kh] [5d]
AzureCaper: bets $6
ajbooomX: calls $6
*** SHOW DOWN ***
AzureCaper: shows [4h Tc] (a pair of Kings)
ajbooomX: shows [4s 3d] (two pair, Kings and Threes)
ajbooomX collected $29.50 from pot
*** SUMMARY ***
Total pot $30 | Rake $0.50
Board [2c Ks 3s Kh 5d]
Seat 3: ajbooomX (button) (small blind) showed [4s 3d] and won ($29.50) with two pair, Kings and Threes
Seat 4: AzureCaper (big blind) showed [4h Tc] and lost with a pair of Kings


PokerStars Hand #148036859639:  Hold'em Limit ($3/$6 USD) - 2016/02/01 1:37:20 ET
Table 'Subra' 6-max Seat #3 is the button
Seat 3: ajbooomX ($204.89 in chips)
Seat 4: AzureCaper ($164.51 in chips)
ajbooomX: posts small blind $1
AzureCaper: posts big blind $3
*** HOLE CARDS ***
ajbooomX: calls $2
AzureCaper: raises $3 to $6
ajbooomX: calls $3
*** FLOP *** [8h 9h 8c]
AzureCaper: bets $3
ajbooomX: raises $3 to $6
AzureCaper: calls $3
*** TURN *** [8h 9h 8c] [2c]
AzureCaper: checks
ajbooomX: bets $6
AzureCaper: folds
Uncalled bet ($6) returned to ajbooomX
ajbooomX collected $23.52 from pot
ajbooomX: doesn't show hand
*** SUMMARY ***
Total pot $24 | Rake $0.48
Board [8h 9h 8c 2c]
Seat 3: ajbooomX (button) (small blind) collected ($23.52)
Seat 4: AzureCaper (big blind) folded on the Turn


PokerStars Hand #148036871973:  Hold'em Limit ($3/$6 USD) - 2016/02/01 1:38:06 ET
Table 'Subra' 6-max Seat #4 is the button
Seat 3: ajbooomX ($207.41 in chips)
Seat 4: AzureCaper ($161.15 in chips)
AzureCaper: posts small blind $1
ajbooomX: posts big blind $3
*** HOLE CARDS ***
AzureCaper: raises $3 to $6
ajbooomX: calls $3
*** FLOP *** [Ac Jd 4h]
ajbooomX: checks
AzureCaper: bets $3
ajbooomX: calls $3
*** TURN *** [Ac Jd 4h] [As]
ajbooomX: checks
AzureCaper: bets $6
ajbooomX: calls $6
*** RIVER *** [Ac Jd 4h As] [8s]
ajbooomX: checks
AzureCaper: bets $6
ajbooomX: calls $6
*** SHOW DOWN ***
AzureCaper: shows [Kh Jc] (two pair, Aces and Jacks)
ajbooomX: mucks hand
AzureCaper collected $41.50 from pot
*** SUMMARY ***
Total pot $42 | Rake $0.50
Board [Ac Jd 4h As 8s]
Seat 3: ajbooomX (big blind) mucked
Seat 4: AzureCaper (button) (small blind) showed [Kh Jc] and won ($41.50) with two pair, Aces and Jacks


PokerStars Hand #148036868622:  Hold'em Limit ($3/$6 USD) - 2016/02/01 1:37:53 ET
Table 'Subra' 6-max Seat #3 is the button
Seat 3: ajbooomX ($210.41 in chips)
Seat 4: AzureCaper ($158.27 in chips)
ajbooomX: posts small blind $1
AzureCaper: posts big blind $3
*** HOLE CARDS ***
ajbooomX: calls $2
AzureCaper: checks
*** FLOP *** [Ac 7c 7h]
AzureCaper: bets $3
ajbooomX: folds
Uncalled bet ($3) returned to AzureCaper
AzureCaper collected $5.88 from pot
AzureCaper: doesn't show hand
*** SUMMARY ***
Total pot $6 | Rake $0.12
Board [Ac 7c 7h]
Seat 3: ajbooomX (button) (small blind) folded on the Flop
Seat 4: AzureCaper (big blind) collected ($5.88)


PokerStars Hand #148036865468:  Hold'em Limit ($3/$6 USD) - 2016/02/01 1:37:42 ET
Table 'Subra' 6-max Seat #4 is the button
Seat 3: ajbooomX ($216.41 in chips)
Seat 4: AzureCaper ($152.51 in chips)
AzureCaper: posts small blind $1
ajbooomX: posts big blind $3
*** HOLE CARDS ***
AzureCaper: raises $3 to $6
ajbooomX: calls $3
*** FLOP *** [2d 7s Tc]
ajbooomX: checks
AzureCaper: bets $3
ajbooomX: folds
Uncalled bet ($3) returned to AzureCaper
AzureCaper collected $11.76 from pot
AzureCaper: doesn't show hand
*** SUMMARY ***
Total pot $12 | Rake $0.24
Board [2d 7s Tc]
Seat 3: ajbooomX (big blind) folded on the Flop
Seat 4: AzureCaper (button) (small blind) collected ($11.76)


PokerStars Hand #148036877966:  Hold'em Limit ($3/$6 USD) - 2016/02/01 1:38:28 ET
Table 'Subra' 6-max Seat #3 is the button
Seat 3: ajbooomX ($186.41 in chips)
Seat 4: AzureCaper ($181.65 in chips)
ajbooomX: posts small blind $1
AzureCaper: posts big blind $3
*** HOLE CARDS ***
ajbooomX: calls $2
AzureCaper: checks
*** FLOP *** [6d 4c Ks]
panman40 joins the table at seat #6
AzureCaper: bets $3
ajbooomX: raises $3 to $6
AzureCaper: raises $3 to $9
ajbooomX: calls $3
*** TURN *** [6d 4c Ks] [Qc]
AzureCaper: bets $6
ajbooomX: raises $6 to $12
AzureCaper: folds
Uncalled bet ($6) returned to ajbooomX
ajbooomX collected $35.50 from pot
ajbooomX: doesn't show hand
*** SUMMARY ***
Total pot $36 | Rake $0.50
Board [6d 4c Ks Qc]
Seat 3: ajbooomX (button) (small blind) collected ($35.50)
Seat 4: AzureCaper (big blind) folded on the Turn


PokerStars Hand #148037327249:  Hold'em Limit ($3/$6 USD) - 2016/02/01 2:07:06 ET
Table 'Subra' 6-max Seat #4 is the button
Seat 2: kismespit ($83.89 in chips)
Seat 4: AzureCaper ($178.94 in chips)
AzureCaper: posts small blind $1
markusfriebe: is sitting out
kismespit: posts big blind $3
*** HOLE CARDS ***
AzureCaper: raises $3 to $6
kismespit: calls $3
*** FLOP *** [Ts 3d 7d]
kismespit: checks
AzureCaper: bets $3
markusfriebe leaves the table
kismespit: folds
Uncalled bet ($3) returned to AzureCaper
AzureCaper collected $11.76 from pot
AzureCaper: doesn't show hand
*** SUMMARY ***
Total pot $12 | Rake $0.24
Board [Ts 3d 7d]
Seat 2: kismespit (big blind) folded on the Flop
Seat 4: AzureCaper (button) (small blind) collected ($11.76)


