PokerStars Hand #150205831066:  Hold'em Limit ($3/$6 USD) - 2016/03/11 17:38:17 ET
Table 'Subra' 6-max Seat #4 is the button
Seat 3: avel71 ($25.75 in chips)
Seat 4: Actionni13 ($153.75 in chips)
Actionni13: posts small blind $1
avel71: posts big blind $3
*** HOLE CARDS ***
Actionni13: folds
Uncalled bet ($2) returned to avel71
avel71 collected $2 from pot
avel71: doesn't show hand
*** SUMMARY ***
Total pot $2 | Rake $0
Seat 3: avel71 (big blind) collected ($2)
Seat 4: Actionni13 (button) (small blind) folded before Flop


PokerStars Hand #150205790013:  Hold'em Limit ($3/$6 USD) - 2016/03/11 17:37:31 ET
Table 'Subra' 6-max Seat #3 is the button
Seat 3: avel71 ($26 in chips)
Seat 4: Actionni13 ($154 in chips)
avel71: posts small blind $1
Actionni13: posts big blind $3
*** HOLE CARDS ***
avel71: calls $2
Actionni13: raises $3 to $6
avel71: raises $3 to $9
Actionni13: calls $3
*** FLOP *** [Ks Th Qd]
Actionni13: checks
avel71: bets $3
Actionni13: calls $3
*** TURN *** [Ks Th Qd] [4h]
Actionni13: checks
avel71: bets $6
Actionni13: calls $6
*** RIVER *** [Ks Th Qd 4h] [Jd]
Actionni13: bets $6
avel71: raises $2 to $8 and is all-in
Actionni13: calls $2
*** SHOW DOWN ***
avel71: shows [Ac 4d] (a straight, Ten to Ace)
Actionni13: shows [Ah Qc] (a straight, Ten to Ace)
Actionni13 collected $25.75 from pot
avel71 collected $25.75 from pot
*** SUMMARY ***
Total pot $52 | Rake $0.50
Board [Ks Th Qd 4h Jd]
Seat 3: avel71 (button) (small blind) showed [Ac 4d] and won ($25.75) with a straight, Ten to Ace
Seat 4: Actionni13 (big blind) showed [Ah Qc] and won ($25.75) with a straight, Ten to Ace


PokerStars Hand #150205836037:  Hold'em Limit ($3/$6 USD) - 2016/03/11 17:38:22 ET
Table 'Subra' 6-max Seat #3 is the button
Seat 3: avel71 ($26.75 in chips)
Seat 4: Actionni13 ($152.75 in chips)
avel71: posts small blind $1
Actionni13: posts big blind $3
*** HOLE CARDS ***
avel71: raises $3 to $6
Actionni13: calls $3
*** FLOP *** [Tc Jc 2c]
Actionni13: checks
avel71: bets $3
Actionni13: calls $3
*** TURN *** [Tc Jc 2c] [Kd]
Actionni13: checks
avel71: bets $6
Actionni13: folds
Uncalled bet ($6) returned to avel71
avel71 collected $17.64 from pot
avel71: doesn't show hand
*** SUMMARY ***
Total pot $18 | Rake $0.36
Board [Tc Jc 2c Kd]
Seat 3: avel71 (button) (small blind) collected ($17.64)
Seat 4: Actionni13 (big blind) folded on the Turn


PokerStars Hand #150206046978:  Hold'em Limit ($3/$6 USD) - 2016/03/11 17:42:19 ET
Table 'Subra' 6-max Seat #3 is the button
Seat 3: bettor77 ($93.20 in chips)
Seat 4: Actionni13 ($155.76 in chips)
bettor77: posts small blind $1
Actionni13: posts big blind $3
*** HOLE CARDS ***
bettor77: calls $2
Actionni13: checks
*** FLOP *** [9s 9h 5h]
Actionni13: checks
bettor77: bets $3
Actionni13: calls $3
*** TURN *** [9s 9h 5h] [7h]
Actionni13: checks
bettor77: checks
*** RIVER *** [9s 9h 5h 7h] [9c]
Actionni13: checks
bettor77: bets $6
Actionni13: calls $6
*** SHOW DOWN ***
bettor77: shows [Kd 5d] (a full house, Nines full of Fives)
Actionni13: mucks hand
bettor77 collected $23.52 from pot
*** SUMMARY ***
Total pot $24 | Rake $0.48
Board [9s 9h 5h 7h 9c]
Seat 3: bettor77 (button) (small blind) showed [Kd 5d] and won ($23.52) with a full house, Nines full of Fives
Seat 4: Actionni13 (big blind) mucked


PokerStars Hand #150206010251:  Hold'em Limit ($3/$6 USD) - 2016/03/11 17:41:38 ET
Table 'Subra' 6-max Seat #4 is the button
Seat 3: bettor77 ($99.20 in chips)
Seat 4: Actionni13 ($150 in chips)
Actionni13: posts small blind $1
bettor77: posts big blind $3
*** HOLE CARDS ***
Actionni13: raises $3 to $6
bettor77: calls $3
*** FLOP *** [Jd 8d Td]
bettor77: checks
Chessnok joins the table at seat #5
Actionni13: bets $3
bettor77: folds
Uncalled bet ($3) returned to Actionni13
Actionni13 collected $11.76 from pot
Actionni13: doesn't show hand
*** SUMMARY ***
Total pot $12 | Rake $0.24
Board [Jd 8d Td]
Seat 3: bettor77 (big blind) folded on the Flop
Seat 4: Actionni13 (button) (small blind) collected ($11.76)


