PokerStars Hand #144986139722:  Hold'em Limit ($3/$6 USD) - 2015/12/07 15:45:20 ET
Table 'Subra' 2-max Seat #1 is the button
Seat 1: wesdeluxe ($72.64 in chips)
Seat 2: Avereem ($104.78 in chips)
wesdeluxe: posts small blind $1
Avereem: posts big blind $3
*** HOLE CARDS ***
wesdeluxe: calls $2
Avereem: checks
*** FLOP *** [7d Qc Qd]
Avereem: checks
wesdeluxe: bets $3
Avereem: folds
Uncalled bet ($3) returned to wesdeluxe
wesdeluxe collected $5.88 from pot
wesdeluxe: doesn't show hand
*** SUMMARY ***
Total pot $6 | Rake $0.12
Board [7d Qc Qd]
Seat 1: wesdeluxe (button) (small blind) collected ($5.88)
Seat 2: Avereem (big blind) folded on the Flop


PokerStars Hand #144986104370:  Hold'em Limit ($3/$6 USD) - 2015/12/07 15:44:47 ET
Table 'Subra' 2-max Seat #2 is the button
Seat 1: wesdeluxe ($64 in chips)
Seat 2: Avereem ($113.78 in chips)
Avereem: posts small blind $1
wesdeluxe: posts big blind $3
*** HOLE CARDS ***
Avereem: raises $3 to $6
wesdeluxe: calls $3
*** FLOP *** [4c Js Td]
wesdeluxe: checks
Avereem: bets $3
wesdeluxe: calls $3
*** TURN *** [4c Js Td] [Ks]
wesdeluxe: checks
Avereem: checks
*** RIVER *** [4c Js Td Ks] [4d]
wesdeluxe: bets $6
Avereem: folds
Uncalled bet ($6) returned to wesdeluxe
wesdeluxe collected $17.64 from pot
wesdeluxe: doesn't show hand
*** SUMMARY ***
Total pot $18 | Rake $0.36
Board [4c Js Td Ks 4d]
Seat 1: wesdeluxe (big blind) collected ($17.64)
Seat 2: Avereem (button) (small blind) folded on the River


PokerStars Hand #144986162400:  Hold'em Limit ($3/$6 USD) - 2015/12/07 15:45:42 ET
Table 'Subra' 2-max Seat #2 is the button
Seat 1: wesdeluxe ($75.52 in chips)
Seat 2: Avereem ($101.78 in chips)
Avereem: posts small blind $1
wesdeluxe: posts big blind $3
*** HOLE CARDS ***
Avereem: raises $3 to $6
wesdeluxe: calls $3
*** FLOP *** [4h 5h Kh]
wesdeluxe: checks
Avereem: bets $3
wesdeluxe: calls $3
*** TURN *** [4h 5h Kh] [7c]
wesdeluxe: checks
Avereem: checks
*** RIVER *** [4h 5h Kh 7c] [Qd]
wesdeluxe: bets $6
Avereem: calls $6
*** SHOW DOWN ***
wesdeluxe: shows [Ts Kc] (a pair of Kings)
Avereem: mucks hand
wesdeluxe collected $29.50 from pot
*** SUMMARY ***
Total pot $30 | Rake $0.50
Board [4h 5h Kh 7c Qd]
Seat 1: wesdeluxe (big blind) showed [Ts Kc] and won ($29.50) with a pair of Kings
Seat 2: Avereem (button) (small blind) mucked


PokerStars Hand #144986208893:  Hold'em Limit ($3/$6 USD) - 2015/12/07 15:46:25 ET
Table 'Subra' 2-max Seat #1 is the button
Seat 1: wesdeluxe ($90.02 in chips)
Seat 2: Avereem ($86.78 in chips)
wesdeluxe: posts small blind $1
Avereem: posts big blind $3
*** HOLE CARDS ***
wesdeluxe: calls $2
Avereem: raises $3 to $6
wesdeluxe: calls $3
*** FLOP *** [5h 7s 9h]
Avereem said, ":D"
Avereem: bets $3
wesdeluxe: folds
Uncalled bet ($3) returned to Avereem
Avereem collected $11.76 from pot
Avereem: doesn't show hand
*** SUMMARY ***
Total pot $12 | Rake $0.24
Board [5h 7s 9h]
Seat 1: wesdeluxe (button) (small blind) folded on the Flop
Seat 2: Avereem (big blind) collected ($11.76)


PokerStars Hand #144986261170:  Hold'em Limit ($3/$6 USD) - 2015/12/07 15:47:15 ET
Table 'Subra' 2-max Seat #2 is the button
Seat 1: wesdeluxe ($78.02 in chips)
Seat 2: Avereem ($98.42 in chips)
Avereem: posts small blind $1
wesdeluxe: posts big blind $3
*** HOLE CARDS ***
Avereem said, "ahah"
Avereem: raises $3 to $6
wesdeluxe: calls $3
*** FLOP *** [8c 9s Ad]
wesdeluxe: folds
Avereem collected $11.76 from pot
Avereem: doesn't show hand
*** SUMMARY ***
Total pot $12 | Rake $0.24
Board [8c 9s Ad]
Seat 1: wesdeluxe (big blind) folded on the Flop
Seat 2: Avereem (button) (small blind) collected ($11.76)


PokerStars Hand #144986242436:  Hold'em Limit ($3/$6 USD) - 2015/12/07 15:46:57 ET
Table 'Subra' 2-max Seat #1 is the button
Seat 1: wesdeluxe ($81.02 in chips)
Seat 2: Avereem ($95.54 in chips)
wesdeluxe: posts small blind $1
Avereem: posts big blind $3
*** HOLE CARDS ***
wesdeluxe: calls $2
Avereem: checks
*** FLOP *** [9s Qh 2s]
Avereem: bets $3
wesdeluxe: folds
Uncalled bet ($3) returned to Avereem
Avereem collected $5.88 from pot
Avereem: doesn't show hand
*** SUMMARY ***
Total pot $6 | Rake $0.12
Board [9s Qh 2s]
Seat 1: wesdeluxe (button) (small blind) folded on the Flop
Seat 2: Avereem (big blind) collected ($5.88)


PokerStars Hand #144986234508:  Hold'em Limit ($3/$6 USD) - 2015/12/07 15:46:50 ET
Table 'Subra' 2-max Seat #2 is the button
Seat 1: wesdeluxe ($84.02 in chips)
Seat 2: Avereem ($92.54 in chips)
Avereem: posts small blind $1
wesdeluxe: posts big blind $3
*** HOLE CARDS ***
Avereem: raises $3 to $6
wesdeluxe: folds
Uncalled bet ($3) returned to Avereem
Avereem collected $6 from pot
Avereem: doesn't show hand
*** SUMMARY ***
Total pot $6 | Rake $0
Seat 1: wesdeluxe (big blind) folded before Flop
Seat 2: Avereem (button) (small blind) collected ($6)


PokerStars Hand #144986315610:  Hold'em Limit ($3/$6 USD) - 2015/12/07 15:48:06 ET
Table 'Subra' 2-max Seat #2 is the button
Seat 1: wesdeluxe ($86.52 in chips)
Seat 2: Avereem ($89.18 in chips)
Avereem: posts small blind $1
wesdeluxe: posts big blind $3
*** HOLE CARDS ***
Avereem said, "redko"
Avereem: folds
Uncalled bet ($2) returned to wesdeluxe
wesdeluxe collected $2 from pot
wesdeluxe: doesn't show hand
*** SUMMARY ***
Total pot $2 | Rake $0
Seat 1: wesdeluxe (big blind) collected ($2)
Seat 2: Avereem (button) (small blind) folded before Flop


PokerStars Hand #144986273381:  Hold'em Limit ($3/$6 USD) - 2015/12/07 15:47:26 ET
Table 'Subra' 2-max Seat #1 is the button
Seat 1: wesdeluxe ($72.02 in chips)
Seat 2: Avereem ($104.18 in chips)
wesdeluxe: posts small blind $1
Avereem: posts big blind $3
*** HOLE CARDS ***
wesdeluxe: calls $2
Avereem: raises $3 to $6
wesdeluxe: calls $3
*** FLOP *** [6h 7s Ts]
Avereem said, "jab voobshe ne igral no nado supernovu dobit'"
Avereem: bets $3
wesdeluxe: calls $3
*** TURN *** [6h 7s Ts] [2c]
Avereem: bets $6
wesdeluxe: calls $6
*** RIVER *** [6h 7s Ts 2c] [2s]
Avereem: checks
wesdeluxe: checks
*** SHOW DOWN ***
Avereem: shows [Ac Qc] (a pair of Deuces)
wesdeluxe: shows [6s 5h] (two pair, Sixes and Deuces)
wesdeluxe collected $29.50 from pot
*** SUMMARY ***
Total pot $30 | Rake $0.50
Board [6h 7s Ts 2c 2s]
Seat 1: wesdeluxe (button) (small blind) showed [6s 5h] and won ($29.50) with two pair, Sixes and Deuces
Seat 2: Avereem (big blind) showed [Ac Qc] and lost with a pair of Deuces


PokerStars Hand #144986325271:  Hold'em Limit ($3/$6 USD) - 2015/12/07 15:48:15 ET
Table 'Subra' 2-max Seat #1 is the button
Seat 1: wesdeluxe ($87.52 in chips)
Seat 2: Avereem ($88.18 in chips)
wesdeluxe: posts small blind $1
Avereem: posts big blind $3
*** HOLE CARDS ***
wesdeluxe: raises $3 to $6
Avereem said, "tol'ko bonusnie kakie-to"
Avereem: calls $3
*** FLOP *** [4s Ah 8s]
Avereem: checks
Avereem said, "ne"
wesdeluxe: bets $3
Avereem said, "ja malo na starzah igraju"
Avereem: calls $3
*** TURN *** [4s Ah 8s] [5h]
Avereem: checks
wesdeluxe: bets $6
Avereem: calls $6
*** RIVER *** [4s Ah 8s 5h] [2d]
Avereem said, "tolko supernovu skoro dobju"
Avereem: checks
wesdeluxe: bets $6
Avereem: folds
Uncalled bet ($6) returned to wesdeluxe
wesdeluxe collected $29.50 from pot
wesdeluxe: doesn't show hand
*** SUMMARY ***
Total pot $30 | Rake $0.50
Board [4s Ah 8s 5h 2d]
Seat 1: wesdeluxe (button) (small blind) collected ($29.50)
Seat 2: Avereem (big blind) folded on the River


PokerStars Hand #144986405522:  Hold'em Limit ($3/$6 USD) - 2015/12/07 15:49:30 ET
Table 'Subra' 2-max Seat #1 is the button
Seat 1: wesdeluxe ($103.02 in chips)
Seat 2: Avereem ($78 in chips)
wesdeluxe: posts small blind $1
Avereem: posts big blind $3
*** HOLE CARDS ***
wesdeluxe: folds
Uncalled bet ($2) returned to Avereem
Avereem collected $2 from pot
Avereem: doesn't show hand
*** SUMMARY ***
Total pot $2 | Rake $0
Seat 1: wesdeluxe (button) (small blind) folded before Flop
Seat 2: Avereem (big blind) collected ($2)


PokerStars Hand #144986393755:  Hold'em Limit ($3/$6 USD) - 2015/12/07 15:49:19 ET
Table 'Subra' 2-max Seat #2 is the button
Seat 1: wesdeluxe ($102.02 in chips)
Seat 2: Avereem ($78 in chips)
Avereem: posts small blind $1
wesdeluxe: posts big blind $3
*** HOLE CARDS ***
Avereem said, "oni uberut maximal'niy status v sledujushem godu"
Avereem: folds
Uncalled bet ($2) returned to wesdeluxe
wesdeluxe collected $2 from pot
wesdeluxe: doesn't show hand
*** SUMMARY ***
Total pot $2 | Rake $0
Seat 1: wesdeluxe (big blind) collected ($2)
Seat 2: Avereem (button) (small blind) folded before Flop


PokerStars Hand #144986426005:  Hold'em Limit ($3/$6 USD) - 2015/12/07 15:49:49 ET
Table 'Subra' 2-max Seat #1 is the button
Seat 1: wesdeluxe ($96.02 in chips)
Seat 2: Avereem ($84.76 in chips)
wesdeluxe: posts small blind $1
Avereem: posts big blind $3
*** HOLE CARDS ***
wesdeluxe: folds
Uncalled bet ($2) returned to Avereem
Avereem collected $2 from pot
Avereem: doesn't show hand
*** SUMMARY ***
Total pot $2 | Rake $0
Seat 1: wesdeluxe (button) (small blind) folded before Flop
Seat 2: Avereem (big blind) collected ($2)


PokerStars Hand #144986410388:  Hold'em Limit ($3/$6 USD) - 2015/12/07 15:49:35 ET
Table 'Subra' 2-max Seat #2 is the button
Seat 1: wesdeluxe ($102.02 in chips)
Seat 2: Avereem ($79 in chips)
Avereem: posts small blind $1
wesdeluxe: posts big blind $3
*** HOLE CARDS ***
Avereem: raises $3 to $6
wesdeluxe: calls $3
*** FLOP *** [6h Qh 9c]
wesdeluxe: checks
Avereem: bets $3
wesdeluxe: folds
Uncalled bet ($3) returned to Avereem
Avereem collected $11.76 from pot
Avereem: doesn't show hand
*** SUMMARY ***
Total pot $12 | Rake $0.24
Board [6h Qh 9c]
Seat 1: wesdeluxe (big blind) folded on the Flop
Seat 2: Avereem (button) (small blind) collected ($11.76)


PokerStars Hand #144986430922:  Hold'em Limit ($3/$6 USD) - 2015/12/07 15:49:54 ET
Table 'Subra' 2-max Seat #2 is the button
Seat 1: wesdeluxe ($95.02 in chips)
Seat 2: Avereem ($85.76 in chips)
Avereem: posts small blind $1
wesdeluxe: posts big blind $3
*** HOLE CARDS ***
Avereem: raises $3 to $6
wesdeluxe: folds
Uncalled bet ($3) returned to Avereem
Avereem collected $6 from pot
Avereem: doesn't show hand
*** SUMMARY ***
Total pot $6 | Rake $0
Seat 1: wesdeluxe (big blind) folded before Flop
Seat 2: Avereem (button) (small blind) collected ($6)


PokerStars Hand #144986438106:  Hold'em Limit ($3/$6 USD) - 2015/12/07 15:50:00 ET
Table 'Subra' 2-max Seat #1 is the button
Seat 1: wesdeluxe ($92.02 in chips)
Seat 2: Avereem ($88.76 in chips)
wesdeluxe: posts small blind $1
Avereem: posts big blind $3
*** HOLE CARDS ***
wesdeluxe: raises $3 to $6
Avereem: calls $3
*** FLOP *** [Td Ts 5s]
Avereem: checks
wesdeluxe: bets $3
Avereem: calls $3
*** TURN *** [Td Ts 5s] [Jc]
Avereem: checks
wesdeluxe: checks
*** RIVER *** [Td Ts 5s Jc] [Jh]
Avereem: checks
wesdeluxe: bets $6
Avereem: calls $6
*** SHOW DOWN ***
wesdeluxe: shows [Qs Ad] (two pair, Jacks and Tens)
Avereem: mucks hand
wesdeluxe collected $29.50 from pot
*** SUMMARY ***
Total pot $30 | Rake $0.50
Board [Td Ts 5s Jc Jh]
Seat 1: wesdeluxe (button) (small blind) showed [Qs Ad] and won ($29.50) with two pair, Jacks and Tens
Seat 2: Avereem (big blind) mucked


PokerStars Hand #144986478356:  Hold'em Limit ($3/$6 USD) - 2015/12/07 15:50:39 ET
Table 'Subra' 2-max Seat #2 is the button
Seat 1: wesdeluxe ($106.52 in chips)
Seat 2: Avereem ($78 in chips)
Avereem: posts small blind $1
wesdeluxe: posts big blind $3
*** HOLE CARDS ***
Avereem: raises $3 to $6
wesdeluxe: calls $3
*** FLOP *** [6h 3h 3s]
wesdeluxe: checks
Avereem: bets $3
wesdeluxe: raises $3 to $6
Avereem: folds
Uncalled bet ($3) returned to wesdeluxe
wesdeluxe collected $17.64 from pot
wesdeluxe: doesn't show hand
*** SUMMARY ***
Total pot $18 | Rake $0.36
Board [6h 3h 3s]
Seat 1: wesdeluxe (big blind) collected ($17.64)
Seat 2: Avereem (button) (small blind) folded on the Flop


PokerStars Hand #144986503078:  Hold'em Limit ($3/$6 USD) - 2015/12/07 15:51:02 ET
Table 'Subra' 2-max Seat #2 is the button
Seat 1: wesdeluxe ($114.16 in chips)
Seat 2: Avereem ($79 in chips)
Avereem: posts small blind $1
wesdeluxe: posts big blind $3
*** HOLE CARDS ***
Avereem: folds
Uncalled bet ($2) returned to wesdeluxe
wesdeluxe collected $2 from pot
wesdeluxe: doesn't show hand
*** SUMMARY ***
Total pot $2 | Rake $0
Seat 1: wesdeluxe (big blind) collected ($2)
Seat 2: Avereem (button) (small blind) folded before Flop


PokerStars Hand #144986497811:  Hold'em Limit ($3/$6 USD) - 2015/12/07 15:50:57 ET
Table 'Subra' 2-max Seat #1 is the button
Seat 1: wesdeluxe ($115.16 in chips)
Seat 2: Avereem ($78 in chips)
wesdeluxe: posts small blind $1
Avereem: posts big blind $3
*** HOLE CARDS ***
wesdeluxe: folds
Uncalled bet ($2) returned to Avereem
Avereem collected $2 from pot
Avereem: doesn't show hand
*** SUMMARY ***
Total pot $2 | Rake $0
Seat 1: wesdeluxe (button) (small blind) folded before Flop
Seat 2: Avereem (big blind) collected ($2)


PokerStars Hand #144986508194:  Hold'em Limit ($3/$6 USD) - 2015/12/07 15:51:07 ET
Table 'Subra' 2-max Seat #1 is the button
Seat 1: wesdeluxe ($115.16 in chips)
Seat 2: Avereem ($78 in chips)
wesdeluxe: posts small blind $1
Avereem: posts big blind $3
*** HOLE CARDS ***
wesdeluxe: raises $3 to $6
Avereem: calls $3
*** FLOP *** [6c As 9c]
Avereem: checks
wesdeluxe: bets $3
Avereem: raises $3 to $6
wesdeluxe: calls $3
*** TURN *** [6c As 9c] [8s]
Avereem: bets $6
wesdeluxe: calls $6
*** RIVER *** [6c As 9c 8s] [3h]
Avereem: bets $6
wesdeluxe: raises $6 to $12
Avereem: folds
Uncalled bet ($6) returned to wesdeluxe
wesdeluxe collected $47.50 from pot
wesdeluxe: doesn't show hand
*** SUMMARY ***
Total pot $48 | Rake $0.50
Board [6c As 9c 8s 3h]
Seat 1: wesdeluxe (button) (small blind) collected ($47.50)
Seat 2: Avereem (big blind) folded on the River


PokerStars Hand #144986553220:  Hold'em Limit ($3/$6 USD) - 2015/12/07 15:51:49 ET
Table 'Subra' 2-max Seat #2 is the button
Seat 1: wesdeluxe ($138.66 in chips)
Seat 2: Avereem ($78 in chips)
Avereem: posts small blind $1
wesdeluxe: posts big blind $3
*** HOLE CARDS ***
Avereem: raises $3 to $6
wesdeluxe: calls $3
*** FLOP *** [Th Jd Jc]
wesdeluxe: checks
Avereem: bets $3
wesdeluxe: calls $3
*** TURN *** [Th Jd Jc] [7d]
wesdeluxe: checks
Avereem: checks
*** RIVER *** [Th Jd Jc 7d] [2h]
wesdeluxe: checks
Avereem: checks
*** SHOW DOWN ***
wesdeluxe: shows [6d Ad] (a pair of Jacks)
Avereem: mucks hand
wesdeluxe collected $17.64 from pot
*** SUMMARY ***
Total pot $18 | Rake $0.36
Board [Th Jd Jc 7d 2h]
Seat 1: wesdeluxe (big blind) showed [6d Ad] and won ($17.64) with a pair of Jacks
Seat 2: Avereem (button) (small blind) mucked


PokerStars Hand #144986588582:  Hold'em Limit ($3/$6 USD) - 2015/12/07 15:52:23 ET
Table 'Subra' 2-max Seat #1 is the button
Seat 1: wesdeluxe ($147.30 in chips)
Seat 2: Avereem ($78 in chips)
wesdeluxe: posts small blind $1
Avereem: posts big blind $3
*** HOLE CARDS ***
wesdeluxe: calls $2
Avereem: raises $3 to $6
wesdeluxe: calls $3
*** FLOP *** [9c Ts 7d]
Avereem: bets $3
wesdeluxe: folds
Uncalled bet ($3) returned to Avereem
Avereem collected $11.76 from pot
Avereem: doesn't show hand
*** SUMMARY ***
Total pot $12 | Rake $0.24
Board [9c Ts 7d]
Seat 1: wesdeluxe (button) (small blind) folded on the Flop
Seat 2: Avereem (big blind) collected ($11.76)


