PokerStars Hand #150933843694:  Hold'em Limit ($3/$6 USD) - 2016/03/25 20:17:42 ET
Table 'Subra' 6-max Seat #5 is the button
Seat 3: 7 Huligan 7 ($53.51 in chips)
Seat 5: Pandakey ($121 in chips)
Pandakey: posts small blind $1
7 Huligan 7: posts big blind $3
*** HOLE CARDS ***
Pandakey: raises $3 to $6
7 Huligan 7: calls $3
*** FLOP *** [7s 2c Qc]
Chessnok joins the table at seat #4
7 Huligan 7: checks
Pandakey: checks
*** TURN *** [7s 2c Qc] [Ks]
7 Huligan 7: bets $6
Pandakey: raises $6 to $12
7 Huligan 7: calls $6
*** RIVER *** [7s 2c Qc Ks] [6c]
7 Huligan 7: checks
Pandakey: bets $6
7 Huligan 7: folds
Uncalled bet ($6) returned to Pandakey
Pandakey collected $35.50 from pot
Pandakey: doesn't show hand
*** SUMMARY ***
Total pot $36 | Rake $0.50
Board [7s 2c Qc Ks 6c]
Seat 3: 7 Huligan 7 (big blind) folded on the River
Seat 5: Pandakey (button) (small blind) collected ($35.50)


PokerStars Hand #150934583475:  Hold'em Limit ($3/$6 USD) - 2016/03/25 20:36:39 ET
Table 'Subra' 6-max Seat #4 is the button
Seat 2: livenuncut ($133.83 in chips)
Seat 4: Chessnok ($142.72 in chips)
Chessnok: posts small blind $1
livenuncut: posts big blind $3
*** HOLE CARDS ***
Chessnok: raises $3 to $6
livenuncut: raises $3 to $9
Chessnok: calls $3
*** FLOP *** [3c Js 6s]
livenuncut: bets $3
Chessnok: folds
Uncalled bet ($3) returned to livenuncut
livenuncut collected $17.64 from pot
livenuncut: doesn't show hand
*** SUMMARY ***
Total pot $18 | Rake $0.36
Board [3c Js 6s]
Seat 2: livenuncut (big blind) collected ($17.64)
Seat 4: Chessnok (button) (small blind) folded on the Flop


PokerStars Hand #150940588643:  Hold'em Limit ($3/$6 USD) - 2016/03/26 0:24:24 ET
Table 'Subra' 10-max Seat #7 is the button
Seat 7: VolkovDmitri ($120 in chips)
Seat 9: nashmed99 ($193.31 in chips)
VolkovDmitri: posts small blind $1
nashmed99: posts big blind $3
*** HOLE CARDS ***
VolkovDmitri: raises $3 to $6
nashmed99: folds
Uncalled bet ($3) returned to VolkovDmitri
VolkovDmitri collected $6 from pot
VolkovDmitri: doesn't show hand
*** SUMMARY ***
Total pot $6 | Rake $0
Seat 7: VolkovDmitri (button) (small blind) collected ($6)
Seat 9: nashmed99 (big blind) folded before Flop


PokerStars Hand #150940592314:  Hold'em Limit ($3/$6 USD) - 2016/03/26 0:24:36 ET
Table 'Subra' 10-max Seat #9 is the button
Seat 7: VolkovDmitri ($123 in chips)
Seat 9: nashmed99 ($190.31 in chips)
nashmed99: posts small blind $1
VolkovDmitri: posts big blind $3
*** HOLE CARDS ***
nashmed99: raises $3 to $6
VolkovDmitri: calls $3
*** FLOP *** [Kc 7d 9d]
VolkovDmitri: checks
nashmed99: checks
*** TURN *** [Kc 7d 9d] [7c]
VolkovDmitri: checks
nashmed99: bets $6
VolkovDmitri: folds
Uncalled bet ($6) returned to nashmed99
nashmed99 collected $11.76 from pot
nashmed99: doesn't show hand
*** SUMMARY ***
Total pot $12 | Rake $0.24
Board [Kc 7d 9d 7c]
Seat 7: VolkovDmitri (big blind) folded on the Turn
Seat 9: nashmed99 (button) (small blind) collected ($11.76)


PokerStars Hand #150940604348:  Hold'em Limit ($3/$6 USD) - 2016/03/26 0:25:15 ET
Table 'Subra' 10-max Seat #9 is the button
Seat 7: VolkovDmitri ($125.76 in chips)
Seat 9: nashmed99 ($190.07 in chips)
nashmed99: posts small blind $1
VolkovDmitri: posts big blind $3
*** HOLE CARDS ***
nashmed99: folds
Uncalled bet ($2) returned to VolkovDmitri
VolkovDmitri collected $2 from pot
VolkovDmitri: doesn't show hand
*** SUMMARY ***
Total pot $2 | Rake $0
Seat 7: VolkovDmitri (big blind) collected ($2)
Seat 9: nashmed99 (button) (small blind) folded before Flop


PokerStars Hand #150940600405:  Hold'em Limit ($3/$6 USD) - 2016/03/26 0:25:02 ET
Table 'Subra' 10-max Seat #7 is the button
Seat 7: VolkovDmitri ($120 in chips)
Seat 9: nashmed99 ($196.07 in chips)
VolkovDmitri: posts small blind $1
nashmed99: posts big blind $3
*** HOLE CARDS ***
VolkovDmitri: raises $3 to $6
nashmed99: calls $3
*** FLOP *** [2s Kc Qd]
nashmed99: checks
VolkovDmitri: bets $3
nashmed99: folds
Uncalled bet ($3) returned to VolkovDmitri
VolkovDmitri collected $11.76 from pot
VolkovDmitri: doesn't show hand
*** SUMMARY ***
Total pot $12 | Rake $0.24
Board [2s Kc Qd]
Seat 7: VolkovDmitri (button) (small blind) collected ($11.76)
Seat 9: nashmed99 (big blind) folded on the Flop


PokerStars Hand #150940606275:  Hold'em Limit ($3/$6 USD) - 2016/03/26 0:25:21 ET
Table 'Subra' 10-max Seat #7 is the button
Seat 7: VolkovDmitri ($126.76 in chips)
Seat 9: nashmed99 ($189.07 in chips)
VolkovDmitri: posts small blind $1
nashmed99: posts big blind $3
*** HOLE CARDS ***
VolkovDmitri: raises $3 to $6
nashmed99: raises $3 to $9
VolkovDmitri: calls $3
*** FLOP *** [3c 5s Kd]
nashmed99: bets $3
VolkovDmitri: calls $3
*** TURN *** [3c 5s Kd] [7h]
nashmed99: bets $6
VolkovDmitri: calls $6
*** RIVER *** [3c 5s Kd 7h] [4s]
nashmed99: bets $6
VolkovDmitri: calls $6
*** SHOW DOWN ***
nashmed99: shows [Ah Js] (high card Ace)
VolkovDmitri: shows [7d 8d] (a pair of Sevens)
VolkovDmitri collected $47.50 from pot
*** SUMMARY ***
Total pot $48 | Rake $0.50
Board [3c 5s Kd 7h 4s]
Seat 7: VolkovDmitri (button) (small blind) showed [7d 8d] and won ($47.50) with a pair of Sevens
Seat 9: nashmed99 (big blind) showed [Ah Js] and lost with high card Ace


PokerStars Hand #150940622663:  Hold'em Limit ($3/$6 USD) - 2016/03/26 0:26:14 ET
Table 'Subra' 10-max Seat #9 is the button
Seat 7: VolkovDmitri ($150.26 in chips)
Seat 9: nashmed99 ($165.07 in chips)
nashmed99: posts small blind $1
VolkovDmitri: posts big blind $3
*** HOLE CARDS ***
nashmed99: raises $3 to $6
VolkovDmitri: calls $3
*** FLOP *** [2c Ad 5d]
VolkovDmitri: checks
nashmed99: checks
*** TURN *** [2c Ad 5d] [2d]
VolkovDmitri: bets $6
nashmed99: folds
Uncalled bet ($6) returned to VolkovDmitri
VolkovDmitri collected $11.76 from pot
VolkovDmitri: doesn't show hand
*** SUMMARY ***
Total pot $12 | Rake $0.24
Board [2c Ad 5d 2d]
Seat 7: VolkovDmitri (big blind) collected ($11.76)
Seat 9: nashmed99 (button) (small blind) folded on the Turn


PokerStars Hand #150940628304:  Hold'em Limit ($3/$6 USD) - 2016/03/26 0:26:32 ET
Table 'Subra' 10-max Seat #7 is the button
Seat 7: VolkovDmitri ($156.02 in chips)
Seat 9: nashmed99 ($159.07 in chips)
VolkovDmitri: posts small blind $1
nashmed99: posts big blind $3
*** HOLE CARDS ***
VolkovDmitri: folds
Uncalled bet ($2) returned to nashmed99
nashmed99 collected $2 from pot
nashmed99: doesn't show hand
*** SUMMARY ***
Total pot $2 | Rake $0
Seat 7: VolkovDmitri (button) (small blind) folded before Flop
Seat 9: nashmed99 (big blind) collected ($2)


PokerStars Hand #150940632348:  Hold'em Limit ($3/$6 USD) - 2016/03/26 0:26:44 ET
Table 'Subra' 10-max Seat #9 is the button
Seat 7: VolkovDmitri ($155.02 in chips)
Seat 9: nashmed99 ($160.07 in chips)
nashmed99: posts small blind $1
VolkovDmitri: posts big blind $3
*** HOLE CARDS ***
nashmed99: raises $3 to $6
VolkovDmitri: calls $3
*** FLOP *** [Ks 2c Jd]
Chessnok joins the table at seat #10
VolkovDmitri: checks
nashmed99: bets $3
VolkovDmitri: raises $3 to $6
nashmed99: folds
Uncalled bet ($3) returned to VolkovDmitri
VolkovDmitri collected $17.64 from pot
VolkovDmitri: doesn't show hand
*** SUMMARY ***
Total pot $18 | Rake $0.36
Board [Ks 2c Jd]
Seat 7: VolkovDmitri (big blind) collected ($17.64)
Seat 9: nashmed99 (button) (small blind) folded on the Flop


PokerStars Hand #150940647093:  Hold'em Limit ($3/$6 USD) - 2016/03/26 0:27:32 ET
Table 'Subra' 10-max Seat #7 is the button
Seat 7: VolkovDmitri ($163.66 in chips)
Seat 9: nashmed99 ($151.07 in chips)
VolkovDmitri: posts small blind $1
nashmed99: posts big blind $3
*** HOLE CARDS ***
VolkovDmitri: raises $3 to $6
nashmed99: folds
Uncalled bet ($3) returned to VolkovDmitri
VolkovDmitri collected $6 from pot
VolkovDmitri: doesn't show hand
*** SUMMARY ***
Total pot $6 | Rake $0
Seat 7: VolkovDmitri (button) (small blind) collected ($6)
Seat 9: nashmed99 (big blind) folded before Flop


PokerStars Hand #150940775161:  Hold'em Limit ($3/$6 USD) - 2016/03/26 0:34:25 ET
Table 'Subra' 10-max Seat #10 is the button
Seat 7: VolkovDmitri ($191.94 in chips)
Seat 10: Chessnok ($93.08 in chips)
Chessnok: posts small blind $1
AV7957: is sitting out
VolkovDmitri: posts big blind $3
*** HOLE CARDS ***
AV7957 leaves the table
Chessnok: folds
Uncalled bet ($2) returned to VolkovDmitri
VolkovDmitri collected $2 from pot
VolkovDmitri: doesn't show hand
*** SUMMARY ***
Total pot $2 | Rake $0
Seat 7: VolkovDmitri (big blind) collected ($2)
Seat 10: Chessnok (button) (small blind) folded before Flop


PokerStars Hand #150940777544:  Hold'em Limit ($3/$6 USD) - 2016/03/26 0:34:33 ET
Table 'Subra' 10-max Seat #7 is the button
Seat 7: VolkovDmitri ($192.94 in chips)
Seat 10: Chessnok ($92.08 in chips)
VolkovDmitri: posts small blind $1
Chessnok: posts big blind $3
*** HOLE CARDS ***
VolkovDmitri: folds
Uncalled bet ($2) returned to Chessnok
Chessnok collected $2 from pot
Chessnok: doesn't show hand
*** SUMMARY ***
Total pot $2 | Rake $0
Seat 7: VolkovDmitri (button) (small blind) folded before Flop
Seat 10: Chessnok (big blind) collected ($2)


PokerStars Hand #150940781665:  Hold'em Limit ($3/$6 USD) - 2016/03/26 0:34:47 ET
Table 'Subra' 10-max Seat #10 is the button
Seat 7: VolkovDmitri ($191.94 in chips)
Seat 10: Chessnok ($93.08 in chips)
Chessnok: posts small blind $1
VolkovDmitri: posts big blind $3
*** HOLE CARDS ***
Chessnok: raises $3 to $6
VolkovDmitri: calls $3
*** FLOP *** [3d Kh 2h]
VolkovDmitri: checks
Chessnok: bets $3
VolkovDmitri: raises $3 to $6
Chessnok: calls $3
*** TURN *** [3d Kh 2h] [7d]
VolkovDmitri: bets $6
Chessnok: calls $6
*** RIVER *** [3d Kh 2h 7d] [7c]
VolkovDmitri: checks
Chessnok: bets $6
VolkovDmitri: folds
Uncalled bet ($6) returned to Chessnok
Chessnok collected $35.50 from pot
Chessnok: doesn't show hand
*** SUMMARY ***
Total pot $36 | Rake $0.50
Board [3d Kh 2h 7d 7c]
Seat 7: VolkovDmitri (big blind) folded on the River
Seat 10: Chessnok (button) (small blind) collected ($35.50)


