PokerStars Hand #161201860373:  Hold'em Limit ($3/$6 USD) - 2016/11/10 14:56:39 ET
Table 'Suevia II' 6-max Seat #3 is the button
Seat 1: Dennis410 ($63.70 in chips)
Seat 3: Psynto ($115 in chips)
kolaz03 will be allowed to play after the button
Psynto: posts small blind $1
7superpoker: is sitting out
Dennis410: posts big blind $3
*** HOLE CARDS ***
Psynto: raises $3 to $6
7superpoker leaves the table
Dennis410: folds
Uncalled bet ($3) returned to Psynto
Psynto collected $6 from pot
Psynto: doesn't show hand
*** SUMMARY ***
Total pot $6 | Rake $0
Seat 1: Dennis410 (big blind) folded before Flop
Seat 3: Psynto (button) (small blind) collected ($6)


PokerStars Hand #161201890470:  Hold'em Limit ($3/$6 USD) - 2016/11/10 14:57:20 ET
Table 'Suevia II' 6-max Seat #2 is the button
Seat 1: Dennis410 ($59.70 in chips)
Seat 2: kolaz03 ($72 in chips)
kolaz03: posts small blind $1
Psynto: is sitting out
Dennis410: posts big blind $3
*** HOLE CARDS ***
kolaz03: raises $3 to $6
Dennis410: calls $3
*** FLOP *** [Kh Kd 5d]
Psynto leaves the table
Dennis410: checks
kolaz03: bets $3
Dennis410: calls $3
*** TURN *** [Kh Kd 5d] [3s]
Dennis410: checks
kolaz03: bets $6
Dennis410: raises $6 to $12
kolaz03: calls $6
*** RIVER *** [Kh Kd 5d 3s] [7d]
Dennis410: bets $6
kolaz03: calls $6
*** SHOW DOWN ***
Dennis410: shows [4d As] (a pair of Kings)
kolaz03: shows [6s Kc] (three of a kind, Kings)
kolaz03 collected $53.50 from pot
*** SUMMARY ***
Total pot $54 | Rake $0.50
Board [Kh Kd 5d 3s 7d]
Seat 1: Dennis410 (big blind) showed [4d As] and lost with a pair of Kings
Seat 2: kolaz03 (button) (small blind) showed [6s Kc] and won ($53.50) with three of a kind, Kings


PokerStars Hand #161201939129:  Hold'em Limit ($3/$6 USD) - 2016/11/10 14:58:26 ET
Table 'Suevia II' 6-max Seat #1 is the button
Seat 1: Dennis410 ($18.70 in chips)
Seat 2: kolaz03 ($112 in chips)
Dennis410: posts small blind $1
kolaz03: posts big blind $3
*** HOLE CARDS ***
Dennis410: raises $3 to $6
kolaz03: raises $3 to $9
Dennis410: raises $3 to $12
Betting is capped
kolaz03: calls $3
*** FLOP *** [Ah 2s 8s]
kolaz03: bets $3
Dennis410: raises $3 to $6
kolaz03: raises $3 to $9
Dennis410: calls $0.70 and is all-in
Uncalled bet ($2.30) returned to kolaz03
*** TURN *** [Ah 2s 8s] [5s]
*** RIVER *** [Ah 2s 8s 5s] [Ac]
*** SHOW DOWN ***
kolaz03: shows [7d 7h] (two pair, Aces and Sevens)
Dennis410: shows [Jd 9c] (a pair of Aces)
kolaz03 collected $36.90 from pot
*** SUMMARY ***
Total pot $37.40 | Rake $0.50
Board [Ah 2s 8s 5s Ac]
Seat 1: Dennis410 (button) (small blind) showed [Jd 9c] and lost with a pair of Aces
Seat 2: kolaz03 (big blind) showed [7d 7h] and won ($36.90) with two pair, Aces and Sevens


PokerStars Hand #161201912372:  Hold'em Limit ($3/$6 USD) - 2016/11/10 14:57:50 ET
Table 'Suevia II' 6-max Seat #1 is the button
Seat 1: Dennis410 ($32.70 in chips)
Seat 2: kolaz03 ($98.50 in chips)
Dennis410: posts small blind $1
kolaz03: posts big blind $3
*** HOLE CARDS ***
Dennis410: raises $3 to $6
kolaz03: calls $3
*** FLOP *** [As Js Jh]
kolaz03: checks
Dennis410: bets $3
kolaz03: calls $3
*** TURN *** [As Js Jh] [Tc]
kolaz03: checks
Dennis410: bets $6
kolaz03: calls $6
*** RIVER *** [As Js Jh Tc] [Qh]
kolaz03: checks
Dennis410: checks
*** SHOW DOWN ***
kolaz03: shows [5s Ac] (two pair, Aces and Jacks)
Dennis410: mucks hand
kolaz03 collected $29.50 from pot
*** SUMMARY ***
Total pot $30 | Rake $0.50
Board [As Js Jh Tc Qh]
Seat 1: Dennis410 (button) (small blind) mucked
Seat 2: kolaz03 (big blind) showed [5s Ac] and won ($29.50) with two pair, Aces and Jacks


PokerStars Hand #161201934406:  Hold'em Limit ($3/$6 USD) - 2016/11/10 14:58:20 ET
Table 'Suevia II' 6-max Seat #2 is the button
Seat 1: Dennis410 ($17.70 in chips)
Seat 2: kolaz03 ($113 in chips)
kolaz03: posts small blind $1
Dennis410: posts big blind $3
*** HOLE CARDS ***
kolaz03: folds
Uncalled bet ($2) returned to Dennis410
Dennis410 collected $2 from pot
*** SUMMARY ***
Total pot $2 | Rake $0
Seat 1: Dennis410 (big blind) collected ($2)
Seat 2: kolaz03 (button) (small blind) folded before Flop


