PokerStars Hand #153763225260:  Hold'em Limit ($3/$6 USD) - 2016/05/24 2:35:27 ET
Table 'Suhail' 6-max Seat #3 is the button
Seat 3: igmade ($93.50 in chips)
Seat 4: Agrotait ($120 in chips)
igmade: posts small blind $1
Agrotait: posts big blind $3
*** HOLE CARDS ***
igmade: folds
Uncalled bet ($2) returned to Agrotait
Agrotait collected $2 from pot
Agrotait: doesn't show hand
*** SUMMARY ***
Total pot $2 | Rake $0
Seat 3: igmade (button) (small blind) folded before Flop
Seat 4: Agrotait (big blind) collected ($2)


PokerStars Hand #153763211279:  Hold'em Limit ($3/$6 USD) - 2016/05/24 2:34:31 ET
Table 'Suhail' 6-max Seat #4 is the button
Seat 3: igmade ($129.50 in chips)
Seat 4: Agrotait ($84.50 in chips)
Agrotait: posts small blind $1
igmade: posts big blind $3
*** HOLE CARDS ***
Agrotait: raises $3 to $6
igmade: calls $3
*** FLOP *** [8s 9s 5s]
igmade: checks
Agrotait: bets $3
igmade: raises $3 to $6
Agrotait: calls $3
*** TURN *** [8s 9s 5s] [2c]
igmade: bets $6
Agrotait: raises $6 to $12
igmade: raises $6 to $18
Agrotait: calls $6
*** RIVER *** [8s 9s 5s 2c] [7s]
igmade: bets $6
Agrotait: calls $6
*** SHOW DOWN ***
igmade: shows [2s 4s] (a flush, Nine high)
Agrotait: shows [Qh Qs] (a flush, Queen high)
Agrotait collected $71.50 from pot
*** SUMMARY ***
Total pot $72 | Rake $0.50
Board [8s 9s 5s 2c 7s]
Seat 3: igmade (big blind) showed [2s 4s] and lost with a flush, Nine high
Seat 4: Agrotait (button) (small blind) showed [Qh Qs] and won ($71.50) with a flush, Queen high


PokerStars Hand #153763226375:  Hold'em Limit ($3/$6 USD) - 2016/05/24 2:35:32 ET
Table 'Suhail' 6-max Seat #4 is the button
Seat 3: igmade ($92.50 in chips)
Seat 4: Agrotait ($121 in chips)
Agrotait: posts small blind $1
igmade: posts big blind $3
*** HOLE CARDS ***
Agrotait: raises $3 to $6
igmade: calls $3
*** FLOP *** [Qs 5c 2d]
igmade: checks
Agrotait: bets $3
igmade: calls $3
*** TURN *** [Qs 5c 2d] [Jc]
igmade: checks
Agrotait: checks
*** RIVER *** [Qs 5c 2d Jc] [3d]
igmade: checks
Agrotait: bets $6
igmade: calls $6
*** SHOW DOWN ***
Agrotait: shows [7s 3s] (a pair of Threes)
igmade: mucks hand
Agrotait collected $29.50 from pot
*** SUMMARY ***
Total pot $30 | Rake $0.50
Board [Qs 5c 2d Jc 3d]
Seat 3: igmade (big blind) mucked
Seat 4: Agrotait (button) (small blind) showed [7s 3s] and won ($29.50) with a pair of Threes


PokerStars Hand #153763234619:  Hold'em Limit ($3/$6 USD) - 2016/05/24 2:36:06 ET
Table 'Suhail' 6-max Seat #3 is the button
Seat 3: igmade ($77.50 in chips)
Seat 4: Agrotait ($135.50 in chips)
igmade: posts small blind $1
Agrotait: posts big blind $3
*** HOLE CARDS ***
igmade: raises $3 to $6
Agrotait: calls $3
*** FLOP *** [8d Jc 2h]
Agrotait: checks
igmade: checks
*** TURN *** [8d Jc 2h] [Qc]
Agrotait: checks
igmade: bets $6
Agrotait: folds
Uncalled bet ($6) returned to igmade
igmade collected $11.76 from pot
*** SUMMARY ***
Total pot $12 | Rake $0.24
Board [8d Jc 2h Qc]
Seat 3: igmade (button) (small blind) collected ($11.76)
Seat 4: Agrotait (big blind) folded on the Turn


PokerStars Hand #153763264904:  Hold'em Limit ($3/$6 USD) - 2016/05/24 2:38:07 ET
Table 'Suhail' 6-max Seat #3 is the button
Seat 3: igmade ($75.62 in chips)
Seat 4: Agrotait ($156 in chips)
igmade: posts small blind $1
Agrotait: posts big blind $3
*** HOLE CARDS ***
igmade: raises $3 to $6
Agrotait: folds
Uncalled bet ($3) returned to igmade
igmade collected $6 from pot
*** SUMMARY ***
Total pot $6 | Rake $0
Seat 3: igmade (button) (small blind) collected ($6)
Seat 4: Agrotait (big blind) folded before Flop


PokerStars Hand #153763254053:  Hold'em Limit ($3/$6 USD) - 2016/05/24 2:37:24 ET
Table 'Suhail' 6-max Seat #4 is the button
Seat 3: igmade ($102.62 in chips)
Seat 4: Agrotait ($129.50 in chips)
Agrotait: posts small blind $1
igmade: posts big blind $3
*** HOLE CARDS ***
Agrotait: raises $3 to $6
igmade: raises $3 to $9
Agrotait: calls $3
*** FLOP *** [4h 8d 8h]
igmade: bets $3
Agrotait: raises $3 to $6
igmade: calls $3
*** TURN *** [4h 8d 8h] [Ts]
igmade: checks
Agrotait: bets $6
igmade: calls $6
*** RIVER *** [4h 8d 8h Ts] [5d]
igmade: checks
Agrotait: bets $6
igmade: calls $6
*** SHOW DOWN ***
Agrotait: shows [8s 6d] (three of a kind, Eights)
igmade: mucks hand
Agrotait collected $53.50 from pot
*** SUMMARY ***
Total pot $54 | Rake $0.50
Board [4h 8d 8h Ts 5d]
Seat 3: igmade (big blind) mucked
Seat 4: Agrotait (button) (small blind) showed [8s 6d] and won ($53.50) with three of a kind, Eights


PokerStars Hand #153763268157:  Hold'em Limit ($3/$6 USD) - 2016/05/24 2:38:20 ET
Table 'Suhail' 6-max Seat #4 is the button
Seat 3: igmade ($78.62 in chips)
Seat 4: Agrotait ($153 in chips)
Agrotait: posts small blind $1
igmade: posts big blind $3
*** HOLE CARDS ***
Agrotait: raises $3 to $6
igmade: raises $3 to $9
Agrotait: calls $3
*** FLOP *** [Jh 9d 4c]
igmade: bets $3
Agrotait: calls $3
*** TURN *** [Jh 9d 4c] [2d]
igmade: bets $6
Agrotait: calls $6
*** RIVER *** [Jh 9d 4c 2d] [Kd]
igmade: bets $6
Agrotait: calls $6
*** SHOW DOWN ***
igmade: shows [8h Qs] (high card King)
Agrotait: shows [Jc 5s] (a pair of Jacks)
Agrotait collected $47.50 from pot
*** SUMMARY ***
Total pot $48 | Rake $0.50
Board [Jh 9d 4c 2d Kd]
Seat 3: igmade (big blind) showed [8h Qs] and lost with high card King
Seat 4: Agrotait (button) (small blind) showed [Jc 5s] and won ($47.50) with a pair of Jacks


PokerStars Hand #153763276051:  Hold'em Limit ($3/$6 USD) - 2016/05/24 2:38:52 ET
Table 'Suhail' 6-max Seat #3 is the button
Seat 3: igmade ($54.62 in chips)
Seat 4: Agrotait ($176.50 in chips)
igmade: posts small blind $1
Agrotait: posts big blind $3
*** HOLE CARDS ***
igmade: raises $3 to $6
Agrotait: calls $3
*** FLOP *** [Jh Td Qh]
Agrotait: checks
igmade: bets $3
Agrotait: calls $3
*** TURN *** [Jh Td Qh] [Ts]
Agrotait: checks
igmade: bets $6
Agrotait: folds
Uncalled bet ($6) returned to igmade
igmade collected $17.64 from pot
*** SUMMARY ***
Total pot $18 | Rake $0.36
Board [Jh Td Qh Ts]
Seat 3: igmade (button) (small blind) collected ($17.64)
Seat 4: Agrotait (big blind) folded on the Turn


PokerStars Hand #153763297490:  Hold'em Limit ($3/$6 USD) - 2016/05/24 2:40:16 ET
Table 'Suhail' 6-max Seat #3 is the button
Seat 3: igmade ($57.26 in chips)
Seat 4: Agrotait ($173.26 in chips)
igmade: posts small blind $1
Agrotait: posts big blind $3
*** HOLE CARDS ***
igmade: raises $3 to $6
Agrotait: calls $3
*** FLOP *** [Qh Ts Tc]
Agrotait: checks
igmade: bets $3
Agrotait: folds
Uncalled bet ($3) returned to igmade
igmade collected $11.76 from pot
*** SUMMARY ***
Total pot $12 | Rake $0.24
Board [Qh Ts Tc]
Seat 3: igmade (button) (small blind) collected ($11.76)
Seat 4: Agrotait (big blind) folded on the Flop


PokerStars Hand #153763295096:  Hold'em Limit ($3/$6 USD) - 2016/05/24 2:40:07 ET
Table 'Suhail' 6-max Seat #4 is the button
Seat 3: igmade ($63.26 in chips)
Seat 4: Agrotait ($167.50 in chips)
Agrotait: posts small blind $1
igmade: posts big blind $3
*** HOLE CARDS ***
Agrotait: raises $3 to $6
igmade: calls $3
*** FLOP *** [Ts Ah Jd]
igmade: checks
Agrotait: bets $3
igmade: folds
Uncalled bet ($3) returned to Agrotait
Agrotait collected $11.76 from pot
Agrotait: doesn't show hand
*** SUMMARY ***
Total pot $12 | Rake $0.24
Board [Ts Ah Jd]
Seat 3: igmade (big blind) folded on the Flop
Seat 4: Agrotait (button) (small blind) collected ($11.76)


PokerStars Hand #153763303896:  Hold'em Limit ($3/$6 USD) - 2016/05/24 2:40:41 ET
Table 'Suhail' 6-max Seat #4 is the button
Seat 3: igmade ($63.02 in chips)
Seat 4: Agrotait ($167.26 in chips)
Agrotait: posts small blind $1
igmade: posts big blind $3
*** HOLE CARDS ***
Agrotait: folds
Uncalled bet ($2) returned to igmade
igmade collected $2 from pot
igmade: doesn't show hand
*** SUMMARY ***
Total pot $2 | Rake $0
Seat 3: igmade (big blind) collected ($2)
Seat 4: Agrotait (button) (small blind) folded before Flop


PokerStars Hand #153763307854:  Hold'em Limit ($3/$6 USD) - 2016/05/24 2:40:57 ET
Table 'Suhail' 6-max Seat #4 is the button
Seat 3: igmade ($67.02 in chips)
Seat 4: Agrotait ($163.26 in chips)
Agrotait: posts small blind $1
igmade: posts big blind $3
*** HOLE CARDS ***
Agrotait: raises $3 to $6
igmade: calls $3
*** FLOP *** [Qd 5d Ks]
igmade: checks
Agrotait: bets $3
igmade: raises $3 to $6
Agrotait: calls $3
*** TURN *** [Qd 5d Ks] [2s]
igmade: checks
Agrotait: checks
*** RIVER *** [Qd 5d Ks 2s] [6h]
igmade: checks
Agrotait: bets $6
igmade: folds
Uncalled bet ($6) returned to Agrotait
Agrotait collected $23.52 from pot
Agrotait: doesn't show hand
*** SUMMARY ***
Total pot $24 | Rake $0.48
Board [Qd 5d Ks 2s 6h]
Seat 3: igmade (big blind) folded on the River
Seat 4: Agrotait (button) (small blind) collected ($23.52)


PokerStars Hand #153763319932:  Hold'em Limit ($3/$6 USD) - 2016/05/24 2:41:45 ET
Table 'Suhail' 6-max Seat #4 is the button
Seat 3: igmade ($66.54 in chips)
Seat 4: Agrotait ($162.78 in chips)
Agrotait: posts small blind $1
igmade: posts big blind $3
*** HOLE CARDS ***
Agrotait: raises $3 to $6
igmade: raises $3 to $9
Agrotait: calls $3
*** FLOP *** [7d 5s 3s]
igmade: bets $3
Agrotait: calls $3
*** TURN *** [7d 5s 3s] [Ts]
igmade: checks
Agrotait: bets $6
igmade: calls $6
*** RIVER *** [7d 5s 3s Ts] [9c]
igmade: checks
Agrotait: bets $6
igmade: calls $6
*** SHOW DOWN ***
Agrotait: shows [Th 8d] (a pair of Tens)
igmade: mucks hand
Agrotait collected $47.50 from pot
*** SUMMARY ***
Total pot $48 | Rake $0.50
Board [7d 5s 3s Ts 9c]
Seat 3: igmade (big blind) mucked
Seat 4: Agrotait (button) (small blind) showed [Th 8d] and won ($47.50) with a pair of Tens


PokerStars Hand #153763329680:  Hold'em Limit ($3/$6 USD) - 2016/05/24 2:42:23 ET
Table 'Suhail' 6-max Seat #3 is the button
Seat 3: igmade ($35.54 in chips)
Seat 4: Agrotait ($193.04 in chips)
igmade: posts small blind $1
Agrotait: posts big blind $3
*** HOLE CARDS ***
igmade: raises $3 to $6
Agrotait: calls $3
*** FLOP *** [3c 4s Kd]
Agrotait: checks
igmade: bets $3
Agrotait: folds
Uncalled bet ($3) returned to igmade
igmade collected $11.76 from pot
igmade: doesn't show hand
*** SUMMARY ***
Total pot $12 | Rake $0.24
Board [3c 4s Kd]
Seat 3: igmade (button) (small blind) collected ($11.76)
Seat 4: Agrotait (big blind) folded on the Flop


PokerStars Hand #153763326918:  Hold'em Limit ($3/$6 USD) - 2016/05/24 2:42:12 ET
Table 'Suhail' 6-max Seat #4 is the button
Seat 3: igmade ($41.54 in chips)
Seat 4: Agrotait ($187.28 in chips)
Agrotait: posts small blind $1
igmade: posts big blind $3
*** HOLE CARDS ***
Agrotait: raises $3 to $6
igmade: calls $3
*** FLOP *** [9d Ad 2c]
igmade: checks
Agrotait: bets $3
igmade: folds
Uncalled bet ($3) returned to Agrotait
Agrotait collected $11.76 from pot
Agrotait: doesn't show hand
*** SUMMARY ***
Total pot $12 | Rake $0.24
Board [9d Ad 2c]
Seat 3: igmade (big blind) folded on the Flop
Seat 4: Agrotait (button) (small blind) collected ($11.76)


PokerStars Hand #153763315824:  Hold'em Limit ($3/$6 USD) - 2016/05/24 2:41:29 ET
Table 'Suhail' 6-max Seat #3 is the button
Seat 3: igmade ($55.02 in chips)
Seat 4: Agrotait ($174.78 in chips)
igmade: posts small blind $1
Agrotait: posts big blind $3
*** HOLE CARDS ***
igmade: raises $3 to $6
Agrotait: calls $3
*** FLOP *** [Ah Ac Qs]
Agrotait: checks
igmade: bets $3
Agrotait: raises $3 to $6
igmade: calls $3
*** TURN *** [Ah Ac Qs] [2d]
Agrotait: checks
igmade: bets $6
Agrotait: folds
Uncalled bet ($6) returned to igmade
igmade collected $23.52 from pot
igmade: doesn't show hand
*** SUMMARY ***
Total pot $24 | Rake $0.48
Board [Ah Ac Qs 2d]
Seat 3: igmade (button) (small blind) collected ($23.52)
Seat 4: Agrotait (big blind) folded on the Turn


PokerStars Hand #153763334975:  Hold'em Limit ($3/$6 USD) - 2016/05/24 2:42:43 ET
Table 'Suhail' 6-max Seat #4 is the button
Seat 3: igmade ($41.30 in chips)
Seat 4: Agrotait ($187.04 in chips)
Agrotait: posts small blind $1
igmade: posts big blind $3
*** HOLE CARDS ***
Agrotait: raises $3 to $6
igmade: calls $3
*** FLOP *** [2h Td 7h]
igmade: checks
Agrotait: checks
*** TURN *** [2h Td 7h] [Qd]
igmade: checks
Agrotait: bets $6
igmade: raises $6 to $12
Agrotait: calls $6
*** RIVER *** [2h Td 7h Qd] [6c]
igmade: bets $6
Agrotait: calls $6
*** SHOW DOWN ***
igmade: shows [Ks Qc] (a pair of Queens)
Agrotait: mucks hand
igmade collected $47.50 from pot
*** SUMMARY ***
Total pot $48 | Rake $0.50
Board [2h Td 7h Qd 6c]
Seat 3: igmade (big blind) showed [Ks Qc] and won ($47.50) with a pair of Queens
Seat 4: Agrotait (button) (small blind) mucked


PokerStars Hand #153763348744:  Hold'em Limit ($3/$6 USD) - 2016/05/24 2:43:37 ET
Table 'Suhail' 6-max Seat #4 is the button
Seat 3: igmade ($49.80 in chips)
Seat 4: Agrotait ($177.54 in chips)
Agrotait: posts small blind $1
igmade: posts big blind $3
*** HOLE CARDS ***
Agrotait: folds
Uncalled bet ($2) returned to igmade
igmade collected $2 from pot
*** SUMMARY ***
Total pot $2 | Rake $0
Seat 3: igmade (big blind) collected ($2)
Seat 4: Agrotait (button) (small blind) folded before Flop


PokerStars Hand #153763342026:  Hold'em Limit ($3/$6 USD) - 2016/05/24 2:43:11 ET
Table 'Suhail' 6-max Seat #3 is the button
Seat 3: igmade ($64.80 in chips)
Seat 4: Agrotait ($163.04 in chips)
igmade: posts small blind $1
Agrotait: posts big blind $3
*** HOLE CARDS ***
igmade: raises $3 to $6
Agrotait: calls $3
*** FLOP *** [Js Qc 7d]
Agrotait: checks
igmade: bets $3
Agrotait: calls $3
*** TURN *** [Js Qc 7d] [2d]
Agrotait: checks
igmade: checks
*** RIVER *** [Js Qc 7d 2d] [3h]
Agrotait: bets $6
igmade: calls $6
*** SHOW DOWN ***
Agrotait: shows [7h 6h] (a pair of Sevens)
igmade: mucks hand
Agrotait collected $29.50 from pot
*** SUMMARY ***
Total pot $30 | Rake $0.50
Board [Js Qc 7d 2d 3h]
Seat 3: igmade (button) (small blind) mucked
Seat 4: Agrotait (big blind) showed [7h 6h] and won ($29.50) with a pair of Sevens


PokerStars Hand #153763350535:  Hold'em Limit ($3/$6 USD) - 2016/05/24 2:43:44 ET
Table 'Suhail' 6-max Seat #3 is the button
Seat 3: igmade ($50.80 in chips)
Seat 4: Agrotait ($176.54 in chips)
igmade: posts small blind $1
Agrotait: posts big blind $3
*** HOLE CARDS ***
igmade: folds
Uncalled bet ($2) returned to Agrotait
Agrotait collected $2 from pot
Agrotait: doesn't show hand
*** SUMMARY ***
Total pot $2 | Rake $0
Seat 3: igmade (button) (small blind) folded before Flop
Seat 4: Agrotait (big blind) collected ($2)


PokerStars Hand #153763351630:  Hold'em Limit ($3/$6 USD) - 2016/05/24 2:43:48 ET
Table 'Suhail' 6-max Seat #4 is the button
Seat 3: igmade ($49.80 in chips)
Seat 4: Agrotait ($177.54 in chips)
Agrotait: posts small blind $1
igmade: posts big blind $3
*** HOLE CARDS ***
Agrotait: raises $3 to $6
igmade: calls $3
*** FLOP *** [4h Jd Jh]
igmade: checks
Agrotait: bets $3
igmade: calls $3
*** TURN *** [4h Jd Jh] [2s]
igmade: checks
Agrotait: bets $6
igmade: folds
Uncalled bet ($6) returned to Agrotait
Agrotait collected $17.64 from pot
Agrotait: doesn't show hand
*** SUMMARY ***
Total pot $18 | Rake $0.36
Board [4h Jd Jh 2s]
Seat 3: igmade (big blind) folded on the Turn
Seat 4: Agrotait (button) (small blind) collected ($17.64)


PokerStars Hand #153763374513:  Hold'em Limit ($3/$6 USD) - 2016/05/24 2:45:18 ET
Table 'Suhail' 6-max Seat #4 is the button
Seat 3: igmade ($32.10 in chips)
Seat 4: Agrotait ($193.88 in chips)
Agrotait: posts small blind $1
igmade: posts big blind $3
*** HOLE CARDS ***
Agrotait: raises $3 to $6
igmade: calls $3
*** FLOP *** [8s Qh 8h]
igmade: checks
Agrotait: bets $3
igmade: calls $3
*** TURN *** [8s Qh 8h] [4d]
igmade: checks
Agrotait: checks
*** RIVER *** [8s Qh 8h 4d] [3s]
igmade: bets $6
Agrotait: calls $6
*** SHOW DOWN ***
igmade: shows [8c 5c] (three of a kind, Eights)
Agrotait: mucks hand
igmade collected $29.50 from pot
*** SUMMARY ***
Total pot $30 | Rake $0.50
Board [8s Qh 8h 4d 3s]
Seat 3: igmade (big blind) showed [8c 5c] and won ($29.50) with three of a kind, Eights
Seat 4: Agrotait (button) (small blind) mucked


PokerStars Hand #153763367853:  Hold'em Limit ($3/$6 USD) - 2016/05/24 2:44:52 ET
Table 'Suhail' 6-max Seat #4 is the button
Seat 3: igmade ($16.80 in chips)
Seat 4: Agrotait ($209.68 in chips)
Agrotait: posts small blind $1
igmade: posts big blind $3
*** HOLE CARDS ***
Agrotait: raises $3 to $6
igmade: raises $3 to $9
Agrotait: calls $3
*** FLOP *** [7s 2d Ad]
igmade: bets $3
Agrotait: calls $3
*** TURN *** [7s 2d Ad] [9h]
igmade: bets $4.80 and is all-in
Agrotait: calls $4.80
*** RIVER *** [7s 2d Ad 9h] [Jd]
*** SHOW DOWN ***
igmade: shows [Ah 7h] (two pair, Aces and Sevens)
Agrotait: shows [7c 4c] (a pair of Sevens)
igmade collected $33.10 from pot
*** SUMMARY ***
Total pot $33.60 | Rake $0.50
Board [7s 2d Ad 9h Jd]
Seat 3: igmade (big blind) showed [Ah 7h] and won ($33.10) with two pair, Aces and Sevens
Seat 4: Agrotait (button) (small blind) showed [7c 4c] and lost with a pair of Sevens


PokerStars Hand #153763358596:  Hold'em Limit ($3/$6 USD) - 2016/05/24 2:44:16 ET
Table 'Suhail' 6-max Seat #3 is the button
Seat 3: igmade ($40.80 in chips)
Seat 4: Agrotait ($186.18 in chips)
igmade: posts small blind $1
Agrotait: posts big blind $3
*** HOLE CARDS ***
igmade: raises $3 to $6
Agrotait: calls $3
*** FLOP *** [As 7s 9d]
Agrotait: checks
igmade: bets $3
Agrotait: raises $3 to $6
igmade: calls $3
*** TURN *** [As 7s 9d] [8s]
Agrotait: bets $6
igmade: calls $6
*** RIVER *** [As 7s 9d 8s] [8d]
Agrotait: bets $6
igmade: calls $6
*** SHOW DOWN ***
Agrotait: shows [Tc Jd] (a straight, Seven to Jack)
igmade: mucks hand
Agrotait collected $47.50 from pot
*** SUMMARY ***
Total pot $48 | Rake $0.50
Board [As 7s 9d 8s 8d]
Seat 3: igmade (button) (small blind) mucked
Seat 4: Agrotait (big blind) showed [Tc Jd] and won ($47.50) with a straight, Seven to Jack


PokerStars Hand #153763373314:  Hold'em Limit ($3/$6 USD) - 2016/05/24 2:45:14 ET
Table 'Suhail' 6-max Seat #3 is the button
Seat 3: igmade ($33.10 in chips)
Seat 4: Agrotait ($192.88 in chips)
igmade: posts small blind $1
Agrotait: posts big blind $3
*** HOLE CARDS ***
igmade: folds
Uncalled bet ($2) returned to Agrotait
Agrotait collected $2 from pot
Agrotait: doesn't show hand
*** SUMMARY ***
Total pot $2 | Rake $0
Seat 3: igmade (button) (small blind) folded before Flop
Seat 4: Agrotait (big blind) collected ($2)


PokerStars Hand #153763379045:  Hold'em Limit ($3/$6 USD) - 2016/05/24 2:45:36 ET
Table 'Suhail' 6-max Seat #3 is the button
Seat 3: igmade ($46.60 in chips)
Seat 4: Agrotait ($178.88 in chips)
igmade: posts small blind $1
Agrotait: posts big blind $3
*** HOLE CARDS ***
igmade: folds
Uncalled bet ($2) returned to Agrotait
Agrotait collected $2 from pot
Agrotait: doesn't show hand
*** SUMMARY ***
Total pot $2 | Rake $0
Seat 3: igmade (button) (small blind) folded before Flop
Seat 4: Agrotait (big blind) collected ($2)


PokerStars Hand #153763387250:  Hold'em Limit ($3/$6 USD) - 2016/05/24 2:46:08 ET
Table 'Suhail' 6-max Seat #4 is the button
Seat 3: igmade ($45.60 in chips)
Seat 4: Agrotait ($179.88 in chips)
Agrotait: posts small blind $1
igmade: posts big blind $3
*** HOLE CARDS ***
Agrotait: raises $3 to $6
igmade: raises $3 to $9
Agrotait: calls $3
*** FLOP *** [5c 2h 8c]
igmade: bets $3
Agrotait: raises $3 to $6
igmade: raises $3 to $9
Agrotait: calls $3
*** TURN *** [5c 2h 8c] [6s]
igmade: bets $6
Agrotait: calls $6
*** RIVER *** [5c 2h 8c 6s] [3h]
igmade: bets $6
Agrotait: calls $6
*** SHOW DOWN ***
igmade: shows [8d Jh] (a pair of Eights)
Agrotait: shows [9c 9d] (a pair of Nines)
Agrotait collected $59.50 from pot
*** SUMMARY ***
Total pot $60 | Rake $0.50
Board [5c 2h 8c 6s 3h]
Seat 3: igmade (big blind) showed [8d Jh] and lost with a pair of Eights
Seat 4: Agrotait (button) (small blind) showed [9c 9d] and won ($59.50) with a pair of Nines


PokerStars Hand #153763400465:  Hold'em Limit ($3/$6 USD) - 2016/05/24 2:47:00 ET
Table 'Suhail' 6-max Seat #3 is the button
Seat 3: igmade ($21.24 in chips)
Seat 4: Agrotait ($203.38 in chips)
igmade: posts small blind $1
Agrotait: posts big blind $3
*** HOLE CARDS ***
igmade: raises $3 to $6
Agrotait: raises $3 to $9
igmade: raises $3 to $12
Betting is capped
Agrotait: calls $3
*** FLOP *** [7h 4c 4s]
Agrotait: checks
igmade: bets $3
Agrotait: calls $3
*** TURN *** [7h 4c 4s] [Qc]
Agrotait: checks
igmade: bets $6
Agrotait: raises $6 to $12
igmade: calls $0.24 and is all-in
Uncalled bet ($5.76) returned to Agrotait
*** RIVER *** [7h 4c 4s Qc] [9c]
*** SHOW DOWN ***
Agrotait: shows [Ks Qs] (two pair, Queens and Fours)
igmade: shows [Kh 5d] (a pair of Fours)
Agrotait collected $41.98 from pot
*** SUMMARY ***
Total pot $42.48 | Rake $0.50
Board [7h 4c 4s Qc 9c]
Seat 3: igmade (button) (small blind) showed [Kh 5d] and lost with a pair of Fours
Seat 4: Agrotait (big blind) showed [Ks Qs] and won ($41.98) with two pair, Queens and Fours


PokerStars Hand #153763393245:  Hold'em Limit ($3/$6 USD) - 2016/05/24 2:46:32 ET
Table 'Suhail' 6-max Seat #3 is the button
Seat 3: igmade ($15.60 in chips)
Seat 4: Agrotait ($209.38 in chips)
igmade: posts small blind $1
Agrotait: posts big blind $3
*** HOLE CARDS ***
igmade: raises $3 to $6
Agrotait: calls $3
*** FLOP *** [7h Th 5h]
Agrotait: checks
igmade: bets $3
Agrotait: calls $3
*** TURN *** [7h Th 5h] [Qc]
Agrotait: checks
igmade: bets $6
Agrotait: folds
Uncalled bet ($6) returned to igmade
igmade collected $17.64 from pot
*** SUMMARY ***
Total pot $18 | Rake $0.36
Board [7h Th 5h Qc]
Seat 3: igmade (button) (small blind) collected ($17.64)
Seat 4: Agrotait (big blind) folded on the Turn


