PokerStars Hand #170587749745:  Hold'em Limit ($3/$6 USD) - 2017/05/18 13:08:32 ET
Table 'Suhail' 6-max Seat #1 is the button
Seat 1: Z435A791B ($156.22 in chips)
Seat 2: vestimokrec ($99 in chips)
Z435A791B: posts small blind $1
vestimokrec: posts big blind $3
*** HOLE CARDS ***
Z435A791B: folds
Uncalled bet ($2) returned to vestimokrec
vestimokrec collected $2 from pot
vestimokrec: doesn't show hand
*** SUMMARY ***
Total pot $2 | Rake $0
Seat 1: Z435A791B (button) (small blind) folded before Flop
Seat 2: vestimokrec (big blind) collected ($2)


PokerStars Hand #170587726682:  Hold'em Limit ($3/$6 USD) - 2017/05/18 13:08:02 ET
Table 'Suhail' 6-max Seat #2 is the button
Seat 1: Z435A791B ($135.72 in chips)
Seat 2: vestimokrec ($120 in chips)
SashaYuvelir joins the table at seat #3
vestimokrec: posts small blind $1
Agrotait: is sitting out
Z435A791B: posts big blind $3
*** HOLE CARDS ***
Agrotait leaves the table
vestimokrec: raises $3 to $6
Z435A791B: calls $3
*** FLOP *** [Ts Jc 8d]
Z435A791B: bets $3
vestimokrec: calls $3
*** TURN *** [Ts Jc 8d] [2c]
cola26licht joins the table at seat #5
Z435A791B: bets $6
vestimokrec: raises $6 to $12
Z435A791B: calls $6
*** RIVER *** [Ts Jc 8d 2c] [2d]
Z435A791B: checks
vestimokrec: checks
*** SHOW DOWN ***
Z435A791B: shows [3d Jh] (two pair, Jacks and Deuces)
vestimokrec: mucks hand
Z435A791B collected $41.50 from pot
*** SUMMARY ***
Total pot $42 | Rake $0.50
Board [Ts Jc 8d 2c 2d]
Seat 1: Z435A791B (big blind) showed [3d Jh] and won ($41.50) with two pair, Jacks and Deuces
Seat 2: vestimokrec (button) (small blind) mucked


