PokerStars Hand #158897978875:  Hold'em Limit ($3/$6 USD) - 2016/09/21 10:11:40 ET
Table 'Sulamitis II' 6-max Seat #3 is the button
Seat 3: simper11 ($121 in chips)
Seat 6: tsitoui11 ($119 in chips)
simper11: posts small blind $1
tsitoui11: posts big blind $3
*** HOLE CARDS ***
simper11: raises $3 to $6
tsitoui11: calls $3
*** FLOP *** [3h Ad 6h]
tsitoui11: checks
simper11: bets $3
tsitoui11: folds
Uncalled bet ($3) returned to simper11
simper11 collected $11.76 from pot
simper11: doesn't show hand
*** SUMMARY ***
Total pot $12 | Rake $0.24
Board [3h Ad 6h]
Seat 3: simper11 (button) (small blind) collected ($11.76)
Seat 6: tsitoui11 (big blind) folded on the Flop


PokerStars Hand #158897972589:  Hold'em Limit ($3/$6 USD) - 2016/09/21 10:11:29 ET
Table 'Sulamitis II' 6-max Seat #6 is the button
Seat 3: simper11 ($120 in chips)
Seat 6: tsitoui11 ($120 in chips)
tsitoui11: posts small blind $1
simper11: posts big blind $3
*** HOLE CARDS ***
tsitoui11: folds
Uncalled bet ($2) returned to simper11
simper11 collected $2 from pot
simper11: doesn't show hand
*** SUMMARY ***
Total pot $2 | Rake $0
Seat 3: simper11 (big blind) collected ($2)
Seat 6: tsitoui11 (button) (small blind) folded before Flop


PokerStars Hand #158897985850:  Hold'em Limit ($3/$6 USD) - 2016/09/21 10:11:52 ET
Table 'Sulamitis II' 6-max Seat #6 is the button
Seat 3: simper11 ($126.76 in chips)
Seat 6: tsitoui11 ($113 in chips)
tsitoui11: posts small blind $1
simper11: posts big blind $3
*** HOLE CARDS ***
tsitoui11: calls $2
simper11: checks
*** FLOP *** [5s 7d 4s]
simper11: checks
tsitoui11: checks
*** TURN *** [5s 7d 4s] [Kd]
moveoverover joins the table at seat #4
simper11: checks
derdex joins the table at seat #1
tsitoui11: bets $6
simper11: calls $6
*** RIVER *** [5s 7d 4s Kd] [8c]
simper11: checks
tsitoui11: bets $6
simper11: calls $6
*** SHOW DOWN ***
tsitoui11: shows [2c Ks] (a pair of Kings)
simper11: mucks hand
tsitoui11 collected $29.50 from pot
*** SUMMARY ***
Total pot $30 | Rake $0.50
Board [5s 7d 4s Kd 8c]
Seat 3: simper11 (big blind) mucked
Seat 6: tsitoui11 (button) (small blind) showed [2c Ks] and won ($29.50) with a pair of Kings


