PokerStars Hand #154572660804:  Hold'em Limit ($3/$6 USD) - 2016/06/10 21:31:06 ET
Table 'Sulafat' 6-max Seat #4 is the button
Seat 4: Chessnok ($195.79 in chips)
Seat 6: anybody1108 ($241.17 in chips)
Chessnok: posts small blind $1
anybody1108: posts big blind $3
*** HOLE CARDS ***
Chessnok: raises $3 to $6
anybody1108: calls $3
*** FLOP *** [Ts Qc 7s]
anybody1108: checks
Chessnok: bets $3
anybody1108: folds
Uncalled bet ($3) returned to Chessnok
Chessnok collected $11.76 from pot
Chessnok: doesn't show hand
*** SUMMARY ***
Total pot $12 | Rake $0.24
Board [Ts Qc 7s]
Seat 4: Chessnok (button) (small blind) collected ($11.76)
Seat 6: anybody1108 (big blind) folded on the Flop


PokerStars Hand #154572652132:  Hold'em Limit ($3/$6 USD) - 2016/06/10 21:30:44 ET
Table 'Sulafat' 6-max Seat #6 is the button
Seat 4: Chessnok ($190.03 in chips)
Seat 6: anybody1108 ($247.17 in chips)
anybody1108: posts small blind $1
Chessnok: posts big blind $3
*** HOLE CARDS ***
anybody1108: calls $2
Chessnok: raises $3 to $6
anybody1108: calls $3
*** FLOP *** [As Qs 3s]
Chessnok: bets $3
anybody1108: folds
Uncalled bet ($3) returned to Chessnok
Chessnok collected $11.76 from pot
Chessnok: doesn't show hand
*** SUMMARY ***
Total pot $12 | Rake $0.24
Board [As Qs 3s]
Seat 4: Chessnok (big blind) collected ($11.76)
Seat 6: anybody1108 (button) (small blind) folded on the Flop


PokerStars Hand #154572670945:  Hold'em Limit ($3/$6 USD) - 2016/06/10 21:31:31 ET
Table 'Sulafat' 6-max Seat #6 is the button
Seat 4: Chessnok ($201.55 in chips)
Seat 6: anybody1108 ($235.17 in chips)
anybody1108: posts small blind $1
Chessnok: posts big blind $3
*** HOLE CARDS ***
anybody1108: folds
Uncalled bet ($2) returned to Chessnok
Chessnok collected $2 from pot
Chessnok: doesn't show hand
*** SUMMARY ***
Total pot $2 | Rake $0
Seat 4: Chessnok (big blind) collected ($2)
Seat 6: anybody1108 (button) (small blind) folded before Flop


PokerStars Hand #154572681789:  Hold'em Limit ($3/$6 USD) - 2016/06/10 21:31:58 ET
Table 'Sulafat' 6-max Seat #6 is the button
Seat 4: Chessnok ($205.55 in chips)
Seat 6: anybody1108 ($231.17 in chips)
anybody1108: posts small blind $1
Chessnok: posts big blind $3
*** HOLE CARDS ***
anybody1108: folds
Uncalled bet ($2) returned to Chessnok
Chessnok collected $2 from pot
Chessnok: doesn't show hand
*** SUMMARY ***
Total pot $2 | Rake $0
Seat 4: Chessnok (big blind) collected ($2)
Seat 6: anybody1108 (button) (small blind) folded before Flop


PokerStars Hand #154572677051:  Hold'em Limit ($3/$6 USD) - 2016/06/10 21:31:46 ET
Table 'Sulafat' 6-max Seat #4 is the button
Seat 4: Chessnok ($202.55 in chips)
Seat 6: anybody1108 ($234.17 in chips)
Chessnok: posts small blind $1
anybody1108: posts big blind $3
*** HOLE CARDS ***
Chessnok: raises $3 to $6
anybody1108: folds
Uncalled bet ($3) returned to Chessnok
Chessnok collected $6 from pot
Chessnok: doesn't show hand
*** SUMMARY ***
Total pot $6 | Rake $0
Seat 4: Chessnok (button) (small blind) collected ($6)
Seat 6: anybody1108 (big blind) folded before Flop


PokerStars Hand #154572688340:  Hold'em Limit ($3/$6 USD) - 2016/06/10 21:32:15 ET
Table 'Sulafat' 6-max Seat #4 is the button
Seat 4: Chessnok ($206.55 in chips)
Seat 6: anybody1108 ($230.17 in chips)
Chessnok: posts small blind $1
anybody1108: posts big blind $3
*** HOLE CARDS ***
Chessnok: raises $3 to $6
anybody1108: raises $3 to $9
Chessnok: calls $3
*** FLOP *** [Kc 6h 6d]
anybody1108: bets $3
Chessnok: calls $3
*** TURN *** [Kc 6h 6d] [7s]
anybody1108: checks
Chessnok: bets $6
anybody1108: calls $6
*** RIVER *** [Kc 6h 6d 7s] [2s]
anybody1108: checks
Chessnok: checks
*** SHOW DOWN ***
anybody1108: shows [Ad 9c] (a pair of Sixes)
Chessnok: mucks hand
anybody1108 collected $35.50 from pot
*** SUMMARY ***
Total pot $36 | Rake $0.50
Board [Kc 6h 6d 7s 2s]
Seat 4: Chessnok (button) (small blind) mucked
Seat 6: anybody1108 (big blind) showed [Ad 9c] and won ($35.50) with a pair of Sixes


PokerStars Hand #154572721239:  Hold'em Limit ($3/$6 USD) - 2016/06/10 21:33:37 ET
Table 'Sulafat' 6-max Seat #4 is the button
Seat 4: Chessnok ($176.55 in chips)
Seat 6: anybody1108 ($259.19 in chips)
Chessnok: posts small blind $1
anybody1108: posts big blind $3
*** HOLE CARDS ***
Chessnok: folds
Uncalled bet ($2) returned to anybody1108
anybody1108 collected $2 from pot
*** SUMMARY ***
Total pot $2 | Rake $0
Seat 4: Chessnok (button) (small blind) folded before Flop
Seat 6: anybody1108 (big blind) collected ($2)


PokerStars Hand #154572707916:  Hold'em Limit ($3/$6 USD) - 2016/06/10 21:33:03 ET
Table 'Sulafat' 6-max Seat #6 is the button
Seat 4: Chessnok ($188.55 in chips)
Seat 6: anybody1108 ($247.67 in chips)
anybody1108: posts small blind $1
Chessnok: posts big blind $3
*** HOLE CARDS ***
anybody1108: raises $3 to $6
Chessnok: raises $3 to $9
anybody1108: raises $3 to $12
Betting is capped
Chessnok: calls $3
*** FLOP *** [9h 9d 8h]
Chessnok: checks
anybody1108: bets $3
Chessnok: folds
Uncalled bet ($3) returned to anybody1108
anybody1108 collected $23.52 from pot
*** SUMMARY ***
Total pot $24 | Rake $0.48
Board [9h 9d 8h]
Seat 4: Chessnok (big blind) folded on the Flop
Seat 6: anybody1108 (button) (small blind) collected ($23.52)


PokerStars Hand #154572744284:  Hold'em Limit ($3/$6 USD) - 2016/06/10 21:34:34 ET
Table 'Sulafat' 6-max Seat #6 is the button
Seat 4: Chessnok ($187.07 in chips)
Seat 6: anybody1108 ($248.19 in chips)
anybody1108: posts small blind $1
Chessnok: posts big blind $3
*** HOLE CARDS ***
anybody1108: folds
Uncalled bet ($2) returned to Chessnok
Chessnok collected $2 from pot
Chessnok: doesn't show hand
*** SUMMARY ***
Total pot $2 | Rake $0
Seat 4: Chessnok (big blind) collected ($2)
Seat 6: anybody1108 (button) (small blind) folded before Flop


PokerStars Hand #154572737976:  Hold'em Limit ($3/$6 USD) - 2016/06/10 21:34:19 ET
Table 'Sulafat' 6-max Seat #4 is the button
Seat 4: Chessnok ($181.31 in chips)
Seat 6: anybody1108 ($254.19 in chips)
Chessnok: posts small blind $1
anybody1108: posts big blind $3
*** HOLE CARDS ***
Chessnok: raises $3 to $6
anybody1108: calls $3
*** FLOP *** [6h Ks 9h]
anybody1108: checks
Chessnok: bets $3
anybody1108: folds
Uncalled bet ($3) returned to Chessnok
Chessnok collected $11.76 from pot
Chessnok: doesn't show hand
*** SUMMARY ***
Total pot $12 | Rake $0.24
Board [6h Ks 9h]
Seat 4: Chessnok (button) (small blind) collected ($11.76)
Seat 6: anybody1108 (big blind) folded on the Flop


PokerStars Hand #154572733012:  Hold'em Limit ($3/$6 USD) - 2016/06/10 21:34:06 ET
Table 'Sulafat' 6-max Seat #6 is the button
Seat 4: Chessnok ($180.31 in chips)
Seat 6: anybody1108 ($255.19 in chips)
anybody1108: posts small blind $1
Chessnok: posts big blind $3
*** HOLE CARDS ***
anybody1108: folds
Uncalled bet ($2) returned to Chessnok
Chessnok collected $2 from pot
Chessnok: doesn't show hand
*** SUMMARY ***
Total pot $2 | Rake $0
Seat 4: Chessnok (big blind) collected ($2)
Seat 6: anybody1108 (button) (small blind) folded before Flop


PokerStars Hand #154572731116:  Hold'em Limit ($3/$6 USD) - 2016/06/10 21:34:01 ET
Table 'Sulafat' 6-max Seat #4 is the button
Seat 4: Chessnok ($181.31 in chips)
Seat 6: anybody1108 ($254.19 in chips)
Chessnok: posts small blind $1
anybody1108: posts big blind $3
*** HOLE CARDS ***
Chessnok: folds
Uncalled bet ($2) returned to anybody1108
anybody1108 collected $2 from pot
*** SUMMARY ***
Total pot $2 | Rake $0
Seat 4: Chessnok (button) (small blind) folded before Flop
Seat 6: anybody1108 (big blind) collected ($2)


PokerStars Hand #154572723044:  Hold'em Limit ($3/$6 USD) - 2016/06/10 21:33:41 ET
Table 'Sulafat' 6-max Seat #6 is the button
Seat 4: Chessnok ($175.55 in chips)
Seat 6: anybody1108 ($260.19 in chips)
anybody1108: posts small blind $1
Chessnok: posts big blind $3
*** HOLE CARDS ***
anybody1108: calls $2
Chessnok: raises $3 to $6
anybody1108: calls $3
*** FLOP *** [Jc 7h Kh]
Chessnok: bets $3
anybody1108: folds
Uncalled bet ($3) returned to Chessnok
Chessnok collected $11.76 from pot
Chessnok: doesn't show hand
*** SUMMARY ***
Total pot $12 | Rake $0.24
Board [Jc 7h Kh]
Seat 4: Chessnok (big blind) collected ($11.76)
Seat 6: anybody1108 (button) (small blind) folded on the Flop


PokerStars Hand #154572759633:  Hold'em Limit ($3/$6 USD) - 2016/06/10 21:35:13 ET
Table 'Sulafat' 6-max Seat #4 is the button
Seat 4: Chessnok ($192.07 in chips)
Seat 6: anybody1108 ($243.19 in chips)
Chessnok: posts small blind $1
anybody1108: posts big blind $3
*** HOLE CARDS ***
Chessnok: raises $3 to $6
anybody1108: calls $3
*** FLOP *** [7d 2c Js]
anybody1108: checks
Chessnok: bets $3
anybody1108: folds
Uncalled bet ($3) returned to Chessnok
Chessnok collected $11.76 from pot
Chessnok: doesn't show hand
*** SUMMARY ***
Total pot $12 | Rake $0.24
Board [7d 2c Js]
Seat 4: Chessnok (button) (small blind) collected ($11.76)
Seat 6: anybody1108 (big blind) folded on the Flop


PokerStars Hand #154572756220:  Hold'em Limit ($3/$6 USD) - 2016/06/10 21:35:04 ET
Table 'Sulafat' 6-max Seat #6 is the button
Seat 4: Chessnok ($191.07 in chips)
Seat 6: anybody1108 ($244.19 in chips)
anybody1108: posts small blind $1
Chessnok: posts big blind $3
*** HOLE CARDS ***
anybody1108: folds
Uncalled bet ($2) returned to Chessnok
Chessnok collected $2 from pot
Chessnok: doesn't show hand
*** SUMMARY ***
Total pot $2 | Rake $0
Seat 4: Chessnok (big blind) collected ($2)
Seat 6: anybody1108 (button) (small blind) folded before Flop


PokerStars Hand #154572747179:  Hold'em Limit ($3/$6 USD) - 2016/06/10 21:34:42 ET
Table 'Sulafat' 6-max Seat #4 is the button
Seat 4: Chessnok ($188.07 in chips)
Seat 6: anybody1108 ($247.19 in chips)
Chessnok: posts small blind $1
anybody1108: posts big blind $3
*** HOLE CARDS ***
Chessnok: folds
Uncalled bet ($2) returned to anybody1108
anybody1108 collected $2 from pot
*** SUMMARY ***
Total pot $2 | Rake $0
Seat 4: Chessnok (button) (small blind) folded before Flop
Seat 6: anybody1108 (big blind) collected ($2)


PokerStars Hand #154572752817:  Hold'em Limit ($3/$6 USD) - 2016/06/10 21:34:56 ET
Table 'Sulafat' 6-max Seat #4 is the button
Seat 4: Chessnok ($188.07 in chips)
Seat 6: anybody1108 ($247.19 in chips)
Chessnok: posts small blind $1
anybody1108: posts big blind $3
*** HOLE CARDS ***
Chessnok: raises $3 to $6
anybody1108: folds
Uncalled bet ($3) returned to Chessnok
Chessnok collected $6 from pot
Chessnok: doesn't show hand
*** SUMMARY ***
Total pot $6 | Rake $0
Seat 4: Chessnok (button) (small blind) collected ($6)
Seat 6: anybody1108 (big blind) folded before Flop


PokerStars Hand #154572749428:  Hold'em Limit ($3/$6 USD) - 2016/06/10 21:34:48 ET
Table 'Sulafat' 6-max Seat #6 is the button
Seat 4: Chessnok ($187.07 in chips)
Seat 6: anybody1108 ($248.19 in chips)
anybody1108: posts small blind $1
Chessnok: posts big blind $3
*** HOLE CARDS ***
anybody1108: folds
Uncalled bet ($2) returned to Chessnok
Chessnok collected $2 from pot
Chessnok: doesn't show hand
*** SUMMARY ***
Total pot $2 | Rake $0
Seat 4: Chessnok (big blind) collected ($2)
Seat 6: anybody1108 (button) (small blind) folded before Flop


PokerStars Hand #154572782268:  Hold'em Limit ($3/$6 USD) - 2016/06/10 21:36:11 ET
Table 'Sulafat' 6-max Seat #6 is the button
Seat 4: Chessnok ($221.33 in chips)
Seat 6: anybody1108 ($213.19 in chips)
anybody1108: posts small blind $1
Chessnok: posts big blind $3
*** HOLE CARDS ***
anybody1108: calls $2
Chessnok: checks
*** FLOP *** [Kc 4d 8d]
Chessnok: checks
anybody1108: checks
*** TURN *** [Kc 4d 8d] [Kh]
Chessnok: checks
anybody1108: checks
*** RIVER *** [Kc 4d 8d Kh] [7h]
Chessnok: checks
anybody1108: checks
*** SHOW DOWN ***
Chessnok: shows [3c Ts] (a pair of Kings)
anybody1108: mucks hand
Chessnok collected $5.88 from pot
*** SUMMARY ***
Total pot $6 | Rake $0.12
Board [Kc 4d 8d Kh 7h]
Seat 4: Chessnok (big blind) showed [3c Ts] and won ($5.88) with a pair of Kings
Seat 6: anybody1108 (button) (small blind) mucked


PokerStars Hand #154572779589:  Hold'em Limit ($3/$6 USD) - 2016/06/10 21:36:04 ET
Table 'Sulafat' 6-max Seat #4 is the button
Seat 4: Chessnok ($218.33 in chips)
Seat 6: anybody1108 ($216.19 in chips)
Chessnok: posts small blind $1
anybody1108: posts big blind $3
*** HOLE CARDS ***
Chessnok: raises $3 to $6
anybody1108: folds
Uncalled bet ($3) returned to Chessnok
Chessnok collected $6 from pot
Chessnok: doesn't show hand
*** SUMMARY ***
Total pot $6 | Rake $0
Seat 4: Chessnok (button) (small blind) collected ($6)
Seat 6: anybody1108 (big blind) folded before Flop


PokerStars Hand #154572767953:  Hold'em Limit ($3/$6 USD) - 2016/06/10 21:35:34 ET
Table 'Sulafat' 6-max Seat #6 is the button
Seat 4: Chessnok ($197.83 in chips)
Seat 6: anybody1108 ($237.19 in chips)
anybody1108: posts small blind $1
Chessnok: posts big blind $3
*** HOLE CARDS ***
anybody1108: calls $2
Chessnok: raises $3 to $6
anybody1108: calls $3
*** FLOP *** [3c 5h 7c]
Chessnok: bets $3
anybody1108: calls $3
*** TURN *** [3c 5h 7c] [8s]
Chessnok: bets $6
anybody1108: calls $6
*** RIVER *** [3c 5h 7c 8s] [2c]
Chessnok: bets $6
anybody1108: calls $6
*** SHOW DOWN ***
Chessnok: shows [Th Ts] (a pair of Tens)
anybody1108: mucks hand
Chessnok collected $41.50 from pot
*** SUMMARY ***
Total pot $42 | Rake $0.50
Board [3c 5h 7c 8s 2c]
Seat 4: Chessnok (big blind) showed [Th Ts] and won ($41.50) with a pair of Tens
Seat 6: anybody1108 (button) (small blind) mucked


PokerStars Hand #154572795256:  Hold'em Limit ($3/$6 USD) - 2016/06/10 21:36:44 ET
Table 'Sulafat' 6-max Seat #4 is the button
Seat 4: Chessnok ($224.21 in chips)
Seat 6: anybody1108 ($210.19 in chips)
Chessnok: posts small blind $1
anybody1108: posts big blind $3
*** HOLE CARDS ***
ZOGI joins the table at seat #1
Chessnok: folds
Uncalled bet ($2) returned to anybody1108
anybody1108 collected $2 from pot
*** SUMMARY ***
Total pot $2 | Rake $0
Seat 4: Chessnok (button) (small blind) folded before Flop
Seat 6: anybody1108 (big blind) collected ($2)


PokerStars Hand #154575464366:  Hold'em Limit ($3/$6 USD) - 2016/06/10 23:48:27 ET
Table 'Sulafat' 6-max Seat #2 is the button
Seat 2: HAL9QQQ ($193.31 in chips)
Seat 5: Garuda Black ($180.73 in chips)
HAL9QQQ: posts small blind $1
FooJaws: is sitting out
Garuda Black: posts big blind $3
*** HOLE CARDS ***
FooJaws leaves the table
HAL9QQQ: raises $3 to $6
Garuda Black: folds
Uncalled bet ($3) returned to HAL9QQQ
HAL9QQQ collected $6 from pot
HAL9QQQ: doesn't show hand
*** SUMMARY ***
Total pot $6 | Rake $0
Seat 2: HAL9QQQ (button) (small blind) collected ($6)
Seat 5: Garuda Black (big blind) folded before Flop


PokerStars Hand #154575865916:  Hold'em Limit ($3/$6 USD) - 2016/06/11 0:12:36 ET
Table 'Sulafat' 6-max Seat #5 is the button
Seat 3: Hats007 ($120 in chips)
Seat 5: LifeisagameX ($60 in chips)
LifeisagameX: posts small blind $1
Hats007: posts big blind $3
*** HOLE CARDS ***
LifeisagameX: raises $3 to $6
Hats007: raises $3 to $9
LifeisagameX: calls $3
*** FLOP *** [6s 5s Qs]
pierrette56 joins the table at seat #1
Hats007: bets $3
LifeisagameX: calls $3
*** TURN *** [6s 5s Qs] [8s]
Hats007: bets $6
LifeisagameX: folds
Uncalled bet ($6) returned to Hats007
Hats007 collected $23.52 from pot
Hats007: doesn't show hand
*** SUMMARY ***
Total pot $24 | Rake $0.48
Board [6s 5s Qs 8s]
Seat 3: Hats007 (big blind) collected ($23.52)
Seat 5: LifeisagameX (button) (small blind) folded on the Turn


PokerStars Hand #154575886157:  Hold'em Limit ($3/$6 USD) - 2016/06/11 0:13:48 ET
Table 'Sulafat' 6-max Seat #1 is the button
Seat 1: pierrette56 ($48 in chips)
Seat 3: Hats007 ($137.28 in chips)
pierrette56: posts small blind $1
Hats007: posts big blind $3
*** HOLE CARDS ***
pierrette56: folds
Uncalled bet ($2) returned to Hats007
Hats007 collected $2 from pot
Hats007: doesn't show hand
*** SUMMARY ***
Total pot $2 | Rake $0
Seat 1: pierrette56 (button) (small blind) folded before Flop
Seat 3: Hats007 (big blind) collected ($2)


PokerStars Hand #154575884678:  Hold'em Limit ($3/$6 USD) - 2016/06/11 0:13:43 ET
Table 'Sulafat' 6-max Seat #3 is the button
Seat 1: pierrette56 ($47 in chips)
Seat 3: Hats007 ($138.28 in chips)
Hats007: posts small blind $1
pierrette56: posts big blind $3
*** HOLE CARDS ***
Hats007: folds
Uncalled bet ($2) returned to pierrette56
pierrette56 collected $2 from pot
*** SUMMARY ***
Total pot $2 | Rake $0
Seat 1: pierrette56 (big blind) collected ($2)
Seat 3: Hats007 (button) (small blind) folded before Flop


PokerStars Hand #154575889565:  Hold'em Limit ($3/$6 USD) - 2016/06/11 0:14:00 ET
Table 'Sulafat' 6-max Seat #1 is the button
Seat 1: pierrette56 ($44 in chips)
Seat 3: Hats007 ($141.28 in chips)
pierrette56: posts small blind $1
Hats007: posts big blind $3
*** HOLE CARDS ***
pierrette56: folds
Uncalled bet ($2) returned to Hats007
Hats007 collected $2 from pot
*** SUMMARY ***
Total pot $2 | Rake $0
Seat 1: pierrette56 (button) (small blind) folded before Flop
Seat 3: Hats007 (big blind) collected ($2)


PokerStars Hand #154575887715:  Hold'em Limit ($3/$6 USD) - 2016/06/11 0:13:54 ET
Table 'Sulafat' 6-max Seat #3 is the button
Seat 1: pierrette56 ($47 in chips)
Seat 3: Hats007 ($138.28 in chips)
Hats007: posts small blind $1
pierrette56: posts big blind $3
*** HOLE CARDS ***
Hats007: raises $3 to $6
pierrette56: folds
Uncalled bet ($3) returned to Hats007
Hats007 collected $6 from pot
Hats007: doesn't show hand
*** SUMMARY ***
Total pot $6 | Rake $0
Seat 1: pierrette56 (big blind) folded before Flop
Seat 3: Hats007 (button) (small blind) collected ($6)


PokerStars Hand #154575874154:  Hold'em Limit ($3/$6 USD) - 2016/06/11 0:13:06 ET
Table 'Sulafat' 6-max Seat #3 is the button
Seat 3: Hats007 ($131.52 in chips)
Seat 5: LifeisagameX ($48 in chips)
Hats007: posts small blind $1
LifeisagameX: posts big blind $3
*** HOLE CARDS ***
Hats007: raises $3 to $6
LifeisagameX: calls $3
*** FLOP *** [Ah 2c Js]
LifeisagameX: checks
Hats007: bets $3
LifeisagameX: folds
Uncalled bet ($3) returned to Hats007
Hats007 collected $11.76 from pot
Hats007: doesn't show hand
*** SUMMARY ***
Total pot $12 | Rake $0.24
Board [Ah 2c Js]
Seat 3: Hats007 (button) (small blind) collected ($11.76)
Seat 5: LifeisagameX (big blind) folded on the Flop


PokerStars Hand #154575898930:  Hold'em Limit ($3/$6 USD) - 2016/06/11 0:14:34 ET
Table 'Sulafat' 6-max Seat #3 is the button
Seat 1: pierrette56 ($60.50 in chips)
Seat 3: Hats007 ($124.04 in chips)
Hats007: posts small blind $1
pierrette56: posts big blind $3
*** HOLE CARDS ***
Hats007: raises $3 to $6
pierrette56: calls $3
*** FLOP *** [9c Tc 3c]
pierrette56: checks
Hats007: bets $3
pierrette56: folds
Uncalled bet ($3) returned to Hats007
Hats007 collected $11.76 from pot
Hats007: doesn't show hand
*** SUMMARY ***
Total pot $12 | Rake $0.24
Board [9c Tc 3c]
Seat 1: pierrette56 (big blind) folded on the Flop
Seat 3: Hats007 (button) (small blind) collected ($11.76)


PokerStars Hand #154575894126:  Hold'em Limit ($3/$6 USD) - 2016/06/11 0:14:17 ET
Table 'Sulafat' 6-max Seat #1 is the button
Seat 1: pierrette56 ($37 in chips)
Seat 3: Hats007 ($148.04 in chips)
pierrette56: posts small blind $1
Hats007: posts big blind $3
*** HOLE CARDS ***
pierrette56: raises $3 to $6
Hats007: calls $3
*** FLOP *** [3c 9h 5d]
Hats007: checks
pierrette56: checks
*** TURN *** [3c 9h 5d] [Jh]
Hats007: bets $6
pierrette56: raises $6 to $12
Hats007: calls $6
*** RIVER *** [3c 9h 5d Jh] [Ts]
Hats007: checks
pierrette56: bets $6
Hats007: calls $6
*** SHOW DOWN ***
pierrette56: shows [Th Jd] (two pair, Jacks and Tens)
Hats007: mucks hand
pierrette56 collected $47.50 from pot
*** SUMMARY ***
Total pot $48 | Rake $0.50
Board [3c 9h 5d Jh Ts]
Seat 1: pierrette56 (button) (small blind) showed [Th Jd] and won ($47.50) with two pair, Jacks and Tens
Seat 3: Hats007 (big blind) mucked


PokerStars Hand #154575890990:  Hold'em Limit ($3/$6 USD) - 2016/06/11 0:14:06 ET
Table 'Sulafat' 6-max Seat #3 is the button
Seat 1: pierrette56 ($43 in chips)
Seat 3: Hats007 ($142.28 in chips)
Hats007: posts small blind $1
pierrette56: posts big blind $3
*** HOLE CARDS ***
Hats007: raises $3 to $6
pierrette56: calls $3
*** FLOP *** [Kd 4h Qh]
pierrette56: checks
Hats007: bets $3
pierrette56: folds
Uncalled bet ($3) returned to Hats007
Hats007 collected $11.76 from pot
Hats007: doesn't show hand
*** SUMMARY ***
Total pot $12 | Rake $0.24
Board [Kd 4h Qh]
Seat 1: pierrette56 (big blind) folded on the Flop
Seat 3: Hats007 (button) (small blind) collected ($11.76)


