PokerStars Hand #168666383153:  Hold'em Limit ($3/$6 USD) - 2017/04/06 14:15:15 ET
Table 'Sulaphat' 6-max Seat #3 is the button
Seat 3: Agniosius ($354.54 in chips)
Seat 4: vestimokrec ($120 in chips)
Agniosius: posts small blind $1
vestimokrec: posts big blind $3
*** HOLE CARDS ***
Agniosius: calls $2
vestimokrec: raises $3 to $6
Agniosius: calls $3
*** FLOP *** [7s 4s Ks]
vestimokrec: bets $3
Agniosius: calls $3
*** TURN *** [7s 4s Ks] [7h]
vestimokrec: bets $6
Agniosius: raises $6 to $12
vestimokrec: calls $6
*** RIVER *** [7s 4s Ks 7h] [Js]
vestimokrec: bets $6
Agniosius: calls $6
*** SHOW DOWN ***
vestimokrec: shows [Jh 9s] (a flush, King high)
Agniosius: mucks hand
vestimokrec collected $53.50 from pot
*** SUMMARY ***
Total pot $54 | Rake $0.50
Board [7s 4s Ks 7h Js]
Seat 3: Agniosius (button) (small blind) mucked
Seat 4: vestimokrec (big blind) showed [Jh 9s] and won ($53.50) with a flush, King high


PokerStars Hand #168666444250:  Hold'em Limit ($3/$6 USD) - 2017/04/06 14:16:29 ET
Table 'Sulaphat' 6-max Seat #3 is the button
Seat 3: Agniosius ($321.54 in chips)
Seat 4: vestimokrec ($152.26 in chips)
Agniosius: posts small blind $1
vestimokrec: posts big blind $3
*** HOLE CARDS ***
Agniosius: raises $3 to $6
vestimokrec: calls $3
*** FLOP *** [Qd 7s 7d]
vestimokrec: checks
Agniosius: bets $3
vestimokrec: raises $3 to $6
Agniosius: calls $3
*** TURN *** [Qd 7s 7d] [2c]
vestimokrec: bets $6
Agniosius: raises $6 to $12
vestimokrec: calls $6
*** RIVER *** [Qd 7s 7d 2c] [4c]
vestimokrec: checks
Agniosius: bets $6
vestimokrec: calls $6
*** SHOW DOWN ***
Agniosius: shows [6s 7h] (three of a kind, Sevens)
vestimokrec: mucks hand
Agniosius collected $59.50 from pot
*** SUMMARY ***
Total pot $60 | Rake $0.50
Board [Qd 7s 7d 2c 4c]
Seat 3: Agniosius (button) (small blind) showed [6s 7h] and won ($59.50) with three of a kind, Sevens
Seat 4: vestimokrec (big blind) mucked


PokerStars Hand #168666422497:  Hold'em Limit ($3/$6 USD) - 2017/04/06 14:16:03 ET
Table 'Sulaphat' 6-max Seat #4 is the button
Seat 3: Agniosius ($327.54 in chips)
Seat 4: vestimokrec ($146.50 in chips)
vestimokrec: posts small blind $1
Agniosius: posts big blind $3
*** HOLE CARDS ***
vestimokrec: raises $3 to $6
Agniosius: calls $3
*** FLOP *** [9d 9c As]
Agniosius: checks
vestimokrec: bets $3
Agniosius: folds
Uncalled bet ($3) returned to vestimokrec
vestimokrec collected $11.76 from pot
vestimokrec: doesn't show hand
*** SUMMARY ***
Total pot $12 | Rake $0.24
Board [9d 9c As]
Seat 3: Agniosius (big blind) folded on the Flop
Seat 4: vestimokrec (button) (small blind) collected ($11.76)


PokerStars Hand #168666511510:  Hold'em Limit ($3/$6 USD) - 2017/04/06 14:17:49 ET
Table 'Sulaphat' 6-max Seat #3 is the button
Seat 3: Agniosius ($330.04 in chips)
Seat 4: vestimokrec ($142.76 in chips)
Agniosius: posts small blind $1
vestimokrec: posts big blind $3
*** HOLE CARDS ***
Agniosius: raises $3 to $6
vestimokrec: calls $3
*** FLOP *** [9h 3d 4s]
vestimokrec: checks
Agniosius: bets $3
vestimokrec: calls $3
*** TURN *** [9h 3d 4s] [9d]
vestimokrec: checks
Agniosius: bets $6
vestimokrec: calls $6
*** RIVER *** [9h 3d 4s 9d] [6h]
vestimokrec: checks
Agniosius: bets $6
vestimokrec: calls $6
*** SHOW DOWN ***
Agniosius: shows [Jd Ah] (a pair of Nines)
vestimokrec: shows [3c Qd] (two pair, Nines and Threes)
vestimokrec collected $41.50 from pot
*** SUMMARY ***
Total pot $42 | Rake $0.50
Board [9h 3d 4s 9d 6h]
Seat 3: Agniosius (button) (small blind) showed [Jd Ah] and lost with a pair of Nines
Seat 4: vestimokrec (big blind) showed [3c Qd] and won ($41.50) with two pair, Nines and Threes


PokerStars Hand #168666484739:  Hold'em Limit ($3/$6 USD) - 2017/04/06 14:17:17 ET
Table 'Sulaphat' 6-max Seat #4 is the button
Seat 3: Agniosius ($351.04 in chips)
Seat 4: vestimokrec ($122.26 in chips)
vestimokrec: posts small blind $1
Agniosius: posts big blind $3
*** HOLE CARDS ***
vestimokrec: raises $3 to $6
Agniosius: calls $3
*** FLOP *** [5h 8d 3s]
Agniosius: checks
vestimokrec: bets $3
Agniosius: calls $3
*** TURN *** [5h 8d 3s] [4c]
Agniosius: checks
vestimokrec: bets $6
Agniosius: calls $6
*** RIVER *** [5h 8d 3s 4c] [6s]
Agniosius: checks
vestimokrec: bets $6
Agniosius: calls $6
*** SHOW DOWN ***
vestimokrec: shows [Qs Qc] (a pair of Queens)
Agniosius: mucks hand
vestimokrec collected $41.50 from pot
*** SUMMARY ***
Total pot $42 | Rake $0.50
Board [5h 8d 3s 4c 6s]
Seat 3: Agniosius (big blind) mucked
Seat 4: vestimokrec (button) (small blind) showed [Qs Qc] and won ($41.50) with a pair of Queens


PokerStars Hand #168666559686:  Hold'em Limit ($3/$6 USD) - 2017/04/06 14:18:47 ET
Table 'Sulaphat' 6-max Seat #3 is the button
Seat 3: Agniosius ($323.54 in chips)
Seat 4: vestimokrec ($148.26 in chips)
Agniosius: posts small blind $1
vestimokrec: posts big blind $3
*** HOLE CARDS ***
Agniosius: raises $3 to $6
yamaxerm joins the table at seat #1
vestimokrec: calls $3
*** FLOP *** [Jh Ad 3h]
vestimokrec: checks
Agniosius: bets $3
vestimokrec: folds
Uncalled bet ($3) returned to Agniosius
Agniosius collected $11.76 from pot
*** SUMMARY ***
Total pot $12 | Rake $0.24
Board [Jh Ad 3h]
Seat 3: Agniosius (button) (small blind) collected ($11.76)
Seat 4: vestimokrec (big blind) folded on the Flop


PokerStars Hand #168666537756:  Hold'em Limit ($3/$6 USD) - 2017/04/06 14:18:20 ET
Table 'Sulaphat' 6-max Seat #4 is the button
Seat 3: Agniosius ($309.04 in chips)
Seat 4: vestimokrec ($163.26 in chips)
vestimokrec: posts small blind $1
Agniosius: posts big blind $3
*** HOLE CARDS ***
vestimokrec: raises $3 to $6
Agniosius: calls $3
*** FLOP *** [As 5c 7h]
Agniosius: checks
vestimokrec: bets $3
Agniosius: calls $3
*** TURN *** [As 5c 7h] [Qd]
Agniosius: checks
vestimokrec: bets $6
Agniosius: calls $6
*** RIVER *** [As 5c 7h Qd] [4d]
Agniosius: checks
vestimokrec: checks
*** SHOW DOWN ***
Agniosius: shows [3s 4h] (a pair of Fours)
vestimokrec: mucks hand
Agniosius collected $29.50 from pot
*** SUMMARY ***
Total pot $30 | Rake $0.50
Board [As 5c 7h Qd 4d]
Seat 3: Agniosius (big blind) showed [3s 4h] and won ($29.50) with a pair of Fours
Seat 4: vestimokrec (button) (small blind) mucked


PokerStars Hand #168668212105:  Hold'em Limit ($3/$6 USD) - 2017/04/06 14:51:03 ET
Table 'Sulaphat' 6-max Seat #4 is the button
Seat 2: pompier40 ($123.44 in chips)
Seat 4: ToDaFelt ($103.73 in chips)
ToDaFelt: posts small blind $1
pompier40: posts big blind $3
*** HOLE CARDS ***
Homasapien leaves the table
ToDaFelt: raises $3 to $6
pompier40: calls $3
*** FLOP *** [2d 4d Qc]
pompier40: checks
ToDaFelt: bets $3
pompier40: raises $3 to $6
ToDaFelt: calls $3
*** TURN *** [2d 4d Qc] [6c]
pompier40: bets $6
ToDaFelt: calls $6
*** RIVER *** [2d 4d Qc 6c] [7h]
pompier40: bets $6
ToDaFelt: calls $6
*** SHOW DOWN ***
pompier40: shows [Qs 8d] (a pair of Queens)
ToDaFelt: mucks hand
pompier40 collected $47.50 from pot
*** SUMMARY ***
Total pot $48 | Rake $0.50
Board [2d 4d Qc 6c 7h]
Seat 2: pompier40 (big blind) showed [Qs 8d] and won ($47.50) with a pair of Queens
Seat 4: ToDaFelt (button) (small blind) mucked


