PokerStars Hand #157107236291:  Hold'em Limit ($3/$6 USD) - 2016/08/10 13:25:22 ET
Table 'Sulamitis' 6-max Seat #2 is the button
Seat 2: JimmyDean ($102 in chips)
Seat 5: TinaTurner72 ($137.28 in chips)
JimmyDean: posts small blind $1
TinaTurner72: posts big blind $3
*** HOLE CARDS ***
JimmyDean: folds
Uncalled bet ($2) returned to TinaTurner72
TinaTurner72 collected $2 from pot
TinaTurner72: doesn't show hand
*** SUMMARY ***
Total pot $2 | Rake $0
Seat 2: JimmyDean (button) (small blind) folded before Flop
Seat 5: TinaTurner72 (big blind) collected ($2)


PokerStars Hand #157107230700:  Hold'em Limit ($3/$6 USD) - 2016/08/10 13:25:14 ET
Table 'Sulamitis' 6-max Seat #5 is the button
Seat 2: JimmyDean ($108 in chips)
Seat 5: TinaTurner72 ($131.52 in chips)
TinaTurner72: posts small blind $1
JimmyDean: posts big blind $3
*** HOLE CARDS ***
TinaTurner72: raises $3 to $6
JimmyDean: calls $3
*** FLOP *** [Ad Js 9c]
JimmyDean: checks
TinaTurner72: bets $3
JimmyDean: folds
Uncalled bet ($3) returned to TinaTurner72
TinaTurner72 collected $11.76 from pot
TinaTurner72: doesn't show hand
*** SUMMARY ***
Total pot $12 | Rake $0.24
Board [Ad Js 9c]
Seat 2: JimmyDean (big blind) folded on the Flop
Seat 5: TinaTurner72 (button) (small blind) collected ($11.76)


PokerStars Hand #157107220629:  Hold'em Limit ($3/$6 USD) - 2016/08/10 13:24:59 ET
Table 'Sulamitis' 6-max Seat #2 is the button
Seat 2: JimmyDean ($120 in chips)
Seat 5: TinaTurner72 ($120 in chips)
JimmyDean: posts small blind $1
TinaTurner72: posts big blind $3
*** HOLE CARDS ***
JimmyDean: raises $3 to $6
TinaTurner72: calls $3
*** FLOP *** [3c 6h Qs]
TinaTurner72: checks
JimmyDean: bets $3
TinaTurner72: raises $3 to $6
JimmyDean: calls $3
*** TURN *** [3c 6h Qs] [7d]
TinaTurner72: bets $6
JimmyDean: folds
Uncalled bet ($6) returned to TinaTurner72
TinaTurner72 collected $23.52 from pot
TinaTurner72: doesn't show hand
*** SUMMARY ***
Total pot $24 | Rake $0.48
Board [3c 6h Qs 7d]
Seat 2: JimmyDean (button) (small blind) folded on the Turn
Seat 5: TinaTurner72 (big blind) collected ($23.52)


PokerStars Hand #157107259928:  Hold'em Limit ($3/$6 USD) - 2016/08/10 13:25:57 ET
Table 'Sulamitis' 6-max Seat #5 is the button
Seat 2: JimmyDean ($66 in chips)
Seat 5: TinaTurner72 ($172.78 in chips)
TinaTurner72: posts small blind $1
JimmyDean: posts big blind $3
*** HOLE CARDS ***
TinaTurner72: folds
Uncalled bet ($2) returned to JimmyDean
JimmyDean collected $2 from pot
JimmyDean: doesn't show hand
*** SUMMARY ***
Total pot $2 | Rake $0
Seat 2: JimmyDean (big blind) collected ($2)
Seat 5: TinaTurner72 (button) (small blind) folded before Flop


PokerStars Hand #157107244136:  Hold'em Limit ($3/$6 USD) - 2016/08/10 13:25:34 ET
Table 'Sulamitis' 6-max Seat #2 is the button
Seat 2: JimmyDean ($102 in chips)
Seat 5: TinaTurner72 ($137.28 in chips)
JimmyDean: posts small blind $1
TinaTurner72: posts big blind $3
*** HOLE CARDS ***
JimmyDean: raises $3 to $6
TinaTurner72: calls $3
*** FLOP *** [5h 9d Jh]
TinaTurner72: checks
JimmyDean: bets $3
TinaTurner72: raises $3 to $6
JimmyDean: calls $3
*** TURN *** [5h 9d Jh] [Ts]
TinaTurner72: bets $6
JimmyDean: raises $6 to $12
TinaTurner72: raises $6 to $18
JimmyDean: calls $6
*** RIVER *** [5h 9d Jh Ts] [Ad]
TinaTurner72: bets $6
JimmyDean: calls $6
*** SHOW DOWN ***
TinaTurner72: shows [Td Jc] (two pair, Jacks and Tens)
JimmyDean: mucks hand
TinaTurner72 collected $71.50 from pot
*** SUMMARY ***
Total pot $72 | Rake $0.50
Board [5h 9d Jh Ts Ad]
Seat 2: JimmyDean (button) (small blind) mucked
Seat 5: TinaTurner72 (big blind) showed [Td Jc] and won ($71.50) with two pair, Jacks and Tens


PokerStars Hand #157107239476:  Hold'em Limit ($3/$6 USD) - 2016/08/10 13:25:27 ET
Table 'Sulamitis' 6-max Seat #5 is the button
Seat 2: JimmyDean ($101 in chips)
Seat 5: TinaTurner72 ($138.28 in chips)
TinaTurner72: posts small blind $1
JimmyDean: posts big blind $3
*** HOLE CARDS ***
TinaTurner72: folds
Uncalled bet ($2) returned to JimmyDean
JimmyDean collected $2 from pot
JimmyDean: doesn't show hand
*** SUMMARY ***
Total pot $2 | Rake $0
Seat 2: JimmyDean (big blind) collected ($2)
Seat 5: TinaTurner72 (button) (small blind) folded before Flop


PokerStars Hand #157107267394:  Hold'em Limit ($3/$6 USD) - 2016/08/10 13:26:07 ET
Table 'Sulamitis' 6-max Seat #2 is the button
Seat 2: JimmyDean ($67 in chips)
Seat 5: TinaTurner72 ($171.78 in chips)
JimmyDean: posts small blind $1
TinaTurner72: posts big blind $3
*** HOLE CARDS ***
JimmyDean: raises $3 to $6
TinaTurner72: raises $3 to $9
JimmyDean: calls $3
*** FLOP *** [Js 3d 7h]
TinaTurner72: bets $3
JimmyDean: calls $3
*** TURN *** [Js 3d 7h] [2d]
TinaTurner72: bets $6
JimmyDean: calls $6
*** RIVER *** [Js 3d 7h 2d] [2s]
TinaTurner72: bets $6
JimmyDean: raises $6 to $12
TinaTurner72: calls $6
*** SHOW DOWN ***
JimmyDean: shows [Qs 2h] (three of a kind, Deuces)
TinaTurner72: mucks hand
JimmyDean collected $59.50 from pot
*** SUMMARY ***
Total pot $60 | Rake $0.50
Board [Js 3d 7h 2d 2s]
Seat 2: JimmyDean (button) (small blind) showed [Qs 2h] and won ($59.50) with three of a kind, Deuces
Seat 5: TinaTurner72 (big blind) mucked


PokerStars Hand #157107292465:  Hold'em Limit ($3/$6 USD) - 2016/08/10 13:26:44 ET
Table 'Sulamitis' 6-max Seat #5 is the button
Seat 2: JimmyDean ($96.50 in chips)
Seat 5: TinaTurner72 ($141.78 in chips)
TinaTurner72: posts small blind $1
JimmyDean: posts big blind $3
*** HOLE CARDS ***
TinaTurner72: raises $3 to $6
JimmyDean: raises $3 to $9
TinaTurner72: raises $3 to $12
Betting is capped
JimmyDean: calls $3
*** FLOP *** [9c 4d 9s]
JimmyDean: checks
TinaTurner72: bets $3
JimmyDean: calls $3
*** TURN *** [9c 4d 9s] [9h]
JimmyDean: checks
TinaTurner72: bets $6
JimmyDean: calls $6
*** RIVER *** [9c 4d 9s 9h] [8s]
JimmyDean: checks
TinaTurner72: bets $6
JimmyDean: calls $6
*** SHOW DOWN ***
TinaTurner72: shows [Qs Ac] (three of a kind, Nines)
JimmyDean: mucks hand
TinaTurner72 collected $53.50 from pot
*** SUMMARY ***
Total pot $54 | Rake $0.50
Board [9c 4d 9s 9h 8s]
Seat 2: JimmyDean (big blind) mucked
Seat 5: TinaTurner72 (button) (small blind) showed [Qs Ac] and won ($53.50) with three of a kind, Nines


PokerStars Hand #157107312685:  Hold'em Limit ($3/$6 USD) - 2016/08/10 13:27:14 ET
Table 'Sulamitis' 6-max Seat #2 is the button
Seat 2: JimmyDean ($69.50 in chips)
Seat 5: TinaTurner72 ($168.28 in chips)
JimmyDean: posts small blind $1
TinaTurner72: posts big blind $3
*** HOLE CARDS ***
JimmyDean: raises $3 to $6
TinaTurner72: calls $3
*** FLOP *** [7d 3d 8c]
TinaTurner72: checks
JimmyDean: bets $3
TinaTurner72: folds
Uncalled bet ($3) returned to JimmyDean
JimmyDean collected $11.76 from pot
JimmyDean: doesn't show hand
*** SUMMARY ***
Total pot $12 | Rake $0.24
Board [7d 3d 8c]
Seat 2: JimmyDean (button) (small blind) collected ($11.76)
Seat 5: TinaTurner72 (big blind) folded on the Flop


PokerStars Hand #157107327866:  Hold'em Limit ($3/$6 USD) - 2016/08/10 13:27:36 ET
Table 'Sulamitis' 6-max Seat #5 is the button
Seat 2: JimmyDean ($75.26 in chips)
Seat 5: TinaTurner72 ($162.28 in chips)
TinaTurner72: posts small blind $1
JimmyDean: posts big blind $3
*** HOLE CARDS ***
TinaTurner72: raises $3 to $6
JimmyDean: raises $3 to $9
TinaTurner72: calls $3
*** FLOP *** [Kc 5s 9c]
JimmyDean: bets $3
TinaTurner72: calls $3
*** TURN *** [Kc 5s 9c] [9h]
JimmyDean: bets $6
TinaTurner72: calls $6
*** RIVER *** [Kc 5s 9c 9h] [8c]
JimmyDean: bets $6
TinaTurner72: calls $6
*** SHOW DOWN ***
JimmyDean: shows [Ks As] (two pair, Kings and Nines)
TinaTurner72: mucks hand
JimmyDean collected $47.50 from pot
*** SUMMARY ***
Total pot $48 | Rake $0.50
Board [Kc 5s 9c 9h 8c]
Seat 2: JimmyDean (big blind) showed [Ks As] and won ($47.50) with two pair, Kings and Nines
Seat 5: TinaTurner72 (button) (small blind) mucked


PokerStars Hand #157107378065:  Hold'em Limit ($3/$6 USD) - 2016/08/10 13:28:48 ET
Table 'Sulamitis' 6-max Seat #5 is the button
Seat 2: JimmyDean ($104.52 in chips)
Seat 5: TinaTurner72 ($132.28 in chips)
TinaTurner72: posts small blind $1
JimmyDean: posts big blind $3
*** HOLE CARDS ***
TinaTurner72: raises $3 to $6
JimmyDean: calls $3
*** FLOP *** [7c 7h Kd]
JimmyDean: checks
TinaTurner72: bets $3
JimmyDean: calls $3
*** TURN *** [7c 7h Kd] [4d]
JimmyDean: checks
Wurst2000 joins the table at seat #3
TinaTurner72: checks
*** RIVER *** [7c 7h Kd 4d] [9s]
JimmyDean: bets $6
TinaTurner72: calls $6
*** SHOW DOWN ***
JimmyDean: shows [9h 6h] (two pair, Nines and Sevens)
TinaTurner72: mucks hand
JimmyDean collected $29.50 from pot
*** SUMMARY ***
Total pot $30 | Rake $0.50
Board [7c 7h Kd 4d 9s]
Seat 2: JimmyDean (big blind) showed [9h 6h] and won ($29.50) with two pair, Nines and Sevens
Seat 5: TinaTurner72 (button) (small blind) mucked


PokerStars Hand #157107358839:  Hold'em Limit ($3/$6 USD) - 2016/08/10 13:28:21 ET
Table 'Sulamitis' 6-max Seat #2 is the button
Seat 2: JimmyDean ($98.76 in chips)
Seat 5: TinaTurner72 ($138.28 in chips)
JimmyDean: posts small blind $1
TinaTurner72: posts big blind $3
*** HOLE CARDS ***
JimmyDean: raises $3 to $6
TinaTurner72: calls $3
*** FLOP *** [9c Ks 4d]
TinaTurner72: checks
JimmyDean: bets $3
TinaTurner72: folds
Uncalled bet ($3) returned to JimmyDean
JimmyDean collected $11.76 from pot
JimmyDean: doesn't show hand
*** SUMMARY ***
Total pot $12 | Rake $0.24
Board [9c Ks 4d]
Seat 2: JimmyDean (button) (small blind) collected ($11.76)
Seat 5: TinaTurner72 (big blind) folded on the Flop


PokerStars Hand #157107523114:  Hold'em Limit ($3/$6 USD) - 2016/08/10 13:32:19 ET
Table 'Sulamitis' 6-max Seat #5 is the button
Seat 3: Wurst2000 ($90.91 in chips)
Seat 5: TinaTurner72 ($147.04 in chips)
TinaTurner72: posts small blind $1
Wurst2000: posts big blind $3
*** HOLE CARDS ***
TinaTurner72: raises $3 to $6
Wurst2000: raises $3 to $9
TinaTurner72: calls $3
*** FLOP *** [4h 2s Ad]
Wurst2000: bets $3
TinaTurner72: folds
Uncalled bet ($3) returned to Wurst2000
Wurst2000 collected $17.64 from pot
Wurst2000: doesn't show hand
*** SUMMARY ***
Total pot $18 | Rake $0.36
Board [4h 2s Ad]
Seat 3: Wurst2000 (big blind) collected ($17.64)
Seat 5: TinaTurner72 (button) (small blind) folded on the Flop


PokerStars Hand #157109317578:  Hold'em Limit ($3/$6 USD) - 2016/08/10 14:15:51 ET
Table 'Sulamitis' 6-max Seat #3 is the button
Seat 3: KingYang2008 ($120 in chips)
Seat 4: TinaTurner72 ($120 in chips)
KingYang2008: posts small blind $1
TinaTurner72: posts big blind $3
*** HOLE CARDS ***
KingYang2008: raises $3 to $6
TinaTurner72: calls $3
*** FLOP *** [7d Tc 6s]
TinaTurner72: checks
KingYang2008: bets $3
TinaTurner72: raises $3 to $6
KingYang2008: calls $3
*** TURN *** [7d Tc 6s] [9s]
TinaTurner72: checks
KingYang2008: bets $6
TinaTurner72: calls $6
*** RIVER *** [7d Tc 6s 9s] [Qs]
TinaTurner72: checks
KingYang2008: checks
*** SHOW DOWN ***
TinaTurner72: shows [7c Qd] (two pair, Queens and Sevens)
KingYang2008: mucks hand
TinaTurner72 collected $35.50 from pot
*** SUMMARY ***
Total pot $36 | Rake $0.50
Board [7d Tc 6s 9s Qs]
Seat 3: KingYang2008 (button) (small blind) mucked
Seat 4: TinaTurner72 (big blind) showed [7c Qd] and won ($35.50) with two pair, Queens and Sevens


PokerStars Hand #157109344509:  Hold'em Limit ($3/$6 USD) - 2016/08/10 14:16:28 ET
Table 'Sulamitis' 6-max Seat #4 is the button
Seat 3: KingYang2008 ($102 in chips)
Seat 4: TinaTurner72 ($137.50 in chips)
TinaTurner72: posts small blind $1
KingYang2008: posts big blind $3
*** HOLE CARDS ***
TinaTurner72: raises $3 to $6
KingYang2008: calls $3
*** FLOP *** [9c 2s 9d]
KingYang2008: checks
TinaTurner72: bets $3
KingYang2008: calls $3
*** TURN *** [9c 2s 9d] [2d]
KingYang2008: checks
TinaTurner72: checks
*** RIVER *** [9c 2s 9d 2d] [7h]
KingYang2008: checks
TinaTurner72: checks
*** SHOW DOWN ***
KingYang2008: shows [8c 6s] (two pair, Nines and Deuces)
TinaTurner72: shows [Ts 5c] (two pair, Nines and Deuces - Ten kicker)
TinaTurner72 collected $17.64 from pot
*** SUMMARY ***
Total pot $18 | Rake $0.36
Board [9c 2s 9d 2d 7h]
Seat 3: KingYang2008 (big blind) showed [8c 6s] and lost with two pair, Nines and Deuces
Seat 4: TinaTurner72 (button) (small blind) showed [Ts 5c] and won ($17.64) with two pair, Nines and Deuces


PokerStars Hand #157109360360:  Hold'em Limit ($3/$6 USD) - 2016/08/10 14:16:50 ET
Table 'Sulamitis' 6-max Seat #3 is the button
Seat 3: KingYang2008 ($93 in chips)
Seat 4: TinaTurner72 ($146.14 in chips)
KingYang2008: posts small blind $1
TinaTurner72: posts big blind $3
*** HOLE CARDS ***
KingYang2008: raises $3 to $6
TinaTurner72: raises $3 to $9
KingYang2008: calls $3
*** FLOP *** [7h Kc 6h]
TinaTurner72: bets $3
KingYang2008: calls $3
*** TURN *** [7h Kc 6h] [Jh]
TinaTurner72: bets $6
KingYang2008: raises $6 to $12
TinaTurner72: calls $6
*** RIVER *** [7h Kc 6h Jh] [9d]
TinaTurner72: checks
KingYang2008: bets $6
TinaTurner72: calls $6
*** SHOW DOWN ***
KingYang2008: shows [7s 9c] (two pair, Nines and Sevens)
TinaTurner72: mucks hand
KingYang2008 collected $59.50 from pot
*** SUMMARY ***
Total pot $60 | Rake $0.50
Board [7h Kc 6h Jh 9d]
Seat 3: KingYang2008 (button) (small blind) showed [7s 9c] and won ($59.50) with two pair, Nines and Sevens
Seat 4: TinaTurner72 (big blind) mucked


PokerStars Hand #157109393477:  Hold'em Limit ($3/$6 USD) - 2016/08/10 14:17:36 ET
Table 'Sulamitis' 6-max Seat #4 is the button
Seat 3: KingYang2008 ($122.50 in chips)
Seat 4: TinaTurner72 ($116.14 in chips)
TinaTurner72: posts small blind $1
KingYang2008: posts big blind $3
*** HOLE CARDS ***
TinaTurner72: raises $3 to $6
KingYang2008: calls $3
*** FLOP *** [9h 6d Qd]
KingYang2008: checks
TinaTurner72: bets $3
KingYang2008: calls $3
*** TURN *** [9h 6d Qd] [Js]
KingYang2008: checks
TinaTurner72: bets $6
KingYang2008: folds
Uncalled bet ($6) returned to TinaTurner72
TinaTurner72 collected $17.64 from pot
TinaTurner72: doesn't show hand
*** SUMMARY ***
Total pot $18 | Rake $0.36
Board [9h 6d Qd Js]
Seat 3: KingYang2008 (big blind) folded on the Turn
Seat 4: TinaTurner72 (button) (small blind) collected ($17.64)


PokerStars Hand #157109411215:  Hold'em Limit ($3/$6 USD) - 2016/08/10 14:18:01 ET
Table 'Sulamitis' 6-max Seat #3 is the button
Seat 3: KingYang2008 ($113.50 in chips)
Seat 4: TinaTurner72 ($124.78 in chips)
KingYang2008: posts small blind $1
TinaTurner72: posts big blind $3
*** HOLE CARDS ***
KingYang2008: raises $3 to $6
TinaTurner72: calls $3
*** FLOP *** [Jd 7h 7s]
TinaTurner72: checks
KingYang2008: checks
*** TURN *** [Jd 7h 7s] [5c]
TinaTurner72: bets $6
KingYang2008: calls $6
*** RIVER *** [Jd 7h 7s 5c] [Ah]
TinaTurner72: checks
KingYang2008: bets $6
TinaTurner72: calls $6
*** SHOW DOWN ***
KingYang2008: shows [9s 6s] (a pair of Sevens)
TinaTurner72: shows [Js 2s] (two pair, Jacks and Sevens)
TinaTurner72 collected $35.50 from pot
*** SUMMARY ***
Total pot $36 | Rake $0.50
Board [Jd 7h 7s 5c Ah]
Seat 3: KingYang2008 (button) (small blind) showed [9s 6s] and lost with a pair of Sevens
Seat 4: TinaTurner72 (big blind) showed [Js 2s] and won ($35.50) with two pair, Jacks and Sevens


PokerStars Hand #157109435258:  Hold'em Limit ($3/$6 USD) - 2016/08/10 14:18:34 ET
Table 'Sulamitis' 6-max Seat #4 is the button
Seat 3: KingYang2008 ($95.50 in chips)
Seat 4: TinaTurner72 ($142.28 in chips)
TinaTurner72: posts small blind $1
KingYang2008: posts big blind $3
*** HOLE CARDS ***
TinaTurner72: raises $3 to $6
KingYang2008: raises $3 to $9
TinaTurner72: calls $3
*** FLOP *** [3s Qd 3d]
KingYang2008: bets $3
TinaTurner72: calls $3
*** TURN *** [3s Qd 3d] [4c]
KingYang2008: bets $6
TinaTurner72: calls $6
*** RIVER *** [3s Qd 3d 4c] [Qs]
KingYang2008: bets $6
TinaTurner72: raises $6 to $12
KingYang2008: calls $6
*** SHOW DOWN ***
TinaTurner72: shows [Qh 7d] (a full house, Queens full of Threes)
KingYang2008: mucks hand
TinaTurner72 collected $59.50 from pot
*** SUMMARY ***
Total pot $60 | Rake $0.50
Board [3s Qd 3d 4c Qs]
Seat 3: KingYang2008 (big blind) mucked
Seat 4: TinaTurner72 (button) (small blind) showed [Qh 7d] and won ($59.50) with a full house, Queens full of Threes


PokerStars Hand #157109459157:  Hold'em Limit ($3/$6 USD) - 2016/08/10 14:19:08 ET
Table 'Sulamitis' 6-max Seat #3 is the button
Seat 3: KingYang2008 ($65.50 in chips)
Seat 4: TinaTurner72 ($171.78 in chips)
KingYang2008: posts small blind $1
TinaTurner72: posts big blind $3
*** HOLE CARDS ***
KingYang2008: raises $3 to $6
TinaTurner72: raises $3 to $9
KingYang2008: raises $3 to $12
Betting is capped
TinaTurner72: calls $3
*** FLOP *** [Qc Jc 5s]
TinaTurner72: checks
KingYang2008: bets $3
TinaTurner72: calls $3
*** TURN *** [Qc Jc 5s] [Js]
TinaTurner72: checks
KingYang2008: bets $6
TinaTurner72: calls $6
*** RIVER *** [Qc Jc 5s Js] [6s]
TinaTurner72: checks
KingYang2008: checks
*** SHOW DOWN ***
TinaTurner72: shows [Ad Ts] (a pair of Jacks)
KingYang2008: mucks hand
TinaTurner72 collected $41.50 from pot
*** SUMMARY ***
Total pot $42 | Rake $0.50
Board [Qc Jc 5s Js 6s]
Seat 3: KingYang2008 (button) (small blind) mucked
Seat 4: TinaTurner72 (big blind) showed [Ad Ts] and won ($41.50) with a pair of Jacks


PokerStars Hand #157109478504:  Hold'em Limit ($3/$6 USD) - 2016/08/10 14:19:34 ET
Table 'Sulamitis' 6-max Seat #4 is the button
Seat 3: KingYang2008 ($44.50 in chips)
Seat 4: TinaTurner72 ($192.28 in chips)
TinaTurner72: posts small blind $1
KingYang2008: posts big blind $3
*** HOLE CARDS ***
TinaTurner72: raises $3 to $6
KingYang2008: calls $3
*** FLOP *** [8s 2c 9d]
KingYang2008: checks
TinaTurner72: bets $3
KingYang2008: folds
Uncalled bet ($3) returned to TinaTurner72
TinaTurner72 collected $11.76 from pot
TinaTurner72: doesn't show hand
*** SUMMARY ***
Total pot $12 | Rake $0.24
Board [8s 2c 9d]
Seat 3: KingYang2008 (big blind) folded on the Flop
Seat 4: TinaTurner72 (button) (small blind) collected ($11.76)


PokerStars Hand #157109518314:  Hold'em Limit ($3/$6 USD) - 2016/08/10 14:20:30 ET
Table 'Sulamitis' 6-max Seat #4 is the button
Seat 3: KingYang2008 ($122 in chips)
Seat 4: TinaTurner72 ($174.04 in chips)
TinaTurner72: posts small blind $1
KingYang2008: posts big blind $3
*** HOLE CARDS ***
TinaTurner72: folds
Uncalled bet ($2) returned to KingYang2008
KingYang2008 collected $2 from pot
KingYang2008: doesn't show hand
*** SUMMARY ***
Total pot $2 | Rake $0
Seat 3: KingYang2008 (big blind) collected ($2)
Seat 4: TinaTurner72 (button) (small blind) folded before Flop


PokerStars Hand #157109491828:  Hold'em Limit ($3/$6 USD) - 2016/08/10 14:19:53 ET
Table 'Sulamitis' 6-max Seat #3 is the button
Seat 3: KingYang2008 ($98.50 in chips)
Seat 4: TinaTurner72 ($198.04 in chips)
KingYang2008: posts small blind $1
TinaTurner72: posts big blind $3
*** HOLE CARDS ***
KingYang2008: raises $3 to $6
TinaTurner72: calls $3
*** FLOP *** [Ad Ah Tc]
TinaTurner72: checks
KingYang2008: bets $3
TinaTurner72: raises $3 to $6
KingYang2008: calls $3
*** TURN *** [Ad Ah Tc] [9d]
TinaTurner72: bets $6
KingYang2008: calls $6
*** RIVER *** [Ad Ah Tc 9d] [Ks]
TinaTurner72: checks
KingYang2008: bets $6
TinaTurner72: calls $6
*** SHOW DOWN ***
KingYang2008: shows [Jc Kd] (two pair, Aces and Kings)
TinaTurner72: mucks hand
KingYang2008 collected $47.50 from pot
*** SUMMARY ***
Total pot $48 | Rake $0.50
Board [Ad Ah Tc 9d Ks]
Seat 3: KingYang2008 (button) (small blind) showed [Jc Kd] and won ($47.50) with two pair, Aces and Kings
Seat 4: TinaTurner72 (big blind) mucked


PokerStars Hand #157109525215:  Hold'em Limit ($3/$6 USD) - 2016/08/10 14:20:40 ET
Table 'Sulamitis' 6-max Seat #4 is the button
Seat 3: KingYang2008 ($126 in chips)
Seat 4: TinaTurner72 ($170.04 in chips)
TinaTurner72: posts small blind $1
KingYang2008: posts big blind $3
*** HOLE CARDS ***
TinaTurner72: raises $3 to $6
KingYang2008: folds
Uncalled bet ($3) returned to TinaTurner72
TinaTurner72 collected $6 from pot
TinaTurner72: doesn't show hand
*** SUMMARY ***
Total pot $6 | Rake $0
Seat 3: KingYang2008 (big blind) folded before Flop
Seat 4: TinaTurner72 (button) (small blind) collected ($6)


PokerStars Hand #157109521337:  Hold'em Limit ($3/$6 USD) - 2016/08/10 14:20:34 ET
Table 'Sulamitis' 6-max Seat #3 is the button
Seat 3: KingYang2008 ($123 in chips)
Seat 4: TinaTurner72 ($173.04 in chips)
KingYang2008: posts small blind $1
TinaTurner72: posts big blind $3
*** HOLE CARDS ***
KingYang2008: raises $3 to $6
TinaTurner72: folds
Uncalled bet ($3) returned to KingYang2008
KingYang2008 collected $6 from pot
KingYang2008: doesn't show hand
*** SUMMARY ***
Total pot $6 | Rake $0
Seat 3: KingYang2008 (button) (small blind) collected ($6)
Seat 4: TinaTurner72 (big blind) folded before Flop


PokerStars Hand #157109528900:  Hold'em Limit ($3/$6 USD) - 2016/08/10 14:20:45 ET
Table 'Sulamitis' 6-max Seat #3 is the button
Seat 3: KingYang2008 ($123 in chips)
Seat 4: TinaTurner72 ($173.04 in chips)
KingYang2008: posts small blind $1
TinaTurner72: posts big blind $3
*** HOLE CARDS ***
KingYang2008: raises $3 to $6
TinaTurner72: folds
Uncalled bet ($3) returned to KingYang2008
KingYang2008 collected $6 from pot
KingYang2008: doesn't show hand
*** SUMMARY ***
Total pot $6 | Rake $0
Seat 3: KingYang2008 (button) (small blind) collected ($6)
Seat 4: TinaTurner72 (big blind) folded before Flop


PokerStars Hand #157109532718:  Hold'em Limit ($3/$6 USD) - 2016/08/10 14:20:50 ET
Table 'Sulamitis' 6-max Seat #4 is the button
Seat 3: KingYang2008 ($126 in chips)
Seat 4: TinaTurner72 ($170.04 in chips)
TinaTurner72: posts small blind $1
KingYang2008: posts big blind $3
*** HOLE CARDS ***
TinaTurner72: raises $3 to $6
KingYang2008: raises $3 to $9
TinaTurner72: calls $3
*** FLOP *** [Qd 5d 3h]
KingYang2008: bets $3
TinaTurner72: calls $3
*** TURN *** [Qd 5d 3h] [6h]
KingYang2008: bets $6
TinaTurner72: calls $6
*** RIVER *** [Qd 5d 3h 6h] [6c]
KingYang2008: bets $6
TinaTurner72: calls $6
*** SHOW DOWN ***
KingYang2008: shows [Ad Td] (a pair of Sixes)
TinaTurner72: shows [7c 5s] (two pair, Sixes and Fives)
TinaTurner72 collected $47.50 from pot
*** SUMMARY ***
Total pot $48 | Rake $0.50
Board [Qd 5d 3h 6h 6c]
Seat 3: KingYang2008 (big blind) showed [Ad Td] and lost with a pair of Sixes
Seat 4: TinaTurner72 (button) (small blind) showed [7c 5s] and won ($47.50) with two pair, Sixes and Fives


PokerStars Hand #157109543616:  Hold'em Limit ($3/$6 USD) - 2016/08/10 14:21:05 ET
Table 'Sulamitis' 6-max Seat #3 is the button
Seat 3: KingYang2008 ($102 in chips)
Seat 4: TinaTurner72 ($193.54 in chips)
KingYang2008: posts small blind $1
TinaTurner72: posts big blind $3
*** HOLE CARDS ***
KingYang2008: raises $3 to $6
TinaTurner72: calls $3
*** FLOP *** [Qs 6c 8d]
TinaTurner72: checks
KingYang2008: bets $3
TinaTurner72: raises $3 to $6
KingYang2008: calls $3
*** TURN *** [Qs 6c 8d] [6d]
TinaTurner72: bets $6
KingYang2008: calls $6
*** RIVER *** [Qs 6c 8d 6d] [8h]
TinaTurner72: bets $6
KingYang2008: calls $6
*** SHOW DOWN ***
TinaTurner72: shows [Qd Js] (two pair, Queens and Eights)
KingYang2008: mucks hand
TinaTurner72 collected $47.50 from pot
*** SUMMARY ***
Total pot $48 | Rake $0.50
Board [Qs 6c 8d 6d 8h]
Seat 3: KingYang2008 (button) (small blind) mucked
Seat 4: TinaTurner72 (big blind) showed [Qd Js] and won ($47.50) with two pair, Queens and Eights


PokerStars Hand #157109565822:  Hold'em Limit ($3/$6 USD) - 2016/08/10 14:21:36 ET
Table 'Sulamitis' 6-max Seat #4 is the button
Seat 3: KingYang2008 ($78 in chips)
Seat 4: TinaTurner72 ($217.04 in chips)
TinaTurner72: posts small blind $1
KingYang2008: posts big blind $3
*** HOLE CARDS ***
TinaTurner72: raises $3 to $6
KingYang2008: calls $3
*** FLOP *** [Qc 4d 9d]
KingYang2008: checks
TinaTurner72: bets $3
KingYang2008: calls $3
*** TURN *** [Qc 4d 9d] [5c]
KingYang2008: checks
TinaTurner72: bets $6
KingYang2008: calls $6
*** RIVER *** [Qc 4d 9d 5c] [Kc]
KingYang2008: checks
TinaTurner72: checks
*** SHOW DOWN ***
KingYang2008: shows [7d 9s] (a pair of Nines)
TinaTurner72: mucks hand
KingYang2008 collected $29.50 from pot
*** SUMMARY ***
Total pot $30 | Rake $0.50
Board [Qc 4d 9d 5c Kc]
Seat 3: KingYang2008 (big blind) showed [7d 9s] and won ($29.50) with a pair of Nines
Seat 4: TinaTurner72 (button) (small blind) mucked


PokerStars Hand #157109585740:  Hold'em Limit ($3/$6 USD) - 2016/08/10 14:22:04 ET
Table 'Sulamitis' 6-max Seat #3 is the button
Seat 3: KingYang2008 ($92.50 in chips)
Seat 4: TinaTurner72 ($202.04 in chips)
KingYang2008: posts small blind $1
TinaTurner72: posts big blind $3
*** HOLE CARDS ***
KingYang2008: raises $3 to $6
TinaTurner72: calls $3
*** FLOP *** [2d Jc 3s]
TinaTurner72: checks
KingYang2008: bets $3
TinaTurner72: folds
Uncalled bet ($3) returned to KingYang2008
KingYang2008 collected $11.76 from pot
KingYang2008: doesn't show hand
*** SUMMARY ***
Total pot $12 | Rake $0.24
Board [2d Jc 3s]
Seat 3: KingYang2008 (button) (small blind) collected ($11.76)
Seat 4: TinaTurner72 (big blind) folded on the Flop


PokerStars Hand #157109594950:  Hold'em Limit ($3/$6 USD) - 2016/08/10 14:22:17 ET
Table 'Sulamitis' 6-max Seat #4 is the button
Seat 3: KingYang2008 ($98.26 in chips)
Seat 4: TinaTurner72 ($196.04 in chips)
TinaTurner72: posts small blind $1
KingYang2008: posts big blind $3
*** HOLE CARDS ***
TinaTurner72: folds
Uncalled bet ($2) returned to KingYang2008
KingYang2008 collected $2 from pot
KingYang2008: doesn't show hand
*** SUMMARY ***
Total pot $2 | Rake $0
Seat 3: KingYang2008 (big blind) collected ($2)
Seat 4: TinaTurner72 (button) (small blind) folded before Flop


PokerStars Hand #157109602498:  Hold'em Limit ($3/$6 USD) - 2016/08/10 14:22:28 ET
Table 'Sulamitis' 6-max Seat #3 is the button
Seat 3: KingYang2008 ($99.26 in chips)
Seat 4: TinaTurner72 ($195.04 in chips)
KingYang2008: posts small blind $1
TinaTurner72: posts big blind $3
*** HOLE CARDS ***
KingYang2008: raises $3 to $6
TinaTurner72: folds
Uncalled bet ($3) returned to KingYang2008
KingYang2008 collected $6 from pot
KingYang2008: doesn't show hand
*** SUMMARY ***
Total pot $6 | Rake $0
Seat 3: KingYang2008 (button) (small blind) collected ($6)
Seat 4: TinaTurner72 (big blind) folded before Flop


PokerStars Hand #157109610694:  Hold'em Limit ($3/$6 USD) - 2016/08/10 14:22:39 ET
Table 'Sulamitis' 6-max Seat #4 is the button
Seat 3: KingYang2008 ($102.26 in chips)
Seat 4: TinaTurner72 ($192.04 in chips)
TinaTurner72: posts small blind $1
KingYang2008: posts big blind $3
*** HOLE CARDS ***
TinaTurner72: raises $3 to $6
KingYang2008: folds
Uncalled bet ($3) returned to TinaTurner72
TinaTurner72 collected $6 from pot
TinaTurner72: doesn't show hand
*** SUMMARY ***
Total pot $6 | Rake $0
Seat 3: KingYang2008 (big blind) folded before Flop
Seat 4: TinaTurner72 (button) (small blind) collected ($6)


PokerStars Hand #157109619819:  Hold'em Limit ($3/$6 USD) - 2016/08/10 14:22:52 ET
Table 'Sulamitis' 6-max Seat #3 is the button
Seat 3: KingYang2008 ($99.26 in chips)
Seat 4: TinaTurner72 ($195.04 in chips)
KingYang2008: posts small blind $1
TinaTurner72: posts big blind $3
*** HOLE CARDS ***
KingYang2008: raises $3 to $6
TinaTurner72: calls $3
*** FLOP *** [Tc 9c 5c]
TinaTurner72: checks
KingYang2008: bets $3
TinaTurner72: raises $3 to $6
KingYang2008: calls $3
*** TURN *** [Tc 9c 5c] [Ah]
TinaTurner72: bets $6
KingYang2008: folds
Uncalled bet ($6) returned to TinaTurner72
TinaTurner72 collected $23.52 from pot
TinaTurner72: doesn't show hand
*** SUMMARY ***
Total pot $24 | Rake $0.48
Board [Tc 9c 5c Ah]
Seat 3: KingYang2008 (button) (small blind) folded on the Turn
Seat 4: TinaTurner72 (big blind) collected ($23.52)


PokerStars Hand #157109640526:  Hold'em Limit ($3/$6 USD) - 2016/08/10 14:23:21 ET
Table 'Sulamitis' 6-max Seat #4 is the button
Seat 3: KingYang2008 ($87.26 in chips)
Seat 4: TinaTurner72 ($206.56 in chips)
TinaTurner72: posts small blind $1
KingYang2008: posts big blind $3
*** HOLE CARDS ***
TinaTurner72: raises $3 to $6
KingYang2008: raises $3 to $9
TinaTurner72: calls $3
*** FLOP *** [9h Js 9d]
KingYang2008: bets $3
TinaTurner72: calls $3
*** TURN *** [9h Js 9d] [Ks]
KingYang2008: bets $6
TinaTurner72: raises $6 to $12
KingYang2008: calls $6
*** RIVER *** [9h Js 9d Ks] [3h]
KingYang2008: checks
TinaTurner72: bets $6
KingYang2008: calls $6
*** SHOW DOWN ***
TinaTurner72: shows [Kd Jh] (two pair, Kings and Jacks)
KingYang2008: mucks hand
TinaTurner72 collected $59.50 from pot
*** SUMMARY ***
Total pot $60 | Rake $0.50
Board [9h Js 9d Ks 3h]
Seat 3: KingYang2008 (big blind) mucked
Seat 4: TinaTurner72 (button) (small blind) showed [Kd Jh] and won ($59.50) with two pair, Kings and Jacks


PokerStars Hand #157109662948:  Hold'em Limit ($3/$6 USD) - 2016/08/10 14:23:51 ET
Table 'Sulamitis' 6-max Seat #3 is the button
Seat 3: KingYang2008 ($57.26 in chips)
Seat 4: TinaTurner72 ($236.06 in chips)
KingYang2008: posts small blind $1
TinaTurner72: posts big blind $3
*** HOLE CARDS ***
KingYang2008: raises $3 to $6
TinaTurner72: calls $3
*** FLOP *** [Ks Qs 2h]
TinaTurner72: checks
KingYang2008: bets $3
TinaTurner72: calls $3
*** TURN *** [Ks Qs 2h] [Jd]
TinaTurner72: checks
KingYang2008: bets $6
iskambil joins the table at seat #1
TinaTurner72: calls $6
*** RIVER *** [Ks Qs 2h Jd] [5s]
TinaTurner72: bets $6
KingYang2008: raises $6 to $12
TinaTurner72: calls $6
*** SHOW DOWN ***
KingYang2008: shows [Th 9s] (a straight, Nine to King)
TinaTurner72: mucks hand
KingYang2008 collected $53.50 from pot
*** SUMMARY ***
Total pot $54 | Rake $0.50
Board [Ks Qs 2h Jd 5s]
Seat 3: KingYang2008 (button) (small blind) showed [Th 9s] and won ($53.50) with a straight, Nine to King
Seat 4: TinaTurner72 (big blind) mucked


PokerStars Hand #157110401856:  Hold'em Limit ($3/$6 USD) - 2016/08/10 14:40:31 ET
Table 'Sulamitis' 6-max Seat #1 is the button
Seat 1: ardexx ($52.52 in chips)
Seat 3: GRAILKO ($246.12 in chips)
ardexx: posts small blind $1
wobetting: is sitting out
GRAILKO: posts big blind $3
*** HOLE CARDS ***
B_loJkl leaves the table
ardexx: folds
Uncalled bet ($2) returned to GRAILKO
GRAILKO collected $2 from pot
GRAILKO: doesn't show hand
*** SUMMARY ***
Total pot $2 | Rake $0
Seat 1: ardexx (button) (small blind) folded before Flop
Seat 3: GRAILKO (big blind) collected ($2)


PokerStars Hand #157110661811:  Hold'em Limit ($3/$6 USD) - 2016/08/10 14:46:26 ET
Table 'Sulamitis' 6-max Seat #3 is the button
Seat 2: oregordog ($120 in chips)
Seat 3: B_loJkl ($150 in chips)
B_loJkl: posts small blind $1
GoliafUa: is sitting out
oregordog: posts big blind $3
*** HOLE CARDS ***
B_loJkl: raises $3 to $6
oregordog: calls $3
*** FLOP *** [6d Jh Th]
oregordog: checks
crash19867 joins the table at seat #6
B_loJkl: bets $3
Wurst2000 joins the table at seat #1
oregordog: raises $3 to $6
B_loJkl: calls $3
*** TURN *** [6d Jh Th] [2h]
oregordog: bets $6
B_loJkl: calls $6
*** RIVER *** [6d Jh Th 2h] [2s]
oregordog: bets $6
B_loJkl: folds
Uncalled bet ($6) returned to oregordog
oregordog collected $35.50 from pot
*** SUMMARY ***
Total pot $36 | Rake $0.50
Board [6d Jh Th 2h 2s]
Seat 2: oregordog (big blind) collected ($35.50)
Seat 3: B_loJkl (button) (small blind) folded on the River


PokerStars Hand #157110697243:  Hold'em Limit ($3/$6 USD) - 2016/08/10 14:47:13 ET
Table 'Sulamitis' 6-max Seat #2 is the button
Seat 2: oregordog ($137.50 in chips)
Seat 3: B_loJkl ($132 in chips)
oregordog: posts small blind $1
B_loJkl: posts big blind $3
*** HOLE CARDS ***
wobetting joins the table at seat #4
oregordog: raises $3 to $6
crash19867 leaves the table
ValeryRon joins the table at seat #6
B_loJkl: calls $3
*** FLOP *** [Td 2s 9s]
ValeryRon leaves the table
B_loJkl: bets $3
oregordog: calls $3
*** TURN *** [Td 2s 9s] [2h]
B_loJkl: bets $6
oregordog: calls $6
*** RIVER *** [Td 2s 9s 2h] [6c]
GoliafUa leaves the table
B_loJkl: bets $6
oregordog: calls $6
*** SHOW DOWN ***
B_loJkl: shows [Tc Qc] (two pair, Tens and Deuces)
oregordog: mucks hand
B_loJkl collected $41.50 from pot
*** SUMMARY ***
Total pot $42 | Rake $0.50
Board [Td 2s 9s 2h 6c]
Seat 2: oregordog (button) (small blind) mucked
Seat 3: B_loJkl (big blind) showed [Tc Qc] and won ($41.50) with two pair, Tens and Deuces


PokerStars Hand #157112176208:  Hold'em Limit ($3/$6 USD) - 2016/08/10 15:20:41 ET
Table 'Sulamitis' 6-max Seat #1 is the button
Seat 1: Wurst2000 ($94.64 in chips)
Seat 4: ABCstyles ($109.58 in chips)
Wurst2000: posts small blind $1
ABCstyles: posts big blind $3
*** HOLE CARDS ***
Wurst2000: folds
Uncalled bet ($2) returned to ABCstyles
foksas111 joins the table at seat #5
ABCstyles collected $2 from pot
ABCstyles: doesn't show hand
*** SUMMARY ***
Total pot $2 | Rake $0
Seat 1: Wurst2000 (button) (small blind) folded before Flop
Seat 4: ABCstyles (big blind) collected ($2)


PokerStars Hand #157112158587:  Hold'em Limit ($3/$6 USD) - 2016/08/10 15:20:18 ET
Table 'Sulamitis' 6-max Seat #4 is the button
Seat 1: Wurst2000 ($106.64 in chips)
Seat 4: ABCstyles ($98.06 in chips)
ABCstyles: posts small blind $1
Wurst2000: posts big blind $3
*** HOLE CARDS ***
ABCstyles: raises $3 to $6
Wurst2000: raises $3 to $9
ABCstyles: calls $3
*** FLOP *** [Kd 7s As]
Wurst2000: bets $3
ABCstyles: calls $3
*** TURN *** [Kd 7s As] [7c]
Wurst2000: checks
ABCstyles: bets $6
Wurst2000: folds
Uncalled bet ($6) returned to ABCstyles
ABCstyles collected $23.52 from pot
ABCstyles: doesn't show hand
*** SUMMARY ***
Total pot $24 | Rake $0.48
Board [Kd 7s As 7c]
Seat 1: Wurst2000 (big blind) folded on the Turn
Seat 4: ABCstyles (button) (small blind) collected ($23.52)


PokerStars Hand #157112146780:  Hold'em Limit ($3/$6 USD) - 2016/08/10 15:20:03 ET
Table 'Sulamitis' 6-max Seat #1 is the button
Seat 1: Wurst2000 ($107.64 in chips)
Seat 4: ABCstyles ($97.06 in chips)
Wurst2000: posts small blind $1
ABCstyles: posts big blind $3
*** HOLE CARDS ***
Wurst2000: folds
Uncalled bet ($2) returned to ABCstyles
ABCstyles collected $2 from pot
ABCstyles: doesn't show hand
*** SUMMARY ***
Total pot $2 | Rake $0
Seat 1: Wurst2000 (button) (small blind) folded before Flop
Seat 4: ABCstyles (big blind) collected ($2)


PokerStars Hand #157112142502:  Hold'em Limit ($3/$6 USD) - 2016/08/10 15:19:57 ET
Table 'Sulamitis' 6-max Seat #4 is the button
Seat 1: Wurst2000 ($106.64 in chips)
Seat 4: ABCstyles ($98.06 in chips)
ABCstyles: posts small blind $1
Wurst2000: posts big blind $3
*** HOLE CARDS ***
ABCstyles: folds
Uncalled bet ($2) returned to Wurst2000
Wurst2000 collected $2 from pot
Wurst2000: doesn't show hand
*** SUMMARY ***
Total pot $2 | Rake $0
Seat 1: Wurst2000 (big blind) collected ($2)
Seat 4: ABCstyles (button) (small blind) folded before Flop


PokerStars Hand #157112154960:  Hold'em Limit ($3/$6 USD) - 2016/08/10 15:20:13 ET
Table 'Sulamitis' 6-max Seat #1 is the button
Seat 1: Wurst2000 ($107.64 in chips)
Seat 4: ABCstyles ($97.06 in chips)
Wurst2000: posts small blind $1
ABCstyles: posts big blind $3
*** HOLE CARDS ***
Wurst2000: folds
Uncalled bet ($2) returned to ABCstyles
ABCstyles collected $2 from pot
ABCstyles: doesn't show hand
*** SUMMARY ***
Total pot $2 | Rake $0
Seat 1: Wurst2000 (button) (small blind) folded before Flop
Seat 4: ABCstyles (big blind) collected ($2)


PokerStars Hand #157112151542:  Hold'em Limit ($3/$6 USD) - 2016/08/10 15:20:09 ET
Table 'Sulamitis' 6-max Seat #4 is the button
Seat 1: Wurst2000 ($106.64 in chips)
Seat 4: ABCstyles ($98.06 in chips)
ABCstyles: posts small blind $1
Wurst2000: posts big blind $3
*** HOLE CARDS ***
ABCstyles: folds
Uncalled bet ($2) returned to Wurst2000
Wurst2000 collected $2 from pot
Wurst2000: doesn't show hand
*** SUMMARY ***
Total pot $2 | Rake $0
Seat 1: Wurst2000 (big blind) collected ($2)
Seat 4: ABCstyles (button) (small blind) folded before Flop


PokerStars Hand #157114198102:  Hold'em Limit ($3/$6 USD) - 2016/08/10 16:04:40 ET
Table 'Sulamitis' 6-max Seat #5 is the button
Seat 4: OENIN2000 ($213.71 in chips)
Seat 5: RaisemyNut$ ($96.78 in chips)
RaisemyNut$: posts small blind $1
TinaTurner72: is sitting out
ValeryRon: is sitting out
B_loJkl: is sitting out
OENIN2000: posts big blind $3
*** HOLE CARDS ***
TinaTurner72 leaves the table
RaisemyNut$: folds
Uncalled bet ($2) returned to OENIN2000
B_loJkl leaves the table
OENIN2000 collected $2 from pot
OENIN2000: doesn't show hand
*** SUMMARY ***
Total pot $2 | Rake $0
Seat 4: OENIN2000 (big blind) collected ($2)
Seat 5: RaisemyNut$ (button) (small blind) folded before Flop


PokerStars Hand #157114222281:  Hold'em Limit ($3/$6 USD) - 2016/08/10 16:05:10 ET
Table 'Sulamitis' 6-max Seat #5 is the button
Seat 4: OENIN2000 ($220.47 in chips)
Seat 5: RaisemyNut$ ($89.78 in chips)
RaisemyNut$: posts small blind $1
OENIN2000: posts big blind $3
*** HOLE CARDS ***
RaisemyNut$: raises $3 to $6
OENIN2000: calls $3
*** FLOP *** [Ad Qs 8h]
OENIN2000: checks
RaisemyNut$: bets $3
OENIN2000: folds
Uncalled bet ($3) returned to RaisemyNut$
RaisemyNut$ collected $11.76 from pot
RaisemyNut$: doesn't show hand
*** SUMMARY ***
Total pot $12 | Rake $0.24
Board [Ad Qs 8h]
Seat 4: OENIN2000 (big blind) folded on the Flop
Seat 5: RaisemyNut$ (button) (small blind) collected ($11.76)


PokerStars Hand #157114202340:  Hold'em Limit ($3/$6 USD) - 2016/08/10 16:04:46 ET
Table 'Sulamitis' 6-max Seat #4 is the button
Seat 4: OENIN2000 ($214.71 in chips)
Seat 5: RaisemyNut$ ($95.78 in chips)
OENIN2000: posts small blind $1
RaisemyNut$: posts big blind $3
*** HOLE CARDS ***
OENIN2000: raises $3 to $6
RaisemyNut$: calls $3
*** FLOP *** [3h Tc 4d]
ValeryRon leaves the table
RaisemyNut$: checks
OENIN2000: bets $3
RaisemyNut$: folds
Uncalled bet ($3) returned to OENIN2000
OENIN2000 collected $11.76 from pot
OENIN2000: doesn't show hand
*** SUMMARY ***
Total pot $12 | Rake $0.24
Board [3h Tc 4d]
Seat 4: OENIN2000 (button) (small blind) collected ($11.76)
Seat 5: RaisemyNut$ (big blind) folded on the Flop


PokerStars Hand #157114241499:  Hold'em Limit ($3/$6 USD) - 2016/08/10 16:05:35 ET
Table 'Sulamitis' 6-max Seat #4 is the button
Seat 4: OENIN2000 ($214.47 in chips)
Seat 5: RaisemyNut$ ($95.54 in chips)
OENIN2000: posts small blind $1
RaisemyNut$: posts big blind $3
*** HOLE CARDS ***
OENIN2000: raises $3 to $6
RaisemyNut$: calls $3
*** FLOP *** [Kh Qs As]
RaisemyNut$: checks
OENIN2000: bets $3
RaisemyNut$: folds
Uncalled bet ($3) returned to OENIN2000
OENIN2000 collected $11.76 from pot
OENIN2000: doesn't show hand
*** SUMMARY ***
Total pot $12 | Rake $0.24
Board [Kh Qs As]
Seat 4: OENIN2000 (button) (small blind) collected ($11.76)
Seat 5: RaisemyNut$ (big blind) folded on the Flop


PokerStars Hand #157114277494:  Hold'em Limit ($3/$6 USD) - 2016/08/10 16:06:20 ET
Table 'Sulamitis' 6-max Seat #4 is the button
Seat 4: OENIN2000 ($213.23 in chips)
Seat 5: RaisemyNut$ ($96.54 in chips)
OENIN2000: posts small blind $1
RaisemyNut$: posts big blind $3
*** HOLE CARDS ***
OENIN2000: raises $3 to $6
RaisemyNut$: raises $3 to $9
OENIN2000: calls $3
*** FLOP *** [Tc Kh Kc]
RaisemyNut$: bets $3
OENIN2000: folds
Uncalled bet ($3) returned to RaisemyNut$
RaisemyNut$ collected $17.64 from pot
RaisemyNut$: doesn't show hand
*** SUMMARY ***
Total pot $18 | Rake $0.36
Board [Tc Kh Kc]
Seat 4: OENIN2000 (button) (small blind) folded on the Flop
Seat 5: RaisemyNut$ (big blind) collected ($17.64)


PokerStars Hand #157114271782:  Hold'em Limit ($3/$6 USD) - 2016/08/10 16:06:13 ET
Table 'Sulamitis' 6-max Seat #5 is the button
Seat 4: OENIN2000 ($216.23 in chips)
Seat 5: RaisemyNut$ ($93.54 in chips)
RaisemyNut$: posts small blind $1
OENIN2000: posts big blind $3
*** HOLE CARDS ***
RaisemyNut$: raises $3 to $6
OENIN2000: folds
Uncalled bet ($3) returned to RaisemyNut$
RaisemyNut$ collected $6 from pot
RaisemyNut$: doesn't show hand
*** SUMMARY ***
Total pot $6 | Rake $0
Seat 4: OENIN2000 (big blind) folded before Flop
Seat 5: RaisemyNut$ (button) (small blind) collected ($6)


PokerStars Hand #157114268164:  Hold'em Limit ($3/$6 USD) - 2016/08/10 16:06:08 ET
Table 'Sulamitis' 6-max Seat #4 is the button
Seat 4: OENIN2000 ($217.23 in chips)
Seat 5: RaisemyNut$ ($92.54 in chips)
OENIN2000: posts small blind $1
RaisemyNut$: posts big blind $3
*** HOLE CARDS ***
OENIN2000: folds
Uncalled bet ($2) returned to RaisemyNut$
RaisemyNut$ collected $2 from pot
RaisemyNut$: doesn't show hand
*** SUMMARY ***
Total pot $2 | Rake $0
Seat 4: OENIN2000 (button) (small blind) folded before Flop
Seat 5: RaisemyNut$ (big blind) collected ($2)


PokerStars Hand #157114289538:  Hold'em Limit ($3/$6 USD) - 2016/08/10 16:06:35 ET
Table 'Sulamitis' 6-max Seat #5 is the button
Seat 4: OENIN2000 ($204.23 in chips)
Seat 5: RaisemyNut$ ($105.18 in chips)
RaisemyNut$: posts small blind $1
OENIN2000: posts big blind $3
*** HOLE CARDS ***
RaisemyNut$: raises $3 to $6
OENIN2000: raises $3 to $9
RaisemyNut$: calls $3
*** FLOP *** [Td 2c Kd]
OENIN2000: bets $3
Wurst2000 joins the table at seat #3
RaisemyNut$: calls $3
*** TURN *** [Td 2c Kd] [6d]
OENIN2000: bets $6
RaisemyNut$: raises $6 to $12
OENIN2000: calls $6
*** RIVER *** [Td 2c Kd 6d] [3s]
OENIN2000: checks
RaisemyNut$: bets $6
OENIN2000: folds
Uncalled bet ($6) returned to RaisemyNut$
RaisemyNut$ collected $47.50 from pot
RaisemyNut$: doesn't show hand
*** SUMMARY ***
Total pot $48 | Rake $0.50
Board [Td 2c Kd 6d 3s]
Seat 4: OENIN2000 (big blind) folded on the River
Seat 5: RaisemyNut$ (button) (small blind) collected ($47.50)


PokerStars Hand #157114260361:  Hold'em Limit ($3/$6 USD) - 2016/08/10 16:05:58 ET
Table 'Sulamitis' 6-max Seat #5 is the button
Seat 4: OENIN2000 ($220.23 in chips)
Seat 5: RaisemyNut$ ($89.54 in chips)
RaisemyNut$: posts small blind $1
OENIN2000: posts big blind $3
*** HOLE CARDS ***
RaisemyNut$: raises $3 to $6
OENIN2000: folds
Uncalled bet ($3) returned to RaisemyNut$
RaisemyNut$ collected $6 from pot
RaisemyNut$: doesn't show hand
*** SUMMARY ***
Total pot $6 | Rake $0
Seat 4: OENIN2000 (big blind) folded before Flop
Seat 5: RaisemyNut$ (button) (small blind) collected ($6)


PokerStars Hand #157114338519:  Hold'em Limit ($3/$6 USD) - 2016/08/10 16:07:30 ET
Table 'Sulamitis' 6-max Seat #3 is the button
Seat 3: Wurst2000 ($94.63 in chips)
Seat 5: RaisemyNut$ ($136.32 in chips)
Wurst2000: posts small blind $1
RaisemyNut$: posts big blind $3
*** HOLE CARDS ***
Wurst2000: raises $3 to $6
RaisemyNut$: raises $3 to $9
Wurst2000: calls $3
*** FLOP *** [2s 6h Jd]
RaisemyNut$: bets $3
Wurst2000: calls $3
*** TURN *** [2s 6h Jd] [As]
RaisemyNut$: bets $6
Wurst2000: folds
Uncalled bet ($6) returned to RaisemyNut$
RaisemyNut$ collected $23.52 from pot
RaisemyNut$: doesn't show hand
Wurst2000 leaves the table
*** SUMMARY ***
Total pot $24 | Rake $0.48
Board [2s 6h Jd As]
Seat 3: Wurst2000 (button) (small blind) folded on the Turn
Seat 5: RaisemyNut$ (big blind) collected ($23.52)


PokerStars Hand #157114332909:  Hold'em Limit ($3/$6 USD) - 2016/08/10 16:07:23 ET
Table 'Sulamitis' 6-max Seat #5 is the button
Seat 3: Wurst2000 ($93.63 in chips)
Seat 5: RaisemyNut$ ($137.32 in chips)
RaisemyNut$: posts small blind $1
Wurst2000: posts big blind $3
*** HOLE CARDS ***
RaisemyNut$: folds
Uncalled bet ($2) returned to Wurst2000
Wurst2000 collected $2 from pot
Wurst2000: doesn't show hand
*** SUMMARY ***
Total pot $2 | Rake $0
Seat 3: Wurst2000 (big blind) collected ($2)
Seat 5: RaisemyNut$ (button) (small blind) folded before Flop


PokerStars Hand #157114314025:  Hold'em Limit ($3/$6 USD) - 2016/08/10 16:06:59 ET
Table 'Sulamitis' 6-max Seat #4 is the button
Seat 4: OENIN2000 ($180.23 in chips)
Seat 5: RaisemyNut$ ($128.68 in chips)
OENIN2000: posts small blind $1
RaisemyNut$: posts big blind $3
*** HOLE CARDS ***
OENIN2000: raises $3 to $6
RaisemyNut$: raises $3 to $9
OENIN2000: calls $3
*** FLOP *** [Ad 4s 8d]
RaisemyNut$: bets $3
OENIN2000: folds
Uncalled bet ($3) returned to RaisemyNut$
RaisemyNut$ collected $17.64 from pot
RaisemyNut$: doesn't show hand
OENIN2000 leaves the table
*** SUMMARY ***
Total pot $18 | Rake $0.36
Board [Ad 4s 8d]
Seat 4: OENIN2000 (button) (small blind) folded on the Flop
Seat 5: RaisemyNut$ (big blind) collected ($17.64)


