PokerStars Hand #163312438758:  Hold'em Limit ($3/$6 USD) - 2016/12/21 16:57:50 ET
Table 'Sulaphat' 6-max Seat #4 is the button
Seat 1: ToDaFelt ($215.85 in chips)
Seat 4: vestimokrec ($66.29 in chips)
vestimokrec: posts small blind $1
ToDaFelt: posts big blind $3
*** HOLE CARDS ***
vestimokrec: folds
Uncalled bet ($2) returned to ToDaFelt
ToDaFelt collected $2 from pot
vestimokrec leaves the table
ToDaFelt: doesn't show hand
*** SUMMARY ***
Total pot $2 | Rake $0
Seat 1: ToDaFelt (big blind) collected ($2)
Seat 4: vestimokrec (button) (small blind) folded before Flop


PokerStars Hand #163312411774:  Hold'em Limit ($3/$6 USD) - 2016/12/21 16:57:15 ET
Table 'Sulaphat' 6-max Seat #1 is the button
Seat 1: ToDaFelt ($195.35 in chips)
Seat 4: vestimokrec ($87.29 in chips)
ToDaFelt: posts small blind $1
GRAILKO: is sitting out
vestimokrec: posts big blind $3
*** HOLE CARDS ***
ToDaFelt: raises $3 to $6
vestimokrec: calls $3
*** FLOP *** [Qc 8d Ac]
vestimokrec: checks
ToDaFelt: bets $3
vestimokrec: calls $3
*** TURN *** [Qc 8d Ac] [4h]
GRAILKO leaves the table
vestimokrec: checks
ToDaFelt: bets $6
vestimokrec: calls $6
*** RIVER *** [Qc 8d Ac 4h] [4c]
vestimokrec: checks
ToDaFelt: bets $6
vestimokrec: calls $6
*** SHOW DOWN ***
ToDaFelt: shows [Ad 5c] (two pair, Aces and Fours)
vestimokrec: mucks hand
ToDaFelt collected $41.50 from pot
*** SUMMARY ***
Total pot $42 | Rake $0.50
Board [Qc 8d Ac 4h 4c]
Seat 1: ToDaFelt (button) (small blind) showed [Ad 5c] and won ($41.50) with two pair, Aces and Fours
Seat 4: vestimokrec (big blind) mucked


