PokerStars Hand #158624246224:  Hold'em Limit ($3/$6 USD) - 2016/09/15 3:28:51 ET
Table 'Sulafat' 6-max Seat #4 is the button
Seat 2: VolkovDmitri ($176.91 in chips)
Seat 4: RockKillerTY ($110 in chips)
RockKillerTY: posts small blind $1
TAROT333: is sitting out
VolkovDmitri: posts big blind $3
*** HOLE CARDS ***
RockKillerTY: raises $3 to $6
TAROT333 leaves the table
VolkovDmitri: calls $3
*** FLOP *** [Ts 2c Th]
VolkovDmitri: checks
RockKillerTY: bets $3
VolkovDmitri: folds
Uncalled bet ($3) returned to RockKillerTY
RockKillerTY collected $11.76 from pot
RockKillerTY: doesn't show hand
*** SUMMARY ***
Total pot $12 | Rake $0.24
Board [Ts 2c Th]
Seat 2: VolkovDmitri (big blind) folded on the Flop
Seat 4: RockKillerTY (button) (small blind) collected ($11.76)


PokerStars Hand #158624620054:  Hold'em Limit ($3/$6 USD) - 2016/09/15 3:51:37 ET
Table 'Sulafat' 6-max Seat #1 is the button
Seat 1: CatPuppy1999 ($112.49 in chips)
Seat 2: VolkovDmitri ($197.64 in chips)
CatPuppy1999: posts small blind $1
VolkovDmitri: posts big blind $3
*** HOLE CARDS ***
CatPuppy1999: raises $3 to $6
VolkovDmitri: calls $3
*** FLOP *** [4c Qd Th]
VolkovDmitri: checks
CatPuppy1999: checks
*** TURN *** [4c Qd Th] [8h]
VolkovDmitri: bets $6
CatPuppy1999 has timed out
CatPuppy1999: folds
Uncalled bet ($6) returned to VolkovDmitri
VolkovDmitri collected $11.76 from pot
VolkovDmitri: doesn't show hand
*** SUMMARY ***
Total pot $12 | Rake $0.24
Board [4c Qd Th 8h]
Seat 1: CatPuppy1999 (button) (small blind) folded on the Turn
Seat 2: VolkovDmitri (big blind) collected ($11.76)


