PokerStars Hand #147306277736:  Hold'em Limit ($3/$6 USD) - 2016/01/19 8:53:34 ET
Table 'Sulamitis' 6-max Seat #3 is the button
Seat 3: kismespit ($120 in chips)
Seat 5: belik555 ($72 in chips)
kismespit: posts small blind $1
belik555: posts big blind $3
*** HOLE CARDS ***
kismespit: folds
Uncalled bet ($2) returned to belik555
belik555 collected $2 from pot
belik555: doesn't show hand
*** SUMMARY ***
Total pot $2 | Rake $0
Seat 3: kismespit (button) (small blind) folded before Flop
Seat 5: belik555 (big blind) collected ($2)


PokerStars Hand #147306303149:  Hold'em Limit ($3/$6 USD) - 2016/01/19 8:54:10 ET
Table 'Sulamitis' 6-max Seat #3 is the button
Seat 3: kismespit ($113 in chips)
Seat 5: belik555 ($78.76 in chips)
kismespit: posts small blind $1
belik555: posts big blind $3
*** HOLE CARDS ***
B_loJkl joins the table at seat #4
kismespit: raises $3 to $6
belik555: calls $3
*** FLOP *** [As 6d Ad]
belik555: checks
kismespit: bets $3
belik555: raises $3 to $6
kismespit: folds
Uncalled bet ($3) returned to belik555
belik555 collected $17.64 from pot
belik555: doesn't show hand
*** SUMMARY ***
Total pot $18 | Rake $0.36
Board [As 6d Ad]
Seat 3: kismespit (button) (small blind) folded on the Flop
Seat 5: belik555 (big blind) collected ($17.64)


PokerStars Hand #147306281299:  Hold'em Limit ($3/$6 USD) - 2016/01/19 8:53:39 ET
Table 'Sulamitis' 6-max Seat #5 is the button
Seat 3: kismespit ($119 in chips)
Seat 5: belik555 ($73 in chips)
belik555: posts small blind $1
kismespit: posts big blind $3
*** HOLE CARDS ***
TbIP-TbIP 88 leaves the table
belik555: raises $3 to $6
kismespit: calls $3
*** FLOP *** [Qh 7s 3h]
kismespit: checks
belik555: bets $3
kismespit: folds
Uncalled bet ($3) returned to belik555
belik555 collected $11.76 from pot
belik555: doesn't show hand
*** SUMMARY ***
Total pot $12 | Rake $0.24
Board [Qh 7s 3h]
Seat 3: kismespit (big blind) folded on the Flop
Seat 5: belik555 (button) (small blind) collected ($11.76)


PokerStars Hand #147306312956:  Hold'em Limit ($3/$6 USD) - 2016/01/19 8:54:23 ET
Table 'Sulamitis' 6-max Seat #5 is the button
Seat 3: kismespit ($104 in chips)
Seat 5: belik555 ($87.40 in chips)
belik555: posts small blind $1
kismespit: posts big blind $3
*** HOLE CARDS ***
belik555: raises $3 to $6
kismespit: calls $3
*** FLOP *** [3c 5h 8s]
kismespit: checks
GoliafUa joins the table at seat #6
belik555: bets $3
kismespit: calls $3
*** TURN *** [3c 5h 8s] [4d]
kismespit: checks
belik555: checks
*** RIVER *** [3c 5h 8s 4d] [Jd]
kismespit: bets $6
belik555: raises $6 to $12
kismespit: folds
Uncalled bet ($6) returned to belik555
belik555 collected $29.50 from pot
belik555: doesn't show hand
*** SUMMARY ***
Total pot $30 | Rake $0.50
Board [3c 5h 8s 4d Jd]
Seat 3: kismespit (big blind) folded on the River
Seat 5: belik555 (button) (small blind) collected ($29.50)


PokerStars Hand #147328553740:  Hold'em Limit ($3/$6 USD) - 2016/01/19 15:33:55 ET
Table 'Sulamitis' 6-max Seat #4 is the button
Seat 3: Mac-Firefox ($59.12 in chips)
Seat 4: kolaz03 ($223.67 in chips)
kolaz03: posts small blind $1
Mac-Firefox: posts big blind $3
*** HOLE CARDS ***
kolaz03: raises $3 to $6
Mac-Firefox: calls $3
*** FLOP *** [3s 2s Ah]
Mac-Firefox: checks
kolaz03: bets $3
Mac-Firefox: calls $3
*** TURN *** [3s 2s Ah] [8s]
Mac-Firefox: checks
kolaz03: checks
*** RIVER *** [3s 2s Ah 8s] [5c]
Mac-Firefox: checks
kolaz03: checks
*** SHOW DOWN ***
Mac-Firefox: shows [7h Jh] (high card Ace)
kolaz03: mucks hand
Mac-Firefox collected $17.64 from pot
*** SUMMARY ***
Total pot $18 | Rake $0.36
Board [3s 2s Ah 8s 5c]
Seat 3: Mac-Firefox (big blind) showed [7h Jh] and won ($17.64) with high card Ace
Seat 4: kolaz03 (button) (small blind) mucked


PokerStars Hand #147328531176:  Hold'em Limit ($3/$6 USD) - 2016/01/19 15:33:35 ET
Table 'Sulamitis' 6-max Seat #3 is the button
Seat 3: Mac-Firefox ($77.12 in chips)
Seat 4: kolaz03 ($206.17 in chips)
Mac-Firefox: posts small blind $1
kolaz03: posts big blind $3
*** HOLE CARDS ***
Mac-Firefox: raises $3 to $6
kolaz03: calls $3
*** FLOP *** [6h 9c 8c]
kolaz03: checks
Mac-Firefox: checks
*** TURN *** [6h 9c 8c] [9d]
kolaz03: bets $6
Mac-Firefox: calls $6
*** RIVER *** [6h 9c 8c 9d] [2h]
kolaz03: bets $6
Mac-Firefox: calls $6
*** SHOW DOWN ***
kolaz03: shows [Jc 8d] (two pair, Nines and Eights)
Mac-Firefox: mucks hand
kolaz03 collected $35.50 from pot
*** SUMMARY ***
Total pot $36 | Rake $0.50
Board [6h 9c 8c 9d 2h]
Seat 3: Mac-Firefox (button) (small blind) mucked
Seat 4: kolaz03 (big blind) showed [Jc 8d] and won ($35.50) with two pair, Nines and Eights


PokerStars Hand #147328522526:  Hold'em Limit ($3/$6 USD) - 2016/01/19 15:33:27 ET
Table 'Sulamitis' 6-max Seat #4 is the button
Seat 3: Mac-Firefox ($76.12 in chips)
Seat 4: kolaz03 ($207.17 in chips)
kolaz03: posts small blind $1
Mac-Firefox: posts big blind $3
*** HOLE CARDS ***
SashaYuvelir leaves the table
kolaz03: folds
Uncalled bet ($2) returned to Mac-Firefox
Mac-Firefox collected $2 from pot
Mac-Firefox: doesn't show hand
*** SUMMARY ***
Total pot $2 | Rake $0
Seat 3: Mac-Firefox (big blind) collected ($2)
Seat 4: kolaz03 (button) (small blind) folded before Flop


PokerStars Hand #147328570237:  Hold'em Limit ($3/$6 USD) - 2016/01/19 15:34:10 ET
Table 'Sulamitis' 6-max Seat #3 is the button
Seat 3: Mac-Firefox ($67.76 in chips)
Seat 4: kolaz03 ($214.67 in chips)
Mac-Firefox: posts small blind $1
kolaz03: posts big blind $3
*** HOLE CARDS ***
Mac-Firefox: raises $3 to $6
kolaz03: calls $3
*** FLOP *** [5h 4c 3c]
kolaz03: checks
Mac-Firefox: bets $3
kolaz03: folds
Uncalled bet ($3) returned to Mac-Firefox
Mac-Firefox collected $11.76 from pot
Mac-Firefox: doesn't show hand
*** SUMMARY ***
Total pot $12 | Rake $0.24
Board [5h 4c 3c]
Seat 3: Mac-Firefox (button) (small blind) collected ($11.76)
Seat 4: kolaz03 (big blind) folded on the Flop


PokerStars Hand #147328517029:  Hold'em Limit ($3/$6 USD) - 2016/01/19 15:33:22 ET
Table 'Sulamitis' 6-max Seat #3 is the button
Seat 3: Mac-Firefox ($77.12 in chips)
Seat 4: kolaz03 ($206.17 in chips)
Mac-Firefox: posts small blind $1
kolaz03: posts big blind $3
*** HOLE CARDS ***
Mac-Firefox: folds
Uncalled bet ($2) returned to kolaz03
kolaz03 collected $2 from pot
kolaz03: doesn't show hand
*** SUMMARY ***
Total pot $2 | Rake $0
Seat 3: Mac-Firefox (button) (small blind) folded before Flop
Seat 4: kolaz03 (big blind) collected ($2)


PokerStars Hand #147328580153:  Hold'em Limit ($3/$6 USD) - 2016/01/19 15:34:19 ET
Table 'Sulamitis' 6-max Seat #4 is the button
Seat 3: Mac-Firefox ($73.52 in chips)
Seat 4: kolaz03 ($208.67 in chips)
kolaz03: posts small blind $1
Mac-Firefox: posts big blind $3
*** HOLE CARDS ***
kolaz03: raises $3 to $6
Mac-Firefox: raises $3 to $9
kolaz03: calls $3
*** FLOP *** [Qd 5d Ks]
Mac-Firefox: checks
kolaz03: bets $3
Mac-Firefox: calls $3
*** TURN *** [Qd 5d Ks] [2d]
Mac-Firefox: checks
kolaz03: bets $6
Mac-Firefox: calls $6
*** RIVER *** [Qd 5d Ks 2d] [2h]
Mac-Firefox: checks
kolaz03: bets $6
Mac-Firefox: calls $6
*** SHOW DOWN ***
kolaz03: shows [Qc 3h] (two pair, Queens and Deuces)
Mac-Firefox: mucks hand
kolaz03 collected $47.50 from pot
*** SUMMARY ***
Total pot $48 | Rake $0.50
Board [Qd 5d Ks 2d 2h]
Seat 3: Mac-Firefox (big blind) mucked
Seat 4: kolaz03 (button) (small blind) showed [Qc 3h] and won ($47.50) with two pair, Queens and Deuces


PokerStars Hand #147328652308:  Hold'em Limit ($3/$6 USD) - 2016/01/19 15:35:23 ET
Table 'Sulamitis' 6-max Seat #4 is the button
Seat 3: Mac-Firefox ($43.52 in chips)
Seat 4: kolaz03 ($237.93 in chips)
kolaz03: posts small blind $1
Mac-Firefox: posts big blind $3
*** HOLE CARDS ***
kolaz03: raises $3 to $6
Mac-Firefox: calls $3
*** FLOP *** [5c 2d Tc]
Mac-Firefox: checks
kolaz03: bets $3
Mac-Firefox: calls $3
*** TURN *** [5c 2d Tc] [3c]
Mac-Firefox: checks
kolaz03: bets $6
Mac-Firefox: folds
Uncalled bet ($6) returned to kolaz03
kolaz03 collected $17.64 from pot
kolaz03: doesn't show hand
*** SUMMARY ***
Total pot $18 | Rake $0.36
Board [5c 2d Tc 3c]
Seat 3: Mac-Firefox (big blind) folded on the Turn
Seat 4: kolaz03 (button) (small blind) collected ($17.64)


PokerStars Hand #147328636424:  Hold'em Limit ($3/$6 USD) - 2016/01/19 15:35:09 ET
Table 'Sulamitis' 6-max Seat #3 is the button
Seat 3: Mac-Firefox ($49.52 in chips)
Seat 4: kolaz03 ($232.17 in chips)
Mac-Firefox: posts small blind $1
kolaz03: posts big blind $3
*** HOLE CARDS ***
Mac-Firefox: raises $3 to $6
kolaz03: calls $3
*** FLOP *** [5h Jh 6s]
kolaz03: checks
Mac-Firefox: checks
*** TURN *** [5h Jh 6s] [4s]
kolaz03: checks
Mac-Firefox: checks
*** RIVER *** [5h Jh 6s 4s] [5c]
kolaz03: checks
Mac-Firefox: checks
*** SHOW DOWN ***
kolaz03: shows [Ks 3h] (a pair of Fives)
Mac-Firefox: mucks hand
kolaz03 collected $11.76 from pot
*** SUMMARY ***
Total pot $12 | Rake $0.24
Board [5h Jh 6s 4s 5c]
Seat 3: Mac-Firefox (button) (small blind) mucked
Seat 4: kolaz03 (big blind) showed [Ks 3h] and won ($11.76) with a pair of Fives


PokerStars Hand #147328683127:  Hold'em Limit ($3/$6 USD) - 2016/01/19 15:35:51 ET
Table 'Sulamitis' 6-max Seat #3 is the button
Seat 3: Mac-Firefox ($34.52 in chips)
Seat 4: kolaz03 ($246.57 in chips)
Mac-Firefox: posts small blind $1
kolaz03: posts big blind $3
*** HOLE CARDS ***
Mac-Firefox: raises $3 to $6
kolaz03: calls $3
*** FLOP *** [Th 5c 9c]
kolaz03: checks
Mac-Firefox: bets $3
kolaz03: folds
Uncalled bet ($3) returned to Mac-Firefox
Mac-Firefox collected $11.76 from pot
Mac-Firefox: doesn't show hand
*** SUMMARY ***
Total pot $12 | Rake $0.24
Board [Th 5c 9c]
Seat 3: Mac-Firefox (button) (small blind) collected ($11.76)
Seat 4: kolaz03 (big blind) folded on the Flop


PokerStars Hand #147328738283:  Hold'em Limit ($3/$6 USD) - 2016/01/19 15:36:40 ET
Table 'Sulamitis' 6-max Seat #3 is the button
Seat 3: Mac-Firefox ($57.78 in chips)
Seat 4: kolaz03 ($222.57 in chips)
Mac-Firefox: posts small blind $1
kolaz03: posts big blind $3
*** HOLE CARDS ***
Pokali joins the table at seat #6
Mac-Firefox: calls $2
kolaz03: checks
*** FLOP *** [4s 9s Qd]
kolaz03: checks
Mac-Firefox: checks
*** TURN *** [4s 9s Qd] [Ts]
kolaz03: bets $6
Mac-Firefox: folds
Uncalled bet ($6) returned to kolaz03
kolaz03 collected $5.88 from pot
kolaz03: doesn't show hand
*** SUMMARY ***
Total pot $6 | Rake $0.12
Board [4s 9s Qd Ts]
Seat 3: Mac-Firefox (button) (small blind) folded on the Turn
Seat 4: kolaz03 (big blind) collected ($5.88)


PokerStars Hand #147328699433:  Hold'em Limit ($3/$6 USD) - 2016/01/19 15:36:06 ET
Table 'Sulamitis' 6-max Seat #4 is the button
Seat 3: Mac-Firefox ($40.28 in chips)
Seat 4: kolaz03 ($240.57 in chips)
kolaz03: posts small blind $1
Mac-Firefox: posts big blind $3
*** HOLE CARDS ***
kolaz03: raises $3 to $6
Mac-Firefox: raises $3 to $9
kolaz03: calls $3
*** FLOP *** [Td 4h Jd]
Mac-Firefox: checks
kolaz03: bets $3
vovojc joins the table at seat #5
Mac-Firefox: calls $3
*** TURN *** [Td 4h Jd] [7c]
Mac-Firefox: checks
kolaz03: bets $6
Mac-Firefox: calls $6
*** RIVER *** [Td 4h Jd 7c] [6d]
Mac-Firefox: checks
kolaz03: checks
*** SHOW DOWN ***
Mac-Firefox: shows [5h 5s] (a pair of Fives)
kolaz03: mucks hand
Mac-Firefox collected $35.50 from pot
*** SUMMARY ***
Total pot $36 | Rake $0.50
Board [Td 4h Jd 7c 6d]
Seat 3: Mac-Firefox (big blind) showed [5h 5s] and won ($35.50) with a pair of Fives
Seat 4: kolaz03 (button) (small blind) mucked


PokerStars Hand #147330252164:  Hold'em Limit ($3/$6 USD) - 2016/01/19 16:00:03 ET
Table 'Sulamitis' 6-max Seat #4 is the button
Seat 3: Mac-Firefox ($163.67 in chips)
Seat 4: LukaSteel ($120 in chips)
LukaSteel: posts small blind $1
Hsj2012 was removed from the table for failing to post
Zubasa07 was removed from the table for failing to post
Mac-Firefox: posts big blind $3
*** HOLE CARDS ***
LukaSteel: folds
Uncalled bet ($2) returned to Mac-Firefox
Mac-Firefox collected $2 from pot
Mac-Firefox: doesn't show hand
*** SUMMARY ***
Total pot $2 | Rake $0
Seat 3: Mac-Firefox (big blind) collected ($2)
Seat 4: LukaSteel (button) (small blind) folded before Flop


PokerStars Hand #147330227258:  Hold'em Limit ($3/$6 USD) - 2016/01/19 15:59:35 ET
Table 'Sulamitis' 6-max Seat #3 is the button
Seat 3: Mac-Firefox ($140.17 in chips)
Seat 4: LukaSteel ($120 in chips)
Mac-Firefox: posts small blind $1
LukaSteel: posts big blind $3
*** HOLE CARDS ***
Mac-Firefox: raises $3 to $6
LukaSteel: calls $3
*** FLOP *** [Jd 6c 3c]
LukaSteel: checks
Mac-Firefox: bets $3
LukaSteel: raises $3 to $6
Mac-Firefox: calls $3
*** TURN *** [Jd 6c 3c] [Tc]
LukaSteel: bets $6
Mac-Firefox: calls $6
*** RIVER *** [Jd 6c 3c Tc] [2s]
LukaSteel: bets $6
Mac-Firefox: calls $6
*** SHOW DOWN ***
LukaSteel: shows [8d 4d] (high card Jack)
Mac-Firefox: shows [9c 9d] (a pair of Nines)
Mac-Firefox collected $47.50 from pot
*** SUMMARY ***
Total pot $48 | Rake $0.50
Board [Jd 6c 3c Tc 2s]
Seat 3: Mac-Firefox (button) (small blind) showed [9c 9d] and won ($47.50) with a pair of Nines
Seat 4: LukaSteel (big blind) showed [8d 4d] and lost with high card Jack


PokerStars Hand #147330192850:  Hold'em Limit ($3/$6 USD) - 2016/01/19 15:58:57 ET
Table 'Sulamitis' 6-max Seat #4 is the button
Seat 3: Mac-Firefox ($110.67 in chips)
Seat 4: LukaSteel ($121 in chips)
LukaSteel: posts small blind $1
Mac-Firefox: posts big blind $3
*** HOLE CARDS ***
LukaSteel: raises $3 to $6
Mac-Firefox: raises $3 to $9
LukaSteel: calls $3
*** FLOP *** [2s 7h 3s]
Mac-Firefox: checks
LukaSteel: bets $3
Mac-Firefox: calls $3
*** TURN *** [2s 7h 3s] [3c]
Mac-Firefox: checks
LukaSteel: bets $6
Mac-Firefox: raises $6 to $12
LukaSteel: calls $6
*** RIVER *** [2s 7h 3s 3c] [2d]
Mac-Firefox: bets $6
LukaSteel: calls $6
*** SHOW DOWN ***
Mac-Firefox: shows [Js Jc] (two pair, Jacks and Threes)
LukaSteel: mucks hand
Mac-Firefox collected $59.50 from pot
*** SUMMARY ***
Total pot $60 | Rake $0.50
Board [2s 7h 3s 3c 2d]
Seat 3: Mac-Firefox (big blind) showed [Js Jc] and won ($59.50) with two pair, Jacks and Threes
Seat 4: LukaSteel (button) (small blind) mucked


PokerStars Hand #147330300416:  Hold'em Limit ($3/$6 USD) - 2016/01/19 16:00:53 ET
Table 'Sulamitis' 6-max Seat #3 is the button
Seat 3: Mac-Firefox ($148.67 in chips)
Seat 4: LukaSteel ($135.50 in chips)
Mac-Firefox: posts small blind $1
LukaSteel: posts big blind $3
*** HOLE CARDS ***
Mac-Firefox: calls $2
LukaSteel: raises $3 to $6
Mac-Firefox: calls $3
*** FLOP *** [9h Qc 5d]
LukaSteel: bets $3
Mac-Firefox: folds
Uncalled bet ($3) returned to LukaSteel
LukaSteel collected $11.76 from pot
LukaSteel: doesn't show hand
*** SUMMARY ***
Total pot $12 | Rake $0.24
Board [9h Qc 5d]
Seat 3: Mac-Firefox (button) (small blind) folded on the Flop
Seat 4: LukaSteel (big blind) collected ($11.76)


PokerStars Hand #147330295449:  Hold'em Limit ($3/$6 USD) - 2016/01/19 16:00:48 ET
Table 'Sulamitis' 6-max Seat #4 is the button
Seat 3: Mac-Firefox ($147.67 in chips)
Seat 4: LukaSteel ($136.50 in chips)
LukaSteel: posts small blind $1
Mac-Firefox: posts big blind $3
*** HOLE CARDS ***
LukaSteel: folds
Uncalled bet ($2) returned to Mac-Firefox
Mac-Firefox collected $2 from pot
Mac-Firefox: doesn't show hand
*** SUMMARY ***
Total pot $2 | Rake $0
Seat 3: Mac-Firefox (big blind) collected ($2)
Seat 4: LukaSteel (button) (small blind) folded before Flop


PokerStars Hand #147330289359:  Hold'em Limit ($3/$6 USD) - 2016/01/19 16:00:42 ET
Table 'Sulamitis' 6-max Seat #3 is the button
Seat 3: Mac-Firefox ($144.67 in chips)
Seat 4: LukaSteel ($139.50 in chips)
Mac-Firefox: posts small blind $1
LukaSteel: posts big blind $3
*** HOLE CARDS ***
Mac-Firefox: raises $3 to $6
LukaSteel: folds
Uncalled bet ($3) returned to Mac-Firefox
Mac-Firefox collected $6 from pot
Mac-Firefox: doesn't show hand
*** SUMMARY ***
Total pot $6 | Rake $0
Seat 3: Mac-Firefox (button) (small blind) collected ($6)
Seat 4: LukaSteel (big blind) folded before Flop


PokerStars Hand #147330284729:  Hold'em Limit ($3/$6 USD) - 2016/01/19 16:00:37 ET
Table 'Sulamitis' 6-max Seat #4 is the button
Seat 3: Mac-Firefox ($143.67 in chips)
Seat 4: LukaSteel ($140.50 in chips)
LukaSteel: posts small blind $1
Mac-Firefox: posts big blind $3
*** HOLE CARDS ***
LukaSteel: folds
Uncalled bet ($2) returned to Mac-Firefox
Mac-Firefox collected $2 from pot
Mac-Firefox: doesn't show hand
*** SUMMARY ***
Total pot $2 | Rake $0
Seat 3: Mac-Firefox (big blind) collected ($2)
Seat 4: LukaSteel (button) (small blind) folded before Flop


PokerStars Hand #147330256635:  Hold'em Limit ($3/$6 USD) - 2016/01/19 16:00:08 ET
Table 'Sulamitis' 6-max Seat #3 is the button
Seat 3: Mac-Firefox ($164.67 in chips)
Seat 4: LukaSteel ($120 in chips)
Mac-Firefox: posts small blind $1
LukaSteel: posts big blind $3
*** HOLE CARDS ***
Mac-Firefox: raises $3 to $6
LukaSteel: raises $3 to $9
Mac-Firefox: raises $3 to $12
Betting is capped
LukaSteel: calls $3
*** FLOP *** [3c 3h 5d]
LukaSteel: checks
Mac-Firefox: bets $3
LukaSteel: calls $3
*** TURN *** [3c 3h 5d] [7s]
LukaSteel: checks
Mac-Firefox: bets $6
LukaSteel: calls $6
*** RIVER *** [3c 3h 5d 7s] [Jc]
LukaSteel: checks
Mac-Firefox: checks
*** SHOW DOWN ***
LukaSteel: shows [Ad Jd] (two pair, Jacks and Threes)
Mac-Firefox: mucks hand
LukaSteel collected $41.50 from pot
*** SUMMARY ***
Total pot $42 | Rake $0.50
Board [3c 3h 5d 7s Jc]
Seat 3: Mac-Firefox (button) (small blind) mucked
Seat 4: LukaSteel (big blind) showed [Ad Jd] and won ($41.50) with two pair, Jacks and Threes


PokerStars Hand #147330374080:  Hold'em Limit ($3/$6 USD) - 2016/01/19 16:02:05 ET
Table 'Sulamitis' 6-max Seat #6 is the button
Seat 3: Mac-Firefox ($135.67 in chips)
Seat 6: linocarrelli ($131.57 in chips)
linocarrelli: posts small blind $1
Mac-Firefox: posts big blind $3
*** HOLE CARDS ***
linocarrelli: folds
Uncalled bet ($2) returned to Mac-Firefox
Mac-Firefox collected $2 from pot
Mac-Firefox: doesn't show hand
*** SUMMARY ***
Total pot $2 | Rake $0
Seat 3: Mac-Firefox (big blind) collected ($2)
Seat 6: linocarrelli (button) (small blind) folded before Flop


PokerStars Hand #147330368194:  Hold'em Limit ($3/$6 USD) - 2016/01/19 16:01:59 ET
Table 'Sulamitis' 6-max Seat #3 is the button
Seat 3: Mac-Firefox ($136.67 in chips)
Seat 6: linocarrelli ($130.57 in chips)
Mac-Firefox: posts small blind $1
linocarrelli: posts big blind $3
*** HOLE CARDS ***
Mac-Firefox: folds
Uncalled bet ($2) returned to linocarrelli
linocarrelli collected $2 from pot
linocarrelli: doesn't show hand
*** SUMMARY ***
Total pot $2 | Rake $0
Seat 3: Mac-Firefox (button) (small blind) folded before Flop
Seat 6: linocarrelli (big blind) collected ($2)


PokerStars Hand #147330362868:  Hold'em Limit ($3/$6 USD) - 2016/01/19 16:01:54 ET
Table 'Sulamitis' 6-max Seat #6 is the button
Seat 3: Mac-Firefox ($135.67 in chips)
Seat 6: linocarrelli ($131.57 in chips)
linocarrelli: posts small blind $1
Mac-Firefox: posts big blind $3
*** HOLE CARDS ***
linocarrelli: folds
Uncalled bet ($2) returned to Mac-Firefox
Mac-Firefox collected $2 from pot
Mac-Firefox: doesn't show hand
*** SUMMARY ***
Total pot $2 | Rake $0
Seat 3: Mac-Firefox (big blind) collected ($2)
Seat 6: linocarrelli (button) (small blind) folded before Flop


PokerStars Hand #147330347648:  Hold'em Limit ($3/$6 USD) - 2016/01/19 16:01:40 ET
Table 'Sulamitis' 6-max Seat #3 is the button
Seat 3: Mac-Firefox ($136.67 in chips)
Seat 6: linocarrelli ($130.57 in chips)
Mac-Firefox: posts small blind $1
linocarrelli: posts big blind $3
*** HOLE CARDS ***
Mac-Firefox: folds
Uncalled bet ($2) returned to linocarrelli
linocarrelli collected $2 from pot
linocarrelli: doesn't show hand
*** SUMMARY ***
Total pot $2 | Rake $0
Seat 3: Mac-Firefox (button) (small blind) folded before Flop
Seat 6: linocarrelli (big blind) collected ($2)


PokerStars Hand #147330318626:  Hold'em Limit ($3/$6 USD) - 2016/01/19 16:01:12 ET
Table 'Sulamitis' 6-max Seat #4 is the button
Seat 3: Mac-Firefox ($142.67 in chips)
Seat 4: LukaSteel ($141.26 in chips)
LukaSteel: posts small blind $1
Mac-Firefox: posts big blind $3
*** HOLE CARDS ***
linocarrelli joins the table at seat #6
LukaSteel: raises $3 to $6
Mac-Firefox: calls $3
*** FLOP *** [9c 4h 2d]
Mac-Firefox: checks
LukaSteel: bets $3
Mac-Firefox: folds
Uncalled bet ($3) returned to LukaSteel
LukaSteel collected $11.76 from pot
LukaSteel: doesn't show hand
*** SUMMARY ***
Total pot $12 | Rake $0.24
Board [9c 4h 2d]
Seat 3: Mac-Firefox (big blind) folded on the Flop
Seat 4: LukaSteel (button) (small blind) collected ($11.76)


PokerStars Hand #147330379696:  Hold'em Limit ($3/$6 USD) - 2016/01/19 16:02:10 ET
Table 'Sulamitis' 6-max Seat #3 is the button
Seat 3: Mac-Firefox ($136.67 in chips)
Seat 6: linocarrelli ($130.57 in chips)
Mac-Firefox: posts small blind $1
linocarrelli: posts big blind $3
*** HOLE CARDS ***
Mac-Firefox: raises $3 to $6
linocarrelli: calls $3
*** FLOP *** [Ad Qs Kc]
linocarrelli: checks
Mac-Firefox: bets $3
linocarrelli: calls $3
*** TURN *** [Ad Qs Kc] [Js]
linocarrelli: checks
Mac-Firefox: bets $6
linocarrelli: folds
Uncalled bet ($6) returned to Mac-Firefox
Mac-Firefox collected $17.64 from pot
Mac-Firefox: doesn't show hand
*** SUMMARY ***
Total pot $18 | Rake $0.36
Board [Ad Qs Kc Js]
Seat 3: Mac-Firefox (button) (small blind) collected ($17.64)
Seat 6: linocarrelli (big blind) folded on the Turn


PokerStars Hand #147330431054:  Hold'em Limit ($3/$6 USD) - 2016/01/19 16:02:56 ET
Table 'Sulamitis' 6-max Seat #6 is the button
Seat 3: Mac-Firefox ($172.81 in chips)
Seat 6: linocarrelli ($93.57 in chips)
linocarrelli: posts small blind $1
Mac-Firefox: posts big blind $3
*** HOLE CARDS ***
linocarrelli: raises $3 to $6
Mac-Firefox: calls $3
*** FLOP *** [9h Qs 3c]
Mac-Firefox: checks
linocarrelli: checks
*** TURN *** [9h Qs 3c] [2c]
Mac-Firefox: checks
linocarrelli: bets $6
Mac-Firefox: folds
Uncalled bet ($6) returned to linocarrelli
linocarrelli collected $11.76 from pot
linocarrelli: doesn't show hand
*** SUMMARY ***
Total pot $12 | Rake $0.24
Board [9h Qs 3c 2c]
Seat 3: Mac-Firefox (big blind) folded on the Turn
Seat 6: linocarrelli (button) (small blind) collected ($11.76)


PokerStars Hand #147330405528:  Hold'em Limit ($3/$6 USD) - 2016/01/19 16:02:33 ET
Table 'Sulamitis' 6-max Seat #3 is the button
Seat 3: Mac-Firefox ($146.31 in chips)
Seat 6: linocarrelli ($120.57 in chips)
Mac-Firefox: posts small blind $1
linocarrelli: posts big blind $3
*** HOLE CARDS ***
Mac-Firefox: raises $3 to $6
linocarrelli: raises $3 to $9
Mac-Firefox: calls $3
*** FLOP *** [9s 4s 8s]
linocarrelli: bets $3
Mac-Firefox: raises $3 to $6
linocarrelli: calls $3
*** TURN *** [9s 4s 8s] [Kh]
linocarrelli: checks
Mac-Firefox: checks
*** RIVER *** [9s 4s 8s Kh] [9d]
linocarrelli: bets $6
Mac-Firefox: raises $6 to $12
linocarrelli: calls $6
*** SHOW DOWN ***
Mac-Firefox: shows [Jh 9h] (three of a kind, Nines)
linocarrelli: mucks hand
Mac-Firefox collected $53.50 from pot
*** SUMMARY ***
Total pot $54 | Rake $0.50
Board [9s 4s 8s Kh 9d]
Seat 3: Mac-Firefox (button) (small blind) showed [Jh 9h] and won ($53.50) with three of a kind, Nines
Seat 6: linocarrelli (big blind) mucked


PokerStars Hand #147330399720:  Hold'em Limit ($3/$6 USD) - 2016/01/19 16:02:28 ET
Table 'Sulamitis' 6-max Seat #6 is the button
Seat 3: Mac-Firefox ($145.31 in chips)
Seat 6: linocarrelli ($121.57 in chips)
linocarrelli: posts small blind $1
Mac-Firefox: posts big blind $3
*** HOLE CARDS ***
linocarrelli: folds
Uncalled bet ($2) returned to Mac-Firefox
Mac-Firefox collected $2 from pot
Mac-Firefox: doesn't show hand
*** SUMMARY ***
Total pot $2 | Rake $0
Seat 3: Mac-Firefox (big blind) collected ($2)
Seat 6: linocarrelli (button) (small blind) folded before Flop


PokerStars Hand #147330448868:  Hold'em Limit ($3/$6 USD) - 2016/01/19 16:03:12 ET
Table 'Sulamitis' 6-max Seat #3 is the button
Seat 3: Mac-Firefox ($166.81 in chips)
Seat 6: linocarrelli ($99.33 in chips)
Mac-Firefox: posts small blind $1
linocarrelli: posts big blind $3
*** HOLE CARDS ***
alictov joins the table at seat #2
Mac-Firefox: raises $3 to $6
linocarrelli: raises $3 to $9
Mac-Firefox: calls $3
*** FLOP *** [6h 3c 2d]
linocarrelli: bets $3
Mac-Firefox: calls $3
*** TURN *** [6h 3c 2d] [Jd]
linocarrelli: bets $6
Mac-Firefox: raises $6 to $12
linocarrelli: raises $6 to $18
Mac-Firefox: folds
Uncalled bet ($6) returned to linocarrelli
linocarrelli collected $47.50 from pot
linocarrelli: doesn't show hand
*** SUMMARY ***
Total pot $48 | Rake $0.50
Board [6h 3c 2d Jd]
Seat 3: Mac-Firefox (button) (small blind) folded on the Turn
Seat 6: linocarrelli (big blind) collected ($47.50)


PokerStars Hand #147331355448:  Hold'em Limit ($3/$6 USD) - 2016/01/19 16:16:45 ET
Table 'Sulamitis' 6-max Seat #6 is the button
Seat 1: bodo1444 ($199.74 in chips)
Seat 6: linocarrelli ($92.57 in chips)
linocarrelli: posts small blind $1
bodo1444: posts big blind $3
*** HOLE CARDS ***
linocarrelli: raises $3 to $6
bodo1444: folds
Uncalled bet ($3) returned to linocarrelli
linocarrelli collected $6 from pot
linocarrelli: doesn't show hand
*** SUMMARY ***
Total pot $6 | Rake $0
Seat 1: bodo1444 (big blind) folded before Flop
Seat 6: linocarrelli (button) (small blind) collected ($6)


PokerStars Hand #147331345944:  Hold'em Limit ($3/$6 USD) - 2016/01/19 16:16:37 ET
Table 'Sulamitis' 6-max Seat #1 is the button
Seat 1: bodo1444 ($196.74 in chips)
Seat 6: linocarrelli ($95.57 in chips)
bodo1444: posts small blind $1
ChOfW: is sitting out
linocarrelli: posts big blind $3
*** HOLE CARDS ***
ChOfW leaves the table
bodo1444: raises $3 to $6
linocarrelli: folds
Uncalled bet ($3) returned to bodo1444
bodo1444 collected $6 from pot
bodo1444: doesn't show hand
*** SUMMARY ***
Total pot $6 | Rake $0
Seat 1: bodo1444 (button) (small blind) collected ($6)
Seat 6: linocarrelli (big blind) folded before Flop


PokerStars Hand #147331362034:  Hold'em Limit ($3/$6 USD) - 2016/01/19 16:16:51 ET
Table 'Sulamitis' 6-max Seat #1 is the button
Seat 1: bodo1444 ($196.74 in chips)
Seat 6: linocarrelli ($95.57 in chips)
bodo1444: posts small blind $1
linocarrelli: posts big blind $3
*** HOLE CARDS ***
bodo1444: raises $3 to $6
linocarrelli: raises $3 to $9
bodo1444: raises $3 to $12
Betting is capped
linocarrelli: calls $3
*** FLOP *** [Ad Ts Kc]
linocarrelli: checks
bodo1444: bets $3
linocarrelli: calls $3
*** TURN *** [Ad Ts Kc] [8h]
linocarrelli: checks
bodo1444: bets $6
linocarrelli: calls $6
*** RIVER *** [Ad Ts Kc 8h] [5s]
linocarrelli: checks
bodo1444: bets $6
linocarrelli: calls $6
*** SHOW DOWN ***
bodo1444: shows [Qc Jh] (a straight, Ten to Ace)
linocarrelli: mucks hand
bodo1444 collected $53.50 from pot
*** SUMMARY ***
Total pot $54 | Rake $0.50
Board [Ad Ts Kc 8h 5s]
Seat 1: bodo1444 (button) (small blind) showed [Qc Jh] and won ($53.50) with a straight, Ten to Ace
Seat 6: linocarrelli (big blind) mucked


PokerStars Hand #147331416048:  Hold'em Limit ($3/$6 USD) - 2016/01/19 16:17:40 ET
Table 'Sulamitis' 6-max Seat #6 is the button
Seat 1: bodo1444 ($242.74 in chips)
Seat 6: linocarrelli ($48.57 in chips)
linocarrelli: posts small blind $1
bodo1444: posts big blind $3
*** HOLE CARDS ***
linocarrelli: raises $3 to $6
bodo1444: raises $3 to $9
linocarrelli: calls $3
*** FLOP *** [Tc Jd 3c]
bodo1444: bets $3
linocarrelli: calls $3
*** TURN *** [Tc Jd 3c] [9c]
bodo1444: bets $6
linocarrelli: raises $6 to $12
bodo1444: calls $6
*** RIVER *** [Tc Jd 3c 9c] [6h]
bodo1444: checks
linocarrelli: bets $6
bodo1444: calls $6
*** SHOW DOWN ***
linocarrelli: shows [Jc 9s] (two pair, Jacks and Nines)
bodo1444: mucks hand
linocarrelli collected $59.50 from pot
*** SUMMARY ***
Total pot $60 | Rake $0.50
Board [Tc Jd 3c 9c 6h]
Seat 1: bodo1444 (big blind) mucked
Seat 6: linocarrelli (button) (small blind) showed [Jc 9s] and won ($59.50) with two pair, Jacks and Nines


PokerStars Hand #147331443234:  Hold'em Limit ($3/$6 USD) - 2016/01/19 16:18:05 ET
Table 'Sulamitis' 6-max Seat #6 is the button
Seat 1: bodo1444 ($211.74 in chips)
Seat 6: linocarrelli ($79.07 in chips)
linocarrelli: posts small blind $1
bodo1444: posts big blind $3
*** HOLE CARDS ***
linocarrelli: raises $3 to $6
bodo1444: folds
Uncalled bet ($3) returned to linocarrelli
linocarrelli collected $6 from pot
linocarrelli: doesn't show hand
*** SUMMARY ***
Total pot $6 | Rake $0
Seat 1: bodo1444 (big blind) folded before Flop
Seat 6: linocarrelli (button) (small blind) collected ($6)


PokerStars Hand #147331438051:  Hold'em Limit ($3/$6 USD) - 2016/01/19 16:18:00 ET
Table 'Sulamitis' 6-max Seat #1 is the button
Seat 1: bodo1444 ($212.74 in chips)
Seat 6: linocarrelli ($78.07 in chips)
bodo1444: posts small blind $1
linocarrelli: posts big blind $3
*** HOLE CARDS ***
bodo1444: folds
Uncalled bet ($2) returned to linocarrelli
linocarrelli collected $2 from pot
linocarrelli: doesn't show hand
*** SUMMARY ***
Total pot $2 | Rake $0
Seat 1: bodo1444 (button) (small blind) folded before Flop
Seat 6: linocarrelli (big blind) collected ($2)


PokerStars Hand #147331411073:  Hold'em Limit ($3/$6 USD) - 2016/01/19 16:17:36 ET
Table 'Sulamitis' 6-max Seat #1 is the button
Seat 1: bodo1444 ($243.74 in chips)
Seat 6: linocarrelli ($47.57 in chips)
bodo1444: posts small blind $1
linocarrelli: posts big blind $3
*** HOLE CARDS ***
bodo1444: folds
Uncalled bet ($2) returned to linocarrelli
linocarrelli collected $2 from pot
linocarrelli: doesn't show hand
*** SUMMARY ***
Total pot $2 | Rake $0
Seat 1: bodo1444 (button) (small blind) folded before Flop
Seat 6: linocarrelli (big blind) collected ($2)


PokerStars Hand #147331388692:  Hold'em Limit ($3/$6 USD) - 2016/01/19 16:17:15 ET
Table 'Sulamitis' 6-max Seat #6 is the button
Seat 1: bodo1444 ($223.24 in chips)
Seat 6: linocarrelli ($68.57 in chips)
linocarrelli: posts small blind $1
bodo1444: posts big blind $3
*** HOLE CARDS ***
linocarrelli: raises $3 to $6
bodo1444: raises $3 to $9
linocarrelli: raises $3 to $12
Betting is capped
bodo1444: calls $3
*** FLOP *** [Ad 2d Ts]
bodo1444: checks
linocarrelli: bets $3
bodo1444: calls $3
*** TURN *** [Ad 2d Ts] [8c]
bodo1444: checks
linocarrelli: bets $6
bodo1444: calls $6
*** RIVER *** [Ad 2d Ts 8c] [8h]
bodo1444: checks
linocarrelli: checks
*** SHOW DOWN ***
bodo1444: shows [9s 9h] (two pair, Nines and Eights)
linocarrelli: mucks hand
bodo1444 collected $41.50 from pot
*** SUMMARY ***
Total pot $42 | Rake $0.50
Board [Ad 2d Ts 8c 8h]
Seat 1: bodo1444 (big blind) showed [9s 9h] and won ($41.50) with two pair, Nines and Eights
Seat 6: linocarrelli (button) (small blind) mucked


PokerStars Hand #147331466649:  Hold'em Limit ($3/$6 USD) - 2016/01/19 16:18:26 ET
Table 'Sulamitis' 6-max Seat #6 is the button
Seat 1: bodo1444 ($199.74 in chips)
Seat 6: linocarrelli ($90.71 in chips)
linocarrelli: posts small blind $1
bodo1444: posts big blind $3
*** HOLE CARDS ***
linocarrelli: raises $3 to $6
bodo1444: calls $3
*** FLOP *** [5d 5s 4h]
bodo1444: checks
linocarrelli: bets $3
bodo1444: folds
Uncalled bet ($3) returned to linocarrelli
linocarrelli collected $11.76 from pot
linocarrelli: doesn't show hand
*** SUMMARY ***
Total pot $12 | Rake $0.24
Board [5d 5s 4h]
Seat 1: bodo1444 (big blind) folded on the Flop
Seat 6: linocarrelli (button) (small blind) collected ($11.76)


PokerStars Hand #147331489221:  Hold'em Limit ($3/$6 USD) - 2016/01/19 16:18:46 ET
Table 'Sulamitis' 6-max Seat #6 is the button
Seat 1: bodo1444 ($199.50 in chips)
Seat 6: linocarrelli ($90.47 in chips)
linocarrelli: posts small blind $1
bodo1444: posts big blind $3
*** HOLE CARDS ***
linocarrelli: folds
Uncalled bet ($2) returned to bodo1444
bodo1444 collected $2 from pot
bodo1444: doesn't show hand
*** SUMMARY ***
Total pot $2 | Rake $0
Seat 1: bodo1444 (big blind) collected ($2)
Seat 6: linocarrelli (button) (small blind) folded before Flop


PokerStars Hand #147331476937:  Hold'em Limit ($3/$6 USD) - 2016/01/19 16:18:35 ET
Table 'Sulamitis' 6-max Seat #1 is the button
Seat 1: bodo1444 ($193.74 in chips)
Seat 6: linocarrelli ($96.47 in chips)
bodo1444: posts small blind $1
linocarrelli: posts big blind $3
*** HOLE CARDS ***
bodo1444: raises $3 to $6
linocarrelli: calls $3
*** FLOP *** [5s Tc Kh]
linocarrelli: checks
bodo1444: bets $3
linocarrelli: folds
Uncalled bet ($3) returned to bodo1444
bodo1444 collected $11.76 from pot
bodo1444: doesn't show hand
*** SUMMARY ***
Total pot $12 | Rake $0.24
Board [5s Tc Kh]
Seat 1: bodo1444 (button) (small blind) collected ($11.76)
Seat 6: linocarrelli (big blind) folded on the Flop


PokerStars Hand #147331500028:  Hold'em Limit ($3/$6 USD) - 2016/01/19 16:18:56 ET
Table 'Sulamitis' 6-max Seat #6 is the button
Seat 1: bodo1444 ($199.50 in chips)
Seat 6: linocarrelli ($90.47 in chips)
linocarrelli: posts small blind $1
bodo1444: posts big blind $3
*** HOLE CARDS ***
linocarrelli: folds
Uncalled bet ($2) returned to bodo1444
bodo1444 collected $2 from pot
Brye54 joins the table at seat #2
bodo1444: doesn't show hand
*** SUMMARY ***
Total pot $2 | Rake $0
Seat 1: bodo1444 (big blind) collected ($2)
Seat 6: linocarrelli (button) (small blind) folded before Flop


PokerStars Hand #147331494984:  Hold'em Limit ($3/$6 USD) - 2016/01/19 16:18:52 ET
Table 'Sulamitis' 6-max Seat #1 is the button
Seat 1: bodo1444 ($200.50 in chips)
Seat 6: linocarrelli ($89.47 in chips)
bodo1444: posts small blind $1
linocarrelli: posts big blind $3
*** HOLE CARDS ***
bodo1444: folds
Uncalled bet ($2) returned to linocarrelli
linocarrelli collected $2 from pot
linocarrelli: doesn't show hand
*** SUMMARY ***
Total pot $2 | Rake $0
Seat 1: bodo1444 (button) (small blind) folded before Flop
Seat 6: linocarrelli (big blind) collected ($2)


PokerStars Hand #147331448743:  Hold'em Limit ($3/$6 USD) - 2016/01/19 16:18:10 ET
Table 'Sulamitis' 6-max Seat #1 is the button
Seat 1: bodo1444 ($208.74 in chips)
Seat 6: linocarrelli ($82.07 in chips)
bodo1444: posts small blind $1
linocarrelli: posts big blind $3
*** HOLE CARDS ***
bodo1444: raises $3 to $6
linocarrelli: calls $3
*** FLOP *** [Kd 4c 7s]
linocarrelli: checks
bodo1444: bets $3
linocarrelli: calls $3
*** TURN *** [Kd 4c 7s] [Qd]
linocarrelli: checks
bodo1444: checks
*** RIVER *** [Kd 4c 7s Qd] [Td]
linocarrelli: bets $6
bodo1444: folds
Uncalled bet ($6) returned to linocarrelli
linocarrelli collected $17.64 from pot
linocarrelli: doesn't show hand
*** SUMMARY ***
Total pot $18 | Rake $0.36
Board [Kd 4c 7s Qd Td]
Seat 1: bodo1444 (button) (small blind) folded on the River
Seat 6: linocarrelli (big blind) collected ($17.64)


PokerStars Hand #147339375442:  Hold'em Limit ($3/$6 USD) - 2016/01/19 18:31:38 ET
Table 'Sulamitis' 6-max Seat #4 is the button
Seat 4: scorpio04 ($161.07 in chips)
Seat 5: chezlaw ($144.40 in chips)
scorpio04: posts small blind $1
chezlaw: posts big blind $3
*** HOLE CARDS ***
scorpio04: folds
Uncalled bet ($2) returned to chezlaw
chezlaw collected $2 from pot
chezlaw: doesn't show hand
*** SUMMARY ***
Total pot $2 | Rake $0
Seat 4: scorpio04 (button) (small blind) folded before Flop
Seat 5: chezlaw (big blind) collected ($2)


PokerStars Hand #147339351500:  Hold'em Limit ($3/$6 USD) - 2016/01/19 18:31:09 ET
Table 'Sulamitis' 6-max Seat #5 is the button
Seat 4: scorpio04 ($167.07 in chips)
Seat 5: chezlaw ($138.64 in chips)
chezlaw: posts small blind $1
scorpio04: posts big blind $3
*** HOLE CARDS ***
chezlaw: raises $3 to $6
scorpio04: calls $3
*** FLOP *** [As 2d Js]
scorpio04: checks
chezlaw: bets $3
scorpio04: folds
Uncalled bet ($3) returned to chezlaw
chezlaw collected $11.76 from pot
chezlaw: doesn't show hand
*** SUMMARY ***
Total pot $12 | Rake $0.24
Board [As 2d Js]
Seat 4: scorpio04 (big blind) folded on the Flop
Seat 5: chezlaw (button) (small blind) collected ($11.76)


