PokerStars Hand #147751446491:  Hold'em Limit ($3/$6 USD) - 2016/01/27 3:52:10 ET
Table 'Suleika' 6-max Seat #1 is the button
Seat 1: hairy1961 ($89.14 in chips)
Seat 4: Agrotait ($63 in chips)
hairy1961: posts small blind $1
Agrotait: posts big blind $3
*** HOLE CARDS ***
hairy1961: folds
Uncalled bet ($2) returned to Agrotait
Agrotait collected $2 from pot
Agrotait: doesn't show hand
*** SUMMARY ***
Total pot $2 | Rake $0
Seat 1: hairy1961 (button) (small blind) folded before Flop
Seat 4: Agrotait (big blind) collected ($2)


PokerStars Hand #147751438930:  Hold'em Limit ($3/$6 USD) - 2016/01/27 3:51:49 ET
Table 'Suleika' 6-max Seat #4 is the button
Seat 1: hairy1961 ($80.50 in chips)
Seat 4: Agrotait ($72 in chips)
Agrotait: posts small blind $1
hairy1961: posts big blind $3
*** HOLE CARDS ***
Agrotait: raises $3 to $6
hairy1961: raises $3 to $9
Agrotait: calls $3
*** FLOP *** [6h Qs Jc]
hairy1961: bets $3
Agrotait: folds
Uncalled bet ($3) returned to hairy1961
hairy1961 collected $17.64 from pot
hairy1961: doesn't show hand
*** SUMMARY ***
Total pot $18 | Rake $0.36
Board [6h Qs Jc]
Seat 1: hairy1961 (big blind) collected ($17.64)
Seat 4: Agrotait (button) (small blind) folded on the Flop


PokerStars Hand #147751414680:  Hold'em Limit ($3/$6 USD) - 2016/01/27 3:50:44 ET
Table 'Suleika' 6-max Seat #1 is the button
Seat 1: hairy1961 ($60 in chips)
Seat 4: Agrotait ($72 in chips)
hairy1961: posts small blind $1
Agrotait: posts big blind $3
*** HOLE CARDS ***
hairy1961: raises $3 to $6
Agrotait: calls $3
*** FLOP *** [Kc 6s 2c]
Agrotait: checks
hairy1961: bets $3
Agrotait: calls $3
*** TURN *** [Kc 6s 2c] [9h]
Agrotait: checks
hairy1961: bets $6
Agrotait: calls $6
*** RIVER *** [Kc 6s 2c 9h] [8c]
Agrotait: checks
hairy1961: bets $6
Agrotait: calls $6
*** SHOW DOWN ***
hairy1961: shows [Ks Kh] (three of a kind, Kings)
Agrotait: mucks hand
hairy1961 collected $41.50 from pot
*** SUMMARY ***
Total pot $42 | Rake $0.50
Board [Kc 6s 2c 9h 8c]
Seat 1: hairy1961 (button) (small blind) showed [Ks Kh] and won ($41.50) with three of a kind, Kings
Seat 4: Agrotait (big blind) mucked


PokerStars Hand #147751448702:  Hold'em Limit ($3/$6 USD) - 2016/01/27 3:52:16 ET
Table 'Suleika' 6-max Seat #4 is the button
Seat 1: hairy1961 ($88.14 in chips)
Seat 4: Agrotait ($64 in chips)
Agrotait: posts small blind $1
hairy1961: posts big blind $3
*** HOLE CARDS ***
Agrotait: folds
Uncalled bet ($2) returned to hairy1961
hairy1961 collected $2 from pot
hairy1961: doesn't show hand
*** SUMMARY ***
Total pot $2 | Rake $0
Seat 1: hairy1961 (big blind) collected ($2)
Seat 4: Agrotait (button) (small blind) folded before Flop


PokerStars Hand #147751450642:  Hold'em Limit ($3/$6 USD) - 2016/01/27 3:52:21 ET
Table 'Suleika' 6-max Seat #1 is the button
Seat 1: hairy1961 ($89.14 in chips)
Seat 4: Agrotait ($63 in chips)
hairy1961: posts small blind $1
Agrotait: posts big blind $3
*** HOLE CARDS ***
hairy1961: raises $3 to $6
Agrotait: calls $3
*** FLOP *** [4d Kc 8c]
Agrotait: checks
hairy1961: bets $3
Agrotait: calls $3
*** TURN *** [4d Kc 8c] [Jd]
Agrotait: checks
hairy1961: bets $6
Agrotait: calls $6
*** RIVER *** [4d Kc 8c Jd] [As]
Agrotait: checks
hairy1961: checks
*** SHOW DOWN ***
Agrotait: shows [6h 4h] (a pair of Fours)
hairy1961: shows [Jc Qc] (a pair of Jacks)
hairy1961 collected $29.50 from pot
*** SUMMARY ***
Total pot $30 | Rake $0.50
Board [4d Kc 8c Jd As]
Seat 1: hairy1961 (button) (small blind) showed [Jc Qc] and won ($29.50) with a pair of Jacks
Seat 4: Agrotait (big blind) showed [6h 4h] and lost with a pair of Fours


PokerStars Hand #147751458716:  Hold'em Limit ($3/$6 USD) - 2016/01/27 3:52:43 ET
Table 'Suleika' 6-max Seat #4 is the button
Seat 1: hairy1961 ($103.64 in chips)
Seat 4: Agrotait ($72 in chips)
Agrotait: posts small blind $1
hairy1961: posts big blind $3
*** HOLE CARDS ***
Agrotait: raises $3 to $6
hairy1961: calls $3
*** FLOP *** [Tc Ad 6s]
hairy1961: checks
Agrotait: bets $3
hairy1961: raises $3 to $6
Agrotait: calls $3
*** TURN *** [Tc Ad 6s] [5h]
hairy1961: bets $6
Agrotait: calls $6
*** RIVER *** [Tc Ad 6s 5h] [9c]
hairy1961: checks
Agrotait: checks
*** SHOW DOWN ***
hairy1961: shows [Js Th] (a pair of Tens)
Agrotait: mucks hand
hairy1961 collected $35.50 from pot
*** SUMMARY ***
Total pot $36 | Rake $0.50
Board [Tc Ad 6s 5h 9c]
Seat 1: hairy1961 (big blind) showed [Js Th] and won ($35.50) with a pair of Tens
Seat 4: Agrotait (button) (small blind) mucked


PokerStars Hand #147751467720:  Hold'em Limit ($3/$6 USD) - 2016/01/27 3:53:07 ET
Table 'Suleika' 6-max Seat #1 is the button
Seat 1: hairy1961 ($121.14 in chips)
Seat 4: Agrotait ($72 in chips)
hairy1961: posts small blind $1
Agrotait: posts big blind $3
*** HOLE CARDS ***
hairy1961: folds
Uncalled bet ($2) returned to Agrotait
Agrotait collected $2 from pot
Agrotait: doesn't show hand
*** SUMMARY ***
Total pot $2 | Rake $0
Seat 1: hairy1961 (button) (small blind) folded before Flop
Seat 4: Agrotait (big blind) collected ($2)


PokerStars Hand #147751476075:  Hold'em Limit ($3/$6 USD) - 2016/01/27 3:53:29 ET
Table 'Suleika' 6-max Seat #1 is the button
Seat 1: hairy1961 ($114.14 in chips)
Seat 4: Agrotait ($78.76 in chips)
hairy1961: posts small blind $1
Agrotait: posts big blind $3
*** HOLE CARDS ***
hairy1961: folds
Uncalled bet ($2) returned to Agrotait
Agrotait collected $2 from pot
Agrotait: doesn't show hand
*** SUMMARY ***
Total pot $2 | Rake $0
Seat 1: hairy1961 (button) (small blind) folded before Flop
Seat 4: Agrotait (big blind) collected ($2)


PokerStars Hand #147751471123:  Hold'em Limit ($3/$6 USD) - 2016/01/27 3:53:16 ET
Table 'Suleika' 6-max Seat #4 is the button
Seat 1: hairy1961 ($120.14 in chips)
Seat 4: Agrotait ($73 in chips)
Agrotait: posts small blind $1
hairy1961: posts big blind $3
*** HOLE CARDS ***
Agrotait: raises $3 to $6
hairy1961: calls $3
*** FLOP *** [Td Jc Ts]
hairy1961: checks
Agrotait: bets $3
hairy1961: folds
Uncalled bet ($3) returned to Agrotait
Agrotait collected $11.76 from pot
Agrotait: doesn't show hand
*** SUMMARY ***
Total pot $12 | Rake $0.24
Board [Td Jc Ts]
Seat 1: hairy1961 (big blind) folded on the Flop
Seat 4: Agrotait (button) (small blind) collected ($11.76)


PokerStars Hand #147751478151:  Hold'em Limit ($3/$6 USD) - 2016/01/27 3:53:35 ET
Table 'Suleika' 6-max Seat #4 is the button
Seat 1: hairy1961 ($113.14 in chips)
Seat 4: Agrotait ($79.76 in chips)
Agrotait: posts small blind $1
hairy1961: posts big blind $3
*** HOLE CARDS ***
Agrotait: raises $3 to $6
hairy1961: calls $3
*** FLOP *** [Js 3s Kc]
hairy1961: bets $3
gatorblood32 joins the table at seat #2
Agrotait: folds
Uncalled bet ($3) returned to hairy1961
hairy1961 collected $11.76 from pot
hairy1961: doesn't show hand
*** SUMMARY ***
Total pot $12 | Rake $0.24
Board [Js 3s Kc]
Seat 1: hairy1961 (big blind) collected ($11.76)
Seat 4: Agrotait (button) (small blind) folded on the Flop


PokerStars Hand #147751514442:  Hold'em Limit ($3/$6 USD) - 2016/01/27 3:55:14 ET
Table 'Suleika' 6-max Seat #4 is the button
Seat 2: gatorblood32 ($100.94 in chips)
Seat 4: Agrotait ($72 in chips)
Agrotait: posts small blind $1
hairy1961: is sitting out
gatorblood32: posts big blind $3
*** HOLE CARDS ***
Agrotait: raises $3 to $6
gatorblood32: raises $3 to $9
Agrotait: calls $3
*** FLOP *** [6h 8c Qc]
gatorblood32: bets $3
Agrotait: folds
Uncalled bet ($3) returned to gatorblood32
gatorblood32 collected $17.64 from pot
*** SUMMARY ***
Total pot $18 | Rake $0.36
Board [6h 8c Qc]
Seat 2: gatorblood32 (big blind) collected ($17.64)
Seat 4: Agrotait (button) (small blind) folded on the Flop


PokerStars Hand #147751521554:  Hold'em Limit ($3/$6 USD) - 2016/01/27 3:55:37 ET
Table 'Suleika' 6-max Seat #2 is the button
Seat 2: gatorblood32 ($109.58 in chips)
Seat 4: Agrotait ($63 in chips)
gatorblood32: posts small blind $1
Agrotait: posts big blind $3
*** HOLE CARDS ***
gatorblood32: folds
Uncalled bet ($2) returned to Agrotait
Agrotait collected $2 from pot
Agrotait: doesn't show hand
*** SUMMARY ***
Total pot $2 | Rake $0
Seat 2: gatorblood32 (button) (small blind) folded before Flop
Seat 4: Agrotait (big blind) collected ($2)


PokerStars Hand #147752522422:  Hold'em Limit ($3/$6 USD) - 2016/01/27 4:37:20 ET
Table 'Suleika' 6-max Seat #4 is the button
Seat 3: Actionni13 ($150 in chips)
Seat 4: isjen. ($168.67 in chips)
isjen.: posts small blind $1
gatorblood32: is sitting out
gatorblood32 leaves the table
Actionni13: posts big blind $3
*** HOLE CARDS ***
isjen.: folds
Uncalled bet ($2) returned to Actionni13
Actionni13 collected $2 from pot
Actionni13: doesn't show hand
*** SUMMARY ***
Total pot $2 | Rake $0
Seat 3: Actionni13 (big blind) collected ($2)
Seat 4: isjen. (button) (small blind) folded before Flop


PokerStars Hand #147752538225:  Hold'em Limit ($3/$6 USD) - 2016/01/27 4:37:58 ET
Table 'Suleika' 6-max Seat #4 is the button
Seat 3: Actionni13 ($150 in chips)
Seat 4: isjen. ($173.43 in chips)
isjen.: posts small blind $1
Actionni13: posts big blind $3
*** HOLE CARDS ***
isjen.: raises $3 to $6
Actionni13: folds
Uncalled bet ($3) returned to isjen.
isjen. collected $6 from pot
isjen.: doesn't show hand
*** SUMMARY ***
Total pot $6 | Rake $0
Seat 3: Actionni13 (big blind) folded before Flop
Seat 4: isjen. (button) (small blind) collected ($6)


PokerStars Hand #147752529295:  Hold'em Limit ($3/$6 USD) - 2016/01/27 4:37:37 ET
Table 'Suleika' 6-max Seat #3 is the button
Seat 3: Actionni13 ($151 in chips)
Seat 4: isjen. ($167.67 in chips)
Actionni13: posts small blind $1
isjen.: posts big blind $3
*** HOLE CARDS ***
Actionni13: raises $3 to $6
isjen.: calls $3
*** FLOP *** [2c 5s Td]
isjen.: checks
Actionni13: checks
*** TURN *** [2c 5s Td] [6h]
isjen.: bets $6
Actionni13: folds
Uncalled bet ($6) returned to isjen.
isjen. collected $11.76 from pot
isjen.: doesn't show hand
*** SUMMARY ***
Total pot $12 | Rake $0.24
Board [2c 5s Td 6h]
Seat 3: Actionni13 (button) (small blind) folded on the Turn
Seat 4: isjen. (big blind) collected ($11.76)


PokerStars Hand #147752541191:  Hold'em Limit ($3/$6 USD) - 2016/01/27 4:38:06 ET
Table 'Suleika' 6-max Seat #3 is the button
Seat 3: Actionni13 ($150 in chips)
Seat 4: isjen. ($176.43 in chips)
Actionni13: posts small blind $1
isjen.: posts big blind $3
*** HOLE CARDS ***
Actionni13: raises $3 to $6
isjen.: raises $3 to $9
Actionni13: calls $3
*** FLOP *** [2s Js 7h]
isjen.: bets $3
Actionni13: folds
Uncalled bet ($3) returned to isjen.
isjen. collected $17.64 from pot
isjen.: doesn't show hand
*** SUMMARY ***
Total pot $18 | Rake $0.36
Board [2s Js 7h]
Seat 3: Actionni13 (button) (small blind) folded on the Flop
Seat 4: isjen. (big blind) collected ($17.64)


PokerStars Hand #147752549285:  Hold'em Limit ($3/$6 USD) - 2016/01/27 4:38:25 ET
Table 'Suleika' 6-max Seat #4 is the button
Seat 3: Actionni13 ($150 in chips)
Seat 4: isjen. ($185.07 in chips)
isjen.: posts small blind $1
Actionni13: posts big blind $3
*** HOLE CARDS ***
isjen.: raises $3 to $6
Actionni13: calls $3
*** FLOP *** [Jd 3s 6h]
Actionni13: checks
isjen.: bets $3
Actionni13: raises $3 to $6
isjen.: calls $3
*** TURN *** [Jd 3s 6h] [Jh]
Actionni13: bets $6
isjen.: calls $6
*** RIVER *** [Jd 3s 6h Jh] [9s]
Actionni13: bets $6
isjen.: calls $6
*** SHOW DOWN ***
Actionni13: shows [Jc Ts] (three of a kind, Jacks)
isjen.: mucks hand
Actionni13 collected $47.50 from pot
*** SUMMARY ***
Total pot $48 | Rake $0.50
Board [Jd 3s 6h Jh 9s]
Seat 3: Actionni13 (big blind) showed [Jc Ts] and won ($47.50) with three of a kind, Jacks
Seat 4: isjen. (button) (small blind) mucked


PokerStars Hand #147752575315:  Hold'em Limit ($3/$6 USD) - 2016/01/27 4:39:27 ET
Table 'Suleika' 6-max Seat #4 is the button
Seat 3: Actionni13 ($209 in chips)
Seat 4: isjen. ($125.07 in chips)
isjen.: posts small blind $1
Actionni13: posts big blind $3
*** HOLE CARDS ***
isjen.: folds
Uncalled bet ($2) returned to Actionni13
Actionni13 collected $2 from pot
Actionni13: doesn't show hand
*** SUMMARY ***
Total pot $2 | Rake $0
Seat 3: Actionni13 (big blind) collected ($2)
Seat 4: isjen. (button) (small blind) folded before Flop


PokerStars Hand #147752562841:  Hold'em Limit ($3/$6 USD) - 2016/01/27 4:38:57 ET
Table 'Suleika' 6-max Seat #3 is the button
Seat 3: Actionni13 ($173.50 in chips)
Seat 4: isjen. ($161.07 in chips)
Actionni13: posts small blind $1
isjen.: posts big blind $3
*** HOLE CARDS ***
Actionni13: raises $3 to $6
isjen.: raises $3 to $9
Actionni13: calls $3
*** FLOP *** [Ac 9c Jd]
isjen.: bets $3
Actionni13: calls $3
*** TURN *** [Ac 9c Jd] [5s]
isjen.: bets $6
Actionni13: raises $6 to $12
isjen.: raises $6 to $18
Actionni13: calls $6
*** RIVER *** [Ac 9c Jd 5s] [6d]
isjen.: bets $6
Actionni13: calls $6
*** SHOW DOWN ***
isjen.: shows [Kc Qc] (high card Ace)
Actionni13: shows [Ad 9s] (two pair, Aces and Nines)
Actionni13 collected $71.50 from pot
*** SUMMARY ***
Total pot $72 | Rake $0.50
Board [Ac 9c Jd 5s 6d]
Seat 3: Actionni13 (button) (small blind) showed [Ad 9s] and won ($71.50) with two pair, Aces and Nines
Seat 4: isjen. (big blind) showed [Kc Qc] and lost with high card Ace


PokerStars Hand #147752578387:  Hold'em Limit ($3/$6 USD) - 2016/01/27 4:39:34 ET
Table 'Suleika' 6-max Seat #3 is the button
Seat 3: Actionni13 ($210 in chips)
Seat 4: isjen. ($124.07 in chips)
Actionni13: posts small blind $1
isjen.: posts big blind $3
*** HOLE CARDS ***
Actionni13: raises $3 to $6
isjen.: folds
Uncalled bet ($3) returned to Actionni13
Actionni13 collected $6 from pot
Actionni13: doesn't show hand
*** SUMMARY ***
Total pot $6 | Rake $0
Seat 3: Actionni13 (button) (small blind) collected ($6)
Seat 4: isjen. (big blind) folded before Flop


PokerStars Hand #147752606309:  Hold'em Limit ($3/$6 USD) - 2016/01/27 4:40:40 ET
Table 'Suleika' 6-max Seat #4 is the button
Seat 3: Actionni13 ($232.50 in chips)
Seat 4: isjen. ($100.83 in chips)
isjen.: posts small blind $1
Actionni13: posts big blind $3
*** HOLE CARDS ***
isjen.: folds
Uncalled bet ($2) returned to Actionni13
Actionni13 collected $2 from pot
Actionni13: doesn't show hand
*** SUMMARY ***
Total pot $2 | Rake $0
Seat 3: Actionni13 (big blind) collected ($2)
Seat 4: isjen. (button) (small blind) folded before Flop


PokerStars Hand #147752593221:  Hold'em Limit ($3/$6 USD) - 2016/01/27 4:40:09 ET
Table 'Suleika' 6-max Seat #3 is the button
Seat 3: Actionni13 ($203 in chips)
Seat 4: isjen. ($130.83 in chips)
Actionni13: posts small blind $1
isjen.: posts big blind $3
*** HOLE CARDS ***
Actionni13: raises $3 to $6
isjen.: calls $3
*** FLOP *** [7h 9s 8h]
isjen.: checks
Actionni13: bets $3
isjen.: raises $3 to $6
Actionni13: calls $3
*** TURN *** [7h 9s 8h] [4s]
isjen.: bets $6
Actionni13: raises $6 to $12
isjen.: calls $6
*** RIVER *** [7h 9s 8h 4s] [Kc]
isjen.: checks
Actionni13: bets $6
isjen.: calls $6
*** SHOW DOWN ***
Actionni13: shows [Th Tc] (a pair of Tens)
isjen.: mucks hand
Actionni13 collected $59.50 from pot
*** SUMMARY ***
Total pot $60 | Rake $0.50
Board [7h 9s 8h 4s Kc]
Seat 3: Actionni13 (button) (small blind) showed [Th Tc] and won ($59.50) with a pair of Tens
Seat 4: isjen. (big blind) mucked


PokerStars Hand #147752623484:  Hold'em Limit ($3/$6 USD) - 2016/01/27 4:41:20 ET
Table 'Suleika' 6-max Seat #4 is the button
Seat 3: Actionni13 ($266 in chips)
Seat 4: isjen. ($66.83 in chips)
isjen.: posts small blind $1
Actionni13: posts big blind $3
*** HOLE CARDS ***
isjen.: folds
Uncalled bet ($2) returned to Actionni13
Actionni13 collected $2 from pot
Actionni13: doesn't show hand
*** SUMMARY ***
Total pot $2 | Rake $0
Seat 3: Actionni13 (big blind) collected ($2)
Seat 4: isjen. (button) (small blind) folded before Flop


PokerStars Hand #147752608420:  Hold'em Limit ($3/$6 USD) - 2016/01/27 4:40:45 ET
Table 'Suleika' 6-max Seat #3 is the button
Seat 3: Actionni13 ($233.50 in chips)
Seat 4: isjen. ($99.83 in chips)
Actionni13: posts small blind $1
isjen.: posts big blind $3
*** HOLE CARDS ***
Actionni13: raises $3 to $6
isjen.: calls $3
*** FLOP *** [4s 4d 9c]
isjen.: checks
Actionni13: bets $3
isjen.: calls $3
*** TURN *** [4s 4d 9c] [6c]
isjen.: checks
Actionni13: bets $6
isjen.: raises $6 to $12
Actionni13: calls $6
*** RIVER *** [4s 4d 9c 6c] [Jd]
isjen.: bets $6
Actionni13: raises $6 to $12
isjen.: calls $6
*** SHOW DOWN ***
Actionni13: shows [Js 9h] (two pair, Jacks and Nines)
isjen.: mucks hand
Actionni13 collected $65.50 from pot
*** SUMMARY ***
Total pot $66 | Rake $0.50
Board [4s 4d 9c 6c Jd]
Seat 3: Actionni13 (button) (small blind) showed [Js 9h] and won ($65.50) with two pair, Jacks and Nines
Seat 4: isjen. (big blind) mucked


PokerStars Hand #147752628287:  Hold'em Limit ($3/$6 USD) - 2016/01/27 4:41:32 ET
Table 'Suleika' 6-max Seat #4 is the button
Seat 3: Actionni13 ($266 in chips)
Seat 4: isjen. ($66.83 in chips)
isjen.: posts small blind $1
Actionni13: posts big blind $3
*** HOLE CARDS ***
isjen.: folds
Uncalled bet ($2) returned to Actionni13
Actionni13 collected $2 from pot
Actionni13: doesn't show hand
*** SUMMARY ***
Total pot $2 | Rake $0
Seat 3: Actionni13 (big blind) collected ($2)
Seat 4: isjen. (button) (small blind) folded before Flop


PokerStars Hand #147752625803:  Hold'em Limit ($3/$6 USD) - 2016/01/27 4:41:26 ET
Table 'Suleika' 6-max Seat #3 is the button
Seat 3: Actionni13 ($267 in chips)
Seat 4: isjen. ($65.83 in chips)
Actionni13: posts small blind $1
isjen.: posts big blind $3
*** HOLE CARDS ***
Actionni13: folds
Uncalled bet ($2) returned to isjen.
isjen. collected $2 from pot
isjen.: doesn't show hand
*** SUMMARY ***
Total pot $2 | Rake $0
Seat 3: Actionni13 (button) (small blind) folded before Flop
Seat 4: isjen. (big blind) collected ($2)


PokerStars Hand #147752630328:  Hold'em Limit ($3/$6 USD) - 2016/01/27 4:41:37 ET
Table 'Suleika' 6-max Seat #3 is the button
Seat 3: Actionni13 ($267 in chips)
Seat 4: isjen. ($65.83 in chips)
Actionni13: posts small blind $1
isjen.: posts big blind $3
*** HOLE CARDS ***
Actionni13: raises $3 to $6
isjen.: folds
Uncalled bet ($3) returned to Actionni13
Actionni13 collected $6 from pot
Actionni13: doesn't show hand
*** SUMMARY ***
Total pot $6 | Rake $0
Seat 3: Actionni13 (button) (small blind) collected ($6)
Seat 4: isjen. (big blind) folded before Flop


PokerStars Hand #147752652129:  Hold'em Limit ($3/$6 USD) - 2016/01/27 4:42:26 ET
Table 'Suleika' 6-max Seat #3 is the button
Seat 3: Actionni13 ($263 in chips)
Seat 4: isjen. ($69.47 in chips)
Actionni13: posts small blind $1
isjen.: posts big blind $3
*** HOLE CARDS ***
Actionni13: folds
Uncalled bet ($2) returned to isjen.
isjen. collected $2 from pot
isjen.: doesn't show hand
*** SUMMARY ***
Total pot $2 | Rake $0
Seat 3: Actionni13 (button) (small blind) folded before Flop
Seat 4: isjen. (big blind) collected ($2)


PokerStars Hand #147752649614:  Hold'em Limit ($3/$6 USD) - 2016/01/27 4:42:20 ET
Table 'Suleika' 6-max Seat #4 is the button
Seat 3: Actionni13 ($262 in chips)
Seat 4: isjen. ($70.47 in chips)
isjen.: posts small blind $1
Actionni13: posts big blind $3
*** HOLE CARDS ***
isjen.: folds
Uncalled bet ($2) returned to Actionni13
Actionni13 collected $2 from pot
Actionni13: doesn't show hand
*** SUMMARY ***
Total pot $2 | Rake $0
Seat 3: Actionni13 (big blind) collected ($2)
Seat 4: isjen. (button) (small blind) folded before Flop


PokerStars Hand #147752635971:  Hold'em Limit ($3/$6 USD) - 2016/01/27 4:41:50 ET
Table 'Suleika' 6-max Seat #3 is the button
Seat 3: Actionni13 ($271 in chips)
Seat 4: isjen. ($61.83 in chips)
Actionni13: posts small blind $1
isjen.: posts big blind $3
*** HOLE CARDS ***
Actionni13: raises $3 to $6
isjen.: calls $3
*** FLOP *** [Tc 8d Ac]
isjen.: checks
Actionni13: bets $3
isjen.: calls $3
*** TURN *** [Tc 8d Ac] [8c]
isjen.: checks
Actionni13: checks
*** RIVER *** [Tc 8d Ac 8c] [Qd]
isjen.: bets $6
Actionni13: folds
Uncalled bet ($6) returned to isjen.
isjen. collected $17.64 from pot
isjen.: doesn't show hand
*** SUMMARY ***
Total pot $18 | Rake $0.36
Board [Tc 8d Ac 8c Qd]
Seat 3: Actionni13 (button) (small blind) folded on the River
Seat 4: isjen. (big blind) collected ($17.64)


PokerStars Hand #147752633726:  Hold'em Limit ($3/$6 USD) - 2016/01/27 4:41:45 ET
Table 'Suleika' 6-max Seat #4 is the button
Seat 3: Actionni13 ($270 in chips)
Seat 4: isjen. ($62.83 in chips)
isjen.: posts small blind $1
Actionni13: posts big blind $3
*** HOLE CARDS ***
isjen.: folds
Uncalled bet ($2) returned to Actionni13
Actionni13 collected $2 from pot
Actionni13: doesn't show hand
*** SUMMARY ***
Total pot $2 | Rake $0
Seat 3: Actionni13 (big blind) collected ($2)
Seat 4: isjen. (button) (small blind) folded before Flop


PokerStars Hand #147752664447:  Hold'em Limit ($3/$6 USD) - 2016/01/27 4:42:55 ET
Table 'Suleika' 6-max Seat #3 is the button
Seat 3: Actionni13 ($273.52 in chips)
Seat 4: isjen. ($58.47 in chips)
Actionni13: posts small blind $1
isjen.: posts big blind $3
*** HOLE CARDS ***
Actionni13: raises $3 to $6
isjen.: calls $3
*** FLOP *** [Qc Td 2h]
isjen.: checks
Actionni13: bets $3
isjen.: raises $3 to $6
Actionni13: folds
Uncalled bet ($3) returned to isjen.
isjen. collected $17.64 from pot
isjen.: doesn't show hand
*** SUMMARY ***
Total pot $18 | Rake $0.36
Board [Qc Td 2h]
Seat 3: Actionni13 (button) (small blind) folded on the Flop
Seat 4: isjen. (big blind) collected ($17.64)


PokerStars Hand #147752655055:  Hold'em Limit ($3/$6 USD) - 2016/01/27 4:42:33 ET
Table 'Suleika' 6-max Seat #4 is the button
Seat 3: Actionni13 ($262 in chips)
Seat 4: isjen. ($70.47 in chips)
isjen.: posts small blind $1
Actionni13: posts big blind $3
*** HOLE CARDS ***
isjen.: raises $3 to $6
Paulllchen joins the table at seat #2
Actionni13: raises $3 to $9
isjen.: calls $3
*** FLOP *** [6c 7c 5d]
Actionni13: bets $3
isjen.: calls $3
*** TURN *** [6c 7c 5d] [8s]
Actionni13: bets $6
isjen.: folds
Uncalled bet ($6) returned to Actionni13
Actionni13 collected $23.52 from pot
Actionni13: doesn't show hand
*** SUMMARY ***
Total pot $24 | Rake $0.48
Board [6c 7c 5d 8s]
Seat 3: Actionni13 (big blind) collected ($23.52)
Seat 4: isjen. (button) (small blind) folded on the Turn


PokerStars Hand #147752755328:  Hold'em Limit ($3/$6 USD) - 2016/01/27 4:46:23 ET
Table 'Suleika' 6-max Seat #2 is the button
Seat 2: Paulllchen ($111.28 in chips)
Seat 3: Actionni13 ($334.71 in chips)
Paulllchen: posts small blind $1
Actionni13: posts big blind $3
*** HOLE CARDS ***
Paulllchen: raises $3 to $6
Actionni13: raises $3 to $9
Paulllchen: calls $3
*** FLOP *** [8h 5s Js]
Actionni13: bets $3
Paulllchen: calls $3
*** TURN *** [8h 5s Js] [Ts]
Actionni13: bets $6
Paulllchen: calls $6
*** RIVER *** [8h 5s Js Ts] [Tc]
Actionni13: bets $6
Paulllchen: calls $6
*** SHOW DOWN ***
Actionni13: shows [9s 9h] (two pair, Tens and Nines)
Paulllchen: mucks hand
Actionni13 collected $47.50 from pot
*** SUMMARY ***
Total pot $48 | Rake $0.50
Board [8h 5s Js Ts Tc]
Seat 2: Paulllchen (button) (small blind) mucked
Seat 3: Actionni13 (big blind) showed [9s 9h] and won ($47.50) with two pair, Tens and Nines


PokerStars Hand #147754436166:  Hold'em Limit ($3/$6 USD) - 2016/01/27 5:45:38 ET
Table 'Suleika' 6-max Seat #5 is the button
Seat 3: olavike ($118.23 in chips)
Seat 5: belik555 ($152.58 in chips)
belik555: posts small blind $1
TbIP-TbIP 88: is sitting out
olavike: posts big blind $3
*** HOLE CARDS ***
belik555: raises $3 to $6
olavike: raises $3 to $9
belik555: calls $3
*** FLOP *** [Th Qc Jh]
olavike: bets $3
belik555: calls $3
*** TURN *** [Th Qc Jh] [5h]
olavike: bets $6
belik555: calls $6
*** RIVER *** [Th Qc Jh 5h] [Ts]
olavike: bets $6
belik555: calls $6
*** SHOW DOWN ***
olavike: shows [Qh Ks] (two pair, Queens and Tens)
belik555: mucks hand
olavike collected $47.50 from pot
*** SUMMARY ***
Total pot $48 | Rake $0.50
Board [Th Qc Jh 5h Ts]
Seat 3: olavike (big blind) showed [Qh Ks] and won ($47.50) with two pair, Queens and Tens
Seat 5: belik555 (button) (small blind) mucked


PokerStars Hand #147754457056:  Hold'em Limit ($3/$6 USD) - 2016/01/27 5:46:19 ET
Table 'Suleika' 6-max Seat #3 is the button
Seat 3: olavike ($141.73 in chips)
Seat 5: belik555 ($128.58 in chips)
olavike: posts small blind $1
belik555: posts big blind $3
*** HOLE CARDS ***
olavike: raises $3 to $6
belik555: calls $3
*** FLOP *** [9c Qd 2c]
Actionni13 leaves the table
belik555: bets $3
olavike: raises $3 to $6
belik555: calls $3
*** TURN *** [9c Qd 2c] [3d]
belik555: checks
olavike: bets $6
belik555: calls $6
*** RIVER *** [9c Qd 2c 3d] [Tc]
belik555: checks
olavike: bets $6
belik555: calls $6
*** SHOW DOWN ***
olavike: shows [9s Th] (two pair, Tens and Nines)
belik555: mucks hand
olavike collected $47.50 from pot
*** SUMMARY ***
Total pot $48 | Rake $0.50
Board [9c Qd 2c 3d Tc]
Seat 3: olavike (button) (small blind) showed [9s Th] and won ($47.50) with two pair, Tens and Nines
Seat 5: belik555 (big blind) mucked


