PokerStars Hand #170051814163:  Hold'em Limit ($3/$6 USD) - 2017/05/06 17:35:19 ET
Table 'Suleika' 6-max Seat #5 is the button
Seat 3: sonartec ($133.52 in chips)
Seat 5: GoliafUa ($106 in chips)
GoliafUa: posts small blind $1
sonartec: posts big blind $3
*** HOLE CARDS ***
GoliafUa: raises $3 to $6
sonartec: calls $3
*** FLOP *** [Td Jd Js]
sonartec: checks
GoliafUa: bets $3
sonartec: folds
Uncalled bet ($3) returned to GoliafUa
GoliafUa collected $11.76 from pot
GoliafUa: doesn't show hand
*** SUMMARY ***
Total pot $12 | Rake $0.24
Board [Td Jd Js]
Seat 3: sonartec (big blind) folded on the Flop
Seat 5: GoliafUa (button) (small blind) collected ($11.76)


PokerStars Hand #170051825267:  Hold'em Limit ($3/$6 USD) - 2017/05/06 17:35:34 ET
Table 'Suleika' 6-max Seat #3 is the button
Seat 3: sonartec ($127.52 in chips)
Seat 5: GoliafUa ($111.76 in chips)
sonartec: posts small blind $1
GoliafUa: posts big blind $3
*** HOLE CARDS ***
sonartec: raises $3 to $6
GoliafUa: raises $3 to $9
sonartec: raises $3 to $12
Betting is capped
GoliafUa: calls $3
*** FLOP *** [Ad 5c 4s]
GoliafUa: bets $3
sonartec: raises $3 to $6
GoliafUa: raises $3 to $9
sonartec: raises $3 to $12
Betting is capped
GoliafUa: calls $3
*** TURN *** [Ad 5c 4s] [4c]
GoliafUa: bets $6
sonartec: raises $6 to $12
GoliafUa: calls $6
*** RIVER *** [Ad 5c 4s 4c] [Jc]
GoliafUa: checks
sonartec: bets $6
GoliafUa: calls $6
*** SHOW DOWN ***
sonartec: shows [Ac Qc] (a flush, Ace high)
GoliafUa: mucks hand
sonartec collected $83.50 from pot
*** SUMMARY ***
Total pot $84 | Rake $0.50
Board [Ad 5c 4s 4c Jc]
Seat 3: sonartec (button) (small blind) showed [Ac Qc] and won ($83.50) with a flush, Ace high
Seat 5: GoliafUa (big blind) mucked


PokerStars Hand #170051842660:  Hold'em Limit ($3/$6 USD) - 2017/05/06 17:35:56 ET
Table 'Suleika' 6-max Seat #5 is the button
Seat 3: sonartec ($169.02 in chips)
Seat 5: GoliafUa ($129.76 in chips)
GoliafUa: posts small blind $1
sonartec: posts big blind $3
*** HOLE CARDS ***
GoliafUa: raises $3 to $6
sonartec: raises $3 to $9
GoliafUa: calls $3
*** FLOP *** [4h Kd 6h]
sonartec: bets $3
GoliafUa: calls $3
*** TURN *** [4h Kd 6h] [8h]
sonartec: bets $6
GoliafUa: calls $6
*** RIVER *** [4h Kd 6h 8h] [8c]
sonartec: bets $6
GoliafUa: folds
Uncalled bet ($6) returned to sonartec
sonartec collected $35.50 from pot
sonartec: doesn't show hand
*** SUMMARY ***
Total pot $36 | Rake $0.50
Board [4h Kd 6h 8h 8c]
Seat 3: sonartec (big blind) collected ($35.50)
Seat 5: GoliafUa (button) (small blind) folded on the River


PokerStars Hand #170051867786:  Hold'em Limit ($3/$6 USD) - 2017/05/06 17:36:28 ET
Table 'Suleika' 6-max Seat #5 is the button
Seat 3: sonartec ($195.16 in chips)
Seat 5: GoliafUa ($162.76 in chips)
GoliafUa: posts small blind $1
sonartec: posts big blind $3
*** HOLE CARDS ***
GoliafUa: raises $3 to $6
sonartec: calls $3
*** FLOP *** [7d 7h 2c]
sonartec: checks
GoliafUa: bets $3
sonartec: folds
Uncalled bet ($3) returned to GoliafUa
GoliafUa collected $11.76 from pot
GoliafUa: doesn't show hand
*** SUMMARY ***
Total pot $12 | Rake $0.24
Board [7d 7h 2c]
Seat 3: sonartec (big blind) folded on the Flop
Seat 5: GoliafUa (button) (small blind) collected ($11.76)


PokerStars Hand #170051877029:  Hold'em Limit ($3/$6 USD) - 2017/05/06 17:36:39 ET
Table 'Suleika' 6-max Seat #3 is the button
Seat 3: sonartec ($189.16 in chips)
Seat 5: GoliafUa ($168.52 in chips)
sonartec: posts small blind $1
GoliafUa: posts big blind $3
*** HOLE CARDS ***
sonartec: raises $3 to $6
GoliafUa: folds
Uncalled bet ($3) returned to sonartec
sonartec collected $6 from pot
sonartec: doesn't show hand
*** SUMMARY ***
Total pot $6 | Rake $0
Seat 3: sonartec (button) (small blind) collected ($6)
Seat 5: GoliafUa (big blind) folded before Flop


PokerStars Hand #170051882961:  Hold'em Limit ($3/$6 USD) - 2017/05/06 17:36:47 ET
Table 'Suleika' 6-max Seat #5 is the button
Seat 3: sonartec ($192.16 in chips)
Seat 5: GoliafUa ($165.52 in chips)
GoliafUa: posts small blind $1
sonartec: posts big blind $3
*** HOLE CARDS ***
GoliafUa: raises $3 to $6
sonartec: calls $3
*** FLOP *** [Ah 9c 9h]
sonartec: checks
GoliafUa: bets $3
sonartec: folds
Uncalled bet ($3) returned to GoliafUa
GoliafUa collected $11.76 from pot
GoliafUa: doesn't show hand
*** SUMMARY ***
Total pot $12 | Rake $0.24
Board [Ah 9c 9h]
Seat 3: sonartec (big blind) folded on the Flop
Seat 5: GoliafUa (button) (small blind) collected ($11.76)


PokerStars Hand #170051893134:  Hold'em Limit ($3/$6 USD) - 2017/05/06 17:37:00 ET
Table 'Suleika' 6-max Seat #3 is the button
Seat 3: sonartec ($186.16 in chips)
Seat 5: GoliafUa ($171.28 in chips)
sonartec: posts small blind $1
GoliafUa: posts big blind $3
*** HOLE CARDS ***
sonartec: raises $3 to $6
GoliafUa: folds
Uncalled bet ($3) returned to sonartec
sonartec collected $6 from pot
sonartec: doesn't show hand
*** SUMMARY ***
Total pot $6 | Rake $0
Seat 3: sonartec (button) (small blind) collected ($6)
Seat 5: GoliafUa (big blind) folded before Flop


PokerStars Hand #170051898707:  Hold'em Limit ($3/$6 USD) - 2017/05/06 17:37:07 ET
Table 'Suleika' 6-max Seat #5 is the button
Seat 3: sonartec ($189.16 in chips)
Seat 5: GoliafUa ($168.28 in chips)
GoliafUa: posts small blind $1
sonartec: posts big blind $3
*** HOLE CARDS ***
GoliafUa: raises $3 to $6
sonartec: raises $3 to $9
GoliafUa: calls $3
*** FLOP *** [Ts 8d 4d]
sonartec: bets $3
GoliafUa: calls $3
*** TURN *** [Ts 8d 4d] [8c]
sonartec: bets $6
GoliafUa: calls $6
*** RIVER *** [Ts 8d 4d 8c] [Qh]
sonartec: checks
GoliafUa: checks
*** SHOW DOWN ***
sonartec: shows [Ac 3s] (a pair of Eights)
GoliafUa: mucks hand
sonartec collected $35.50 from pot
*** SUMMARY ***
Total pot $36 | Rake $0.50
Board [Ts 8d 4d 8c Qh]
Seat 3: sonartec (big blind) showed [Ac 3s] and won ($35.50) with a pair of Eights
Seat 5: GoliafUa (button) (small blind) mucked


PokerStars Hand #170051929023:  Hold'em Limit ($3/$6 USD) - 2017/05/06 17:37:46 ET
Table 'Suleika' 6-max Seat #3 is the button
Seat 3: sonartec ($235.16 in chips)
Seat 5: GoliafUa ($121.28 in chips)
sonartec: posts small blind $1
GoliafUa: posts big blind $3
*** HOLE CARDS ***
sonartec: raises $3 to $6
GoliafUa: calls $3
*** FLOP *** [4h 9c Ac]
GoliafUa: checks
sonartec: bets $3
GoliafUa: raises $3 to $6
sonartec: calls $3
*** TURN *** [4h 9c Ac] [Qs]
GoliafUa: bets $6
sonartec: calls $6
*** RIVER *** [4h 9c Ac Qs] [Js]
GoliafUa: bets $6
sonartec: calls $6
*** SHOW DOWN ***
GoliafUa: shows [4d As] (two pair, Aces and Fours)
sonartec: mucks hand
GoliafUa collected $47.50 from pot
*** SUMMARY ***
Total pot $48 | Rake $0.50
Board [4h 9c Ac Qs Js]
Seat 3: sonartec (button) (small blind) mucked
Seat 5: GoliafUa (big blind) showed [4d As] and won ($47.50) with two pair, Aces and Fours


PokerStars Hand #170051910869:  Hold'em Limit ($3/$6 USD) - 2017/05/06 17:37:23 ET
Table 'Suleika' 6-max Seat #3 is the button
Seat 3: sonartec ($206.66 in chips)
Seat 5: GoliafUa ($150.28 in chips)
sonartec: posts small blind $1
GoliafUa: posts big blind $3
*** HOLE CARDS ***
sonartec: folds
Uncalled bet ($2) returned to GoliafUa
GoliafUa collected $2 from pot
GoliafUa: doesn't show hand
*** SUMMARY ***
Total pot $2 | Rake $0
Seat 3: sonartec (button) (small blind) folded before Flop
Seat 5: GoliafUa (big blind) collected ($2)


PokerStars Hand #170051915247:  Hold'em Limit ($3/$6 USD) - 2017/05/06 17:37:28 ET
Table 'Suleika' 6-max Seat #5 is the button
Seat 3: sonartec ($205.66 in chips)
Seat 5: GoliafUa ($151.28 in chips)
GoliafUa: posts small blind $1
sonartec: posts big blind $3
*** HOLE CARDS ***
GoliafUa: raises $3 to $6
sonartec: raises $3 to $9
GoliafUa: calls $3
*** FLOP *** [2h 4s 2d]
sonartec: bets $3
GoliafUa: calls $3
*** TURN *** [2h 4s 2d] [Qd]
sonartec: bets $6
GoliafUa: calls $6
*** RIVER *** [2h 4s 2d Qd] [5d]
sonartec: checks
GoliafUa: bets $6
sonartec: raises $6 to $12
GoliafUa: calls $6
*** SHOW DOWN ***
sonartec: shows [Kc Qh] (two pair, Queens and Deuces)
GoliafUa: mucks hand
sonartec collected $59.50 from pot
*** SUMMARY ***
Total pot $60 | Rake $0.50
Board [2h 4s 2d Qd 5d]
Seat 3: sonartec (big blind) showed [Kc Qh] and won ($59.50) with two pair, Queens and Deuces
Seat 5: GoliafUa (button) (small blind) mucked


PokerStars Hand #170051946381:  Hold'em Limit ($3/$6 USD) - 2017/05/06 17:38:08 ET
Table 'Suleika' 6-max Seat #5 is the button
Seat 3: sonartec ($211.16 in chips)
Seat 5: GoliafUa ($144.78 in chips)
GoliafUa: posts small blind $1
sonartec: posts big blind $3
*** HOLE CARDS ***
GoliafUa: folds
Uncalled bet ($2) returned to sonartec
sonartec collected $2 from pot
sonartec: doesn't show hand
*** SUMMARY ***
Total pot $2 | Rake $0
Seat 3: sonartec (big blind) collected ($2)
Seat 5: GoliafUa (button) (small blind) folded before Flop


PokerStars Hand #170051953884:  Hold'em Limit ($3/$6 USD) - 2017/05/06 17:38:18 ET
Table 'Suleika' 6-max Seat #3 is the button
Seat 3: sonartec ($212.16 in chips)
Seat 5: GoliafUa ($143.78 in chips)
sonartec: posts small blind $1
GoliafUa: posts big blind $3
*** HOLE CARDS ***
sonartec: raises $3 to $6
GoliafUa: raises $3 to $9
sonartec: calls $3
*** FLOP *** [2c 5d 2d]
GoliafUa: bets $3
sonartec: calls $3
*** TURN *** [2c 5d 2d] [Th]
GoliafUa: bets $6
sonartec: calls $6
*** RIVER *** [2c 5d 2d Th] [3c]
GoliafUa: bets $6
sonartec: raises $6 to $12
GoliafUa: folds
Uncalled bet ($6) returned to sonartec
sonartec collected $47.50 from pot
sonartec: doesn't show hand
*** SUMMARY ***
Total pot $48 | Rake $0.50
Board [2c 5d 2d Th 3c]
Seat 3: sonartec (button) (small blind) collected ($47.50)
Seat 5: GoliafUa (big blind) folded on the River


PokerStars Hand #170051969555:  Hold'em Limit ($3/$6 USD) - 2017/05/06 17:38:38 ET
Table 'Suleika' 6-max Seat #5 is the button
Seat 3: sonartec ($235.66 in chips)
Seat 5: GoliafUa ($119.78 in chips)
GoliafUa: posts small blind $1
sonartec: posts big blind $3
*** HOLE CARDS ***
GoliafUa: raises $3 to $6
sonartec: raises $3 to $9
GoliafUa: raises $3 to $12
Betting is capped
sonartec: calls $3
*** FLOP *** [4s 3c 2h]
sonartec: checks
GoliafUa: bets $3
sonartec: calls $3
*** TURN *** [4s 3c 2h] [4h]
sonartec: checks
GoliafUa: bets $6
sonartec: calls $6
*** RIVER *** [4s 3c 2h 4h] [3d]
sonartec: checks
GoliafUa: bets $6
sonartec: calls $6
*** SHOW DOWN ***
GoliafUa: shows [Kc Kh] (two pair, Kings and Fours)
sonartec: mucks hand
GoliafUa collected $53.50 from pot
*** SUMMARY ***
Total pot $54 | Rake $0.50
Board [4s 3c 2h 4h 3d]
Seat 3: sonartec (big blind) mucked
Seat 5: GoliafUa (button) (small blind) showed [Kc Kh] and won ($53.50) with two pair, Kings and Fours


PokerStars Hand #170051998347:  Hold'em Limit ($3/$6 USD) - 2017/05/06 17:39:15 ET
Table 'Suleika' 6-max Seat #3 is the button
Seat 3: sonartec ($208.66 in chips)
Seat 5: GoliafUa ($146.28 in chips)
sonartec: posts small blind $1
GoliafUa: posts big blind $3
*** HOLE CARDS ***
sonartec: raises $3 to $6
GoliafUa: folds
Uncalled bet ($3) returned to sonartec
sonartec collected $6 from pot
*** SUMMARY ***
Total pot $6 | Rake $0
Seat 3: sonartec (button) (small blind) collected ($6)
Seat 5: GoliafUa (big blind) folded before Flop


PokerStars Hand #170052006863:  Hold'em Limit ($3/$6 USD) - 2017/05/06 17:39:26 ET
Table 'Suleika' 6-max Seat #5 is the button
Seat 3: sonartec ($211.66 in chips)
Seat 5: GoliafUa ($143.28 in chips)
GoliafUa: posts small blind $1
sonartec: posts big blind $3
*** HOLE CARDS ***
GoliafUa: raises $3 to $6
sonartec: raises $3 to $9
GoliafUa: calls $3
*** FLOP *** [7h Ad 7c]
sonartec: bets $3
GoliafUa: calls $3
*** TURN *** [7h Ad 7c] [3d]
sonartec: bets $6
GoliafUa: calls $6
*** RIVER *** [7h Ad 7c 3d] [As]
sonartec: bets $6
GoliafUa: folds
Uncalled bet ($6) returned to sonartec
sonartec collected $35.50 from pot
sonartec: doesn't show hand
*** SUMMARY ***
Total pot $36 | Rake $0.50
Board [7h Ad 7c 3d As]
Seat 3: sonartec (big blind) collected ($35.50)
Seat 5: GoliafUa (button) (small blind) folded on the River


PokerStars Hand #170052020885:  Hold'em Limit ($3/$6 USD) - 2017/05/06 17:39:44 ET
Table 'Suleika' 6-max Seat #3 is the button
Seat 3: sonartec ($229.16 in chips)
Seat 5: GoliafUa ($125.28 in chips)
sonartec: posts small blind $1
GoliafUa: posts big blind $3
*** HOLE CARDS ***
sonartec: raises $3 to $6
GoliafUa: folds
Uncalled bet ($3) returned to sonartec
sonartec collected $6 from pot
sonartec: doesn't show hand
*** SUMMARY ***
Total pot $6 | Rake $0
Seat 3: sonartec (button) (small blind) collected ($6)
Seat 5: GoliafUa (big blind) folded before Flop


PokerStars Hand #170052029678:  Hold'em Limit ($3/$6 USD) - 2017/05/06 17:39:55 ET
Table 'Suleika' 6-max Seat #5 is the button
Seat 3: sonartec ($232.16 in chips)
Seat 5: GoliafUa ($122.28 in chips)
GoliafUa: posts small blind $1
sonartec: posts big blind $3
*** HOLE CARDS ***
GoliafUa: raises $3 to $6
sonartec: folds
Uncalled bet ($3) returned to GoliafUa
GoliafUa collected $6 from pot
GoliafUa: doesn't show hand
*** SUMMARY ***
Total pot $6 | Rake $0
Seat 3: sonartec (big blind) folded before Flop
Seat 5: GoliafUa (button) (small blind) collected ($6)


PokerStars Hand #170052035120:  Hold'em Limit ($3/$6 USD) - 2017/05/06 17:40:02 ET
Table 'Suleika' 6-max Seat #3 is the button
Seat 3: sonartec ($229.16 in chips)
Seat 5: GoliafUa ($125.28 in chips)
sonartec: posts small blind $1
GoliafUa: posts big blind $3
*** HOLE CARDS ***
sonartec: raises $3 to $6
GoliafUa: raises $3 to $9
sonartec: calls $3
*** FLOP *** [Ac 4d 9h]
GoliafUa: bets $3
sonartec: calls $3
*** TURN *** [Ac 4d 9h] [4s]
GoliafUa: bets $6
sonartec: raises $6 to $12
GoliafUa: folds
Uncalled bet ($6) returned to sonartec
sonartec collected $35.50 from pot
sonartec: doesn't show hand
*** SUMMARY ***
Total pot $36 | Rake $0.50
Board [Ac 4d 9h 4s]
Seat 3: sonartec (button) (small blind) collected ($35.50)
Seat 5: GoliafUa (big blind) folded on the Turn


PokerStars Hand #170052088118:  Hold'em Limit ($3/$6 USD) - 2017/05/06 17:41:04 ET
Table 'Suleika' 6-max Seat #3 is the button
Seat 3: sonartec ($248.30 in chips)
Seat 5: GoliafUa ($105.04 in chips)
sonartec: posts small blind $1
GoliafUa: posts big blind $3
*** HOLE CARDS ***
turtlespit joins the table at seat #6
sonartec: raises $3 to $6
GoliafUa: raises $3 to $9
sonartec: calls $3
*** FLOP *** [9c 3h 5h]
GoliafUa: bets $3
sonartec: calls $3
*** TURN *** [9c 3h 5h] [Qh]
GoliafUa: checks
sonartec: checks
*** RIVER *** [9c 3h 5h Qh] [5d]
GoliafUa: checks
sonartec: bets $6
GoliafUa: calls $6
*** SHOW DOWN ***
sonartec: shows [5c Ks] (three of a kind, Fives)
GoliafUa: mucks hand
sonartec collected $35.50 from pot
*** SUMMARY ***
Total pot $36 | Rake $0.50
Board [9c 3h 5h Qh 5d]
Seat 3: sonartec (button) (small blind) showed [5c Ks] and won ($35.50) with three of a kind, Fives
Seat 5: GoliafUa (big blind) mucked


PokerStars Hand #170052054767:  Hold'em Limit ($3/$6 USD) - 2017/05/06 17:40:21 ET
Table 'Suleika' 6-max Seat #5 is the button
Seat 3: sonartec ($246.66 in chips)
Seat 5: GoliafUa ($107.28 in chips)
GoliafUa: posts small blind $1
sonartec: posts big blind $3
*** HOLE CARDS ***
GoliafUa: raises $3 to $6
sonartec: calls $3
*** FLOP *** [Jd 6s Ac]
sonartec: checks
GoliafUa: bets $3
sonartec: raises $3 to $6
GoliafUa: folds
Uncalled bet ($3) returned to sonartec
sonartec collected $17.64 from pot
sonartec: doesn't show hand
*** SUMMARY ***
Total pot $18 | Rake $0.36
Board [Jd 6s Ac]
Seat 3: sonartec (big blind) collected ($17.64)
Seat 5: GoliafUa (button) (small blind) folded on the Flop


PokerStars Hand #170052065317:  Hold'em Limit ($3/$6 USD) - 2017/05/06 17:40:35 ET
Table 'Suleika' 6-max Seat #3 is the button
Seat 3: sonartec ($255.30 in chips)
Seat 5: GoliafUa ($98.28 in chips)
sonartec: posts small blind $1
GoliafUa: posts big blind $3
*** HOLE CARDS ***
sonartec: folds
Uncalled bet ($2) returned to GoliafUa
GoliafUa collected $2 from pot
GoliafUa: doesn't show hand
*** SUMMARY ***
Total pot $2 | Rake $0
Seat 3: sonartec (button) (small blind) folded before Flop
Seat 5: GoliafUa (big blind) collected ($2)


PokerStars Hand #170052069581:  Hold'em Limit ($3/$6 USD) - 2017/05/06 17:40:40 ET
Table 'Suleika' 6-max Seat #5 is the button
Seat 3: sonartec ($254.30 in chips)
Seat 5: GoliafUa ($99.28 in chips)
GoliafUa: posts small blind $1
sonartec: posts big blind $3
*** HOLE CARDS ***
GoliafUa: raises $3 to $6
sonartec: calls $3
*** FLOP *** [5h 8d 8c]
sonartec: checks
GoliafUa: bets $3
sonartec: folds
Uncalled bet ($3) returned to GoliafUa
GoliafUa collected $11.76 from pot
GoliafUa: doesn't show hand
*** SUMMARY ***
Total pot $12 | Rake $0.24
Board [5h 8d 8c]
Seat 3: sonartec (big blind) folded on the Flop
Seat 5: GoliafUa (button) (small blind) collected ($11.76)


PokerStars Hand #170052816281:  Hold'em Limit ($3/$6 USD) - 2017/05/06 17:57:19 ET
Table 'Suleika' 6-max Seat #1 is the button
Seat 1: EVBET ($131.11 in chips)
Seat 4: newguy00 ($136.39 in chips)
EVBET: posts small blind $1
newguy00: posts big blind $3
*** HOLE CARDS ***
turtlespit leaves the table
EVBET: raises $3 to $6
newguy00: calls $3
*** FLOP *** [Ts 4c Jc]
newguy00: checks
EVBET: bets $3
newguy00: calls $3
*** TURN *** [Ts 4c Jc] [9d]
newguy00: checks
EVBET: bets $6
newguy00: calls $6
*** RIVER *** [Ts 4c Jc 9d] [6d]
newguy00: checks
EVBET: checks
*** SHOW DOWN ***
newguy00: shows [9s 2d] (a pair of Nines)
EVBET: mucks hand
newguy00 collected $29.50 from pot
*** SUMMARY ***
Total pot $30 | Rake $0.50
Board [Ts 4c Jc 9d 6d]
Seat 1: EVBET (button) (small blind) mucked
Seat 4: newguy00 (big blind) showed [9s 2d] and won ($29.50) with a pair of Nines


PokerStars Hand #170052842546:  Hold'em Limit ($3/$6 USD) - 2017/05/06 17:58:00 ET
Table 'Suleika' 6-max Seat #4 is the button
Seat 1: EVBET ($116.11 in chips)
Seat 4: newguy00 ($150.89 in chips)
newguy00: posts small blind $1
EVBET: posts big blind $3
*** HOLE CARDS ***
newguy00: calls $2
EVBET: checks
*** FLOP *** [7c Jd 2c]
EVBET: checks
newguy00: bets $3
EVBET: calls $3
*** TURN *** [7c Jd 2c] [Kh]
EVBET: checks
newguy00: bets $6
EVBET: raises $6 to $12
newguy00: folds
Uncalled bet ($6) returned to EVBET
EVBET collected $23.52 from pot
EVBET: doesn't show hand
newguy00 leaves the table
*** SUMMARY ***
Total pot $24 | Rake $0.48
Board [7c Jd 2c Kh]
Seat 1: EVBET (big blind) collected ($23.52)
Seat 4: newguy00 (button) (small blind) folded on the Turn


