PokerStars Hand #151992419854:  Hold'em Limit ($3/$6 USD) - 2016/04/16 8:43:17 ET
Table 'Suleika II' 10-max Seat #10 is the button
Seat 7: VolkovDmitri ($120 in chips)
Seat 10: grek34 ($103.14 in chips)
grek34: posts small blind $1
VolkovDmitri: posts big blind $3
*** HOLE CARDS ***
grek34: folds
Uncalled bet ($2) returned to VolkovDmitri
VolkovDmitri collected $2 from pot
VolkovDmitri: doesn't show hand
*** SUMMARY ***
Total pot $2 | Rake $0
Seat 7: VolkovDmitri (big blind) collected ($2)
Seat 10: grek34 (button) (small blind) folded before Flop


PokerStars Hand #151992450261:  Hold'em Limit ($3/$6 USD) - 2016/04/16 8:44:09 ET
Table 'Suleika II' 10-max Seat #10 is the button
Seat 7: VolkovDmitri ($120 in chips)
Seat 10: grek34 ($113.66 in chips)
grek34: posts small blind $1
VolkovDmitri: posts big blind $3
*** HOLE CARDS ***
grek34: raises $3 to $6
VolkovDmitri: calls $3
*** FLOP *** [Qd 3s 6d]
VolkovDmitri: checks
grek34: checks
*** TURN *** [Qd 3s 6d] [Ah]
VolkovDmitri: checks
grek34: bets $6
VolkovDmitri: folds
Uncalled bet ($6) returned to grek34
grek34 collected $11.76 from pot
*** SUMMARY ***
Total pot $12 | Rake $0.24
Board [Qd 3s 6d Ah]
Seat 7: VolkovDmitri (big blind) folded on the Turn
Seat 10: grek34 (button) (small blind) collected ($11.76)


PokerStars Hand #151992429185:  Hold'em Limit ($3/$6 USD) - 2016/04/16 8:43:33 ET
Table 'Suleika II' 10-max Seat #7 is the button
Seat 7: VolkovDmitri ($121 in chips)
Seat 10: grek34 ($102.14 in chips)
VolkovDmitri: posts small blind $1
grek34: posts big blind $3
*** HOLE CARDS ***
VolkovDmitri: raises $3 to $6
grek34: calls $3
*** FLOP *** [9h 5h Ad]
grek34: checks
VolkovDmitri: bets $3
grek34: raises $3 to $6
VolkovDmitri: calls $3
*** TURN *** [9h 5h Ad] [2s]
grek34: bets $6
VolkovDmitri: folds
Uncalled bet ($6) returned to grek34
grek34 collected $23.52 from pot
*** SUMMARY ***
Total pot $24 | Rake $0.48
Board [9h 5h Ad 2s]
Seat 7: VolkovDmitri (button) (small blind) folded on the Turn
Seat 10: grek34 (big blind) collected ($23.52)


PokerStars Hand #151992500811:  Hold'em Limit ($3/$6 USD) - 2016/04/16 8:45:34 ET
Table 'Suleika II' 10-max Seat #7 is the button
Seat 7: VolkovDmitri ($121 in chips)
Seat 10: grek34 ($127.06 in chips)
VolkovDmitri: posts small blind $1
grek34: posts big blind $3
*** HOLE CARDS ***
VolkovDmitri: raises $3 to $6
grek34: calls $3
*** FLOP *** [2h 7c 2c]
grek34: checks
VolkovDmitri: bets $3
grek34: folds
Uncalled bet ($3) returned to VolkovDmitri
VolkovDmitri collected $11.76 from pot
VolkovDmitri: doesn't show hand
*** SUMMARY ***
Total pot $12 | Rake $0.24
Board [2h 7c 2c]
Seat 7: VolkovDmitri (button) (small blind) collected ($11.76)
Seat 10: grek34 (big blind) folded on the Flop


PokerStars Hand #151992510686:  Hold'em Limit ($3/$6 USD) - 2016/04/16 8:45:51 ET
Table 'Suleika II' 10-max Seat #10 is the button
Seat 7: VolkovDmitri ($126.76 in chips)
Seat 10: grek34 ($121.06 in chips)
grek34: posts small blind $1
VolkovDmitri: posts big blind $3
*** HOLE CARDS ***
grek34: folds
Uncalled bet ($2) returned to VolkovDmitri
VolkovDmitri collected $2 from pot
VolkovDmitri: doesn't show hand
*** SUMMARY ***
Total pot $2 | Rake $0
Seat 7: VolkovDmitri (big blind) collected ($2)
Seat 10: grek34 (button) (small blind) folded before Flop


PokerStars Hand #151992497828:  Hold'em Limit ($3/$6 USD) - 2016/04/16 8:45:29 ET
Table 'Suleika II' 10-max Seat #10 is the button
Seat 7: VolkovDmitri ($120 in chips)
Seat 10: grek34 ($128.06 in chips)
grek34: posts small blind $1
VolkovDmitri: posts big blind $3
*** HOLE CARDS ***
grek34: folds
Uncalled bet ($2) returned to VolkovDmitri
VolkovDmitri collected $2 from pot
VolkovDmitri: doesn't show hand
*** SUMMARY ***
Total pot $2 | Rake $0
Seat 7: VolkovDmitri (big blind) collected ($2)
Seat 10: grek34 (button) (small blind) folded before Flop


PokerStars Hand #151992470130:  Hold'em Limit ($3/$6 USD) - 2016/04/16 8:44:42 ET
Table 'Suleika II' 10-max Seat #7 is the button
Seat 7: VolkovDmitri ($120 in chips)
Seat 10: grek34 ($119.42 in chips)
VolkovDmitri: posts small blind $1
grek34: posts big blind $3
*** HOLE CARDS ***
VolkovDmitri: raises $3 to $6
grek34: calls $3
*** FLOP *** [3c 3h 2h]
grek34: checks
VolkovDmitri: bets $3
grek34: calls $3
*** TURN *** [3c 3h 2h] [Qc]
grek34: checks
VolkovDmitri: checks
*** RIVER *** [3c 3h 2h Qc] [8s]
grek34: checks
VolkovDmitri: checks
*** SHOW DOWN ***
grek34: shows [5c Ac] (a pair of Threes)
VolkovDmitri: mucks hand
grek34 collected $17.64 from pot
*** SUMMARY ***
Total pot $18 | Rake $0.36
Board [3c 3h 2h Qc 8s]
Seat 7: VolkovDmitri (button) (small blind) mucked
Seat 10: grek34 (big blind) showed [5c Ac] and won ($17.64) with a pair of Threes


PokerStars Hand #151992513614:  Hold'em Limit ($3/$6 USD) - 2016/04/16 8:45:56 ET
Table 'Suleika II' 10-max Seat #7 is the button
Seat 7: VolkovDmitri ($127.76 in chips)
Seat 10: grek34 ($120.06 in chips)
VolkovDmitri: posts small blind $1
grek34: posts big blind $3
*** HOLE CARDS ***
VolkovDmitri: raises $3 to $6
grek34: calls $3
*** FLOP *** [2d 4c Jh]
grek34: checks
VolkovDmitri: bets $3
grek34: calls $3
*** TURN *** [2d 4c Jh] [Qh]
grek34: checks
VolkovDmitri: bets $6
grek34: folds
Uncalled bet ($6) returned to VolkovDmitri
VolkovDmitri collected $17.64 from pot
VolkovDmitri: doesn't show hand
*** SUMMARY ***
Total pot $18 | Rake $0.36
Board [2d 4c Jh Qh]
Seat 7: VolkovDmitri (button) (small blind) collected ($17.64)
Seat 10: grek34 (big blind) folded on the Turn


PokerStars Hand #151992530251:  Hold'em Limit ($3/$6 USD) - 2016/04/16 8:46:23 ET
Table 'Suleika II' 10-max Seat #10 is the button
Seat 7: VolkovDmitri ($136.40 in chips)
Seat 10: grek34 ($111.06 in chips)
grek34: posts small blind $1
VolkovDmitri: posts big blind $3
*** HOLE CARDS ***
Pelurile joins the table at seat #1
grek34: folds
Uncalled bet ($2) returned to VolkovDmitri
VolkovDmitri collected $2 from pot
VolkovDmitri: doesn't show hand
*** SUMMARY ***
Total pot $2 | Rake $0
Seat 7: VolkovDmitri (big blind) collected ($2)
Seat 10: grek34 (button) (small blind) folded before Flop


PokerStars Hand #151992533731:  Hold'em Limit ($3/$6 USD) - 2016/04/16 8:46:29 ET
Table 'Suleika II' 10-max Seat #7 is the button
Seat 7: VolkovDmitri ($137.40 in chips)
Seat 10: grek34 ($110.06 in chips)
VolkovDmitri: posts small blind $1
grek34: posts big blind $3
*** HOLE CARDS ***
VolkovDmitri: raises $3 to $6
grek34: calls $3
*** FLOP *** [Qc Qh Ac]
grek34: checks
VolkovDmitri: checks
*** TURN *** [Qc Qh Ac] [5s]
grek34: checks
VolkovDmitri: bets $6
grek34: calls $6
*** RIVER *** [Qc Qh Ac 5s] [Jd]
grek34: checks
VolkovDmitri: bets $6
grek34: calls $6
*** SHOW DOWN ***
VolkovDmitri: shows [Qs Ts] (three of a kind, Queens)
grek34: mucks hand
VolkovDmitri collected $35.50 from pot
*** SUMMARY ***
Total pot $36 | Rake $0.50
Board [Qc Qh Ac 5s Jd]
Seat 7: VolkovDmitri (button) (small blind) showed [Qs Ts] and won ($35.50) with three of a kind, Queens
Seat 10: grek34 (big blind) mucked


PokerStars Hand #151995712690:  Hold'em Limit ($3/$6 USD) - 2016/04/16 10:11:07 ET
Table 'Suleika II' 10-max Seat #5 is the button
Seat 2: -hiawatha20- ($112 in chips)
Seat 5: bloeffer ($154.94 in chips)
bloeffer: posts small blind $1
ARMAZI: is sitting out
-hiawatha20-: posts big blind $3
*** HOLE CARDS ***
ARMAZI leaves the table
bloeffer: folds
Uncalled bet ($2) returned to -hiawatha20-
-hiawatha20- collected $2 from pot
-hiawatha20-: doesn't show hand
*** SUMMARY ***
Total pot $2 | Rake $0
Seat 2: -hiawatha20- (big blind) collected ($2)
Seat 5: bloeffer (button) (small blind) folded before Flop


PokerStars Hand #151995762775:  Hold'em Limit ($3/$6 USD) - 2016/04/16 10:12:23 ET
Table 'Suleika II' 10-max Seat #10 is the button
Seat 2: -hiawatha20- ($112 in chips)
Seat 10: grek34 ($29.85 in chips)
grek34: posts small blind $1
-hiawatha20-: posts big blind $3
*** HOLE CARDS ***
grek34: folds
Uncalled bet ($2) returned to -hiawatha20-
-hiawatha20- collected $2 from pot
-hiawatha20-: doesn't show hand
*** SUMMARY ***
Total pot $2 | Rake $0
Seat 2: -hiawatha20- (big blind) collected ($2)
Seat 10: grek34 (button) (small blind) folded before Flop


PokerStars Hand #151995749085:  Hold'em Limit ($3/$6 USD) - 2016/04/16 10:12:02 ET
Table 'Suleika II' 10-max Seat #2 is the button
Seat 2: -hiawatha20- ($113 in chips)
Seat 10: grek34 ($28.85 in chips)
-hiawatha20-: posts small blind $1
grek34: posts big blind $3
*** HOLE CARDS ***
-hiawatha20-: folds
Uncalled bet ($2) returned to grek34
grek34 collected $2 from pot
*** SUMMARY ***
Total pot $2 | Rake $0
Seat 2: -hiawatha20- (button) (small blind) folded before Flop
Seat 10: grek34 (big blind) collected ($2)


PokerStars Hand #151995766294:  Hold'em Limit ($3/$6 USD) - 2016/04/16 10:12:28 ET
Table 'Suleika II' 10-max Seat #2 is the button
Seat 2: -hiawatha20- ($113 in chips)
Seat 10: grek34 ($28.85 in chips)
-hiawatha20-: posts small blind $1
grek34: posts big blind $3
*** HOLE CARDS ***
-hiawatha20-: folds
Uncalled bet ($2) returned to grek34
grek34 collected $2 from pot
*** SUMMARY ***
Total pot $2 | Rake $0
Seat 2: -hiawatha20- (button) (small blind) folded before Flop
Seat 10: grek34 (big blind) collected ($2)


