PokerStars Hand #146349687310:  Hold'em Limit ($3/$6 USD) - 2016/01/02 16:00:34 ET
Table 'Sumava II' 6-max Seat #4 is the button
Seat 2: Mr Snugfit ($67.02 in chips)
Seat 4: micdoopie ($242.21 in chips)
micdoopie: posts small blind $1
Mr Snugfit: posts big blind $3
*** HOLE CARDS ***
micdoopie: folds
Uncalled bet ($2) returned to Mr Snugfit
Mr Snugfit collected $2 from pot
Mr Snugfit: doesn't show hand
*** SUMMARY ***
Total pot $2 | Rake $0
Seat 2: Mr Snugfit (big blind) collected ($2)
Seat 4: micdoopie (button) (small blind) folded before Flop


PokerStars Hand #146349652097:  Hold'em Limit ($3/$6 USD) - 2016/01/02 15:59:53 ET
Table 'Sumava II' 6-max Seat #2 is the button
Seat 2: Mr Snugfit ($91.02 in chips)
Seat 4: micdoopie ($218.71 in chips)
Mr Snugfit: posts small blind $1
kaputnikoff: is sitting out
micdoopie: posts big blind $3
*** HOLE CARDS ***
Mr Snugfit: raises $3 to $6
micdoopie: calls $3
*** FLOP *** [2d 7d 4d]
micdoopie: checks
Mr Snugfit: bets $3
micdoopie: raises $3 to $6
Mr Snugfit: calls $3
*** TURN *** [2d 7d 4d] [Jd]
micdoopie: bets $6
Mr Snugfit: calls $6
*** RIVER *** [2d 7d 4d Jd] [4s]
micdoopie: bets $6
Mr Snugfit: calls $6
*** SHOW DOWN ***
micdoopie: shows [Kd 8d] (a flush, King high)
Mr Snugfit: mucks hand
micdoopie collected $47.50 from pot
*** SUMMARY ***
Total pot $48 | Rake $0.50
Board [2d 7d 4d Jd 4s]
Seat 2: Mr Snugfit (button) (small blind) mucked
Seat 4: micdoopie (big blind) showed [Kd 8d] and won ($47.50) with a flush, King high


PokerStars Hand #146349741674:  Hold'em Limit ($3/$6 USD) - 2016/01/02 16:01:33 ET
Table 'Sumava II' 6-max Seat #2 is the button
Seat 2: Mr Snugfit ($101.52 in chips)
Seat 4: micdoopie ($207.21 in chips)
Mr Snugfit: posts small blind $1
micdoopie: posts big blind $3
*** HOLE CARDS ***
Mr Snugfit: raises $3 to $6
micdoopie: folds
Uncalled bet ($3) returned to Mr Snugfit
Mr Snugfit collected $6 from pot
Mr Snugfit: doesn't show hand
*** SUMMARY ***
Total pot $6 | Rake $0
Seat 2: Mr Snugfit (button) (small blind) collected ($6)
Seat 4: micdoopie (big blind) folded before Flop


PokerStars Hand #146349736312:  Hold'em Limit ($3/$6 USD) - 2016/01/02 16:01:28 ET
Table 'Sumava II' 6-max Seat #4 is the button
Seat 2: Mr Snugfit ($100.52 in chips)
Seat 4: micdoopie ($208.21 in chips)
micdoopie: posts small blind $1
Mr Snugfit: posts big blind $3
*** HOLE CARDS ***
micdoopie: folds
Uncalled bet ($2) returned to Mr Snugfit
Mr Snugfit collected $2 from pot
Mr Snugfit: doesn't show hand
*** SUMMARY ***
Total pot $2 | Rake $0
Seat 2: Mr Snugfit (big blind) collected ($2)
Seat 4: micdoopie (button) (small blind) folded before Flop


PokerStars Hand #146349704584:  Hold'em Limit ($3/$6 USD) - 2016/01/02 16:00:54 ET
Table 'Sumava II' 6-max Seat #2 is the button
Seat 2: Mr Snugfit ($68.02 in chips)
Seat 4: micdoopie ($241.21 in chips)
Mr Snugfit: posts small blind $1
micdoopie: posts big blind $3
*** HOLE CARDS ***
Mr Snugfit: raises $3 to $6
micdoopie: raises $3 to $9
Mr Snugfit: raises $3 to $12
Betting is capped
micdoopie: calls $3
*** FLOP *** [Kd 6c Ad]
micdoopie: bets $3
Mr Snugfit: calls $3
*** TURN *** [Kd 6c Ad] [Qh]
micdoopie: bets $6
Mr Snugfit: raises $6 to $12
micdoopie: calls $6
*** RIVER *** [Kd 6c Ad Qh] [4s]
micdoopie: checks
Mr Snugfit: bets $6
micdoopie: calls $6
*** SHOW DOWN ***
Mr Snugfit: shows [Ac Jc] (a pair of Aces)
micdoopie: mucks hand
Mr Snugfit collected $65.50 from pot
*** SUMMARY ***
Total pot $66 | Rake $0.50
Board [Kd 6c Ad Qh 4s]
Seat 2: Mr Snugfit (button) (small blind) showed [Ac Jc] and won ($65.50) with a pair of Aces
Seat 4: micdoopie (big blind) mucked


PokerStars Hand #146349698135:  Hold'em Limit ($3/$6 USD) - 2016/01/02 16:00:46 ET
Table 'Sumava II' 6-max Seat #4 is the button
Seat 2: Mr Snugfit ($71.02 in chips)
Seat 4: micdoopie ($238.21 in chips)
micdoopie: posts small blind $1
Mr Snugfit: posts big blind $3
*** HOLE CARDS ***
micdoopie: raises $3 to $6
Mr Snugfit: folds
Uncalled bet ($3) returned to micdoopie
micdoopie collected $6 from pot
*** SUMMARY ***
Total pot $6 | Rake $0
Seat 2: Mr Snugfit (big blind) folded before Flop
Seat 4: micdoopie (button) (small blind) collected ($6)


PokerStars Hand #146349691842:  Hold'em Limit ($3/$6 USD) - 2016/01/02 16:00:39 ET
Table 'Sumava II' 6-max Seat #2 is the button
Seat 2: Mr Snugfit ($68.02 in chips)
Seat 4: micdoopie ($241.21 in chips)
Mr Snugfit: posts small blind $1
micdoopie: posts big blind $3
*** HOLE CARDS ***
Mr Snugfit: raises $3 to $6
micdoopie: folds
Uncalled bet ($3) returned to Mr Snugfit
Mr Snugfit collected $6 from pot
Mr Snugfit: doesn't show hand
*** SUMMARY ***
Total pot $6 | Rake $0
Seat 2: Mr Snugfit (button) (small blind) collected ($6)
Seat 4: micdoopie (big blind) folded before Flop


PokerStars Hand #146349785439:  Hold'em Limit ($3/$6 USD) - 2016/01/02 16:02:17 ET
Table 'Sumava II' 6-max Seat #2 is the button
Seat 2: Mr Snugfit ($140.02 in chips)
Seat 4: micdoopie ($168.21 in chips)
Mr Snugfit: posts small blind $1
micdoopie: posts big blind $3
*** HOLE CARDS ***
Mr Snugfit: folds
Uncalled bet ($2) returned to micdoopie
micdoopie collected $2 from pot
*** SUMMARY ***
Total pot $2 | Rake $0
Seat 2: Mr Snugfit (button) (small blind) folded before Flop
Seat 4: micdoopie (big blind) collected ($2)


PokerStars Hand #146349748397:  Hold'em Limit ($3/$6 USD) - 2016/01/02 16:01:40 ET
Table 'Sumava II' 6-max Seat #4 is the button
Seat 2: Mr Snugfit ($104.52 in chips)
Seat 4: micdoopie ($204.21 in chips)
micdoopie: posts small blind $1
Mr Snugfit: posts big blind $3
*** HOLE CARDS ***
micdoopie: raises $3 to $6
Mr Snugfit: calls $3
*** FLOP *** [5s As 8d]
Mr Snugfit: checks
micdoopie: bets $3
Mr Snugfit: raises $3 to $6
micdoopie: calls $3
*** TURN *** [5s As 8d] [2s]
Mr Snugfit: bets $6
micdoopie: raises $6 to $12
Mr Snugfit: raises $6 to $18
micdoopie: calls $6
*** RIVER *** [5s As 8d 2s] [6c]
Mr Snugfit: bets $6
micdoopie: calls $6
*** SHOW DOWN ***
Mr Snugfit: shows [3s Ks] (a flush, Ace high)
kaputnikoff leaves the table
micdoopie: mucks hand
Mr Snugfit collected $71.50 from pot
*** SUMMARY ***
Total pot $72 | Rake $0.50
Board [5s As 8d 2s 6c]
Seat 2: Mr Snugfit (big blind) showed [3s Ks] and won ($71.50) with a flush, Ace high
Seat 4: micdoopie (button) (small blind) mucked


PokerStars Hand #146349823564:  Hold'em Limit ($3/$6 USD) - 2016/01/02 16:02:52 ET
Table 'Sumava II' 6-max Seat #2 is the button
Seat 2: Mr Snugfit ($138.77 in chips)
Seat 4: micdoopie ($168.96 in chips)
Mr Snugfit: posts small blind $1
micdoopie: posts big blind $3
*** HOLE CARDS ***
Mr Snugfit: raises $3 to $6
BARCA1CRIS joins the table at seat #6
micdoopie: folds
Uncalled bet ($3) returned to Mr Snugfit
Mr Snugfit collected $6 from pot
Mr Snugfit: doesn't show hand
*** SUMMARY ***
Total pot $6 | Rake $0
Seat 2: Mr Snugfit (button) (small blind) collected ($6)
Seat 4: micdoopie (big blind) folded before Flop


PokerStars Hand #146349792688:  Hold'em Limit ($3/$6 USD) - 2016/01/02 16:02:24 ET
Table 'Sumava II' 6-max Seat #4 is the button
Seat 2: Mr Snugfit ($139.02 in chips)
Seat 4: micdoopie ($169.21 in chips)
micdoopie: posts small blind $1
Mr Snugfit: posts big blind $3
*** HOLE CARDS ***
micdoopie: raises $3 to $6
Mr Snugfit: calls $3
*** FLOP *** [Ac 7d Ks]
Mr Snugfit: checks
micdoopie: bets $3
Mr Snugfit: calls $3
*** TURN *** [Ac 7d Ks] [5h]
Mr Snugfit: checks
micdoopie: bets $6
Mr Snugfit: calls $6
*** RIVER *** [Ac 7d Ks 5h] [7s]
Mr Snugfit: checks
micdoopie: checks
*** SHOW DOWN ***
Mr Snugfit: shows [8s Kh] (two pair, Kings and Sevens)
micdoopie: shows [Kc Th] (two pair, Kings and Sevens)
Mr Snugfit collected $14.75 from pot
micdoopie collected $14.75 from pot
*** SUMMARY ***
Total pot $30 | Rake $0.50
Board [Ac 7d Ks 5h 7s]
Seat 2: Mr Snugfit (big blind) showed [8s Kh] and won ($14.75) with two pair, Kings and Sevens
Seat 4: micdoopie (button) (small blind) showed [Kc Th] and won ($14.75) with two pair, Kings and Sevens


PokerStars Hand #146359504080:  Hold'em Limit ($3/$6 USD) - 2016/01/02 18:40:33 ET
Table 'Sumava II' 6-max Seat #4 is the button
Seat 1: LolDnkaments ($276.31 in chips)
Seat 4: micdoopie ($332.23 in chips)
micdoopie: posts small blind $1
LukaSteel: is sitting out
LolDnkaments: posts big blind $3
*** HOLE CARDS ***
LukaSteel leaves the table
micdoopie: raises $3 to $6
LolDnkaments: calls $3
*** FLOP *** [As Qc 5h]
LolDnkaments: checks
micdoopie: bets $3
LolDnkaments: raises $3 to $6
micdoopie: calls $3
*** TURN *** [As Qc 5h] [Jh]
LolDnkaments: bets $6
micdoopie: raises $6 to $12
LolDnkaments: calls $6
*** RIVER *** [As Qc 5h Jh] [6h]
LolDnkaments: checks
micdoopie: checks
*** SHOW DOWN ***
LolDnkaments: shows [Ad 3s] (a pair of Aces)
micdoopie: shows [Ac Kd] (a pair of Aces - King kicker)
micdoopie collected $47.50 from pot
*** SUMMARY ***
Total pot $48 | Rake $0.50
Board [As Qc 5h Jh 6h]
Seat 1: LolDnkaments (big blind) showed [Ad 3s] and lost with a pair of Aces
Seat 4: micdoopie (button) (small blind) showed [Ac Kd] and won ($47.50) with a pair of Aces


PokerStars Hand #146359530702:  Hold'em Limit ($3/$6 USD) - 2016/01/02 18:41:01 ET
Table 'Sumava II' 6-max Seat #1 is the button
Seat 1: LolDnkaments ($252.31 in chips)
Seat 4: micdoopie ($355.73 in chips)
LolDnkaments: posts small blind $1
micdoopie: posts big blind $3
*** HOLE CARDS ***
LolDnkaments: raises $3 to $6
micdoopie: folds
Uncalled bet ($3) returned to LolDnkaments
LolDnkaments collected $6 from pot
LolDnkaments: doesn't show hand
*** SUMMARY ***
Total pot $6 | Rake $0
Seat 1: LolDnkaments (button) (small blind) collected ($6)
Seat 4: micdoopie (big blind) folded before Flop


PokerStars Hand #146359537815:  Hold'em Limit ($3/$6 USD) - 2016/01/02 18:41:09 ET
Table 'Sumava II' 6-max Seat #4 is the button
Seat 1: LolDnkaments ($255.31 in chips)
Seat 4: micdoopie ($352.73 in chips)
micdoopie: posts small blind $1
LolDnkaments: posts big blind $3
*** HOLE CARDS ***
micdoopie: raises $3 to $6
LolDnkaments: raises $3 to $9
micdoopie: calls $3
*** FLOP *** [7c 8h 7h]
LolDnkaments: bets $3
micdoopie: folds
Uncalled bet ($3) returned to LolDnkaments
LolDnkaments collected $17.64 from pot
LolDnkaments: doesn't show hand
*** SUMMARY ***
Total pot $18 | Rake $0.36
Board [7c 8h 7h]
Seat 1: LolDnkaments (big blind) collected ($17.64)
Seat 4: micdoopie (button) (small blind) folded on the Flop


PokerStars Hand #146359573667:  Hold'em Limit ($3/$6 USD) - 2016/01/02 18:41:48 ET
Table 'Sumava II' 6-max Seat #4 is the button
Seat 1: LolDnkaments ($278.45 in chips)
Seat 4: micdoopie ($328.73 in chips)
micdoopie: posts small blind $1
LolDnkaments: posts big blind $3
*** HOLE CARDS ***
micdoopie: folds
Uncalled bet ($2) returned to LolDnkaments
LolDnkaments collected $2 from pot
LolDnkaments: doesn't show hand
*** SUMMARY ***
Total pot $2 | Rake $0
Seat 1: LolDnkaments (big blind) collected ($2)
Seat 4: micdoopie (button) (small blind) folded before Flop


PokerStars Hand #146359549498:  Hold'em Limit ($3/$6 USD) - 2016/01/02 18:41:21 ET
Table 'Sumava II' 6-max Seat #1 is the button
Seat 1: LolDnkaments ($263.95 in chips)
Seat 4: micdoopie ($343.73 in chips)
LolDnkaments: posts small blind $1
micdoopie: posts big blind $3
*** HOLE CARDS ***
LolDnkaments: raises $3 to $6
micdoopie: calls $3
*** FLOP *** [5c Td Kd]
micdoopie: checks
LolDnkaments: bets $3
micdoopie: calls $3
*** TURN *** [5c Td Kd] [6d]
micdoopie: checks
LolDnkaments: checks
*** RIVER *** [5c Td Kd 6d] [Ac]
micdoopie: bets $6
LolDnkaments: calls $6
*** SHOW DOWN ***
micdoopie: shows [Qs 9h] (high card Ace)
LolDnkaments: shows [Jd 6h] (a pair of Sixes)
LolDnkaments collected $29.50 from pot
*** SUMMARY ***
Total pot $30 | Rake $0.50
Board [5c Td Kd 6d Ac]
Seat 1: LolDnkaments (button) (small blind) showed [Jd 6h] and won ($29.50) with a pair of Sixes
Seat 4: micdoopie (big blind) showed [Qs 9h] and lost with high card Ace


PokerStars Hand #146359578731:  Hold'em Limit ($3/$6 USD) - 2016/01/02 18:41:53 ET
Table 'Sumava II' 6-max Seat #1 is the button
Seat 1: LolDnkaments ($279.45 in chips)
Seat 4: micdoopie ($327.73 in chips)
LolDnkaments: posts small blind $1
micdoopie: posts big blind $3
*** HOLE CARDS ***
LolDnkaments: raises $3 to $6
micdoopie: folds
Uncalled bet ($3) returned to LolDnkaments
LolDnkaments collected $6 from pot
LolDnkaments: doesn't show hand
*** SUMMARY ***
Total pot $6 | Rake $0
Seat 1: LolDnkaments (button) (small blind) collected ($6)
Seat 4: micdoopie (big blind) folded before Flop


PokerStars Hand #146359587857:  Hold'em Limit ($3/$6 USD) - 2016/01/02 18:42:03 ET
Table 'Sumava II' 6-max Seat #4 is the button
Seat 1: LolDnkaments ($282.45 in chips)
Seat 4: micdoopie ($324.73 in chips)
micdoopie: posts small blind $1
LolDnkaments: posts big blind $3
*** HOLE CARDS ***
micdoopie: folds
Uncalled bet ($2) returned to LolDnkaments
LolDnkaments collected $2 from pot
LolDnkaments: doesn't show hand
*** SUMMARY ***
Total pot $2 | Rake $0
Seat 1: LolDnkaments (big blind) collected ($2)
Seat 4: micdoopie (button) (small blind) folded before Flop


PokerStars Hand #146359607900:  Hold'em Limit ($3/$6 USD) - 2016/01/02 18:42:25 ET
Table 'Sumava II' 6-max Seat #4 is the button
Seat 1: LolDnkaments ($292.09 in chips)
Seat 4: micdoopie ($314.73 in chips)
micdoopie: posts small blind $1
LolDnkaments: posts big blind $3
*** HOLE CARDS ***
micdoopie: folds
Uncalled bet ($2) returned to LolDnkaments
LolDnkaments collected $2 from pot
LolDnkaments: doesn't show hand
*** SUMMARY ***
Total pot $2 | Rake $0
Seat 1: LolDnkaments (big blind) collected ($2)
Seat 4: micdoopie (button) (small blind) folded before Flop


PokerStars Hand #146359592732:  Hold'em Limit ($3/$6 USD) - 2016/01/02 18:42:08 ET
Table 'Sumava II' 6-max Seat #1 is the button
Seat 1: LolDnkaments ($283.45 in chips)
Seat 4: micdoopie ($323.73 in chips)
LolDnkaments: posts small blind $1
micdoopie: posts big blind $3
*** HOLE CARDS ***
LolDnkaments: raises $3 to $6
micdoopie: calls $3
*** FLOP *** [Ks 9h 2s]
micdoopie: bets $3
LolDnkaments: raises $3 to $6
micdoopie: folds
Uncalled bet ($3) returned to LolDnkaments
LolDnkaments collected $17.64 from pot
LolDnkaments: doesn't show hand
*** SUMMARY ***
Total pot $18 | Rake $0.36
Board [Ks 9h 2s]
Seat 1: LolDnkaments (button) (small blind) collected ($17.64)
Seat 4: micdoopie (big blind) folded on the Flop


PokerStars Hand #146359612652:  Hold'em Limit ($3/$6 USD) - 2016/01/02 18:42:30 ET
Table 'Sumava II' 6-max Seat #1 is the button
Seat 1: LolDnkaments ($293.09 in chips)
Seat 4: micdoopie ($313.73 in chips)
LolDnkaments: posts small blind $1
micdoopie: posts big blind $3
*** HOLE CARDS ***
LolDnkaments: raises $3 to $6
micdoopie: raises $3 to $9
LolDnkaments: calls $3
*** FLOP *** [8h Ad Qd]
micdoopie: bets $3
LolDnkaments: folds
Uncalled bet ($3) returned to micdoopie
micdoopie collected $17.64 from pot
*** SUMMARY ***
Total pot $18 | Rake $0.36
Board [8h Ad Qd]
Seat 1: LolDnkaments (button) (small blind) folded on the Flop
Seat 4: micdoopie (big blind) collected ($17.64)


PokerStars Hand #146359627289:  Hold'em Limit ($3/$6 USD) - 2016/01/02 18:42:47 ET
Table 'Sumava II' 6-max Seat #4 is the button
Seat 1: LolDnkaments ($284.09 in chips)
Seat 4: micdoopie ($322.37 in chips)
micdoopie: posts small blind $1
LolDnkaments: posts big blind $3
*** HOLE CARDS ***
micdoopie: raises $3 to $6
LolDnkaments: calls $3
*** FLOP *** [8s Kh 7c]
LolDnkaments: checks
micdoopie: bets $3
LolDnkaments: folds
Uncalled bet ($3) returned to micdoopie
micdoopie collected $11.76 from pot
*** SUMMARY ***
Total pot $12 | Rake $0.24
Board [8s Kh 7c]
Seat 1: LolDnkaments (big blind) folded on the Flop
Seat 4: micdoopie (button) (small blind) collected ($11.76)


PokerStars Hand #146359643394:  Hold'em Limit ($3/$6 USD) - 2016/01/02 18:43:04 ET
Table 'Sumava II' 6-max Seat #1 is the button
Seat 1: LolDnkaments ($278.09 in chips)
Seat 4: micdoopie ($328.13 in chips)
LolDnkaments: posts small blind $1
micdoopie: posts big blind $3
*** HOLE CARDS ***
LolDnkaments: raises $3 to $6
micdoopie: raises $3 to $9
LolDnkaments: raises $3 to $12
Betting is capped
micdoopie: calls $3
*** FLOP *** [6s 7h 9h]
micdoopie: checks
LolDnkaments: bets $3
micdoopie: calls $3
*** TURN *** [6s 7h 9h] [Jh]
micdoopie: checks
LolDnkaments: bets $6
micdoopie: calls $6
*** RIVER *** [6s 7h 9h Jh] [8s]
micdoopie: checks
LolDnkaments: checks
*** SHOW DOWN ***
micdoopie: shows [Kh 8c] (a pair of Eights)
LolDnkaments: mucks hand
micdoopie collected $41.50 from pot
*** SUMMARY ***
Total pot $42 | Rake $0.50
Board [6s 7h 9h Jh 8s]
Seat 1: LolDnkaments (button) (small blind) mucked
Seat 4: micdoopie (big blind) showed [Kh 8c] and won ($41.50) with a pair of Eights


PokerStars Hand #146359669998:  Hold'em Limit ($3/$6 USD) - 2016/01/02 18:43:34 ET
Table 'Sumava II' 6-max Seat #4 is the button
Seat 1: LolDnkaments ($257.09 in chips)
Seat 4: micdoopie ($348.63 in chips)
micdoopie: posts small blind $1
LolDnkaments: posts big blind $3
*** HOLE CARDS ***
micdoopie: raises $3 to $6
LolDnkaments: raises $3 to $9
micdoopie: calls $3
*** FLOP *** [4d 3h Ad]
LolDnkaments: bets $3
micdoopie: calls $3
*** TURN *** [4d 3h Ad] [6s]
LolDnkaments: bets $6
micdoopie: calls $6
*** RIVER *** [4d 3h Ad 6s] [Kh]
LolDnkaments: bets $6
micdoopie: calls $6
*** SHOW DOWN ***
LolDnkaments: shows [Kc Kd] (three of a kind, Kings)
micdoopie: mucks hand
LolDnkaments collected $47.50 from pot
*** SUMMARY ***
Total pot $48 | Rake $0.50
Board [4d 3h Ad 6s Kh]
Seat 1: LolDnkaments (big blind) showed [Kc Kd] and won ($47.50) with three of a kind, Kings
Seat 4: micdoopie (button) (small blind) mucked


PokerStars Hand #146359690390:  Hold'em Limit ($3/$6 USD) - 2016/01/02 18:43:57 ET
Table 'Sumava II' 6-max Seat #1 is the button
Seat 1: LolDnkaments ($280.59 in chips)
Seat 4: micdoopie ($324.63 in chips)
LolDnkaments: posts small blind $1
pegu66 joins the table at seat #2
micdoopie: posts big blind $3
*** HOLE CARDS ***
LolDnkaments: raises $3 to $6
micdoopie: calls $3
*** FLOP *** [2h 9h 5d]
micdoopie: checks
LolDnkaments: bets $3
micdoopie: raises $3 to $6
LolDnkaments: calls $3
*** TURN *** [2h 9h 5d] [8h]
micdoopie: bets $6
LolDnkaments: calls $6
*** RIVER *** [2h 9h 5d 8h] [3c]
micdoopie: bets $6
LolDnkaments: calls $6
*** SHOW DOWN ***
micdoopie: shows [9d 8s] (two pair, Nines and Eights)
LolDnkaments: mucks hand
micdoopie collected $47.50 from pot
*** SUMMARY ***
Total pot $48 | Rake $0.50
Board [2h 9h 5d 8h 3c]
Seat 1: LolDnkaments (button) (small blind) mucked
Seat 4: micdoopie (big blind) showed [9d 8s] and won ($47.50) with two pair, Nines and Eights


PokerStars Hand #146359710582:  Hold'em Limit ($3/$6 USD) - 2016/01/02 18:44:19 ET
Table 'Sumava II' 6-max Seat #4 is the button
Seat 1: LolDnkaments ($256.59 in chips)
Seat 4: micdoopie ($348.13 in chips)
micdoopie: posts small blind $1
LolDnkaments: posts big blind $3
*** HOLE CARDS ***
micdoopie: raises $3 to $6
LolDnkaments: raises $3 to $9
micdoopie: calls $3
*** FLOP *** [3c As Qc]
LolDnkaments: bets $3
micdoopie: folds
Uncalled bet ($3) returned to LolDnkaments
LolDnkaments collected $17.64 from pot
LolDnkaments: doesn't show hand
*** SUMMARY ***
Total pot $18 | Rake $0.36
Board [3c As Qc]
Seat 1: LolDnkaments (big blind) collected ($17.64)
Seat 4: micdoopie (button) (small blind) folded on the Flop


PokerStars Hand #146360371317:  Hold'em Limit ($3/$6 USD) - 2016/01/02 18:56:49 ET
Table 'Sumava II' 6-max Seat #4 is the button
Seat 1: LolDnkaments ($270.95 in chips)
Seat 4: micdoopie ($393.65 in chips)
micdoopie: posts small blind $1
LolDnkaments: posts big blind $3
*** HOLE CARDS ***
micdoopie: folds
Uncalled bet ($2) returned to LolDnkaments
LolDnkaments collected $2 from pot
LolDnkaments: doesn't show hand
*** SUMMARY ***
Total pot $2 | Rake $0
Seat 1: LolDnkaments (big blind) collected ($2)
Seat 4: micdoopie (button) (small blind) folded before Flop


PokerStars Hand #146360366920:  Hold'em Limit ($3/$6 USD) - 2016/01/02 18:56:43 ET
Table 'Sumava II' 6-max Seat #1 is the button
Seat 1: LolDnkaments ($267.95 in chips)
Seat 4: micdoopie ($396.65 in chips)
LolDnkaments: posts small blind $1
micdoopie: posts big blind $3
*** HOLE CARDS ***
LolDnkaments: raises $3 to $6
micdoopie: folds
Uncalled bet ($3) returned to LolDnkaments
LolDnkaments collected $6 from pot
LolDnkaments: doesn't show hand
*** SUMMARY ***
Total pot $6 | Rake $0
Seat 1: LolDnkaments (button) (small blind) collected ($6)
Seat 4: micdoopie (big blind) folded before Flop


PokerStars Hand #146360363245:  Hold'em Limit ($3/$6 USD) - 2016/01/02 18:56:38 ET
Table 'Sumava II' 6-max Seat #4 is the button
Seat 1: LolDnkaments ($266.95 in chips)
Seat 4: micdoopie ($397.65 in chips)
micdoopie: posts small blind $1
LolDnkaments: posts big blind $3
*** HOLE CARDS ***
micdoopie: folds
Uncalled bet ($2) returned to LolDnkaments
LolDnkaments collected $2 from pot
LolDnkaments: doesn't show hand
*** SUMMARY ***
Total pot $2 | Rake $0
Seat 1: LolDnkaments (big blind) collected ($2)
Seat 4: micdoopie (button) (small blind) folded before Flop


PokerStars Hand #146360359246:  Hold'em Limit ($3/$6 USD) - 2016/01/02 18:56:33 ET
Table 'Sumava II' 6-max Seat #1 is the button
Seat 1: LolDnkaments ($263.95 in chips)
Seat 4: micdoopie ($400.65 in chips)
LolDnkaments: posts small blind $1
micdoopie: posts big blind $3
*** HOLE CARDS ***
LolDnkaments: raises $3 to $6
micdoopie: folds
Uncalled bet ($3) returned to LolDnkaments
LolDnkaments collected $6 from pot
LolDnkaments: doesn't show hand
*** SUMMARY ***
Total pot $6 | Rake $0
Seat 1: LolDnkaments (button) (small blind) collected ($6)
Seat 4: micdoopie (big blind) folded before Flop


PokerStars Hand #146360355259:  Hold'em Limit ($3/$6 USD) - 2016/01/02 18:56:27 ET
Table 'Sumava II' 6-max Seat #4 is the button
Seat 1: LolDnkaments ($262.95 in chips)
Seat 4: micdoopie ($401.65 in chips)
micdoopie: posts small blind $1
LolDnkaments: posts big blind $3
*** HOLE CARDS ***
micdoopie: folds
Uncalled bet ($2) returned to LolDnkaments
LolDnkaments collected $2 from pot
LolDnkaments: doesn't show hand
*** SUMMARY ***
Total pot $2 | Rake $0
Seat 1: LolDnkaments (big blind) collected ($2)
Seat 4: micdoopie (button) (small blind) folded before Flop


PokerStars Hand #146360352029:  Hold'em Limit ($3/$6 USD) - 2016/01/02 18:56:23 ET
Table 'Sumava II' 6-max Seat #1 is the button
Seat 1: LolDnkaments ($263.95 in chips)
Seat 4: micdoopie ($400.65 in chips)
LolDnkaments: posts small blind $1
micdoopie: posts big blind $3
*** HOLE CARDS ***
LolDnkaments: folds
Uncalled bet ($2) returned to micdoopie
micdoopie collected $2 from pot
*** SUMMARY ***
Total pot $2 | Rake $0
Seat 1: LolDnkaments (button) (small blind) folded before Flop
Seat 4: micdoopie (big blind) collected ($2)


PokerStars Hand #146360421831:  Hold'em Limit ($3/$6 USD) - 2016/01/02 18:57:59 ET
Table 'Sumava II' 6-max Seat #1 is the button
Seat 1: LolDnkaments ($306.95 in chips)
Seat 4: micdoopie ($356.17 in chips)
LolDnkaments: posts small blind $1
micdoopie: posts big blind $3
*** HOLE CARDS ***
LolDnkaments: raises $3 to $6
micdoopie: calls $3
*** FLOP *** [Ac 3s 3c]
micdoopie: checks
LolDnkaments: bets $3
micdoopie: calls $3
*** TURN *** [Ac 3s 3c] [Td]
micdoopie: checks
LolDnkaments: checks
*** RIVER *** [Ac 3s 3c Td] [Js]
micdoopie: checks
LolDnkaments: checks
*** SHOW DOWN ***
micdoopie: shows [8c 2c] (a pair of Threes)
LolDnkaments: shows [5s Qh] (a pair of Threes - Ace+Queen kicker)
LolDnkaments collected $17.64 from pot
*** SUMMARY ***
Total pot $18 | Rake $0.36
Board [Ac 3s 3c Td Js]
Seat 1: LolDnkaments (button) (small blind) showed [5s Qh] and won ($17.64) with a pair of Threes
Seat 4: micdoopie (big blind) showed [8c 2c] and lost with a pair of Threes


PokerStars Hand #146360417826:  Hold'em Limit ($3/$6 USD) - 2016/01/02 18:57:53 ET
Table 'Sumava II' 6-max Seat #4 is the button
Seat 1: LolDnkaments ($309.95 in chips)
Seat 4: micdoopie ($353.17 in chips)
micdoopie: posts small blind $1
LolDnkaments: posts big blind $3
*** HOLE CARDS ***
micdoopie: raises $3 to $6
LolDnkaments: folds
Uncalled bet ($3) returned to micdoopie
micdoopie collected $6 from pot
*** SUMMARY ***
Total pot $6 | Rake $0
Seat 1: LolDnkaments (big blind) folded before Flop
Seat 4: micdoopie (button) (small blind) collected ($6)


PokerStars Hand #146360407486:  Hold'em Limit ($3/$6 USD) - 2016/01/02 18:57:39 ET
Table 'Sumava II' 6-max Seat #1 is the button
Seat 1: LolDnkaments ($321.95 in chips)
Seat 4: micdoopie ($341.65 in chips)
LolDnkaments: posts small blind $1
micdoopie: posts big blind $3
*** HOLE CARDS ***
LolDnkaments: raises $3 to $6
micdoopie: raises $3 to $9
LolDnkaments: calls $3
*** FLOP *** [As 4d 3c]
micdoopie: bets $3
LolDnkaments: calls $3
*** TURN *** [As 4d 3c] [Jc]
micdoopie: bets $6
LolDnkaments: folds
Uncalled bet ($6) returned to micdoopie
micdoopie collected $23.52 from pot
*** SUMMARY ***
Total pot $24 | Rake $0.48
Board [As 4d 3c Jc]
Seat 1: LolDnkaments (button) (small blind) folded on the Turn
Seat 4: micdoopie (big blind) collected ($23.52)


PokerStars Hand #146360391993:  Hold'em Limit ($3/$6 USD) - 2016/01/02 18:57:18 ET
Table 'Sumava II' 6-max Seat #4 is the button
Seat 1: LolDnkaments ($298.45 in chips)
Seat 4: micdoopie ($365.65 in chips)
micdoopie: posts small blind $1
LolDnkaments: posts big blind $3
*** HOLE CARDS ***
micdoopie: raises $3 to $6
LolDnkaments: calls $3
*** FLOP *** [9s 6s Kh]
LolDnkaments: checks
micdoopie: bets $3
LolDnkaments: raises $3 to $6
micdoopie: calls $3
*** TURN *** [9s 6s Kh] [8d]
LolDnkaments: bets $6
micdoopie: calls $6
*** RIVER *** [9s 6s Kh 8d] [4c]
LolDnkaments: bets $6
micdoopie: calls $6
*** SHOW DOWN ***
LolDnkaments: shows [5s Ks] (a pair of Kings)
micdoopie: mucks hand
LolDnkaments collected $47.50 from pot
*** SUMMARY ***
Total pot $48 | Rake $0.50
Board [9s 6s Kh 8d 4c]
Seat 1: LolDnkaments (big blind) showed [5s Ks] and won ($47.50) with a pair of Kings
Seat 4: micdoopie (button) (small blind) mucked


PokerStars Hand #146360376196:  Hold'em Limit ($3/$6 USD) - 2016/01/02 18:56:56 ET
Table 'Sumava II' 6-max Seat #1 is the button
Seat 1: LolDnkaments ($271.95 in chips)
Seat 4: micdoopie ($392.65 in chips)
LolDnkaments: posts small blind $1
micdoopie: posts big blind $3
*** HOLE CARDS ***
LolDnkaments: raises $3 to $6
micdoopie: raises $3 to $9
LolDnkaments: calls $3
*** FLOP *** [3d Jh 2d]
micdoopie: bets $3
LolDnkaments: raises $3 to $6
micdoopie: calls $3
*** TURN *** [3d Jh 2d] [7s]
micdoopie: checks
LolDnkaments: bets $6
micdoopie: raises $6 to $12
LolDnkaments: calls $6
*** RIVER *** [3d Jh 2d 7s] [4h]
micdoopie: checks
LolDnkaments: checks
*** SHOW DOWN ***
micdoopie: shows [Ts Kc] (high card King)
LolDnkaments: shows [Kd 3c] (a pair of Threes)
LolDnkaments collected $53.50 from pot
*** SUMMARY ***
Total pot $54 | Rake $0.50
Board [3d Jh 2d 7s 4h]
Seat 1: LolDnkaments (button) (small blind) showed [Kd 3c] and won ($53.50) with a pair of Threes
Seat 4: micdoopie (big blind) showed [Ts Kc] and lost with high card King


PokerStars Hand #146360470229:  Hold'em Limit ($3/$6 USD) - 2016/01/02 18:59:05 ET
Table 'Sumava II' 6-max Seat #1 is the button
Seat 1: LolDnkaments ($265.59 in chips)
Seat 4: micdoopie ($396.17 in chips)
LolDnkaments: posts small blind $1
micdoopie: posts big blind $3
*** HOLE CARDS ***
LolDnkaments: raises $3 to $6
micdoopie: calls $3
*** FLOP *** [Ad Tc 6s]
micdoopie: checks
LolDnkaments: bets $3
micdoopie: folds
Uncalled bet ($3) returned to LolDnkaments
LolDnkaments collected $11.76 from pot
LolDnkaments: doesn't show hand
*** SUMMARY ***
Total pot $12 | Rake $0.24
Board [Ad Tc 6s]
Seat 1: LolDnkaments (button) (small blind) collected ($11.76)
Seat 4: micdoopie (big blind) folded on the Flop


PokerStars Hand #146360466846:  Hold'em Limit ($3/$6 USD) - 2016/01/02 18:59:00 ET
Table 'Sumava II' 6-max Seat #4 is the button
Seat 1: LolDnkaments ($264.59 in chips)
Seat 4: micdoopie ($397.17 in chips)
micdoopie: posts small blind $1
LolDnkaments: posts big blind $3
*** HOLE CARDS ***
micdoopie: folds
Uncalled bet ($2) returned to LolDnkaments
LolDnkaments collected $2 from pot
LolDnkaments: doesn't show hand
*** SUMMARY ***
Total pot $2 | Rake $0
Seat 1: LolDnkaments (big blind) collected ($2)
Seat 4: micdoopie (button) (small blind) folded before Flop


PokerStars Hand #146360451972:  Hold'em Limit ($3/$6 USD) - 2016/01/02 18:58:40 ET
Table 'Sumava II' 6-max Seat #1 is the button
Seat 1: LolDnkaments ($279.59 in chips)
Seat 4: micdoopie ($382.67 in chips)
LolDnkaments: posts small blind $1
micdoopie: posts big blind $3
*** HOLE CARDS ***
LolDnkaments: raises $3 to $6
micdoopie: raises $3 to $9
LolDnkaments: raises $3 to $12
Betting is capped
micdoopie: calls $3
*** FLOP *** [4d 4s Qd]
micdoopie: bets $3
LolDnkaments: calls $3
*** TURN *** [4d 4s Qd] [Ks]
micdoopie: bets $6
LolDnkaments: folds
Uncalled bet ($6) returned to micdoopie
micdoopie collected $29.50 from pot
*** SUMMARY ***
Total pot $30 | Rake $0.50
Board [4d 4s Qd Ks]
Seat 1: LolDnkaments (button) (small blind) folded on the Turn
Seat 4: micdoopie (big blind) collected ($29.50)


PokerStars Hand #146360433455:  Hold'em Limit ($3/$6 USD) - 2016/01/02 18:58:14 ET
Table 'Sumava II' 6-max Seat #4 is the button
Seat 1: LolDnkaments ($315.59 in chips)
Seat 4: micdoopie ($347.17 in chips)
micdoopie: posts small blind $1
LolDnkaments: posts big blind $3
*** HOLE CARDS ***
micdoopie: raises $3 to $6
LolDnkaments: calls $3
*** FLOP *** [Qd 8s Jd]
LolDnkaments: checks
micdoopie: checks
*** TURN *** [Qd 8s Jd] [3c]
LolDnkaments: bets $6
micdoopie: raises $6 to $12
LolDnkaments: raises $6 to $18
micdoopie: raises $6 to $24
Betting is capped
LolDnkaments: calls $6
*** RIVER *** [Qd 8s Jd 3c] [6c]
LolDnkaments: checks
micdoopie: bets $6
LolDnkaments: calls $6
*** SHOW DOWN ***
micdoopie: shows [Th 9c] (a straight, Eight to Queen)
LolDnkaments: mucks hand
micdoopie collected $71.50 from pot
*** SUMMARY ***
Total pot $72 | Rake $0.50
Board [Qd 8s Jd 3c 6c]
Seat 1: LolDnkaments (big blind) mucked
Seat 4: micdoopie (button) (small blind) showed [Th 9c] and won ($71.50) with a straight, Eight to Queen


