PokerStars Hand #156555295179:  Hold'em Limit ($3/$6 USD) - 2016/07/28 12:54:56 ET
Table 'Sumava II' 6-max Seat #2 is the button
Seat 2: Omega74 ($205.90 in chips)
Seat 4: Ag3r0n ($557.58 in chips)
Omega74: posts small blind $1
Ag3r0n: posts big blind $3
*** HOLE CARDS ***
Omega74: folds
Uncalled bet ($2) returned to Ag3r0n
Ag3r0n collected $2 from pot
*** SUMMARY ***
Total pot $2 | Rake $0
Seat 2: Omega74 (button) (small blind) folded before Flop
Seat 4: Ag3r0n (big blind) collected ($2)


PokerStars Hand #156555291808:  Hold'em Limit ($3/$6 USD) - 2016/07/28 12:54:51 ET
Table 'Sumava II' 6-max Seat #4 is the button
Seat 2: Omega74 ($208.90 in chips)
Seat 4: Ag3r0n ($554.58 in chips)
Ag3r0n: posts small blind $1
Omega74: posts big blind $3
*** HOLE CARDS ***
Ag3r0n: raises $3 to $6
Omega74: folds
Uncalled bet ($3) returned to Ag3r0n
Ag3r0n collected $6 from pot
*** SUMMARY ***
Total pot $6 | Rake $0
Seat 2: Omega74 (big blind) folded before Flop
Seat 4: Ag3r0n (button) (small blind) collected ($6)


PokerStars Hand #156555298617:  Hold'em Limit ($3/$6 USD) - 2016/07/28 12:55:01 ET
Table 'Sumava II' 6-max Seat #4 is the button
Seat 2: Omega74 ($204.90 in chips)
Seat 4: Ag3r0n ($558.58 in chips)
Ag3r0n: posts small blind $1
Omega74: posts big blind $3
*** HOLE CARDS ***
Ag3r0n: raises $3 to $6
Omega74: raises $3 to $9
Ag3r0n: calls $3
*** FLOP *** [5s Td Ks]
Omega74: bets $3
Ag3r0n: calls $3
*** TURN *** [5s Td Ks] [9c]
Omega74: bets $6
Ag3r0n: calls $6
*** RIVER *** [5s Td Ks 9c] [4s]
Omega74: bets $6
calamityqwer joins the table at seat #3
Ag3r0n: calls $6
*** SHOW DOWN ***
Omega74: shows [Kd Kh] (three of a kind, Kings)
Ag3r0n: mucks hand
Omega74 collected $47.50 from pot
*** SUMMARY ***
Total pot $48 | Rake $0.50
Board [5s Td Ks 9c 4s]
Seat 2: Omega74 (big blind) showed [Kd Kh] and won ($47.50) with three of a kind, Kings
Seat 4: Ag3r0n (button) (small blind) mucked


PokerStars Hand #156555281599:  Hold'em Limit ($3/$6 USD) - 2016/07/28 12:54:36 ET
Table 'Sumava II' 6-max Seat #2 is the button
Seat 2: Omega74 ($232.90 in chips)
Seat 4: Ag3r0n ($531.08 in chips)
Omega74: posts small blind $1
Ag3r0n: posts big blind $3
*** HOLE CARDS ***
Omega74: raises $3 to $6
Ag3r0n: raises $3 to $9
Omega74: raises $3 to $12
Betting is capped
Ag3r0n: calls $3
*** FLOP *** [3c Jh 3h]
Ag3r0n: checks
Omega74: bets $3
Ag3r0n: raises $3 to $6
Omega74: calls $3
*** TURN *** [3c Jh 3h] [7d]
Ag3r0n: bets $6
Omega74: calls $6
*** RIVER *** [3c Jh 3h 7d] [Ac]
Ag3r0n: checks
Omega74: checks
*** SHOW DOWN ***
Ag3r0n: shows [Qh Qc] (two pair, Queens and Threes)
Omega74: mucks hand
Ag3r0n collected $47.50 from pot
*** SUMMARY ***
Total pot $48 | Rake $0.50
Board [3c Jh 3h 7d Ac]
Seat 2: Omega74 (button) (small blind) mucked
Seat 4: Ag3r0n (big blind) showed [Qh Qc] and won ($47.50) with two pair, Queens and Threes


PokerStars Hand #156555349719:  Hold'em Limit ($3/$6 USD) - 2016/07/28 12:56:38 ET
Table 'Sumava II' 6-max Seat #4 is the button
Seat 2: Omega74 ($232.50 in chips)
Seat 4: Ag3r0n ($477.58 in chips)
Ag3r0n: posts small blind $1
Omega74: posts big blind $3
*** HOLE CARDS ***
Ag3r0n: folds
Uncalled bet ($2) returned to Omega74
Omega74 collected $2 from pot
Omega74: doesn't show hand
*** SUMMARY ***
Total pot $2 | Rake $0
Seat 2: Omega74 (big blind) collected ($2)
Seat 4: Ag3r0n (button) (small blind) folded before Flop


PokerStars Hand #156555347351:  Hold'em Limit ($3/$6 USD) - 2016/07/28 12:56:33 ET
Table 'Sumava II' 6-max Seat #2 is the button
Seat 2: Omega74 ($233.50 in chips)
Seat 4: Ag3r0n ($476.58 in chips)
Omega74: posts small blind $1
Ag3r0n: posts big blind $3
*** HOLE CARDS ***
Omega74: folds
Uncalled bet ($2) returned to Ag3r0n
Ag3r0n collected $2 from pot
*** SUMMARY ***
Total pot $2 | Rake $0
Seat 2: Omega74 (button) (small blind) folded before Flop
Seat 4: Ag3r0n (big blind) collected ($2)


PokerStars Hand #156555344878:  Hold'em Limit ($3/$6 USD) - 2016/07/28 12:56:29 ET
Table 'Sumava II' 6-max Seat #4 is the button
Seat 2: Omega74 ($236.50 in chips)
Seat 4: Ag3r0n ($473.58 in chips)
Ag3r0n: posts small blind $1
Omega74: posts big blind $3
*** HOLE CARDS ***
Ag3r0n: raises $3 to $6
Omega74: folds
Uncalled bet ($3) returned to Ag3r0n
Ag3r0n collected $6 from pot
*** SUMMARY ***
Total pot $6 | Rake $0
Seat 2: Omega74 (big blind) folded before Flop
Seat 4: Ag3r0n (button) (small blind) collected ($6)


PokerStars Hand #156555342297:  Hold'em Limit ($3/$6 USD) - 2016/07/28 12:56:24 ET
Table 'Sumava II' 6-max Seat #2 is the button
Seat 2: Omega74 ($237.50 in chips)
Seat 4: Ag3r0n ($472.58 in chips)
Omega74: posts small blind $1
Ag3r0n: posts big blind $3
*** HOLE CARDS ***
Omega74: folds
Uncalled bet ($2) returned to Ag3r0n
Ag3r0n collected $2 from pot
*** SUMMARY ***
Total pot $2 | Rake $0
Seat 2: Omega74 (button) (small blind) folded before Flop
Seat 4: Ag3r0n (big blind) collected ($2)


PokerStars Hand #156555352093:  Hold'em Limit ($3/$6 USD) - 2016/07/28 12:56:43 ET
Table 'Sumava II' 6-max Seat #2 is the button
Seat 2: Omega74 ($233.50 in chips)
Seat 4: Ag3r0n ($476.58 in chips)
Omega74: posts small blind $1
Ag3r0n: posts big blind $3
*** HOLE CARDS ***
Omega74: folds
Uncalled bet ($2) returned to Ag3r0n
IngusJ joins the table at seat #6
Ag3r0n collected $2 from pot
*** SUMMARY ***
Total pot $2 | Rake $0
Seat 2: Omega74 (button) (small blind) folded before Flop
Seat 4: Ag3r0n (big blind) collected ($2)


PokerStars Hand #156563617200:  Hold'em Limit ($3/$6 USD) - 2016/07/28 16:05:24 ET
Table 'Sumava II' 6-max Seat #5 is the button
Seat 4: Zubasa07 ($655.49 in chips)
Seat 5: tufing ($221.87 in chips)
tufing: posts small blind $1
krossguard: is sitting out
kolaz03: is sitting out
ChipsOrre: is sitting out
Zubasa07: posts big blind $3
*** HOLE CARDS ***
tufing: folds
Uncalled bet ($2) returned to Zubasa07
kolaz03 leaves the table
Zubasa07 collected $2 from pot
Zubasa07: doesn't show hand
*** SUMMARY ***
Total pot $2 | Rake $0
Seat 4: Zubasa07 (big blind) collected ($2)
Seat 5: tufing (button) (small blind) folded before Flop


PokerStars Hand #156563620854:  Hold'em Limit ($3/$6 USD) - 2016/07/28 16:05:28 ET
Table 'Sumava II' 6-max Seat #4 is the button
Seat 4: Zubasa07 ($656.49 in chips)
Seat 5: tufing ($220.87 in chips)
krossguard leaves the table
Zubasa07: posts small blind $1
tufing: posts big blind $3
*** HOLE CARDS ***
Zubasa07: raises $3 to $6
tufing: calls $3
*** FLOP *** [3d Kh 4c]
tufing: checks
Zubasa07: bets $3
tufing: folds
Uncalled bet ($3) returned to Zubasa07
Zubasa07 collected $11.76 from pot
Zubasa07: doesn't show hand
*** SUMMARY ***
Total pot $12 | Rake $0.24
Board [3d Kh 4c]
Seat 4: Zubasa07 (button) (small blind) collected ($11.76)
Seat 5: tufing (big blind) folded on the Flop


PokerStars Hand #156563654430:  Hold'em Limit ($3/$6 USD) - 2016/07/28 16:06:10 ET
Table 'Sumava II' 6-max Seat #4 is the button
Seat 3: ChipsOrre ($148.01 in chips)
Seat 4: Zubasa07 ($659.25 in chips)
Zubasa07: posts small blind $1
ChipsOrre: posts big blind $3
*** HOLE CARDS ***
Zubasa07: folds
Uncalled bet ($2) returned to ChipsOrre
ChipsOrre collected $2 from pot
ChipsOrre: doesn't show hand
*** SUMMARY ***
Total pot $2 | Rake $0
Seat 3: ChipsOrre (big blind) collected ($2)
Seat 4: Zubasa07 (button) (small blind) folded before Flop


PokerStars Hand #156563667329:  Hold'em Limit ($3/$6 USD) - 2016/07/28 16:06:26 ET
Table 'Sumava II' 6-max Seat #3 is the button
Seat 3: ChipsOrre ($149.01 in chips)
Seat 4: Zubasa07 ($658.25 in chips)
ChipsOrre: posts small blind $1
Zubasa07: posts big blind $3
*** HOLE CARDS ***
ChipsOrre: raises $3 to $6
Zubasa07: calls $3
*** FLOP *** [Qs 4c Js]
Zubasa07: checks
ChipsOrre: bets $3
Zubasa07: calls $3
*** TURN *** [Qs 4c Js] [2s]
Zubasa07: checks
ChipsOrre: bets $6
Zubasa07: raises $6 to $12
ChipsOrre: calls $6
*** RIVER *** [Qs 4c Js 2s] [Ac]
Zubasa07: bets $6
ChipsOrre: calls $6
*** SHOW DOWN ***
Zubasa07: shows [6d Ts] (high card Ace)
ChipsOrre: shows [Qd 9h] (a pair of Queens)
ChipsOrre collected $53.50 from pot
*** SUMMARY ***
Total pot $54 | Rake $0.50
Board [Qs 4c Js 2s Ac]
Seat 3: ChipsOrre (button) (small blind) showed [Qd 9h] and won ($53.50) with a pair of Queens
Seat 4: Zubasa07 (big blind) showed [6d Ts] and lost with high card Ace


