PokerStars Hand #146360505669:  Hold'em Limit ($3/$6 USD) - 2016/01/02 18:59:53 ET
Table 'Sumava II' 6-max Seat #1 is the button
Seat 1: LolDnkaments ($283.85 in chips)
Seat 4: micdoopie ($376.81 in chips)
LolDnkaments: posts small blind $1
micdoopie: posts big blind $3
*** HOLE CARDS ***
LolDnkaments: raises $3 to $6
micdoopie: raises $3 to $9
LolDnkaments: calls $3
*** FLOP *** [Qs 7d 2d]
micdoopie: bets $3
LolDnkaments: calls $3
*** TURN *** [Qs 7d 2d] [2h]
micdoopie: bets $6
LolDnkaments: calls $6
*** RIVER *** [Qs 7d 2d 2h] [4h]
micdoopie: checks
LolDnkaments: checks
*** SHOW DOWN ***
micdoopie: shows [4d 4c] (a full house, Fours full of Deuces)
LolDnkaments: mucks hand
micdoopie collected $35.50 from pot
*** SUMMARY ***
Total pot $36 | Rake $0.50
Board [Qs 7d 2d 2h 4h]
Seat 1: LolDnkaments (button) (small blind) mucked
Seat 4: micdoopie (big blind) showed [4d 4c] and won ($35.50) with a full house, Fours full of Deuces


PokerStars Hand #146360502146:  Hold'em Limit ($3/$6 USD) - 2016/01/02 18:59:48 ET
Table 'Sumava II' 6-max Seat #4 is the button
Seat 1: LolDnkaments ($282.85 in chips)
Seat 4: micdoopie ($377.81 in chips)
micdoopie: posts small blind $1
LolDnkaments: posts big blind $3
*** HOLE CARDS ***
micdoopie: folds
Uncalled bet ($2) returned to LolDnkaments
LolDnkaments collected $2 from pot
LolDnkaments: doesn't show hand
*** SUMMARY ***
Total pot $2 | Rake $0
Seat 1: LolDnkaments (big blind) collected ($2)
Seat 4: micdoopie (button) (small blind) folded before Flop


PokerStars Hand #146360493030:  Hold'em Limit ($3/$6 USD) - 2016/01/02 18:59:36 ET
Table 'Sumava II' 6-max Seat #1 is the button
Seat 1: LolDnkaments ($291.85 in chips)
Seat 4: micdoopie ($369.17 in chips)
LolDnkaments: posts small blind $1
micdoopie: posts big blind $3
*** HOLE CARDS ***
LolDnkaments: raises $3 to $6
micdoopie: calls $3
*** FLOP *** [8h Jc 5c]
micdoopie: checks
LolDnkaments: bets $3
micdoopie: raises $3 to $6
LolDnkaments: folds
Uncalled bet ($3) returned to micdoopie
micdoopie collected $17.64 from pot
*** SUMMARY ***
Total pot $18 | Rake $0.36
Board [8h Jc 5c]
Seat 1: LolDnkaments (button) (small blind) folded on the Flop
Seat 4: micdoopie (big blind) collected ($17.64)


PokerStars Hand #146360479551:  Hold'em Limit ($3/$6 USD) - 2016/01/02 18:59:18 ET
Table 'Sumava II' 6-max Seat #4 is the button
Seat 1: LolDnkaments ($271.35 in chips)
Seat 4: micdoopie ($390.17 in chips)
micdoopie: posts small blind $1
LolDnkaments: posts big blind $3
*** HOLE CARDS ***
micdoopie: raises $3 to $6
LolDnkaments: calls $3
*** FLOP *** [Kc 2d Ts]
LolDnkaments: checks
micdoopie: bets $3
LolDnkaments: calls $3
*** TURN *** [Kc 2d Ts] [Ks]
LolDnkaments: checks
micdoopie: bets $6
LolDnkaments: calls $6
*** RIVER *** [Kc 2d Ts Ks] [5d]
LolDnkaments: checks
micdoopie: bets $6
LolDnkaments: calls $6
*** SHOW DOWN ***
micdoopie: shows [3d 9d] (a pair of Kings)
LolDnkaments: shows [Qd 5s] (two pair, Kings and Fives)
LolDnkaments collected $41.50 from pot
*** SUMMARY ***
Total pot $42 | Rake $0.50
Board [Kc 2d Ts Ks 5d]
Seat 1: LolDnkaments (big blind) showed [Qd 5s] and won ($41.50) with two pair, Kings and Fives
Seat 4: micdoopie (button) (small blind) showed [3d 9d] and lost with a pair of Kings


PokerStars Hand #146360560248:  Hold'em Limit ($3/$6 USD) - 2016/01/02 19:01:03 ET
Table 'Sumava II' 6-max Seat #1 is the button
Seat 1: LolDnkaments ($266.35 in chips)
Seat 4: micdoopie ($392.81 in chips)
LolDnkaments: posts small blind $1
micdoopie: posts big blind $3
*** HOLE CARDS ***
LolDnkaments: raises $3 to $6
micdoopie: folds
Uncalled bet ($3) returned to LolDnkaments
LolDnkaments collected $6 from pot
LolDnkaments: doesn't show hand
*** SUMMARY ***
Total pot $6 | Rake $0
Seat 1: LolDnkaments (button) (small blind) collected ($6)
Seat 4: micdoopie (big blind) folded before Flop


PokerStars Hand #146360556147:  Hold'em Limit ($3/$6 USD) - 2016/01/02 19:00:58 ET
Table 'Sumava II' 6-max Seat #4 is the button
Seat 1: LolDnkaments ($265.35 in chips)
Seat 4: micdoopie ($393.81 in chips)
micdoopie: posts small blind $1
LolDnkaments: posts big blind $3
*** HOLE CARDS ***
micdoopie: folds
Uncalled bet ($2) returned to LolDnkaments
LolDnkaments collected $2 from pot
LolDnkaments: doesn't show hand
*** SUMMARY ***
Total pot $2 | Rake $0
Seat 1: LolDnkaments (big blind) collected ($2)
Seat 4: micdoopie (button) (small blind) folded before Flop


PokerStars Hand #146360535293:  Hold'em Limit ($3/$6 USD) - 2016/01/02 19:00:32 ET
Table 'Sumava II' 6-max Seat #1 is the button
Seat 1: LolDnkaments ($238.85 in chips)
Seat 4: micdoopie ($420.81 in chips)
LolDnkaments: posts small blind $1
micdoopie: posts big blind $3
*** HOLE CARDS ***
LolDnkaments: raises $3 to $6
micdoopie: raises $3 to $9
LolDnkaments: raises $3 to $12
Betting is capped
micdoopie: calls $3
*** FLOP *** [Ad 6d 3h]
micdoopie: bets $3
LolDnkaments: calls $3
*** TURN *** [Ad 6d 3h] [Th]
micdoopie: checks
LolDnkaments: bets $6
micdoopie: calls $6
*** RIVER *** [Ad 6d 3h Th] [Ts]
micdoopie: checks
LolDnkaments: bets $6
micdoopie: calls $6
*** SHOW DOWN ***
LolDnkaments: shows [As Kh] (two pair, Aces and Tens)
micdoopie: mucks hand
LolDnkaments collected $53.50 from pot
*** SUMMARY ***
Total pot $54 | Rake $0.50
Board [Ad 6d 3h Th Ts]
Seat 1: LolDnkaments (button) (small blind) showed [As Kh] and won ($53.50) with two pair, Aces and Tens
Seat 4: micdoopie (big blind) mucked


PokerStars Hand #146360521734:  Hold'em Limit ($3/$6 USD) - 2016/01/02 19:00:14 ET
Table 'Sumava II' 6-max Seat #4 is the button
Seat 1: LolDnkaments ($265.85 in chips)
Seat 4: micdoopie ($394.31 in chips)
micdoopie: posts small blind $1
LolDnkaments: posts big blind $3
*** HOLE CARDS ***
micdoopie: raises $3 to $6
LolDnkaments: calls $3
*** FLOP *** [Td Jd Ah]
LolDnkaments: checks
micdoopie: bets $3
LolDnkaments: raises $3 to $6
micdoopie: raises $3 to $9
LolDnkaments: calls $3
*** TURN *** [Td Jd Ah] [2d]
LolDnkaments: bets $6
micdoopie: calls $6
*** RIVER *** [Td Jd Ah 2d] [6d]
LolDnkaments: bets $6
micdoopie: calls $6
*** SHOW DOWN ***
LolDnkaments: shows [Qs 4s] (high card Ace)
micdoopie: shows [Ac 8h] (a pair of Aces)
micdoopie collected $53.50 from pot
*** SUMMARY ***
Total pot $54 | Rake $0.50
Board [Td Jd Ah 2d 6d]
Seat 1: LolDnkaments (big blind) showed [Qs 4s] and lost with high card Ace
Seat 4: micdoopie (button) (small blind) showed [Ac 8h] and won ($53.50) with a pair of Aces


PokerStars Hand #146360594552:  Hold'em Limit ($3/$6 USD) - 2016/01/02 19:01:44 ET
Table 'Sumava II' 6-max Seat #4 is the button
Seat 1: LolDnkaments ($242.35 in chips)
Seat 4: micdoopie ($416.07 in chips)
micdoopie: posts small blind $1
LolDnkaments: posts big blind $3
*** HOLE CARDS ***
micdoopie: folds
Uncalled bet ($2) returned to LolDnkaments
LolDnkaments collected $2 from pot
LolDnkaments: doesn't show hand
*** SUMMARY ***
Total pot $2 | Rake $0
Seat 1: LolDnkaments (big blind) collected ($2)
Seat 4: micdoopie (button) (small blind) folded before Flop


PokerStars Hand #146360575825:  Hold'em Limit ($3/$6 USD) - 2016/01/02 19:01:22 ET
Table 'Sumava II' 6-max Seat #1 is the button
Seat 1: LolDnkaments ($263.35 in chips)
Seat 4: micdoopie ($395.57 in chips)
LolDnkaments: posts small blind $1
micdoopie: posts big blind $3
*** HOLE CARDS ***
LolDnkaments: raises $3 to $6
micdoopie: calls $3
*** FLOP *** [Tc Jh Kc]
micdoopie: bets $3
LolDnkaments: calls $3
*** TURN *** [Tc Jh Kc] [9s]
micdoopie: bets $6
LolDnkaments: calls $6
*** RIVER *** [Tc Jh Kc 9s] [3c]
micdoopie: bets $6
LolDnkaments: calls $6
*** SHOW DOWN ***
micdoopie: shows [Ks 3s] (two pair, Kings and Threes)
LolDnkaments: mucks hand
micdoopie collected $41.50 from pot
*** SUMMARY ***
Total pot $42 | Rake $0.50
Board [Tc Jh Kc 9s 3c]
Seat 1: LolDnkaments (button) (small blind) mucked
Seat 4: micdoopie (big blind) showed [Ks 3s] and won ($41.50) with two pair, Kings and Threes


PokerStars Hand #146360566727:  Hold'em Limit ($3/$6 USD) - 2016/01/02 19:01:11 ET
Table 'Sumava II' 6-max Seat #4 is the button
Seat 1: LolDnkaments ($269.35 in chips)
Seat 4: micdoopie ($389.81 in chips)
micdoopie: posts small blind $1
LolDnkaments: posts big blind $3
*** HOLE CARDS ***
micdoopie: raises $3 to $6
LolDnkaments: calls $3
*** FLOP *** [Ks 7h Td]
LolDnkaments: checks
micdoopie: bets $3
LolDnkaments: folds
Uncalled bet ($3) returned to micdoopie
micdoopie collected $11.76 from pot
*** SUMMARY ***
Total pot $12 | Rake $0.24
Board [Ks 7h Td]
Seat 1: LolDnkaments (big blind) folded on the Flop
Seat 4: micdoopie (button) (small blind) collected ($11.76)


PokerStars Hand #146360645731:  Hold'em Limit ($3/$6 USD) - 2016/01/02 19:02:43 ET
Table 'Sumava II' 6-max Seat #4 is the button
Seat 1: LolDnkaments ($232.35 in chips)
Seat 4: micdoopie ($425.57 in chips)
micdoopie: posts small blind $1
LolDnkaments: posts big blind $3
*** HOLE CARDS ***
micdoopie: raises $3 to $6
LolDnkaments: folds
Uncalled bet ($3) returned to micdoopie
micdoopie collected $6 from pot
*** SUMMARY ***
Total pot $6 | Rake $0
Seat 1: LolDnkaments (big blind) folded before Flop
Seat 4: micdoopie (button) (small blind) collected ($6)


PokerStars Hand #146360638263:  Hold'em Limit ($3/$6 USD) - 2016/01/02 19:02:34 ET
Table 'Sumava II' 6-max Seat #1 is the button
Seat 1: LolDnkaments ($229.35 in chips)
Seat 4: micdoopie ($428.57 in chips)
LolDnkaments: posts small blind $1
micdoopie: posts big blind $3
*** HOLE CARDS ***
LolDnkaments: raises $3 to $6
micdoopie: folds
Uncalled bet ($3) returned to LolDnkaments
LolDnkaments collected $6 from pot
LolDnkaments: doesn't show hand
*** SUMMARY ***
Total pot $6 | Rake $0
Seat 1: LolDnkaments (button) (small blind) collected ($6)
Seat 4: micdoopie (big blind) folded before Flop


PokerStars Hand #146360633176:  Hold'em Limit ($3/$6 USD) - 2016/01/02 19:02:28 ET
Table 'Sumava II' 6-max Seat #4 is the button
Seat 1: LolDnkaments ($228.35 in chips)
Seat 4: micdoopie ($429.57 in chips)
micdoopie: posts small blind $1
LolDnkaments: posts big blind $3
*** HOLE CARDS ***
micdoopie: folds
Uncalled bet ($2) returned to LolDnkaments
LolDnkaments collected $2 from pot
LolDnkaments: doesn't show hand
*** SUMMARY ***
Total pot $2 | Rake $0
Seat 1: LolDnkaments (big blind) collected ($2)
Seat 4: micdoopie (button) (small blind) folded before Flop


PokerStars Hand #146360600936:  Hold'em Limit ($3/$6 USD) - 2016/01/02 19:01:51 ET
Table 'Sumava II' 6-max Seat #1 is the button
Seat 1: LolDnkaments ($243.35 in chips)
Seat 4: micdoopie ($415.07 in chips)
LolDnkaments: posts small blind $1
micdoopie: posts big blind $3
*** HOLE CARDS ***
LolDnkaments: raises $3 to $6
micdoopie: calls $3
*** FLOP *** [7d 5s Jd]
micdoopie: checks
LolDnkaments: bets $3
micdoopie: calls $3
*** TURN *** [7d 5s Jd] [9h]
micdoopie: checks
LolDnkaments: checks
*** RIVER *** [7d 5s Jd 9h] [Qc]
micdoopie: bets $6
LolDnkaments: calls $6
*** SHOW DOWN ***
micdoopie: shows [8c Tc] (a straight, Eight to Queen)
LolDnkaments: mucks hand
micdoopie collected $29.50 from pot
*** SUMMARY ***
Total pot $30 | Rake $0.50
Board [7d 5s Jd 9h Qc]
Seat 1: LolDnkaments (button) (small blind) mucked
Seat 4: micdoopie (big blind) showed [8c Tc] and won ($29.50) with a straight, Eight to Queen


PokerStars Hand #146360651879:  Hold'em Limit ($3/$6 USD) - 2016/01/02 19:02:50 ET
Table 'Sumava II' 6-max Seat #1 is the button
Seat 1: LolDnkaments ($229.35 in chips)
Seat 4: micdoopie ($428.57 in chips)
LolDnkaments: posts small blind $1
micdoopie: posts big blind $3
*** HOLE CARDS ***
LolDnkaments: raises $3 to $6
micdoopie: calls $3
*** FLOP *** [6h 3c Td]
micdoopie: bets $3
LolDnkaments: raises $3 to $6
micdoopie: calls $3
*** TURN *** [6h 3c Td] [5s]
micdoopie: checks
LolDnkaments: checks
*** RIVER *** [6h 3c Td 5s] [7h]
micdoopie: checks
LolDnkaments: checks
*** SHOW DOWN ***
micdoopie: shows [6s 9s] (a pair of Sixes)
LolDnkaments: mucks hand
micdoopie collected $23.52 from pot
*** SUMMARY ***
Total pot $24 | Rake $0.48
Board [6h 3c Td 5s 7h]
Seat 1: LolDnkaments (button) (small blind) mucked
Seat 4: micdoopie (big blind) showed [6s 9s] and won ($23.52) with a pair of Sixes


PokerStars Hand #146360704792:  Hold'em Limit ($3/$6 USD) - 2016/01/02 19:03:52 ET
Table 'Sumava II' 6-max Seat #4 is the button
Seat 1: LolDnkaments ($217.35 in chips)
Seat 4: micdoopie ($440.09 in chips)
micdoopie: posts small blind $1
LolDnkaments: posts big blind $3
*** HOLE CARDS ***
micdoopie: raises $3 to $6
LolDnkaments: raises $3 to $9
micdoopie: calls $3
*** FLOP *** [6d 6c Kc]
LolDnkaments: bets $3
micdoopie: calls $3
*** TURN *** [6d 6c Kc] [4c]
LolDnkaments: checks
micdoopie: bets $6
LolDnkaments: raises $6 to $12
micdoopie: calls $6
*** RIVER *** [6d 6c Kc 4c] [Qd]
LolDnkaments: bets $6
micdoopie: calls $6
*** SHOW DOWN ***
LolDnkaments: shows [Qc 9c] (a flush, King high)
micdoopie: mucks hand
LolDnkaments collected $59.50 from pot
*** SUMMARY ***
Total pot $60 | Rake $0.50
Board [6d 6c Kc 4c Qd]
Seat 1: LolDnkaments (big blind) showed [Qc 9c] and won ($59.50) with a flush, King high
Seat 4: micdoopie (button) (small blind) mucked


PokerStars Hand #146360750904:  Hold'em Limit ($3/$6 USD) - 2016/01/02 19:04:45 ET
Table 'Sumava II' 6-max Seat #1 is the button
Seat 1: LolDnkaments ($276.35 in chips)
Seat 4: micdoopie ($380.09 in chips)
LolDnkaments: posts small blind $1
micdoopie: posts big blind $3
*** HOLE CARDS ***
LolDnkaments: raises $3 to $6
micdoopie: calls $3
*** FLOP *** [Ad Jh 3d]
micdoopie: checks
LolDnkaments: bets $3
micdoopie: folds
Uncalled bet ($3) returned to LolDnkaments
LolDnkaments collected $11.76 from pot
LolDnkaments: doesn't show hand
*** SUMMARY ***
Total pot $12 | Rake $0.24
Board [Ad Jh 3d]
Seat 1: LolDnkaments (button) (small blind) collected ($11.76)
Seat 4: micdoopie (big blind) folded on the Flop


PokerStars Hand #146360731677:  Hold'em Limit ($3/$6 USD) - 2016/01/02 19:04:23 ET
Table 'Sumava II' 6-max Seat #4 is the button
Seat 1: LolDnkaments ($249.85 in chips)
Seat 4: micdoopie ($407.09 in chips)
micdoopie: posts small blind $1
LolDnkaments: posts big blind $3
*** HOLE CARDS ***
micdoopie: raises $3 to $6
LolDnkaments: calls $3
*** FLOP *** [7s Jc 5c]
LolDnkaments: checks
micdoopie: bets $3
LolDnkaments: calls $3
*** TURN *** [7s Jc 5c] [7c]
LolDnkaments: checks
micdoopie: bets $6
LolDnkaments: raises $6 to $12
micdoopie: calls $6
*** RIVER *** [7s Jc 5c 7c] [2c]
LolDnkaments: bets $6
micdoopie: calls $6
*** SHOW DOWN ***
LolDnkaments: shows [Qh 9c] (a flush, Jack high)
micdoopie: mucks hand
LolDnkaments collected $53.50 from pot
*** SUMMARY ***
Total pot $54 | Rake $0.50
Board [7s Jc 5c 7c 2c]
Seat 1: LolDnkaments (big blind) showed [Qh 9c] and won ($53.50) with a flush, Jack high
Seat 4: micdoopie (button) (small blind) mucked


PokerStars Hand #146360725305:  Hold'em Limit ($3/$6 USD) - 2016/01/02 19:04:15 ET
Table 'Sumava II' 6-max Seat #1 is the button
Seat 1: LolDnkaments ($246.85 in chips)
Seat 4: micdoopie ($410.09 in chips)
LolDnkaments: posts small blind $1
micdoopie: posts big blind $3
*** HOLE CARDS ***
LolDnkaments: raises $3 to $6
micdoopie: folds
Uncalled bet ($3) returned to LolDnkaments
LolDnkaments collected $6 from pot
LolDnkaments: doesn't show hand
*** SUMMARY ***
Total pot $6 | Rake $0
Seat 1: LolDnkaments (button) (small blind) collected ($6)
Seat 4: micdoopie (big blind) folded before Flop


PokerStars Hand #146360760022:  Hold'em Limit ($3/$6 USD) - 2016/01/02 19:04:56 ET
Table 'Sumava II' 6-max Seat #4 is the button
Seat 1: LolDnkaments ($282.11 in chips)
Seat 4: micdoopie ($374.09 in chips)
micdoopie: posts small blind $1
LolDnkaments: posts big blind $3
*** HOLE CARDS ***
micdoopie: raises $3 to $6
LolDnkaments: calls $3
*** FLOP *** [2h 5c 8d]
LolDnkaments: checks
micdoopie: bets $3
LolDnkaments: calls $3
*** TURN *** [2h 5c 8d] [Ad]
LolDnkaments: checks
micdoopie: bets $6
LolDnkaments: raises $6 to $12
micdoopie: calls $6
*** RIVER *** [2h 5c 8d Ad] [5d]
LolDnkaments: bets $6
micdoopie: calls $6
*** SHOW DOWN ***
LolDnkaments: shows [Ac 3s] (two pair, Aces and Fives)
micdoopie: mucks hand
LolDnkaments collected $53.50 from pot
*** SUMMARY ***
Total pot $54 | Rake $0.50
Board [2h 5c 8d Ad 5d]
Seat 1: LolDnkaments (big blind) showed [Ac 3s] and won ($53.50) with two pair, Aces and Fives
Seat 4: micdoopie (button) (small blind) mucked


PokerStars Hand #146360780167:  Hold'em Limit ($3/$6 USD) - 2016/01/02 19:05:18 ET
Table 'Sumava II' 6-max Seat #1 is the button
Seat 1: LolDnkaments ($308.61 in chips)
Seat 4: micdoopie ($347.09 in chips)
LolDnkaments: posts small blind $1
micdoopie: posts big blind $3
*** HOLE CARDS ***
LolDnkaments: raises $3 to $6
micdoopie: calls $3
*** FLOP *** [Ks 8c Ts]
micdoopie: checks
LolDnkaments: bets $3
micdoopie: raises $3 to $6
LolDnkaments: calls $3
*** TURN *** [Ks 8c Ts] [2d]
micdoopie: bets $6
LolDnkaments: calls $6
*** RIVER *** [Ks 8c Ts 2d] [4h]
micdoopie: bets $6
LolDnkaments: folds
Uncalled bet ($6) returned to micdoopie
micdoopie collected $35.50 from pot
*** SUMMARY ***
Total pot $36 | Rake $0.50
Board [Ks 8c Ts 2d 4h]
Seat 1: LolDnkaments (button) (small blind) folded on the River
Seat 4: micdoopie (big blind) collected ($35.50)


PokerStars Hand #146360795959:  Hold'em Limit ($3/$6 USD) - 2016/01/02 19:05:36 ET
Table 'Sumava II' 6-max Seat #4 is the button
Seat 1: LolDnkaments ($290.61 in chips)
Seat 4: micdoopie ($364.59 in chips)
micdoopie: posts small blind $1
LolDnkaments: posts big blind $3
*** HOLE CARDS ***
micdoopie: raises $3 to $6
LolDnkaments: raises $3 to $9
micdoopie: raises $3 to $12
Betting is capped
LolDnkaments: calls $3
*** FLOP *** [2s 6h 9d]
LolDnkaments: checks
micdoopie: bets $3
LolDnkaments: calls $3
*** TURN *** [2s 6h 9d] [7s]
LolDnkaments: checks
kipsweter joins the table at seat #3
micdoopie: bets $6
LolDnkaments: calls $6
*** RIVER *** [2s 6h 9d 7s] [3d]
LolDnkaments: checks
micdoopie: checks
*** SHOW DOWN ***
LolDnkaments: shows [4h 4d] (a pair of Fours)
micdoopie: mucks hand
LolDnkaments collected $41.50 from pot
*** SUMMARY ***
Total pot $42 | Rake $0.50
Board [2s 6h 9d 7s 3d]
Seat 1: LolDnkaments (big blind) showed [4h 4d] and won ($41.50) with a pair of Fours
Seat 4: micdoopie (button) (small blind) mucked


PokerStars Hand #146360886775:  Hold'em Limit ($3/$6 USD) - 2016/01/02 19:07:19 ET
Table 'Sumava II' 6-max Seat #4 is the button
Seat 3: kipsweter ($237.67 in chips)
Seat 4: micdoopie ($373.76 in chips)
micdoopie: posts small blind $1
LolDnkaments: is sitting out
kipsweter: posts big blind $3
*** HOLE CARDS ***
LolDnkaments leaves the table
micdoopie: folds
Uncalled bet ($2) returned to kipsweter
kipsweter collected $2 from pot
*** SUMMARY ***
Total pot $2 | Rake $0
Seat 3: kipsweter (big blind) collected ($2)
Seat 4: micdoopie (button) (small blind) folded before Flop


PokerStars Hand #146360896560:  Hold'em Limit ($3/$6 USD) - 2016/01/02 19:07:30 ET
Table 'Sumava II' 6-max Seat #4 is the button
Seat 3: kipsweter ($237.67 in chips)
Seat 4: micdoopie ($373.76 in chips)
micdoopie: posts small blind $1
kipsweter: posts big blind $3
*** HOLE CARDS ***
micdoopie: folds
Uncalled bet ($2) returned to kipsweter
kipsweter collected $2 from pot
*** SUMMARY ***
Total pot $2 | Rake $0
Seat 3: kipsweter (big blind) collected ($2)
Seat 4: micdoopie (button) (small blind) folded before Flop


PokerStars Hand #146360892203:  Hold'em Limit ($3/$6 USD) - 2016/01/02 19:07:25 ET
Table 'Sumava II' 6-max Seat #3 is the button
Seat 3: kipsweter ($238.67 in chips)
Seat 4: micdoopie ($372.76 in chips)
kipsweter: posts small blind $1
micdoopie: posts big blind $3
*** HOLE CARDS ***
kipsweter: folds
Uncalled bet ($2) returned to micdoopie
micdoopie collected $2 from pot
*** SUMMARY ***
Total pot $2 | Rake $0
Seat 3: kipsweter (button) (small blind) folded before Flop
Seat 4: micdoopie (big blind) collected ($2)


PokerStars Hand #146360900871:  Hold'em Limit ($3/$6 USD) - 2016/01/02 19:07:35 ET
Table 'Sumava II' 6-max Seat #3 is the button
Seat 3: kipsweter ($238.67 in chips)
Seat 4: micdoopie ($372.76 in chips)
kipsweter: posts small blind $1
micdoopie: posts big blind $3
*** HOLE CARDS ***
kipsweter: raises $3 to $6
micdoopie: raises $3 to $9
kipsweter: raises $3 to $12
Betting is capped
micdoopie: calls $3
*** FLOP *** [9d Jd 3c]
micdoopie: bets $3
kipsweter: calls $3
*** TURN *** [9d Jd 3c] [7s]
micdoopie: bets $6
kipsweter: calls $6
*** RIVER *** [9d Jd 3c 7s] [5h]
micdoopie: checks
kipsweter: checks
*** SHOW DOWN ***
micdoopie: shows [7c As] (a pair of Sevens)
kipsweter: mucks hand
micdoopie collected $41.50 from pot
*** SUMMARY ***
Total pot $42 | Rake $0.50
Board [9d Jd 3c 7s 5h]
Seat 3: kipsweter (button) (small blind) mucked
Seat 4: micdoopie (big blind) showed [7c As] and won ($41.50) with a pair of Sevens


PokerStars Hand #146360920823:  Hold'em Limit ($3/$6 USD) - 2016/01/02 19:07:58 ET
Table 'Sumava II' 6-max Seat #4 is the button
Seat 3: kipsweter ($217.67 in chips)
Seat 4: micdoopie ($393.26 in chips)
micdoopie: posts small blind $1
kipsweter: posts big blind $3
*** HOLE CARDS ***
micdoopie: raises $3 to $6
kipsweter: raises $3 to $9
micdoopie: calls $3
*** FLOP *** [6s Kc 8c]
kipsweter: bets $3
micdoopie: calls $3
*** TURN *** [6s Kc 8c] [4d]
kipsweter: bets $6
micdoopie: raises $6 to $12
kipsweter: raises $6 to $18
micdoopie: raises $6 to $24
Betting is capped
kipsweter: calls $6
*** RIVER *** [6s Kc 8c 4d] [Jc]
kipsweter: checks
micdoopie: checks
*** SHOW DOWN ***
kipsweter: shows [3c 5s] (high card King)
micdoopie: shows [Kd 4s] (two pair, Kings and Fours)
micdoopie collected $71.50 from pot
*** SUMMARY ***
Total pot $72 | Rake $0.50
Board [6s Kc 8c 4d Jc]
Seat 3: kipsweter (big blind) showed [3c 5s] and lost with high card King
Seat 4: micdoopie (button) (small blind) showed [Kd 4s] and won ($71.50) with two pair, Kings and Fours


PokerStars Hand #146360950921:  Hold'em Limit ($3/$6 USD) - 2016/01/02 19:08:32 ET
Table 'Sumava II' 6-max Seat #4 is the button
Seat 3: kipsweter ($187.43 in chips)
Seat 4: micdoopie ($422.76 in chips)
micdoopie: posts small blind $1
kipsweter: posts big blind $3
*** HOLE CARDS ***
micdoopie: folds
Uncalled bet ($2) returned to kipsweter
kipsweter collected $2 from pot
*** SUMMARY ***
Total pot $2 | Rake $0
Seat 3: kipsweter (big blind) collected ($2)
Seat 4: micdoopie (button) (small blind) folded before Flop


PokerStars Hand #146360941003:  Hold'em Limit ($3/$6 USD) - 2016/01/02 19:08:21 ET
Table 'Sumava II' 6-max Seat #3 is the button
Seat 3: kipsweter ($181.67 in chips)
Seat 4: micdoopie ($428.76 in chips)
kipsweter: posts small blind $1
micdoopie: posts big blind $3
*** HOLE CARDS ***
kipsweter: raises $3 to $6
micdoopie: calls $3
*** FLOP *** [9c 9d 8h]
micdoopie: checks
kipsweter: bets $3
micdoopie: folds
Uncalled bet ($3) returned to kipsweter
kipsweter collected $11.76 from pot
*** SUMMARY ***
Total pot $12 | Rake $0.24
Board [9c 9d 8h]
Seat 3: kipsweter (button) (small blind) collected ($11.76)
Seat 4: micdoopie (big blind) folded on the Flop


PokerStars Hand #146360955938:  Hold'em Limit ($3/$6 USD) - 2016/01/02 19:08:38 ET
Table 'Sumava II' 6-max Seat #3 is the button
Seat 3: kipsweter ($188.43 in chips)
Seat 4: micdoopie ($421.76 in chips)
kipsweter: posts small blind $1
micdoopie: posts big blind $3
*** HOLE CARDS ***
kipsweter: folds
Uncalled bet ($2) returned to micdoopie
micdoopie collected $2 from pot
*** SUMMARY ***
Total pot $2 | Rake $0
Seat 3: kipsweter (button) (small blind) folded before Flop
Seat 4: micdoopie (big blind) collected ($2)


PokerStars Hand #146360970220:  Hold'em Limit ($3/$6 USD) - 2016/01/02 19:08:55 ET
Table 'Sumava II' 6-max Seat #4 is the button
Seat 3: kipsweter ($183.43 in chips)
Seat 4: micdoopie ($426.76 in chips)
micdoopie: posts small blind $1
kipsweter: posts big blind $3
*** HOLE CARDS ***
micdoopie: folds
Uncalled bet ($2) returned to kipsweter
kipsweter collected $2 from pot
*** SUMMARY ***
Total pot $2 | Rake $0
Seat 3: kipsweter (big blind) collected ($2)
Seat 4: micdoopie (button) (small blind) folded before Flop


PokerStars Hand #146360966045:  Hold'em Limit ($3/$6 USD) - 2016/01/02 19:08:50 ET
Table 'Sumava II' 6-max Seat #3 is the button
Seat 3: kipsweter ($184.43 in chips)
Seat 4: micdoopie ($425.76 in chips)
kipsweter: posts small blind $1
micdoopie: posts big blind $3
*** HOLE CARDS ***
kipsweter: folds
Uncalled bet ($2) returned to micdoopie
micdoopie collected $2 from pot
*** SUMMARY ***
Total pot $2 | Rake $0
Seat 3: kipsweter (button) (small blind) folded before Flop
Seat 4: micdoopie (big blind) collected ($2)


PokerStars Hand #146360959955:  Hold'em Limit ($3/$6 USD) - 2016/01/02 19:08:43 ET
Table 'Sumava II' 6-max Seat #4 is the button
Seat 3: kipsweter ($187.43 in chips)
Seat 4: micdoopie ($422.76 in chips)
micdoopie: posts small blind $1
kipsweter: posts big blind $3
*** HOLE CARDS ***
micdoopie: raises $3 to $6
kipsweter: folds
Uncalled bet ($3) returned to micdoopie
micdoopie collected $6 from pot
*** SUMMARY ***
Total pot $6 | Rake $0
Seat 3: kipsweter (big blind) folded before Flop
Seat 4: micdoopie (button) (small blind) collected ($6)


PokerStars Hand #146360978514:  Hold'em Limit ($3/$6 USD) - 2016/01/02 19:09:04 ET
Table 'Sumava II' 6-max Seat #4 is the button
Seat 3: kipsweter ($183.43 in chips)
Seat 4: micdoopie ($426.76 in chips)
micdoopie: posts small blind $1
kipsweter: posts big blind $3
*** HOLE CARDS ***
micdoopie: folds
Uncalled bet ($2) returned to kipsweter
kipsweter collected $2 from pot
*** SUMMARY ***
Total pot $2 | Rake $0
Seat 3: kipsweter (big blind) collected ($2)
Seat 4: micdoopie (button) (small blind) folded before Flop


PokerStars Hand #146360974432:  Hold'em Limit ($3/$6 USD) - 2016/01/02 19:08:59 ET
Table 'Sumava II' 6-max Seat #3 is the button
Seat 3: kipsweter ($184.43 in chips)
Seat 4: micdoopie ($425.76 in chips)
kipsweter: posts small blind $1
micdoopie: posts big blind $3
*** HOLE CARDS ***
kipsweter: folds
Uncalled bet ($2) returned to micdoopie
micdoopie collected $2 from pot
*** SUMMARY ***
Total pot $2 | Rake $0
Seat 3: kipsweter (button) (small blind) folded before Flop
Seat 4: micdoopie (big blind) collected ($2)


PokerStars Hand #146360982912:  Hold'em Limit ($3/$6 USD) - 2016/01/02 19:09:09 ET
Table 'Sumava II' 6-max Seat #3 is the button
Seat 3: kipsweter ($184.43 in chips)
Seat 4: micdoopie ($425.76 in chips)
kipsweter: posts small blind $1
micdoopie: posts big blind $3
*** HOLE CARDS ***
kipsweter: raises $3 to $6
micdoopie: calls $3
*** FLOP *** [Th Jh 8h]
micdoopie: checks
kipsweter: bets $3
micdoopie: folds
Uncalled bet ($3) returned to kipsweter
kipsweter collected $11.76 from pot
*** SUMMARY ***
Total pot $12 | Rake $0.24
Board [Th Jh 8h]
Seat 3: kipsweter (button) (small blind) collected ($11.76)
Seat 4: micdoopie (big blind) folded on the Flop


PokerStars Hand #146360992714:  Hold'em Limit ($3/$6 USD) - 2016/01/02 19:09:20 ET
Table 'Sumava II' 6-max Seat #4 is the button
Seat 3: kipsweter ($190.19 in chips)
Seat 4: micdoopie ($419.76 in chips)
micdoopie: posts small blind $1
kipsweter: posts big blind $3
*** HOLE CARDS ***
micdoopie: raises $3 to $6
kipsweter: folds
Uncalled bet ($3) returned to micdoopie
micdoopie collected $6 from pot
*** SUMMARY ***
Total pot $6 | Rake $0
Seat 3: kipsweter (big blind) folded before Flop
Seat 4: micdoopie (button) (small blind) collected ($6)


PokerStars Hand #146360998055:  Hold'em Limit ($3/$6 USD) - 2016/01/02 19:09:26 ET
Table 'Sumava II' 6-max Seat #3 is the button
Seat 3: kipsweter ($187.19 in chips)
Seat 4: micdoopie ($422.76 in chips)
kipsweter: posts small blind $1
micdoopie: posts big blind $3
*** HOLE CARDS ***
kipsweter: folds
Uncalled bet ($2) returned to micdoopie
micdoopie collected $2 from pot
*** SUMMARY ***
Total pot $2 | Rake $0
Seat 3: kipsweter (button) (small blind) folded before Flop
Seat 4: micdoopie (big blind) collected ($2)


PokerStars Hand #146361001979:  Hold'em Limit ($3/$6 USD) - 2016/01/02 19:09:31 ET
Table 'Sumava II' 6-max Seat #4 is the button
Seat 3: kipsweter ($186.19 in chips)
Seat 4: micdoopie ($423.76 in chips)
micdoopie: posts small blind $1
kipsweter: posts big blind $3
*** HOLE CARDS ***
micdoopie: raises $3 to $6
kipsweter: raises $3 to $9
micdoopie: calls $3
*** FLOP *** [7d Qh Jd]
kipsweter: bets $3
micdoopie: raises $3 to $6
kipsweter: calls $3
*** TURN *** [7d Qh Jd] [6c]
kipsweter: checks
micdoopie: bets $6
kipsweter: folds
Uncalled bet ($6) returned to micdoopie
micdoopie collected $29.50 from pot
*** SUMMARY ***
Total pot $30 | Rake $0.50
Board [7d Qh Jd 6c]
Seat 3: kipsweter (big blind) folded on the Turn
Seat 4: micdoopie (button) (small blind) collected ($29.50)


PokerStars Hand #146361016326:  Hold'em Limit ($3/$6 USD) - 2016/01/02 19:09:47 ET
Table 'Sumava II' 6-max Seat #3 is the button
Seat 3: kipsweter ($171.19 in chips)
Seat 4: micdoopie ($438.26 in chips)
kipsweter: posts small blind $1
micdoopie: posts big blind $3
*** HOLE CARDS ***
kipsweter: raises $3 to $6
micdoopie: calls $3
*** FLOP *** [2c Qd 5h]
micdoopie: checks
kipsweter: bets $3
micdoopie: folds
Uncalled bet ($3) returned to kipsweter
kipsweter collected $11.76 from pot
*** SUMMARY ***
Total pot $12 | Rake $0.24
Board [2c Qd 5h]
Seat 3: kipsweter (button) (small blind) collected ($11.76)
Seat 4: micdoopie (big blind) folded on the Flop


PokerStars Hand #146361026074:  Hold'em Limit ($3/$6 USD) - 2016/01/02 19:09:59 ET
Table 'Sumava II' 6-max Seat #4 is the button
Seat 3: kipsweter ($176.95 in chips)
Seat 4: micdoopie ($432.26 in chips)
micdoopie: posts small blind $1
kipsweter: posts big blind $3
*** HOLE CARDS ***
micdoopie: folds
Uncalled bet ($2) returned to kipsweter
kipsweter collected $2 from pot
*** SUMMARY ***
Total pot $2 | Rake $0
Seat 3: kipsweter (big blind) collected ($2)
Seat 4: micdoopie (button) (small blind) folded before Flop


PokerStars Hand #146361030523:  Hold'em Limit ($3/$6 USD) - 2016/01/02 19:10:04 ET
Table 'Sumava II' 6-max Seat #3 is the button
Seat 3: kipsweter ($177.95 in chips)
Seat 4: micdoopie ($431.26 in chips)
kipsweter: posts small blind $1
micdoopie: posts big blind $3
*** HOLE CARDS ***
kipsweter: raises $3 to $6
micdoopie: calls $3
*** FLOP *** [7d 7s Js]
micdoopie: checks
kipsweter: bets $3
micdoopie: raises $3 to $6
kipsweter: raises $3 to $9
micdoopie: raises $3 to $12
Betting is capped
kipsweter: folds
Uncalled bet ($3) returned to micdoopie
micdoopie collected $29.50 from pot
*** SUMMARY ***
Total pot $30 | Rake $0.50
Board [7d 7s Js]
Seat 3: kipsweter (button) (small blind) folded on the Flop
Seat 4: micdoopie (big blind) collected ($29.50)


PokerStars Hand #146361046420:  Hold'em Limit ($3/$6 USD) - 2016/01/02 19:10:23 ET
Table 'Sumava II' 6-max Seat #4 is the button
Seat 3: kipsweter ($162.95 in chips)
Seat 4: micdoopie ($445.76 in chips)
micdoopie: posts small blind $1
kipsweter: posts big blind $3
*** HOLE CARDS ***
micdoopie: folds
Uncalled bet ($2) returned to kipsweter
kipsweter collected $2 from pot
*** SUMMARY ***
Total pot $2 | Rake $0
Seat 3: kipsweter (big blind) collected ($2)
Seat 4: micdoopie (button) (small blind) folded before Flop


PokerStars Hand #146361050862:  Hold'em Limit ($3/$6 USD) - 2016/01/02 19:10:28 ET
Table 'Sumava II' 6-max Seat #3 is the button
Seat 3: kipsweter ($163.95 in chips)
Seat 4: micdoopie ($444.76 in chips)
kipsweter: posts small blind $1
micdoopie: posts big blind $3
*** HOLE CARDS ***
kipsweter: raises $3 to $6
micdoopie: folds
Uncalled bet ($3) returned to kipsweter
kipsweter collected $6 from pot
*** SUMMARY ***
Total pot $6 | Rake $0
Seat 3: kipsweter (button) (small blind) collected ($6)
Seat 4: micdoopie (big blind) folded before Flop


PokerStars Hand #146361055650:  Hold'em Limit ($3/$6 USD) - 2016/01/02 19:10:33 ET
Table 'Sumava II' 6-max Seat #4 is the button
Seat 3: kipsweter ($166.95 in chips)
Seat 4: micdoopie ($441.76 in chips)
micdoopie: posts small blind $1
kipsweter: posts big blind $3
*** HOLE CARDS ***
micdoopie: raises $3 to $6
kipsweter: raises $3 to $9
micdoopie: calls $3
*** FLOP *** [9c 2d Kd]
kipsweter: bets $3
micdoopie: calls $3
*** TURN *** [9c 2d Kd] [3d]
kipsweter: bets $6
micdoopie: raises $6 to $12
kipsweter: raises $6 to $18
micdoopie: calls $6
*** RIVER *** [9c 2d Kd 3d] [5c]
kipsweter: bets $6
micdoopie: calls $6
*** SHOW DOWN ***
kipsweter: shows [Jd 6d] (a flush, King high)
micdoopie: mucks hand
kipsweter collected $71.50 from pot
*** SUMMARY ***
Total pot $72 | Rake $0.50
Board [9c 2d Kd 3d 5c]
Seat 3: kipsweter (big blind) showed [Jd 6d] and won ($71.50) with a flush, King high
Seat 4: micdoopie (button) (small blind) mucked


PokerStars Hand #146361074535:  Hold'em Limit ($3/$6 USD) - 2016/01/02 19:10:55 ET
Table 'Sumava II' 6-max Seat #3 is the button
Seat 3: kipsweter ($202.45 in chips)
Seat 4: micdoopie ($405.76 in chips)
kipsweter: posts small blind $1
micdoopie: posts big blind $3
*** HOLE CARDS ***
kipsweter: raises $3 to $6
micdoopie: calls $3
*** FLOP *** [7h 6d 4d]
micdoopie: checks
kipsweter: checks
*** TURN *** [7h 6d 4d] [Qh]
micdoopie: checks
kipsweter: checks
*** RIVER *** [7h 6d 4d Qh] [Qs]
micdoopie: checks
kipsweter: checks
*** SHOW DOWN ***
micdoopie: shows [Td 3h] (a pair of Queens)
kipsweter: shows [Ad 2s] (a pair of Queens - Ace kicker)
kipsweter collected $11.76 from pot
*** SUMMARY ***
Total pot $12 | Rake $0.24
Board [7h 6d 4d Qh Qs]
Seat 3: kipsweter (button) (small blind) showed [Ad 2s] and won ($11.76) with a pair of Queens
Seat 4: micdoopie (big blind) showed [Td 3h] and lost with a pair of Queens


PokerStars Hand #146361088965:  Hold'em Limit ($3/$6 USD) - 2016/01/02 19:11:12 ET
Table 'Sumava II' 6-max Seat #4 is the button
Seat 3: kipsweter ($208.21 in chips)
Seat 4: micdoopie ($399.76 in chips)
micdoopie: posts small blind $1
kipsweter: posts big blind $3
*** HOLE CARDS ***
micdoopie: raises $3 to $6
kipsweter: raises $3 to $9
micdoopie: raises $3 to $12
Betting is capped
kipsweter: calls $3
*** FLOP *** [Td 5d 9c]
kipsweter: bets $3
micdoopie: calls $3
*** TURN *** [Td 5d 9c] [7d]
kipsweter: bets $6
micdoopie: raises $6 to $12
kipsweter: folds
Uncalled bet ($6) returned to micdoopie
micdoopie collected $41.50 from pot
*** SUMMARY ***
Total pot $42 | Rake $0.50
Board [Td 5d 9c 7d]
Seat 3: kipsweter (big blind) folded on the Turn
Seat 4: micdoopie (button) (small blind) collected ($41.50)


PokerStars Hand #146361104202:  Hold'em Limit ($3/$6 USD) - 2016/01/02 19:11:30 ET
Table 'Sumava II' 6-max Seat #3 is the button
Seat 3: kipsweter ($187.21 in chips)
Seat 4: micdoopie ($420.26 in chips)
kipsweter: posts small blind $1
micdoopie: posts big blind $3
*** HOLE CARDS ***
kipsweter: folds
Uncalled bet ($2) returned to micdoopie
micdoopie collected $2 from pot
*** SUMMARY ***
Total pot $2 | Rake $0
Seat 3: kipsweter (button) (small blind) folded before Flop
Seat 4: micdoopie (big blind) collected ($2)


PokerStars Hand #146361108390:  Hold'em Limit ($3/$6 USD) - 2016/01/02 19:11:35 ET
Table 'Sumava II' 6-max Seat #4 is the button
Seat 3: kipsweter ($186.21 in chips)
Seat 4: micdoopie ($421.26 in chips)
micdoopie: posts small blind $1
kipsweter: posts big blind $3
*** HOLE CARDS ***
micdoopie: raises $3 to $6
kipsweter: folds
Uncalled bet ($3) returned to micdoopie
micdoopie collected $6 from pot
*** SUMMARY ***
Total pot $6 | Rake $0
Seat 3: kipsweter (big blind) folded before Flop
Seat 4: micdoopie (button) (small blind) collected ($6)


PokerStars Hand #146361122327:  Hold'em Limit ($3/$6 USD) - 2016/01/02 19:11:51 ET
Table 'Sumava II' 6-max Seat #4 is the button
Seat 3: kipsweter ($177.21 in chips)
Seat 4: micdoopie ($430.02 in chips)
micdoopie: posts small blind $1
kipsweter: posts big blind $3
*** HOLE CARDS ***
micdoopie: folds
Uncalled bet ($2) returned to kipsweter
kipsweter collected $2 from pot
*** SUMMARY ***
Total pot $2 | Rake $0
Seat 3: kipsweter (big blind) collected ($2)
Seat 4: micdoopie (button) (small blind) folded before Flop


PokerStars Hand #146361113980:  Hold'em Limit ($3/$6 USD) - 2016/01/02 19:11:41 ET
Table 'Sumava II' 6-max Seat #3 is the button
Seat 3: kipsweter ($183.21 in chips)
Seat 4: micdoopie ($424.26 in chips)
kipsweter: posts small blind $1
micdoopie: posts big blind $3
*** HOLE CARDS ***
kipsweter: raises $3 to $6
micdoopie: calls $3
*** FLOP *** [6h Qd 3s]
micdoopie: bets $3
kipsweter: folds
Uncalled bet ($3) returned to micdoopie
micdoopie collected $11.76 from pot
*** SUMMARY ***
Total pot $12 | Rake $0.24
Board [6h Qd 3s]
Seat 3: kipsweter (button) (small blind) folded on the Flop
Seat 4: micdoopie (big blind) collected ($11.76)


PokerStars Hand #146361127166:  Hold'em Limit ($3/$6 USD) - 2016/01/02 19:11:57 ET
Table 'Sumava II' 6-max Seat #3 is the button
Seat 3: kipsweter ($178.21 in chips)
Seat 4: micdoopie ($429.02 in chips)
kipsweter: posts small blind $1
micdoopie: posts big blind $3
*** HOLE CARDS ***
kipsweter: raises $3 to $6
micdoopie: calls $3
*** FLOP *** [Th 7s 8c]
micdoopie: bets $3
kipsweter: raises $3 to $6
micdoopie: calls $3
*** TURN *** [Th 7s 8c] [Qs]
micdoopie: checks
kipsweter: bets $6
micdoopie: raises $6 to $12
kipsweter: calls $6
*** RIVER *** [Th 7s 8c Qs] [5d]
micdoopie: bets $6
kipsweter: calls $6
*** SHOW DOWN ***
micdoopie: shows [8h Qc] (two pair, Queens and Eights)
kipsweter: mucks hand
micdoopie collected $59.50 from pot
*** SUMMARY ***
Total pot $60 | Rake $0.50
Board [Th 7s 8c Qs 5d]
Seat 3: kipsweter (button) (small blind) mucked
Seat 4: micdoopie (big blind) showed [8h Qc] and won ($59.50) with two pair, Queens and Eights


PokerStars Hand #146361146816:  Hold'em Limit ($3/$6 USD) - 2016/01/02 19:12:20 ET
Table 'Sumava II' 6-max Seat #4 is the button
Seat 3: kipsweter ($148.21 in chips)
Seat 4: micdoopie ($458.52 in chips)
micdoopie: posts small blind $1
kipsweter: posts big blind $3
*** HOLE CARDS ***
micdoopie: raises $3 to $6
kipsweter: folds
Uncalled bet ($3) returned to micdoopie
micdoopie collected $6 from pot
*** SUMMARY ***
Total pot $6 | Rake $0
Seat 3: kipsweter (big blind) folded before Flop
Seat 4: micdoopie (button) (small blind) collected ($6)


PokerStars Hand #146361151924:  Hold'em Limit ($3/$6 USD) - 2016/01/02 19:12:26 ET
Table 'Sumava II' 6-max Seat #3 is the button
Seat 3: kipsweter ($145.21 in chips)
Seat 4: micdoopie ($461.52 in chips)
kipsweter: posts small blind $1
micdoopie: posts big blind $3
*** HOLE CARDS ***
kipsweter: raises $3 to $6
micdoopie: calls $3
*** FLOP *** [4h 8d 9s]
micdoopie: bets $3
kipsweter: calls $3
*** TURN *** [4h 8d 9s] [Ad]
micdoopie: checks
kipsweter: bets $6
micdoopie: calls $6
*** RIVER *** [4h 8d 9s Ad] [9c]
micdoopie: bets $6
kipsweter: raises $6 to $12
micdoopie: raises $6 to $18
kipsweter: calls $6
*** SHOW DOWN ***
micdoopie: shows [9d Js] (three of a kind, Nines)
kipsweter: mucks hand
micdoopie collected $65.50 from pot
*** SUMMARY ***
Total pot $66 | Rake $0.50
Board [4h 8d 9s Ad 9c]
Seat 3: kipsweter (button) (small blind) mucked
Seat 4: micdoopie (big blind) showed [9d Js] and won ($65.50) with three of a kind, Nines


PokerStars Hand #146361191582:  Hold'em Limit ($3/$6 USD) - 2016/01/02 19:13:13 ET
Table 'Sumava II' 6-max Seat #3 is the button
Seat 3: kipsweter ($88.21 in chips)
Seat 4: micdoopie ($517.52 in chips)
kipsweter: posts small blind $1
micdoopie: posts big blind $3
*** HOLE CARDS ***
kipsweter: folds
Uncalled bet ($2) returned to micdoopie
micdoopie collected $2 from pot
*** SUMMARY ***
Total pot $2 | Rake $0
Seat 3: kipsweter (button) (small blind) folded before Flop
Seat 4: micdoopie (big blind) collected ($2)


PokerStars Hand #146361170979:  Hold'em Limit ($3/$6 USD) - 2016/01/02 19:12:48 ET
Table 'Sumava II' 6-max Seat #4 is the button
Seat 3: kipsweter ($112.21 in chips)
Seat 4: micdoopie ($494.02 in chips)
micdoopie: posts small blind $1
kipsweter: posts big blind $3
*** HOLE CARDS ***
micdoopie: raises $3 to $6
kipsweter: raises $3 to $9
micdoopie: calls $3
*** FLOP *** [3h Th 8s]
kipsweter: bets $3
micdoopie: calls $3
*** TURN *** [3h Th 8s] [7c]
kipsweter: bets $6
micdoopie: raises $6 to $12
kipsweter: calls $6
*** RIVER *** [3h Th 8s 7c] [2d]
kipsweter: checks
micdoopie: bets $6
kipsweter: folds
Uncalled bet ($6) returned to micdoopie
micdoopie collected $47.50 from pot
*** SUMMARY ***
Total pot $48 | Rake $0.50
Board [3h Th 8s 7c 2d]
Seat 3: kipsweter (big blind) folded on the River
Seat 4: micdoopie (button) (small blind) collected ($47.50)


PokerStars Hand #146361195285:  Hold'em Limit ($3/$6 USD) - 2016/01/02 19:13:17 ET
Table 'Sumava II' 6-max Seat #4 is the button
Seat 3: kipsweter ($87.21 in chips)
Seat 4: micdoopie ($518.52 in chips)
micdoopie: posts small blind $1
kipsweter: posts big blind $3
*** HOLE CARDS ***
micdoopie: folds
Uncalled bet ($2) returned to kipsweter
kipsweter collected $2 from pot
*** SUMMARY ***
Total pot $2 | Rake $0
Seat 3: kipsweter (big blind) collected ($2)
Seat 4: micdoopie (button) (small blind) folded before Flop


PokerStars Hand #146361199594:  Hold'em Limit ($3/$6 USD) - 2016/01/02 19:13:22 ET
Table 'Sumava II' 6-max Seat #3 is the button
Seat 3: kipsweter ($88.21 in chips)
Seat 4: micdoopie ($517.52 in chips)
kipsweter: posts small blind $1
micdoopie: posts big blind $3
*** HOLE CARDS ***
kipsweter: calls $2
micdoopie: checks
*** FLOP *** [7h Ac 8c]
micdoopie: checks
kipsweter: bets $3
micdoopie: folds
Uncalled bet ($3) returned to kipsweter
kipsweter collected $5.88 from pot
*** SUMMARY ***
Total pot $6 | Rake $0.12
Board [7h Ac 8c]
Seat 3: kipsweter (button) (small blind) collected ($5.88)
Seat 4: micdoopie (big blind) folded on the Flop


PokerStars Hand #146361209083:  Hold'em Limit ($3/$6 USD) - 2016/01/02 19:13:34 ET
Table 'Sumava II' 6-max Seat #4 is the button
Seat 3: kipsweter ($91.09 in chips)
Seat 4: micdoopie ($514.52 in chips)
micdoopie: posts small blind $1
kipsweter: posts big blind $3
*** HOLE CARDS ***
micdoopie: raises $3 to $6
kipsweter: calls $3
*** FLOP *** [3d Td 2h]
kipsweter: bets $3
micdoopie: calls $3
*** TURN *** [3d Td 2h] [4d]
kipsweter: bets $6
micdoopie: raises $6 to $12
kipsweter: folds
Uncalled bet ($6) returned to micdoopie
micdoopie collected $29.50 from pot
*** SUMMARY ***
Total pot $30 | Rake $0.50
Board [3d Td 2h 4d]
Seat 3: kipsweter (big blind) folded on the Turn
Seat 4: micdoopie (button) (small blind) collected ($29.50)


PokerStars Hand #146361220837:  Hold'em Limit ($3/$6 USD) - 2016/01/02 19:13:47 ET
Table 'Sumava II' 6-max Seat #3 is the button
Seat 3: kipsweter ($76.09 in chips)
Seat 4: micdoopie ($529.02 in chips)
kipsweter: posts small blind $1
micdoopie: posts big blind $3
*** HOLE CARDS ***
kipsweter: raises $3 to $6
micdoopie: calls $3
*** FLOP *** [8c 5d Qc]
micdoopie: bets $3
kipsweter: calls $3
*** TURN *** [8c 5d Qc] [7s]
micdoopie: bets $6
kipsweter: calls $6
*** RIVER *** [8c 5d Qc 7s] [7d]
micdoopie: checks
kipsweter: checks
*** SHOW DOWN ***
micdoopie: shows [7c 5h] (a full house, Sevens full of Fives)
kipsweter: mucks hand
micdoopie collected $29.50 from pot
*** SUMMARY ***
Total pot $30 | Rake $0.50
Board [8c 5d Qc 7s 7d]
Seat 3: kipsweter (button) (small blind) mucked
Seat 4: micdoopie (big blind) showed [7c 5h] and won ($29.50) with a full house, Sevens full of Fives


PokerStars Hand #146361237589:  Hold'em Limit ($3/$6 USD) - 2016/01/02 19:14:07 ET
Table 'Sumava II' 6-max Seat #4 is the button
Seat 3: kipsweter ($61.09 in chips)
Seat 4: micdoopie ($543.52 in chips)
micdoopie: posts small blind $1
kipsweter: posts big blind $3
*** HOLE CARDS ***
micdoopie: raises $3 to $6
kipsweter: raises $3 to $9
micdoopie: raises $3 to $12
Betting is capped
kipsweter: calls $3
*** FLOP *** [8h 4d 2c]
kipsweter: bets $3
micdoopie: raises $3 to $6
kipsweter: calls $3
*** TURN *** [8h 4d 2c] [Ks]
kipsweter: bets $6
micdoopie: raises $6 to $12
kipsweter: raises $6 to $18
micdoopie: raises $6 to $24
Betting is capped
kipsweter: calls $6
*** RIVER *** [8h 4d 2c Ks] [Qd]
kipsweter: bets $6
micdoopie: raises $6 to $12
kipsweter: raises $6 to $18
micdoopie: calls $6
*** SHOW DOWN ***
kipsweter: shows [9h Kd] (a pair of Kings)
micdoopie: shows [4c 4s] (three of a kind, Fours)
micdoopie collected $119.50 from pot
*** SUMMARY ***
Total pot $120 | Rake $0.50
Board [8h 4d 2c Ks Qd]
Seat 3: kipsweter (big blind) showed [9h Kd] and lost with a pair of Kings
Seat 4: micdoopie (button) (small blind) showed [4c 4s] and won ($119.50) with three of a kind, Fours


PokerStars Hand #146364737829:  Hold'em Limit ($3/$6 USD) - 2016/01/02 20:34:12 ET
Table 'Sumava II' 6-max Seat #4 is the button
Seat 2: livenuncut ($113 in chips)
Seat 4: BuzovaPro ($81.64 in chips)
BuzovaPro: posts small blind $1
livenuncut: posts big blind $3
*** HOLE CARDS ***
BuzovaPro: raises $3 to $6
livenuncut: folds
Uncalled bet ($3) returned to BuzovaPro
BuzovaPro collected $6 from pot
BuzovaPro: doesn't show hand
*** SUMMARY ***
Total pot $6 | Rake $0
Seat 2: livenuncut (big blind) folded before Flop
Seat 4: BuzovaPro (button) (small blind) collected ($6)


PokerStars Hand #146364734107:  Hold'em Limit ($3/$6 USD) - 2016/01/02 20:34:06 ET
Table 'Sumava II' 6-max Seat #2 is the button
Seat 2: livenuncut ($114 in chips)
Seat 4: BuzovaPro ($80.64 in chips)
livenuncut: posts small blind $1
BuzovaPro: posts big blind $3
*** HOLE CARDS ***
livenuncut: folds
Uncalled bet ($2) returned to BuzovaPro
BuzovaPro collected $2 from pot
BuzovaPro: doesn't show hand
*** SUMMARY ***
Total pot $2 | Rake $0
Seat 2: livenuncut (button) (small blind) folded before Flop
Seat 4: BuzovaPro (big blind) collected ($2)


PokerStars Hand #146364720473:  Hold'em Limit ($3/$6 USD) - 2016/01/02 20:33:45 ET
Table 'Sumava II' 6-max Seat #4 is the button
Seat 2: livenuncut ($123 in chips)
Seat 4: BuzovaPro ($72 in chips)
BuzovaPro: posts small blind $1
livenuncut: posts big blind $3
*** HOLE CARDS ***
BuzovaPro: raises $3 to $6
livenuncut: calls $3
*** FLOP *** [8c 9h Jd]
livenuncut: checks
BuzovaPro: bets $3
livenuncut: calls $3
*** TURN *** [8c 9h Jd] [8h]
livenuncut: checks
BuzovaPro: bets $6
livenuncut: folds
Uncalled bet ($6) returned to BuzovaPro
BuzovaPro collected $17.64 from pot
BuzovaPro: doesn't show hand
*** SUMMARY ***
Total pot $18 | Rake $0.36
Board [8c 9h Jd 8h]
Seat 2: livenuncut (big blind) folded on the Turn
Seat 4: BuzovaPro (button) (small blind) collected ($17.64)


PokerStars Hand #146364707625:  Hold'em Limit ($3/$6 USD) - 2016/01/02 20:33:25 ET
Table 'Sumava II' 6-max Seat #2 is the button
Seat 2: livenuncut ($120 in chips)
Seat 4: BuzovaPro ($72 in chips)
livenuncut: posts small blind $1
BuzovaPro: posts big blind $3
*** HOLE CARDS ***
livenuncut: raises $3 to $6
BuzovaPro: folds
Uncalled bet ($3) returned to livenuncut
livenuncut collected $6 from pot
*** SUMMARY ***
Total pot $6 | Rake $0
Seat 2: livenuncut (button) (small blind) collected ($6)
Seat 4: BuzovaPro (big blind) folded before Flop


