PokerStars Hand #171778897250:  Hold'em Limit ($3/$6 USD) - 2017/06/14 16:36:37 ET
Table 'Sumeria' 6-max Seat #6 is the button
Seat 3: dient´s ($61.50 in chips)
Seat 6: scorpio04 ($150 in chips)
scorpio04: posts small blind $1
dient´s: posts big blind $3
*** HOLE CARDS ***
scorpio04: raises $3 to $6
dient´s: calls $3
*** FLOP *** [7s Qd 3s]
dient´s: checks
scorpio04: checks
*** TURN *** [7s Qd 3s] [Qs]
dient´s: checks
scorpio04: bets $6
dient´s: calls $6
*** RIVER *** [7s Qd 3s Qs] [8c]
dient´s: checks
scorpio04: bets $6
dient´s: folds
Uncalled bet ($6) returned to scorpio04
scorpio04 collected $23.52 from pot
scorpio04: doesn't show hand
*** SUMMARY ***
Total pot $24 | Rake $0.48
Board [7s Qd 3s Qs 8c]
Seat 3: dient´s (big blind) folded on the River
Seat 6: scorpio04 (button) (small blind) collected ($23.52)


PokerStars Hand #171781355336:  Hold'em Limit ($3/$6 USD) - 2017/06/14 17:28:36 ET
Table 'Sumeria' 6-max Seat #3 is the button
Seat 3: CatPuppy1999 ($284.65 in chips)
Seat 6: scorpio04 ($176.42 in chips)
CatPuppy1999: posts small blind $1
belik555: is sitting out
scorpio04: posts big blind $3
*** HOLE CARDS ***
vestimokrec leaves the table
belik555 leaves the table
CatPuppy1999: folds
Uncalled bet ($2) returned to scorpio04
scorpio04 collected $2 from pot
scorpio04: doesn't show hand
*** SUMMARY ***
Total pot $2 | Rake $0
Seat 3: CatPuppy1999 (button) (small blind) folded before Flop
Seat 6: scorpio04 (big blind) collected ($2)


PokerStars Hand #171782287459:  Hold'em Limit ($3/$6 USD) - 2017/06/14 17:48:58 ET
Table 'Sumeria' 6-max Seat #6 is the button
Seat 3: dient´s ($80.64 in chips)
Seat 6: scorpio04 ($150 in chips)
scorpio04: posts small blind $1
dient´s: posts big blind $3
*** HOLE CARDS ***
scorpio04: raises $3 to $6
dient´s: folds
Uncalled bet ($3) returned to scorpio04
scorpio04 collected $6 from pot
scorpio04: doesn't show hand
*** SUMMARY ***
Total pot $6 | Rake $0
Seat 3: dient´s (big blind) folded before Flop
Seat 6: scorpio04 (button) (small blind) collected ($6)


PokerStars Hand #171782274396:  Hold'em Limit ($3/$6 USD) - 2017/06/14 17:48:40 ET
Table 'Sumeria' 6-max Seat #3 is the button
Seat 3: dient´s ($63.14 in chips)
Seat 6: scorpio04 ($150 in chips)
dient´s: posts small blind $1
scorpio04: posts big blind $3
*** HOLE CARDS ***
belik555 joins the table at seat #5
dient´s: calls $2
scorpio04: checks
*** FLOP *** [8h As 9h]
scorpio04: bets $3
dient´s: calls $3
*** TURN *** [8h As 9h] [4s]
scorpio04: bets $6
dient´s: calls $6
*** RIVER *** [8h As 9h 4s] [Qc]
karambakilla leaves the table
scorpio04: bets $6
dient´s: calls $6
*** SHOW DOWN ***
scorpio04: shows [8s 3d] (a pair of Eights)
dient´s: shows [9s Jc] (a pair of Nines)
dient´s collected $35.50 from pot
*** SUMMARY ***
Total pot $36 | Rake $0.50
Board [8h As 9h 4s Qc]
Seat 3: dient´s (button) (small blind) showed [9s Jc] and won ($35.50) with a pair of Nines
Seat 6: scorpio04 (big blind) showed [8s 3d] and lost with a pair of Eights


PokerStars Hand #171782270512:  Hold'em Limit ($3/$6 USD) - 2017/06/14 17:48:35 ET
Table 'Sumeria' 6-max Seat #6 is the button
Seat 3: dient´s ($62.14 in chips)
Seat 6: scorpio04 ($150 in chips)
scorpio04: posts small blind $1
dient´s: posts big blind $3
*** HOLE CARDS ***
scorpio04: folds
Uncalled bet ($2) returned to dient´s
dient´s collected $2 from pot
*** SUMMARY ***
Total pot $2 | Rake $0
Seat 3: dient´s (big blind) collected ($2)
Seat 6: scorpio04 (button) (small blind) folded before Flop


PokerStars Hand #171782257659:  Hold'em Limit ($3/$6 USD) - 2017/06/14 17:48:18 ET
Table 'Sumeria' 6-max Seat #3 is the button
Seat 3: dient´s ($53.50 in chips)
Seat 6: scorpio04 ($153.42 in chips)
dient´s: posts small blind $1
scorpio04: posts big blind $3
*** HOLE CARDS ***
dient´s: calls $2
scorpio04: checks
*** FLOP *** [5h 4s 5d]
scorpio04: checks
dient´s: checks
*** TURN *** [5h 4s 5d] [Qd]
scorpio04: bets $6
dient´s: calls $6
*** RIVER *** [5h 4s 5d Qd] [5c]
scorpio04: checks
dient´s: checks
*** SHOW DOWN ***
scorpio04: shows [6s 3h] (three of a kind, Fives)
dient´s: shows [Js Kh] (three of a kind, Fives - King kicker)
dient´s collected $17.64 from pot
*** SUMMARY ***
Total pot $18 | Rake $0.36
Board [5h 4s 5d Qd 5c]
Seat 3: dient´s (button) (small blind) showed [Js Kh] and won ($17.64) with three of a kind, Fives
Seat 6: scorpio04 (big blind) showed [6s 3h] and lost with three of a kind, Fives


PokerStars Hand #171782230097:  Hold'em Limit ($3/$6 USD) - 2017/06/14 17:47:41 ET
Table 'Sumeria' 6-max Seat #6 is the button
Seat 3: dient´s ($30 in chips)
Seat 6: scorpio04 ($177.42 in chips)
scorpio04: posts small blind $1
dient´s: posts big blind $3
*** HOLE CARDS ***
karambakilla joins the table at seat #4
scorpio04: raises $3 to $6
dient´s: raises $3 to $9
scorpio04: calls $3
*** FLOP *** [8c 4d 3s]
dient´s: bets $3
scorpio04: calls $3
*** TURN *** [8c 4d 3s] [Qd]
dient´s: bets $6
scorpio04: calls $6
*** RIVER *** [8c 4d 3s Qd] [Tc]
dient´s: bets $6
scorpio04: calls $6
*** SHOW DOWN ***
dient´s: shows [Ad Ah] (a pair of Aces)
scorpio04: mucks hand
dient´s collected $47.50 from pot
*** SUMMARY ***
Total pot $48 | Rake $0.50
Board [8c 4d 3s Qd Tc]
Seat 3: dient´s (big blind) showed [Ad Ah] and won ($47.50) with a pair of Aces
Seat 6: scorpio04 (button) (small blind) mucked


PokerStars Hand #171782895035:  Hold'em Limit ($3/$6 USD) - 2017/06/14 18:04:02 ET
Table 'Sumeria' 6-max Seat #6 is the button
Seat 4: Krazy90 ($145.02 in chips)
Seat 6: scorpio04 ($257.58 in chips)
scorpio04: posts small blind $1
CatPuppy1999: is sitting out
Krazy90: posts big blind $3
*** HOLE CARDS ***
scorpio04: raises $3 to $6
CatPuppy1999 leaves the table
Krazy90: calls $3
*** FLOP *** [Qh Kc 9c]
Krazy90: checks
scorpio04: checks
*** TURN *** [Qh Kc 9c] [Qd]
Krazy90: checks
scorpio04: bets $6
Krazy90: calls $6
*** RIVER *** [Qh Kc 9c Qd] [4d]
Krazy90: checks
scorpio04: bets $6
Krazy90: calls $6
*** SHOW DOWN ***
scorpio04: shows [3d Kd] (two pair, Kings and Queens)
Krazy90: shows [Kh 2s] (two pair, Kings and Queens)
Krazy90 collected $17.75 from pot
scorpio04 collected $17.75 from pot
*** SUMMARY ***
Total pot $36 | Rake $0.50
Board [Qh Kc 9c Qd 4d]
Seat 4: Krazy90 (big blind) showed [Kh 2s] and won ($17.75) with two pair, Kings and Queens
Seat 6: scorpio04 (button) (small blind) showed [3d Kd] and won ($17.75) with two pair, Kings and Queens


PokerStars Hand #171782922665:  Hold'em Limit ($3/$6 USD) - 2017/06/14 18:04:41 ET
Table 'Sumeria' 6-max Seat #4 is the button
Seat 4: Krazy90 ($144.77 in chips)
Seat 6: scorpio04 ($257.33 in chips)
Krazy90: posts small blind $1
scorpio04: posts big blind $3
*** HOLE CARDS ***
Krazy90: raises $3 to $6
scorpio04: calls $3
*** FLOP *** [6c 7c 8d]
scorpio04: checks
Krazy90: checks
*** TURN *** [6c 7c 8d] [4s]
scorpio04: bets $6
Krazy90: calls $6
*** RIVER *** [6c 7c 8d 4s] [4h]
scorpio04: checks
Krazy90: checks
*** SHOW DOWN ***
scorpio04: shows [Tc Qh] (a pair of Fours)
Krazy90: shows [3s 7s] (two pair, Sevens and Fours)
Krazy90 collected $23.52 from pot
*** SUMMARY ***
Total pot $24 | Rake $0.48
Board [6c 7c 8d 4s 4h]
Seat 4: Krazy90 (button) (small blind) showed [3s 7s] and won ($23.52) with two pair, Sevens and Fours
Seat 6: scorpio04 (big blind) showed [Tc Qh] and lost with a pair of Fours


