PokerStars Hand #161861033946:  Hold'em Limit ($3/$6 USD) - 2016/11/23 17:31:50 ET
Table 'Sumiana' 6-max Seat #3 is the button
Seat 3: too2ez ($72.30 in chips)
Seat 4: GRAILKO ($200 in chips)
too2ez: posts small blind $1
GRAILKO: posts big blind $3
*** HOLE CARDS ***
too2ez: raises $3 to $6
GRAILKO: calls $3
*** FLOP *** [5h Jc 8s]
GRAILKO: checks
too2ez: bets $3
GRAILKO: folds
Uncalled bet ($3) returned to too2ez
too2ez collected $11.76 from pot
too2ez: doesn't show hand
*** SUMMARY ***
Total pot $12 | Rake $0.24
Board [5h Jc 8s]
Seat 3: too2ez (button) (small blind) collected ($11.76)
Seat 4: GRAILKO (big blind) folded on the Flop


PokerStars Hand #161861046522:  Hold'em Limit ($3/$6 USD) - 2016/11/23 17:32:04 ET
Table 'Sumiana' 6-max Seat #4 is the button
Seat 3: too2ez ($78.06 in chips)
Seat 4: GRAILKO ($194 in chips)
GRAILKO: posts small blind $1
too2ez: posts big blind $3
*** HOLE CARDS ***
GRAILKO: raises $3 to $6
too2ez: folds
Uncalled bet ($3) returned to GRAILKO
GRAILKO collected $6 from pot
GRAILKO: doesn't show hand
*** SUMMARY ***
Total pot $6 | Rake $0
Seat 3: too2ez (big blind) folded before Flop
Seat 4: GRAILKO (button) (small blind) collected ($6)


PokerStars Hand #161861057151:  Hold'em Limit ($3/$6 USD) - 2016/11/23 17:32:16 ET
Table 'Sumiana' 6-max Seat #4 is the button
Seat 3: too2ez ($78.06 in chips)
Seat 4: GRAILKO ($194 in chips)
GRAILKO: posts small blind $1
too2ez: posts big blind $3
*** HOLE CARDS ***
GRAILKO: folds
Uncalled bet ($2) returned to too2ez
too2ez collected $2 from pot
too2ez: doesn't show hand
*** SUMMARY ***
Total pot $2 | Rake $0
Seat 3: too2ez (big blind) collected ($2)
Seat 4: GRAILKO (button) (small blind) folded before Flop


PokerStars Hand #161861051835:  Hold'em Limit ($3/$6 USD) - 2016/11/23 17:32:10 ET
Table 'Sumiana' 6-max Seat #3 is the button
Seat 3: too2ez ($75.06 in chips)
Seat 4: GRAILKO ($197 in chips)
too2ez: posts small blind $1
GRAILKO: posts big blind $3
*** HOLE CARDS ***
too2ez: raises $3 to $6
GRAILKO: folds
Uncalled bet ($3) returned to too2ez
too2ez collected $6 from pot
too2ez: doesn't show hand
*** SUMMARY ***
Total pot $6 | Rake $0
Seat 3: too2ez (button) (small blind) collected ($6)
Seat 4: GRAILKO (big blind) folded before Flop


PokerStars Hand #161861061715:  Hold'em Limit ($3/$6 USD) - 2016/11/23 17:32:22 ET
Table 'Sumiana' 6-max Seat #3 is the button
Seat 3: too2ez ($79.06 in chips)
Seat 4: GRAILKO ($193 in chips)
too2ez: posts small blind $1
GRAILKO: posts big blind $3
*** HOLE CARDS ***
too2ez: raises $3 to $6
GRAILKO: calls $3
*** FLOP *** [Kc 2c 6d]
GRAILKO: checks
too2ez: checks
*** TURN *** [Kc 2c 6d] [Jd]
GRAILKO: checks
too2ez: bets $6
GRAILKO: folds
Uncalled bet ($6) returned to too2ez
too2ez collected $11.76 from pot
too2ez: doesn't show hand
*** SUMMARY ***
Total pot $12 | Rake $0.24
Board [Kc 2c 6d Jd]
Seat 3: too2ez (button) (small blind) collected ($11.76)
Seat 4: GRAILKO (big blind) folded on the Turn


