PokerStars Hand #176557458267:  Hold'em Limit ($3/$6 USD) - 2017/10/06 7:53:18 ET
Table 'Summa' 6-max Seat #3 is the button
Seat 3: fugu82 ($100.06 in chips)
Seat 4: Agrotait ($80.40 in chips)
fugu82: posts small blind $1
Agrotait: posts big blind $3
*** HOLE CARDS ***
fugu82: raises $3 to $6
Agrotait: calls $3
*** FLOP *** [6h 7d 9c]
Agrotait: checks
fugu82: bets $3
Agrotait: calls $3
*** TURN *** [6h 7d 9c] [5s]
Agrotait: checks
fugu82: checks
*** RIVER *** [6h 7d 9c 5s] [Kh]
Agrotait: checks
fugu82: bets $6
Agrotait: calls $6
*** SHOW DOWN ***
fugu82: shows [Kc 3d] (a pair of Kings)
Agrotait: mucks hand
fugu82 collected $29.50 from pot
*** SUMMARY ***
Total pot $30 | Rake $0.50
Board [6h 7d 9c 5s Kh]
Seat 3: fugu82 (button) (small blind) showed [Kc 3d] and won ($29.50) with a pair of Kings
Seat 4: Agrotait (big blind) mucked


PokerStars Hand #176557452689:  Hold'em Limit ($3/$6 USD) - 2017/10/06 7:53:06 ET
Table 'Summa' 6-max Seat #4 is the button
Seat 3: fugu82 ($91 in chips)
Seat 4: Agrotait ($74.64 in chips)
Agrotait: posts small blind $1
fugu82: posts big blind $3
*** HOLE CARDS ***
Agrotait: raises $3 to $6
fugu82: calls $3
*** FLOP *** [Js Ts Kh]
fugu82: checks
Agrotait: bets $3
fugu82: folds
Uncalled bet ($3) returned to Agrotait
Agrotait collected $11.76 from pot
Agrotait: doesn't show hand
*** SUMMARY ***
Total pot $12 | Rake $0.24
Board [Js Ts Kh]
Seat 3: fugu82 (big blind) folded on the Flop
Seat 4: Agrotait (button) (small blind) collected ($11.76)


PokerStars Hand #176557441656:  Hold'em Limit ($3/$6 USD) - 2017/10/06 7:52:40 ET
Table 'Summa' 6-max Seat #3 is the button
Seat 3: fugu82 ($100 in chips)
Seat 4: Agrotait ($66 in chips)
fugu82: posts small blind $1
Agrotait: posts big blind $3
*** HOLE CARDS ***
fugu82: raises $3 to $6
Agrotait: calls $3
*** FLOP *** [Jc 4h Qs]
Agrotait: checks
fugu82: bets $3
Agrotait: calls $3
*** TURN *** [Jc 4h Qs] [Kc]
Agrotait: checks
fugu82: checks
*** RIVER *** [Jc 4h Qs Kc] [3c]
Agrotait: checks
fugu82: checks
*** SHOW DOWN ***
Agrotait: shows [7c Ah] (high card Ace)
fugu82: mucks hand
Agrotait collected $17.64 from pot
*** SUMMARY ***
Total pot $18 | Rake $0.36
Board [Jc 4h Qs Kc 3c]
Seat 3: fugu82 (button) (small blind) mucked
Seat 4: Agrotait (big blind) showed [7c Ah] and won ($17.64) with high card Ace


PokerStars Hand #176557480300:  Hold'em Limit ($3/$6 USD) - 2017/10/06 7:54:10 ET
Table 'Summa' 6-max Seat #3 is the button
Seat 3: fugu82 ($147.06 in chips)
Seat 4: Agrotait ($66 in chips)
fugu82: posts small blind $1
Agrotait: posts big blind $3
*** HOLE CARDS ***
fugu82: raises $3 to $6
Agrotait: calls $3
*** FLOP *** [3d 7h 4d]
LouisB joins the table at seat #1
Agrotait: checks
fugu82: bets $3
Agrotait: raises $3 to $6
fugu82: calls $3
*** TURN *** [3d 7h 4d] [6s]
Agrotait: bets $6
fugu82: folds
Uncalled bet ($6) returned to Agrotait
Agrotait collected $23.52 from pot
Agrotait: doesn't show hand
*** SUMMARY ***
Total pot $24 | Rake $0.48
Board [3d 7h 4d 6s]
Seat 3: fugu82 (button) (small blind) folded on the Turn
Seat 4: Agrotait (big blind) collected ($23.52)


PokerStars Hand #176557469386:  Hold'em Limit ($3/$6 USD) - 2017/10/06 7:53:44 ET
Table 'Summa' 6-max Seat #4 is the button
Seat 3: fugu82 ($114.56 in chips)
Seat 4: Agrotait ($65.40 in chips)
Agrotait: posts small blind $1
fugu82: posts big blind $3
*** HOLE CARDS ***
Fantomet joins the table at seat #6
Agrotait: raises $3 to $6
fugu82: raises $3 to $9
Agrotait: calls $3
*** FLOP *** [6d 2c 2d]
fugu82: bets $3
Agrotait: raises $3 to $6
fugu82: calls $3
*** TURN *** [6d 2c 2d] [8h]
fugu82: checks
Agrotait: bets $6
fugu82: raises $6 to $12
Agrotait: calls $6
*** RIVER *** [6d 2c 2d 8h] [Kh]
fugu82: bets $6
Agrotait: calls $6
*** SHOW DOWN ***
fugu82: shows [Th Tc] (two pair, Tens and Deuces)
Agrotait: mucks hand
fugu82 collected $65.50 from pot
*** SUMMARY ***
Total pot $66 | Rake $0.50
Board [6d 2c 2d 8h Kh]
Seat 3: fugu82 (big blind) showed [Th Tc] and won ($65.50) with two pair, Tens and Deuces
Seat 4: Agrotait (button) (small blind) mucked


PokerStars Hand #176557732717:  Hold'em Limit ($3/$6 USD) - 2017/10/06 8:04:31 ET
Table 'Summa' 6-max Seat #5 is the button
Seat 1: LouisB ($147.33 in chips)
Seat 5: Actionni13 ($160.93 in chips)
Actionni13: posts small blind $1
LouisB: posts big blind $3
*** HOLE CARDS ***
Actionni13: raises $3 to $6
LouisB: calls $3
*** FLOP *** [7h 4d 3d]
LouisB: checks
Actionni13: checks
*** TURN *** [7h 4d 3d] [As]
LouisB: checks
Actionni13: bets $6
LouisB: calls $6
*** RIVER *** [7h 4d 3d As] [3c]
LouisB: checks
Actionni13: bets $6
LouisB: calls $6
*** SHOW DOWN ***
Actionni13: shows [Qs Ad] (two pair, Aces and Threes)
LouisB: mucks hand
Actionni13 collected $35.50 from pot
*** SUMMARY ***
Total pot $36 | Rake $0.50
Board [7h 4d 3d As 3c]
Seat 1: LouisB (big blind) mucked
Seat 5: Actionni13 (button) (small blind) showed [Qs Ad] and won ($35.50) with two pair, Aces and Threes


PokerStars Hand #176557730171:  Hold'em Limit ($3/$6 USD) - 2017/10/06 8:04:25 ET
Table 'Summa' 6-max Seat #1 is the button
Seat 1: LouisB ($148.33 in chips)
Seat 5: Actionni13 ($159.93 in chips)
LouisB: posts small blind $1
Actionni13: posts big blind $3
*** HOLE CARDS ***
LouisB: folds
Uncalled bet ($2) returned to Actionni13
Actionni13 collected $2 from pot
Actionni13: doesn't show hand
*** SUMMARY ***
Total pot $2 | Rake $0
Seat 1: LouisB (button) (small blind) folded before Flop
Seat 5: Actionni13 (big blind) collected ($2)


