PokerStars Hand #162116444225:  Hold'em Limit ($3/$6 USD) - 2016/11/28 19:00:20 ET
Table 'Summa' 10-max Seat #3 is the button
Seat 3: ToDaFelt ($312.62 in chips)
Seat 7: stkvil2ptown ($153.44 in chips)
ToDaFelt: posts small blind $1
stkvil2ptown: posts big blind $3
*** HOLE CARDS ***
ToDaFelt: raises $3 to $6
stkvil2ptown: folds
Uncalled bet ($3) returned to ToDaFelt
ToDaFelt collected $6 from pot
ToDaFelt: doesn't show hand
*** SUMMARY ***
Total pot $6 | Rake $0
Seat 3: ToDaFelt (button) (small blind) collected ($6)
Seat 7: stkvil2ptown (big blind) folded before Flop


PokerStars Hand #162116438704:  Hold'em Limit ($3/$6 USD) - 2016/11/28 19:00:10 ET
Table 'Summa' 10-max Seat #7 is the button
Seat 3: ToDaFelt ($311.62 in chips)
Seat 7: stkvil2ptown ($154.44 in chips)
stkvil2ptown: posts small blind $1
Pelurile: is sitting out
ToDaFelt: posts big blind $3
*** HOLE CARDS ***
stkvil2ptown: folds
Uncalled bet ($2) returned to ToDaFelt
ToDaFelt collected $2 from pot
ToDaFelt: doesn't show hand
Pelurile leaves the table
*** SUMMARY ***
Total pot $2 | Rake $0
Seat 3: ToDaFelt (big blind) collected ($2)
Seat 7: stkvil2ptown (button) (small blind) folded before Flop


