PokerStars Hand #165614805171:  Hold'em Limit ($3/$6 USD) - 2017/02/03 11:19:32 ET
Table 'Sun III' 6-max Seat #1 is the button
Seat 1: OnFire35 ($120 in chips)
Seat 4: Actionni13 ($150 in chips)
OnFire35: posts small blind $1
Actionni13: posts big blind $3
*** HOLE CARDS ***
OnFire35: calls $2
Actionni13: raises $3 to $6
OnFire35: calls $3
*** FLOP *** [3c Qs 6h]
Actionni13: bets $3
OnFire35: calls $3
*** TURN *** [3c Qs 6h] [Kh]
Actionni13: bets $6
OnFire35: calls $6
*** RIVER *** [3c Qs 6h Kh] [4h]
Actionni13: bets $6
OnFire35: folds
Uncalled bet ($6) returned to Actionni13
Actionni13 collected $29.50 from pot
*** SUMMARY ***
Total pot $30 | Rake $0.50
Board [3c Qs 6h Kh 4h]
Seat 1: OnFire35 (button) (small blind) folded on the River
Seat 4: Actionni13 (big blind) collected ($29.50)


PokerStars Hand #165614821677:  Hold'em Limit ($3/$6 USD) - 2017/02/03 11:19:53 ET
Table 'Sun III' 6-max Seat #4 is the button
Seat 1: OnFire35 ($105 in chips)
Seat 4: Actionni13 ($164.50 in chips)
Actionni13: posts small blind $1
OnFire35: posts big blind $3
*** HOLE CARDS ***
Actionni13: raises $3 to $6
OnFire35: calls $3
*** FLOP *** [6h Ad 2s]
OnFire35: checks
Actionni13: bets $3
OnFire35: calls $3
*** TURN *** [6h Ad 2s] [Jh]
OnFire35: checks
Actionni13: checks
*** RIVER *** [6h Ad 2s Jh] [Tc]
OnFire35: checks
Actionni13: bets $6
OnFire35: folds
Uncalled bet ($6) returned to Actionni13
Actionni13 collected $17.64 from pot
*** SUMMARY ***
Total pot $18 | Rake $0.36
Board [6h Ad 2s Jh Tc]
Seat 1: OnFire35 (big blind) folded on the River
Seat 4: Actionni13 (button) (small blind) collected ($17.64)


PokerStars Hand #165614836805:  Hold'em Limit ($3/$6 USD) - 2017/02/03 11:20:12 ET
Table 'Sun III' 6-max Seat #1 is the button
Seat 1: OnFire35 ($96 in chips)
Seat 4: Actionni13 ($173.14 in chips)
OnFire35: posts small blind $1
Actionni13: posts big blind $3
*** HOLE CARDS ***
OnFire35: raises $3 to $6
Actionni13: calls $3
*** FLOP *** [Ks 3h 7s]
Actionni13: checks
OnFire35: bets $3
Actionni13: calls $3
*** TURN *** [Ks 3h 7s] [Jh]
Actionni13: checks
OnFire35: bets $6
Actionni13: folds
Uncalled bet ($6) returned to OnFire35
OnFire35 collected $17.64 from pot
OnFire35: doesn't show hand
*** SUMMARY ***
Total pot $18 | Rake $0.36
Board [Ks 3h 7s Jh]
Seat 1: OnFire35 (button) (small blind) collected ($17.64)
Seat 4: Actionni13 (big blind) folded on the Turn


PokerStars Hand #165614863386:  Hold'em Limit ($3/$6 USD) - 2017/02/03 11:20:46 ET
Table 'Sun III' 6-max Seat #1 is the button
Seat 1: OnFire35 ($113.28 in chips)
Seat 4: Actionni13 ($155.14 in chips)
OnFire35: posts small blind $1
Actionni13: posts big blind $3
*** HOLE CARDS ***
OnFire35: calls $2
Actionni13: checks
*** FLOP *** [6c 5s 6d]
Actionni13: checks
OnFire35: bets $3
Actionni13: folds
Uncalled bet ($3) returned to OnFire35
OnFire35 collected $5.88 from pot
OnFire35: doesn't show hand
*** SUMMARY ***
Total pot $6 | Rake $0.12
Board [6c 5s 6d]
Seat 1: OnFire35 (button) (small blind) collected ($5.88)
Seat 4: Actionni13 (big blind) folded on the Flop


PokerStars Hand #165614871455:  Hold'em Limit ($3/$6 USD) - 2017/02/03 11:20:56 ET
Table 'Sun III' 6-max Seat #4 is the button
Seat 1: OnFire35 ($116.16 in chips)
Seat 4: Actionni13 ($152.14 in chips)
Actionni13: posts small blind $1
OnFire35: posts big blind $3
*** HOLE CARDS ***
Actionni13: raises $3 to $6
OnFire35: calls $3
*** FLOP *** [Kd Kh 6s]
OnFire35: checks
Actionni13: bets $3
OnFire35: raises $3 to $6
Actionni13: calls $3
*** TURN *** [Kd Kh 6s] [Ad]
OnFire35: bets $6
Actionni13: raises $6 to $12
OnFire35: calls $6
*** RIVER *** [Kd Kh 6s Ad] [Jd]
OnFire35: checks
Actionni13: checks
*** SHOW DOWN ***
OnFire35: shows [8c Ac] (two pair, Aces and Kings)
Actionni13: mucks hand
OnFire35 collected $47.50 from pot
*** SUMMARY ***
Total pot $48 | Rake $0.50
Board [Kd Kh 6s Ad Jd]
Seat 1: OnFire35 (big blind) showed [8c Ac] and won ($47.50) with two pair, Aces and Kings
Seat 4: Actionni13 (button) (small blind) mucked


PokerStars Hand #165614893364:  Hold'em Limit ($3/$6 USD) - 2017/02/03 11:21:24 ET
Table 'Sun III' 6-max Seat #4 is the button
Seat 1: OnFire35 ($138.66 in chips)
Seat 4: Actionni13 ($151 in chips)
Actionni13: posts small blind $1
OnFire35: posts big blind $3
*** HOLE CARDS ***
Actionni13: raises $3 to $6
OnFire35: folds
Uncalled bet ($3) returned to Actionni13
Actionni13 collected $6 from pot
*** SUMMARY ***
Total pot $6 | Rake $0
Seat 1: OnFire35 (big blind) folded before Flop
Seat 4: Actionni13 (button) (small blind) collected ($6)


PokerStars Hand #165614888722:  Hold'em Limit ($3/$6 USD) - 2017/02/03 11:21:18 ET
Table 'Sun III' 6-max Seat #1 is the button
Seat 1: OnFire35 ($139.66 in chips)
Seat 4: Actionni13 ($150 in chips)
OnFire35: posts small blind $1
Actionni13: posts big blind $3
*** HOLE CARDS ***
OnFire35: folds
Uncalled bet ($2) returned to Actionni13
Actionni13 collected $2 from pot
*** SUMMARY ***
Total pot $2 | Rake $0
Seat 1: OnFire35 (button) (small blind) folded before Flop
Seat 4: Actionni13 (big blind) collected ($2)


PokerStars Hand #165614897672:  Hold'em Limit ($3/$6 USD) - 2017/02/03 11:21:30 ET
Table 'Sun III' 6-max Seat #1 is the button
Seat 1: OnFire35 ($135.66 in chips)
Seat 4: Actionni13 ($154 in chips)
OnFire35: posts small blind $1
Actionni13: posts big blind $3
*** HOLE CARDS ***
OnFire35: folds
Uncalled bet ($2) returned to Actionni13
Actionni13 collected $2 from pot
*** SUMMARY ***
Total pot $2 | Rake $0
Seat 1: OnFire35 (button) (small blind) folded before Flop
Seat 4: Actionni13 (big blind) collected ($2)


PokerStars Hand #165614852970:  Hold'em Limit ($3/$6 USD) - 2017/02/03 11:20:33 ET
Table 'Sun III' 6-max Seat #4 is the button
Seat 1: OnFire35 ($104.64 in chips)
Seat 4: Actionni13 ($164.14 in chips)
Actionni13: posts small blind $1
OnFire35: posts big blind $3
*** HOLE CARDS ***
Actionni13: raises $3 to $6
OnFire35: calls $3
*** FLOP *** [Tc 4h Kd]
OnFire35: checks
Actionni13: bets $3
OnFire35: raises $3 to $6
Actionni13: folds
Uncalled bet ($3) returned to OnFire35
OnFire35 collected $17.64 from pot
OnFire35: doesn't show hand
*** SUMMARY ***
Total pot $18 | Rake $0.36
Board [Tc 4h Kd]
Seat 1: OnFire35 (big blind) collected ($17.64)
Seat 4: Actionni13 (button) (small blind) folded on the Flop


PokerStars Hand #165614910251:  Hold'em Limit ($3/$6 USD) - 2017/02/03 11:21:45 ET
Table 'Sun III' 6-max Seat #1 is the button
Seat 1: OnFire35 ($131.66 in chips)
Seat 4: Actionni13 ($158 in chips)
OnFire35: posts small blind $1
Actionni13: posts big blind $3
*** HOLE CARDS ***
OnFire35: calls $2
Actionni13: raises $3 to $6
OnFire35: calls $3
*** FLOP *** [7c 4c 4s]
Actionni13: bets $3
OnFire35: calls $3
*** TURN *** [7c 4c 4s] [Qs]
Actionni13: bets $6
OnFire35: folds
Uncalled bet ($6) returned to Actionni13
Actionni13 collected $17.64 from pot
*** SUMMARY ***
Total pot $18 | Rake $0.36
Board [7c 4c 4s Qs]
Seat 1: OnFire35 (button) (small blind) folded on the Turn
Seat 4: Actionni13 (big blind) collected ($17.64)


PokerStars Hand #165614919653:  Hold'em Limit ($3/$6 USD) - 2017/02/03 11:21:57 ET
Table 'Sun III' 6-max Seat #4 is the button
Seat 1: OnFire35 ($122.66 in chips)
Seat 4: Actionni13 ($166.64 in chips)
Actionni13: posts small blind $1
OnFire35: posts big blind $3
*** HOLE CARDS ***
Actionni13: raises $3 to $6
OnFire35: raises $3 to $9
Actionni13: calls $3
*** FLOP *** [7s Jh 9h]
OnFire35: checks
Actionni13: bets $3
OnFire35: calls $3
*** TURN *** [7s Jh 9h] [2c]
OnFire35: checks
Actionni13: checks
*** RIVER *** [7s Jh 9h 2c] [2d]
OnFire35: checks
Actionni13: checks
*** SHOW DOWN ***
OnFire35: shows [6s 6h] (two pair, Sixes and Deuces)
Actionni13: mucks hand
OnFire35 collected $23.52 from pot
*** SUMMARY ***
Total pot $24 | Rake $0.48
Board [7s Jh 9h 2c 2d]
Seat 1: OnFire35 (big blind) showed [6s 6h] and won ($23.52) with two pair, Sixes and Deuces
Seat 4: Actionni13 (button) (small blind) mucked


PokerStars Hand #165614902076:  Hold'em Limit ($3/$6 USD) - 2017/02/03 11:21:35 ET
Table 'Sun III' 6-max Seat #4 is the button
Seat 1: OnFire35 ($134.66 in chips)
Seat 4: Actionni13 ($155 in chips)
Actionni13: posts small blind $1
OnFire35: posts big blind $3
*** HOLE CARDS ***
Actionni13: raises $3 to $6
OnFire35: folds
Uncalled bet ($3) returned to Actionni13
vestimokrec joins the table at seat #2
Actionni13 collected $6 from pot
*** SUMMARY ***
Total pot $6 | Rake $0
Seat 1: OnFire35 (big blind) folded before Flop
Seat 4: Actionni13 (button) (small blind) collected ($6)


PokerStars Hand #165614970376:  Hold'em Limit ($3/$6 USD) - 2017/02/03 11:23:01 ET
Table 'Sun III' 6-max Seat #4 is the button
Seat 1: OnFire35 ($154.68 in chips)
Seat 4: Actionni13 ($150 in chips)
Actionni13: posts small blind $1
OnFire35: posts big blind $3
*** HOLE CARDS ***
Actionni13: raises $3 to $6
OnFire35: folds
Uncalled bet ($3) returned to Actionni13
Actionni13 collected $6 from pot
*** SUMMARY ***
Total pot $6 | Rake $0
Seat 1: OnFire35 (big blind) folded before Flop
Seat 4: Actionni13 (button) (small blind) collected ($6)


PokerStars Hand #165614951918:  Hold'em Limit ($3/$6 USD) - 2017/02/03 11:22:38 ET
Table 'Sun III' 6-max Seat #1 is the button
Seat 1: OnFire35 ($134.18 in chips)
Seat 4: Actionni13 ($154.64 in chips)
OnFire35: posts small blind $1
Actionni13: posts big blind $3
*** HOLE CARDS ***
OnFire35: raises $3 to $6
Actionni13: calls $3
*** FLOP *** [5s Ts 6d]
Actionni13: bets $3
OnFire35: calls $3
*** TURN *** [5s Ts 6d] [5c]
Actionni13: bets $6
OnFire35: calls $6
*** RIVER *** [5s Ts 6d 5c] [8c]
Actionni13: bets $6
OnFire35: calls $6
*** SHOW DOWN ***
Actionni13: shows [9s Qs] (a pair of Fives)
OnFire35: shows [8h As] (two pair, Eights and Fives)
OnFire35 collected $41.50 from pot
*** SUMMARY ***
Total pot $42 | Rake $0.50
Board [5s Ts 6d 5c 8c]
Seat 1: OnFire35 (button) (small blind) showed [8h As] and won ($41.50) with two pair, Eights and Fives
Seat 4: Actionni13 (big blind) showed [9s Qs] and lost with a pair of Fives


PokerStars Hand #165614974940:  Hold'em Limit ($3/$6 USD) - 2017/02/03 11:23:07 ET
Table 'Sun III' 6-max Seat #1 is the button
Seat 1: OnFire35 ($151.68 in chips)
Seat 4: Actionni13 ($153 in chips)
OnFire35: posts small blind $1
Actionni13: posts big blind $3
*** HOLE CARDS ***
OnFire35: folds
Uncalled bet ($2) returned to Actionni13
Actionni13 collected $2 from pot
*** SUMMARY ***
Total pot $2 | Rake $0
Seat 1: OnFire35 (button) (small blind) folded before Flop
Seat 4: Actionni13 (big blind) collected ($2)


PokerStars Hand #165614978514:  Hold'em Limit ($3/$6 USD) - 2017/02/03 11:23:12 ET
Table 'Sun III' 6-max Seat #4 is the button
Seat 1: OnFire35 ($150.68 in chips)
Seat 4: Actionni13 ($154 in chips)
Actionni13: posts small blind $1
OnFire35: posts big blind $3
*** HOLE CARDS ***
Actionni13: raises $3 to $6
OnFire35: calls $3
*** FLOP *** [Qc 2c 6c]
OnFire35: checks
Actionni13: bets $3
OnFire35: folds
Uncalled bet ($3) returned to Actionni13
Actionni13 collected $11.76 from pot
*** SUMMARY ***
Total pot $12 | Rake $0.24
Board [Qc 2c 6c]
Seat 1: OnFire35 (big blind) folded on the Flop
Seat 4: Actionni13 (button) (small blind) collected ($11.76)


PokerStars Hand #165615006072:  Hold'em Limit ($3/$6 USD) - 2017/02/03 11:23:47 ET
Table 'Sun III' 6-max Seat #4 is the button
Seat 1: OnFire35 ($156.20 in chips)
Seat 4: Actionni13 ($150 in chips)
Actionni13: posts small blind $1
OnFire35: posts big blind $3
*** HOLE CARDS ***
Actionni13: raises $3 to $6
OnFire35: calls $3
*** FLOP *** [7c 8c 4s]
OnFire35: checks
Actionni13: checks
*** TURN *** [7c 8c 4s] [As]
OnFire35: checks
Actionni13: bets $6
OnFire35: calls $6
*** RIVER *** [7c 8c 4s As] [Ks]
OnFire35: checks
Actionni13: bets $6
OnFire35: calls $6
*** SHOW DOWN ***
Actionni13: shows [Ah Qh] (a pair of Aces)
OnFire35: mucks hand
Actionni13 collected $35.50 from pot
*** SUMMARY ***
Total pot $36 | Rake $0.50
Board [7c 8c 4s As Ks]
Seat 1: OnFire35 (big blind) mucked
Seat 4: Actionni13 (button) (small blind) showed [Ah Qh] and won ($35.50) with a pair of Aces


PokerStars Hand #165614986166:  Hold'em Limit ($3/$6 USD) - 2017/02/03 11:23:21 ET
Table 'Sun III' 6-max Seat #1 is the button
Seat 1: OnFire35 ($144.68 in chips)
Seat 4: Actionni13 ($159.76 in chips)
OnFire35: posts small blind $1
Actionni13: posts big blind $3
*** HOLE CARDS ***
OnFire35: calls $2
Actionni13: checks
*** FLOP *** [7h As Th]
Actionni13: bets $3
OnFire35: calls $3
*** TURN *** [7h As Th] [2s]
Actionni13: checks
OnFire35: bets $6
Actionni13: calls $6
*** RIVER *** [7h As Th 2s] [Js]
Actionni13: checks
OnFire35: bets $6
Actionni13: folds
Uncalled bet ($6) returned to OnFire35
OnFire35 collected $23.52 from pot
OnFire35: doesn't show hand
*** SUMMARY ***
Total pot $24 | Rake $0.48
Board [7h As Th 2s Js]
Seat 1: OnFire35 (button) (small blind) collected ($23.52)
Seat 4: Actionni13 (big blind) folded on the River


PokerStars Hand #165615023648:  Hold'em Limit ($3/$6 USD) - 2017/02/03 11:24:09 ET
Table 'Sun III' 6-max Seat #2 is the button
Seat 2: vestimokrec ($121 in chips)
Seat 4: Actionni13 ($167.50 in chips)
vestimokrec: posts small blind $1
Actionni13: posts big blind $3
*** HOLE CARDS ***
vestimokrec: raises $3 to $6
Actionni13: calls $3
*** FLOP *** [2d 3h 7c]
Actionni13: checks
vestimokrec: bets $3
Actionni13: calls $3
*** TURN *** [2d 3h 7c] [6s]
Actionni13: checks
vestimokrec: bets $6
Actionni13: folds
Uncalled bet ($6) returned to vestimokrec
vestimokrec collected $17.64 from pot
vestimokrec: doesn't show hand
*** SUMMARY ***
Total pot $18 | Rake $0.36
Board [2d 3h 7c 6s]
Seat 2: vestimokrec (button) (small blind) collected ($17.64)
Seat 4: Actionni13 (big blind) folded on the Turn


