PokerStars Hand #160852945889:  Hold'em Limit ($3/$6 USD) - 2016/11/03 16:27:56 ET
Table 'Sun III' 6-max Seat #2 is the button
Seat 2: TinaTurner72 ($120 in chips)
Seat 3: slavomir9305 ($30 in chips)
TinaTurner72: posts small blind $1
slavomir9305: posts big blind $3
*** HOLE CARDS ***
TinaTurner72: raises $3 to $6
slavomir9305: calls $3
*** FLOP *** [3s 2h 8s]
slavomir9305: checks
TinaTurner72: bets $3
slavomir9305: calls $3
*** TURN *** [3s 2h 8s] [Tc]
slavomir9305: checks
TinaTurner72: bets $6
slavomir9305: raises $6 to $12
TinaTurner72: raises $6 to $18
slavomir9305: raises $3 to $21 and is all-in
Betting is capped
TinaTurner72: calls $3
*** RIVER *** [3s 2h 8s Tc] [7h]
*** SHOW DOWN ***
slavomir9305: shows [6s 8c] (a pair of Eights)
TinaTurner72: shows [Kh Ks] (a pair of Kings)
TinaTurner72 collected $59.50 from pot
*** SUMMARY ***
Total pot $60 | Rake $0.50
Board [3s 2h 8s Tc 7h]
Seat 2: TinaTurner72 (button) (small blind) showed [Kh Ks] and won ($59.50) with a pair of Kings
Seat 3: slavomir9305 (big blind) showed [6s 8c] and lost with a pair of Eights


PokerStars Hand #160853401603:  Hold'em Limit ($3/$6 USD) - 2016/11/03 16:35:56 ET
Table 'Sun III' 6-max Seat #2 is the button
Seat 2: TinaTurner72 ($143.50 in chips)
Seat 3: anebodil ($125.86 in chips)
TinaTurner72: posts small blind $1
anebodil: posts big blind $3
*** HOLE CARDS ***
TinaTurner72: folds
Uncalled bet ($2) returned to anebodil
anebodil collected $2 from pot
*** SUMMARY ***
Total pot $2 | Rake $0
Seat 2: TinaTurner72 (button) (small blind) folded before Flop
Seat 3: anebodil (big blind) collected ($2)


PokerStars Hand #160853385355:  Hold'em Limit ($3/$6 USD) - 2016/11/03 16:35:38 ET
Table 'Sun III' 6-max Seat #3 is the button
Seat 2: TinaTurner72 ($149.50 in chips)
Seat 3: anebodil ($120.10 in chips)
anebodil: posts small blind $1
TinaTurner72: posts big blind $3
*** HOLE CARDS ***
anebodil: raises $3 to $6
VolkovDmitri joins the table at seat #4
TinaTurner72: calls $3
*** FLOP *** [3h Ad 4h]
TinaTurner72: checks
anebodil: bets $3
TinaTurner72: folds
Uncalled bet ($3) returned to anebodil
anebodil collected $11.76 from pot
*** SUMMARY ***
Total pot $12 | Rake $0.24
Board [3h Ad 4h]
Seat 2: TinaTurner72 (big blind) folded on the Flop
Seat 3: anebodil (button) (small blind) collected ($11.76)


