PokerStars Hand #155425710157:  Hold'em Limit ($3/$6 USD) - 2016/07/01 10:32:48 ET
Table 'Sundmania' 10-max Seat #1 is the button
Seat 1: LifeisagameX ($93.11 in chips)
Seat 6: SirRomanov ($72 in chips)
Makomar will be allowed to play after the button
LifeisagameX: posts small blind $1
SirRomanov: posts big blind $3
*** HOLE CARDS ***
LifeisagameX: raises $3 to $6
SirRomanov: folds
Uncalled bet ($3) returned to LifeisagameX
LifeisagameX collected $6 from pot
LifeisagameX: doesn't show hand
*** SUMMARY ***
Total pot $6 | Rake $0
Seat 1: LifeisagameX (button) (small blind) collected ($6)
Seat 6: SirRomanov (big blind) folded before Flop


PokerStars Hand #155425672045:  Hold'em Limit ($3/$6 USD) - 2016/07/01 10:31:38 ET
Table 'Sundmania' 10-max Seat #1 is the button
Seat 1: LifeisagameX ($60 in chips)
Seat 5: FabronxRJ ($120 in chips)
LifeisagameX: posts small blind $1
FabronxRJ: posts big blind $3
*** HOLE CARDS ***
SirRomanov joins the table at seat #6
LifeisagameX: raises $3 to $6
FabronxRJ: calls $3
*** FLOP *** [8h 9s Kc]
FabronxRJ: bets $3
LifeisagameX: calls $3
*** TURN *** [8h 9s Kc] [3d]
Makomar joins the table at seat #7
FabronxRJ: bets $6
LifeisagameX: raises $6 to $12
FabronxRJ: calls $6
*** RIVER *** [8h 9s Kc 3d] [Ks]
FabronxRJ: checks
LifeisagameX: bets $6
FabronxRJ: calls $6
*** SHOW DOWN ***
LifeisagameX: shows [Kd 7s] (three of a kind, Kings)
FabronxRJ: mucks hand
LifeisagameX collected $53.50 from pot
*** SUMMARY ***
Total pot $54 | Rake $0.50
Board [8h 9s Kc 3d Ks]
Seat 1: LifeisagameX (button) (small blind) showed [Kd 7s] and won ($53.50) with three of a kind, Kings
Seat 5: FabronxRJ (big blind) mucked


PokerStars Hand #155425716716:  Hold'em Limit ($3/$6 USD) - 2016/07/01 10:33:00 ET
Table 'Sundmania' 10-max Seat #7 is the button
Seat 6: SirRomanov ($72 in chips)
Seat 7: Makomar ($121 in chips)
Makomar: posts small blind $1
SirRomanov: posts big blind $3
*** HOLE CARDS ***
Makomar: raises $3 to $6
SirRomanov: raises $3 to $9
Makomar: calls $3
*** FLOP *** [Ts 3c 4d]
SirRomanov: bets $3
Makomar: calls $3
*** TURN *** [Ts 3c 4d] [6s]
SirRomanov: bets $6
Makomar: raises $6 to $12
SirRomanov: raises $6 to $18
Makomar: calls $6
*** RIVER *** [Ts 3c 4d 6s] [Ah]
SirRomanov: bets $6
Makomar: folds
Uncalled bet ($6) returned to SirRomanov
SirRomanov collected $59.50 from pot
SirRomanov: doesn't show hand
*** SUMMARY ***
Total pot $60 | Rake $0.50
Board [Ts 3c 4d 6s Ah]
Seat 6: SirRomanov (big blind) collected ($59.50)
Seat 7: Makomar (button) (small blind) folded on the River


PokerStars Hand #155425714289:  Hold'em Limit ($3/$6 USD) - 2016/07/01 10:32:56 ET
Table 'Sundmania' 10-max Seat #6 is the button
Seat 6: SirRomanov ($72 in chips)
Seat 7: Makomar ($120 in chips)
SirRomanov: posts small blind $1
Makomar: posts big blind $3
*** HOLE CARDS ***
SirRomanov: folds
Uncalled bet ($2) returned to Makomar
LifeisagameX leaves the table
Makomar collected $2 from pot
Makomar: doesn't show hand
*** SUMMARY ***
Total pot $2 | Rake $0
Seat 6: SirRomanov (button) (small blind) folded before Flop
Seat 7: Makomar (big blind) collected ($2)


