PokerStars Hand #172497267742:  Hold'em Limit ($3/$6 USD) - 2017/07/02 2:19:31 ET
Table 'Susilva' 6-max Seat #3 is the button
Seat 3: sim5sim5 ($72 in chips)
Seat 4: Agrotait ($72 in chips)
sim5sim5: posts small blind $1
Agrotait: posts big blind $3
*** HOLE CARDS ***
sim5sim5: raises $3 to $6
Agrotait: raises $3 to $9
sim5sim5: calls $3
*** FLOP *** [4h Qc 6h]
Agrotait: bets $3
sim5sim5: calls $3
*** TURN *** [4h Qc 6h] [5c]
Agrotait: checks
sim5sim5: checks
*** RIVER *** [4h Qc 6h 5c] [3d]
Agrotait: checks
sim5sim5: bets $6
Agrotait: calls $6
*** SHOW DOWN ***
sim5sim5: shows [7h Kc] (a straight, Three to Seven)
Agrotait: mucks hand
sim5sim5 collected $35.50 from pot
*** SUMMARY ***
Total pot $36 | Rake $0.50
Board [4h Qc 6h 5c 3d]
Seat 3: sim5sim5 (button) (small blind) showed [7h Kc] and won ($35.50) with a straight, Three to Seven
Seat 4: Agrotait (big blind) mucked


PokerStars Hand #172497290041:  Hold'em Limit ($3/$6 USD) - 2017/07/02 2:20:58 ET
Table 'Susilva' 6-max Seat #4 is the button
Seat 3: sim5sim5 ($89.14 in chips)
Seat 4: Agrotait ($71.64 in chips)
Agrotait: posts small blind $1
sim5sim5: posts big blind $3
*** HOLE CARDS ***
Agrotait: raises $3 to $6
sim5sim5: folds
Uncalled bet ($3) returned to Agrotait
Agrotait collected $6 from pot
Agrotait: doesn't show hand
*** SUMMARY ***
Total pot $6 | Rake $0
Seat 3: sim5sim5 (big blind) folded before Flop
Seat 4: Agrotait (button) (small blind) collected ($6)


PokerStars Hand #172497285399:  Hold'em Limit ($3/$6 USD) - 2017/07/02 2:20:39 ET
Table 'Susilva' 6-max Seat #3 is the button
Seat 3: sim5sim5 ($98.14 in chips)
Seat 4: Agrotait ($63 in chips)
sim5sim5: posts small blind $1
Agrotait: posts big blind $3
*** HOLE CARDS ***
sim5sim5: raises $3 to $6
Agrotait: raises $3 to $9
sim5sim5: calls $3
*** FLOP *** [2h 9c Jc]
Agrotait: bets $3
sim5sim5: folds
Uncalled bet ($3) returned to Agrotait
Agrotait collected $17.64 from pot
Agrotait: doesn't show hand
*** SUMMARY ***
Total pot $18 | Rake $0.36
Board [2h 9c Jc]
Seat 3: sim5sim5 (button) (small blind) folded on the Flop
Seat 4: Agrotait (big blind) collected ($17.64)


PokerStars Hand #172497277376:  Hold'em Limit ($3/$6 USD) - 2017/07/02 2:20:08 ET
Table 'Susilva' 6-max Seat #4 is the button
Seat 3: sim5sim5 ($89.50 in chips)
Seat 4: Agrotait ($72 in chips)
Agrotait: posts small blind $1
sim5sim5: posts big blind $3
*** HOLE CARDS ***
Agrotait: raises $3 to $6
sim5sim5: calls $3
*** FLOP *** [4s 5s Jh]
sim5sim5: checks
Agrotait: bets $3
sim5sim5: calls $3
*** TURN *** [4s 5s Jh] [5c]
sim5sim5: checks
Agrotait: checks
*** RIVER *** [4s 5s Jh 5c] [3d]
sim5sim5: checks
Agrotait: checks
*** SHOW DOWN ***
sim5sim5: shows [Kc Qs] (a pair of Fives)
Agrotait: mucks hand
sim5sim5 collected $17.64 from pot
*** SUMMARY ***
Total pot $18 | Rake $0.36
Board [4s 5s Jh 5c 3d]
Seat 3: sim5sim5 (big blind) showed [Kc Qs] and won ($17.64) with a pair of Fives
Seat 4: Agrotait (button) (small blind) mucked


PokerStars Hand #172497292583:  Hold'em Limit ($3/$6 USD) - 2017/07/02 2:21:08 ET
Table 'Susilva' 6-max Seat #3 is the button
Seat 3: sim5sim5 ($86.14 in chips)
Seat 4: Agrotait ($74.64 in chips)
sim5sim5: posts small blind $1
Agrotait: posts big blind $3
*** HOLE CARDS ***
sim5sim5: raises $3 to $6
Agrotait: folds
Uncalled bet ($3) returned to sim5sim5
sim5sim5 collected $6 from pot
sim5sim5: doesn't show hand
*** SUMMARY ***
Total pot $6 | Rake $0
Seat 3: sim5sim5 (button) (small blind) collected ($6)
Seat 4: Agrotait (big blind) folded before Flop


PokerStars Hand #172497295259:  Hold'em Limit ($3/$6 USD) - 2017/07/02 2:21:18 ET
Table 'Susilva' 6-max Seat #4 is the button
Seat 3: sim5sim5 ($89.14 in chips)
Seat 4: Agrotait ($71.64 in chips)
Agrotait: posts small blind $1
sim5sim5: posts big blind $3
*** HOLE CARDS ***
Agrotait: raises $3 to $6
sim5sim5: raises $3 to $9
Agrotait: calls $3
*** FLOP *** [7h 2h Js]
sim5sim5: bets $3
Agrotait: folds
Uncalled bet ($3) returned to sim5sim5
sim5sim5 collected $17.64 from pot
sim5sim5: doesn't show hand
*** SUMMARY ***
Total pot $18 | Rake $0.36
Board [7h 2h Js]
Seat 3: sim5sim5 (big blind) collected ($17.64)
Seat 4: Agrotait (button) (small blind) folded on the Flop


PokerStars Hand #172497298647:  Hold'em Limit ($3/$6 USD) - 2017/07/02 2:21:31 ET
Table 'Susilva' 6-max Seat #3 is the button
Seat 3: sim5sim5 ($97.78 in chips)
Seat 4: Agrotait ($62.64 in chips)
sim5sim5: posts small blind $1
Agrotait: posts big blind $3
*** HOLE CARDS ***
sim5sim5: raises $3 to $6
Agrotait: calls $3
*** FLOP *** [7c 7s 9d]
Agrotait: checks
sim5sim5: bets $3
Agrotait: calls $3
*** TURN *** [7c 7s 9d] [As]
Agrotait: checks
sim5sim5: bets $6
Agrotait: folds
Uncalled bet ($6) returned to sim5sim5
sim5sim5 collected $17.64 from pot
sim5sim5: doesn't show hand
*** SUMMARY ***
Total pot $18 | Rake $0.36
Board [7c 7s 9d As]
Seat 3: sim5sim5 (button) (small blind) collected ($17.64)
Seat 4: Agrotait (big blind) folded on the Turn


PokerStars Hand #172497306501:  Hold'em Limit ($3/$6 USD) - 2017/07/02 2:22:01 ET
Table 'Susilva' 6-max Seat #4 is the button
Seat 3: sim5sim5 ($106.42 in chips)
Seat 4: Agrotait ($72 in chips)
Agrotait: posts small blind $1
sim5sim5: posts big blind $3
*** HOLE CARDS ***
Agrotait: raises $3 to $6
sim5sim5: folds
Uncalled bet ($3) returned to Agrotait
Agrotait collected $6 from pot
Agrotait: doesn't show hand
*** SUMMARY ***
Total pot $6 | Rake $0
Seat 3: sim5sim5 (big blind) folded before Flop
Seat 4: Agrotait (button) (small blind) collected ($6)


PokerStars Hand #172497310406:  Hold'em Limit ($3/$6 USD) - 2017/07/02 2:22:17 ET
Table 'Susilva' 6-max Seat #3 is the button
Seat 3: sim5sim5 ($103.42 in chips)
Seat 4: Agrotait ($75 in chips)
sim5sim5: posts small blind $1
Agrotait: posts big blind $3
*** HOLE CARDS ***
sim5sim5: raises $3 to $6
Agrotait: calls $3
*** FLOP *** [Th Ac As]
Agrotait: checks
sim5sim5: bets $3
Agrotait: calls $3
*** TURN *** [Th Ac As] [8h]
Agrotait: checks
sim5sim5: checks
*** RIVER *** [Th Ac As 8h] [9s]
Agrotait: checks
sim5sim5: bets $6
Agrotait: folds
Uncalled bet ($6) returned to sim5sim5
sim5sim5 collected $17.64 from pot
sim5sim5: doesn't show hand
*** SUMMARY ***
Total pot $18 | Rake $0.36
Board [Th Ac As 8h 9s]
Seat 3: sim5sim5 (button) (small blind) collected ($17.64)
Seat 4: Agrotait (big blind) folded on the River


