PokerStars Hand #152470535732:  Hold'em Limit ($3/$6 USD) - 2016/04/26 9:52:19 ET
Table 'Susilva III' 6-max Seat #1 is the button
Seat 1: sigvi ($86.40 in chips)
Seat 2: kolaz03 ($80.64 in chips)
sigvi: posts small blind $1
kolaz03: posts big blind $3
*** HOLE CARDS ***
sigvi: folds
Uncalled bet ($2) returned to kolaz03
kolaz03 collected $2 from pot
kolaz03: doesn't show hand
*** SUMMARY ***
Total pot $2 | Rake $0
Seat 1: sigvi (button) (small blind) folded before Flop
Seat 2: kolaz03 (big blind) collected ($2)


PokerStars Hand #152470516189:  Hold'em Limit ($3/$6 USD) - 2016/04/26 9:51:48 ET
Table 'Susilva III' 6-max Seat #2 is the button
Seat 1: sigvi ($95.40 in chips)
Seat 2: kolaz03 ($72 in chips)
kolaz03: posts small blind $1
GoliafUa: is sitting out
sigvi: posts big blind $3
*** HOLE CARDS ***
kolaz03: raises $3 to $6
sigvi: calls $3
*** FLOP *** [3d 4s 5s]
sigvi: checks
kolaz03: bets $3
sigvi: calls $3
*** TURN *** [3d 4s 5s] [Qd]
sigvi: checks
kolaz03: bets $6
sigvi: folds
Uncalled bet ($6) returned to kolaz03
kolaz03 collected $17.64 from pot
kolaz03: doesn't show hand
*** SUMMARY ***
Total pot $18 | Rake $0.36
Board [3d 4s 5s Qd]
Seat 1: sigvi (big blind) folded on the Turn
Seat 2: kolaz03 (button) (small blind) collected ($17.64)


PokerStars Hand #152470555065:  Hold'em Limit ($3/$6 USD) - 2016/04/26 9:52:51 ET
Table 'Susilva III' 6-max Seat #1 is the button
Seat 1: sigvi ($71.40 in chips)
Seat 2: kolaz03 ($95.16 in chips)
sigvi: posts small blind $1
kolaz03: posts big blind $3
*** HOLE CARDS ***
sigvi: raises $3 to $6
kolaz03: calls $3
*** FLOP *** [6c 4d As]
kolaz03: checks
sigvi: bets $3
kolaz03: calls $3
*** TURN *** [6c 4d As] [3h]
kolaz03: checks
sigvi: checks
*** RIVER *** [6c 4d As 3h] [9d]
kolaz03: bets $6
sigvi: folds
Uncalled bet ($6) returned to kolaz03
kolaz03 collected $17.64 from pot
kolaz03: doesn't show hand
*** SUMMARY ***
Total pot $18 | Rake $0.36
Board [6c 4d As 3h 9d]
Seat 1: sigvi (button) (small blind) folded on the River
Seat 2: kolaz03 (big blind) collected ($17.64)


PokerStars Hand #152470552263:  Hold'em Limit ($3/$6 USD) - 2016/04/26 9:52:46 ET
Table 'Susilva III' 6-max Seat #2 is the button
Seat 1: sigvi ($70.40 in chips)
Seat 2: kolaz03 ($96.16 in chips)
kolaz03: posts small blind $1
sigvi: posts big blind $3
*** HOLE CARDS ***
kolaz03: folds
Uncalled bet ($2) returned to sigvi
sigvi collected $2 from pot
*** SUMMARY ***
Total pot $2 | Rake $0
Seat 1: sigvi (big blind) collected ($2)
Seat 2: kolaz03 (button) (small blind) folded before Flop


PokerStars Hand #152470542443:  Hold'em Limit ($3/$6 USD) - 2016/04/26 9:52:30 ET
Table 'Susilva III' 6-max Seat #1 is the button
Seat 1: sigvi ($82.40 in chips)
Seat 2: kolaz03 ($84.64 in chips)
sigvi: posts small blind $1
kolaz03: posts big blind $3
*** HOLE CARDS ***
sigvi: raises $3 to $6
kolaz03: calls $3
*** FLOP *** [3s 3c Qs]
kolaz03: checks
sigvi: bets $3
kolaz03: raises $3 to $6
sigvi: calls $3
*** TURN *** [3s 3c Qs] [6h]
kolaz03: bets $6
sigvi: folds
Uncalled bet ($6) returned to kolaz03
kolaz03 collected $23.52 from pot
kolaz03: doesn't show hand
*** SUMMARY ***
Total pot $24 | Rake $0.48
Board [3s 3c Qs 6h]
Seat 1: sigvi (button) (small blind) folded on the Turn
Seat 2: kolaz03 (big blind) collected ($23.52)


PokerStars Hand #152470538775:  Hold'em Limit ($3/$6 USD) - 2016/04/26 9:52:24 ET
Table 'Susilva III' 6-max Seat #2 is the button
Seat 1: sigvi ($85.40 in chips)
Seat 2: kolaz03 ($81.64 in chips)
kolaz03: posts small blind $1
sigvi: posts big blind $3
*** HOLE CARDS ***
kolaz03: raises $3 to $6
sigvi: folds
Uncalled bet ($3) returned to kolaz03
kolaz03 collected $6 from pot
kolaz03: doesn't show hand
*** SUMMARY ***
Total pot $6 | Rake $0
Seat 1: sigvi (big blind) folded before Flop
Seat 2: kolaz03 (button) (small blind) collected ($6)


PokerStars Hand #152470601969:  Hold'em Limit ($3/$6 USD) - 2016/04/26 9:54:07 ET
Table 'Susilva III' 6-max Seat #1 is the button
Seat 1: sigvi ($69.90 in chips)
Seat 2: kolaz03 ($95.56 in chips)
sigvi: posts small blind $1
kolaz03: posts big blind $3
*** HOLE CARDS ***
sigvi: raises $3 to $6
kolaz03: folds
Uncalled bet ($3) returned to sigvi
sigvi collected $6 from pot
*** SUMMARY ***
Total pot $6 | Rake $0
Seat 1: sigvi (button) (small blind) collected ($6)
Seat 2: kolaz03 (big blind) folded before Flop


PokerStars Hand #152470586902:  Hold'em Limit ($3/$6 USD) - 2016/04/26 9:53:42 ET
Table 'Susilva III' 6-max Seat #2 is the button
Seat 1: sigvi ($75.90 in chips)
Seat 2: kolaz03 ($89.80 in chips)
kolaz03: posts small blind $1
sigvi: posts big blind $3
*** HOLE CARDS ***
kolaz03: raises $3 to $6
sigvi: calls $3
*** FLOP *** [Td 2d 9h]
sigvi: checks
kolaz03: bets $3
sigvi: folds
Uncalled bet ($3) returned to kolaz03
kolaz03 collected $11.76 from pot
kolaz03: doesn't show hand
*** SUMMARY ***
Total pot $12 | Rake $0.24
Board [Td 2d 9h]
Seat 1: sigvi (big blind) folded on the Flop
Seat 2: kolaz03 (button) (small blind) collected ($11.76)


PokerStars Hand #152470583977:  Hold'em Limit ($3/$6 USD) - 2016/04/26 9:53:38 ET
Table 'Susilva III' 6-max Seat #1 is the button
Seat 1: sigvi ($76.90 in chips)
Seat 2: kolaz03 ($88.80 in chips)
sigvi: posts small blind $1
kolaz03: posts big blind $3
*** HOLE CARDS ***
sigvi: folds
Uncalled bet ($2) returned to kolaz03
kolaz03 collected $2 from pot
kolaz03: doesn't show hand
*** SUMMARY ***
Total pot $2 | Rake $0
Seat 1: sigvi (button) (small blind) folded before Flop
Seat 2: kolaz03 (big blind) collected ($2)


PokerStars Hand #152470567603:  Hold'em Limit ($3/$6 USD) - 2016/04/26 9:53:11 ET
Table 'Susilva III' 6-max Seat #2 is the button
Seat 1: sigvi ($62.40 in chips)
Seat 2: kolaz03 ($103.80 in chips)
kolaz03: posts small blind $1
sigvi: posts big blind $3
*** HOLE CARDS ***
kolaz03: raises $3 to $6
sigvi: calls $3
*** FLOP *** [Kh 4d Jh]
sigvi: checks
kolaz03: bets $3
sigvi: calls $3
*** TURN *** [Kh 4d Jh] [7s]
sigvi: checks
kolaz03: bets $6
sigvi: calls $6
*** RIVER *** [Kh 4d Jh 7s] [9c]
sigvi: checks
kolaz03: checks
*** SHOW DOWN ***
sigvi: shows [4s 5d] (a pair of Fours)
kolaz03: mucks hand
sigvi collected $29.50 from pot
*** SUMMARY ***
Total pot $30 | Rake $0.50
Board [Kh 4d Jh 7s 9c]
Seat 1: sigvi (big blind) showed [4s 5d] and won ($29.50) with a pair of Fours
Seat 2: kolaz03 (button) (small blind) mucked


PokerStars Hand #152470630290:  Hold'em Limit ($3/$6 USD) - 2016/04/26 9:54:53 ET
Table 'Susilva III' 6-max Seat #1 is the button
Seat 1: sigvi ($84.42 in chips)
Seat 2: kolaz03 ($80.56 in chips)
sigvi: posts small blind $1
kolaz03: posts big blind $3
*** HOLE CARDS ***
sigvi: raises $3 to $6
kolaz03: calls $3
*** FLOP *** [2s Qs 2h]
kolaz03: checks
sigvi: bets $3
kolaz03: raises $3 to $6
sigvi: folds
Uncalled bet ($3) returned to kolaz03
kolaz03 collected $17.64 from pot
kolaz03: doesn't show hand
*** SUMMARY ***
Total pot $18 | Rake $0.36
Board [2s Qs 2h]
Seat 1: sigvi (button) (small blind) folded on the Flop
Seat 2: kolaz03 (big blind) collected ($17.64)


PokerStars Hand #152470607929:  Hold'em Limit ($3/$6 USD) - 2016/04/26 9:54:17 ET
Table 'Susilva III' 6-max Seat #2 is the button
Seat 1: sigvi ($72.90 in chips)
Seat 2: kolaz03 ($92.56 in chips)
kolaz03: posts small blind $1
sigvi: posts big blind $3
*** HOLE CARDS ***
kolaz03: raises $3 to $6
sigvi: raises $3 to $9
kolaz03: calls $3
*** FLOP *** [Th 6c Qd]
sigvi: bets $3
kolaz03: calls $3
*** TURN *** [Th 6c Qd] [Jh]
sigvi: bets $6
kolaz03: folds
Uncalled bet ($6) returned to sigvi
sigvi collected $23.52 from pot
*** SUMMARY ***
Total pot $24 | Rake $0.48
Board [Th 6c Qd Jh]
Seat 1: sigvi (big blind) collected ($23.52)
Seat 2: kolaz03 (button) (small blind) folded on the Turn


PokerStars Hand #152470675796:  Hold'em Limit ($3/$6 USD) - 2016/04/26 9:56:17 ET
Table 'Susilva III' 6-max Seat #1 is the button
Seat 1: sigvi ($60.42 in chips)
Seat 2: kolaz03 ($103.70 in chips)
sigvi: posts small blind $1
kolaz03: posts big blind $3
*** HOLE CARDS ***
sigvi: folds
Uncalled bet ($2) returned to kolaz03
kolaz03 collected $2 from pot
kolaz03: doesn't show hand
*** SUMMARY ***
Total pot $2 | Rake $0
Seat 1: sigvi (button) (small blind) folded before Flop
Seat 2: kolaz03 (big blind) collected ($2)


PokerStars Hand #152470642900:  Hold'em Limit ($3/$6 USD) - 2016/04/26 9:55:14 ET
Table 'Susilva III' 6-max Seat #2 is the button
Seat 1: sigvi ($75.42 in chips)
Seat 2: kolaz03 ($89.20 in chips)
kolaz03: posts small blind $1
sigvi: posts big blind $3
*** HOLE CARDS ***
kolaz03: raises $3 to $6
sigvi: calls $3
*** FLOP *** [7h 4d 7d]
sigvi: checks
kolaz03: bets $3
sigvi: calls $3
*** TURN *** [7h 4d 7d] [9d]
sigvi: checks
winer103 joins the table at seat #4
kolaz03: checks
*** RIVER *** [7h 4d 7d 9d] [4s]
sigvi: bets $6
kolaz03: calls $6
*** SHOW DOWN ***
sigvi: shows [Ts 8c] (two pair, Sevens and Fours)
kolaz03: shows [2s Kc] (two pair, Sevens and Fours - King kicker)
kolaz03 collected $29.50 from pot
*** SUMMARY ***
Total pot $30 | Rake $0.50
Board [7h 4d 7d 9d 4s]
Seat 1: sigvi (big blind) showed [Ts 8c] and lost with two pair, Sevens and Fours
Seat 2: kolaz03 (button) (small blind) showed [2s Kc] and won ($29.50) with two pair, Sevens and Fours


PokerStars Hand #152470711797:  Hold'em Limit ($3/$6 USD) - 2016/04/26 9:57:25 ET
Table 'Susilva III' 6-max Seat #1 is the button
Seat 1: sigvi ($63.42 in chips)
Seat 2: kolaz03 ($103.70 in chips)
Pelurile will be allowed to play after the button
iskambil will be allowed to play after the button
sigvi: posts small blind $1
kolaz03: posts big blind $3
*** HOLE CARDS ***
sigvi: folds
Uncalled bet ($2) returned to kolaz03
kolaz03 collected $2 from pot
kolaz03: doesn't show hand
*** SUMMARY ***
Total pot $2 | Rake $0
Seat 1: sigvi (button) (small blind) folded before Flop
Seat 2: kolaz03 (big blind) collected ($2)


PokerStars Hand #152476310943:  Hold'em Limit ($3/$6 USD) - 2016/04/26 12:16:15 ET
Table 'Susilva III' 6-max Seat #6 is the button
Seat 4: TinaTurner72 ($173.95 in chips)
Seat 6: otto ($28.95 in chips)
otto: posts small blind $1
assitoni: is sitting out
HAL9QQQ: is sitting out
TinaTurner72: posts big blind $3
*** HOLE CARDS ***
otto: folds
Uncalled bet ($2) returned to TinaTurner72
HAL9QQQ leaves the table
TinaTurner72 collected $2 from pot
TinaTurner72: doesn't show hand
*** SUMMARY ***
Total pot $2 | Rake $0
Seat 4: TinaTurner72 (big blind) collected ($2)
Seat 6: otto (button) (small blind) folded before Flop


PokerStars Hand #152476314912:  Hold'em Limit ($3/$6 USD) - 2016/04/26 12:16:20 ET
Table 'Susilva III' 6-max Seat #4 is the button
Seat 4: TinaTurner72 ($174.95 in chips)
Seat 6: otto ($27.95 in chips)
TinaTurner72: posts small blind $1
otto: posts big blind $3
*** HOLE CARDS ***
TinaTurner72: raises $3 to $6
otto: calls $3
*** FLOP *** [Ad 4h Jh]
otto: checks
TinaTurner72: bets $3
otto: folds
Uncalled bet ($3) returned to TinaTurner72
TinaTurner72 collected $11.76 from pot
TinaTurner72: doesn't show hand
*** SUMMARY ***
Total pot $12 | Rake $0.24
Board [Ad 4h Jh]
Seat 4: TinaTurner72 (button) (small blind) collected ($11.76)
Seat 6: otto (big blind) folded on the Flop


PokerStars Hand #152476323339:  Hold'em Limit ($3/$6 USD) - 2016/04/26 12:16:31 ET
Table 'Susilva III' 6-max Seat #6 is the button
Seat 4: TinaTurner72 ($180.71 in chips)
Seat 6: otto ($21.95 in chips)
otto: posts small blind $1
TinaTurner72: posts big blind $3
*** HOLE CARDS ***
otto: folds
Uncalled bet ($2) returned to TinaTurner72
TinaTurner72 collected $2 from pot
TinaTurner72: doesn't show hand
*** SUMMARY ***
Total pot $2 | Rake $0
Seat 4: TinaTurner72 (big blind) collected ($2)
Seat 6: otto (button) (small blind) folded before Flop


PokerStars Hand #152476326875:  Hold'em Limit ($3/$6 USD) - 2016/04/26 12:16:36 ET
Table 'Susilva III' 6-max Seat #4 is the button
Seat 4: TinaTurner72 ($181.71 in chips)
Seat 6: otto ($20.95 in chips)
TinaTurner72: posts small blind $1
otto: posts big blind $3
*** HOLE CARDS ***
TinaTurner72: raises $3 to $6
otto: calls $3
*** FLOP *** [Ah 6s 3s]
otto: checks
TinaTurner72: bets $3
otto: calls $3
*** TURN *** [Ah 6s 3s] [Ts]
otto: checks
TinaTurner72: bets $6
otto: raises $5.95 to $11.95 and is all-in
TinaTurner72: calls $5.95
*** RIVER *** [Ah 6s 3s Ts] [Kh]
*** SHOW DOWN ***
otto: shows [4h 7s] (high card Ace)
TinaTurner72: shows [9c 6c] (a pair of Sixes)
TinaTurner72 collected $41.40 from pot
*** SUMMARY ***
Total pot $41.90 | Rake $0.50
Board [Ah 6s 3s Ts Kh]
Seat 4: TinaTurner72 (button) (small blind) showed [9c 6c] and won ($41.40) with a pair of Sixes
Seat 6: otto (big blind) showed [4h 7s] and lost with high card Ace


