PokerStars Hand #165676415464:  Hold'em Limit ($3/$6 USD) - 2017/02/04 13:24:10 ET
Table 'Susilva' 6-max Seat #6 is the button
Seat 5: GoliafUa ($120 in chips)
Seat 6: ovidius2009 ($30 in chips)
ovidius2009: posts small blind $1
GoliafUa: posts big blind $3
*** HOLE CARDS ***
ovidius2009: calls $2
GoliafUa: checks
*** FLOP *** [6d Jc 9h]
GoliafUa: checks
ovidius2009: bets $3
GoliafUa: folds
Uncalled bet ($3) returned to ovidius2009
ovidius2009 collected $5.88 from pot
ovidius2009: doesn't show hand
*** SUMMARY ***
Total pot $6 | Rake $0.12
Board [6d Jc 9h]
Seat 5: GoliafUa (big blind) folded on the Flop
Seat 6: ovidius2009 (button) (small blind) collected ($5.88)


PokerStars Hand #165676446719:  Hold'em Limit ($3/$6 USD) - 2017/02/04 13:24:42 ET
Table 'Susilva' 6-max Seat #6 is the button
Seat 5: GoliafUa ($96 in chips)
Seat 6: ovidius2009 ($53.38 in chips)
ovidius2009: posts small blind $1
GoliafUa: posts big blind $3
*** HOLE CARDS ***
ovidius2009: calls $2
GoliafUa: checks
*** FLOP *** [5c 4d 8d]
GoliafUa: bets $3
ovidius2009: calls $3
*** TURN *** [5c 4d 8d] [2s]
GoliafUa: bets $6
ovidius2009: calls $6
*** RIVER *** [5c 4d 8d 2s] [4s]
GoliafUa: bets $6
ovidius2009: calls $6
*** SHOW DOWN ***
GoliafUa: shows [Qh 8s] (two pair, Eights and Fours)
ovidius2009: mucks hand
GoliafUa collected $35.50 from pot
*** SUMMARY ***
Total pot $36 | Rake $0.50
Board [5c 4d 8d 2s 4s]
Seat 5: GoliafUa (big blind) showed [Qh 8s] and won ($35.50) with two pair, Eights and Fours
Seat 6: ovidius2009 (button) (small blind) mucked


PokerStars Hand #165676432516:  Hold'em Limit ($3/$6 USD) - 2017/02/04 13:24:27 ET
Table 'Susilva' 6-max Seat #5 is the button
Seat 5: GoliafUa ($117 in chips)
Seat 6: ovidius2009 ($32.88 in chips)
GoliafUa: posts small blind $1
ovidius2009: posts big blind $3
*** HOLE CARDS ***
GoliafUa: raises $3 to $6
ovidius2009: calls $3
*** FLOP *** [4d As 5d]
ovidius2009: checks
GoliafUa: bets $3
ovidius2009: calls $3
*** TURN *** [4d As 5d] [Td]
ovidius2009: checks
GoliafUa: bets $6
ovidius2009: calls $6
*** RIVER *** [4d As 5d Td] [Ah]
ovidius2009: checks
GoliafUa: bets $6
ovidius2009: calls $6
*** SHOW DOWN ***
GoliafUa: shows [7s 6h] (a pair of Aces)
ovidius2009: shows [5c 9s] (two pair, Aces and Fives)
ovidius2009 collected $41.50 from pot
*** SUMMARY ***
Total pot $42 | Rake $0.50
Board [4d As 5d Td Ah]
Seat 5: GoliafUa (button) (small blind) showed [7s 6h] and lost with a pair of Aces
Seat 6: ovidius2009 (big blind) showed [5c 9s] and won ($41.50) with two pair, Aces and Fives


PokerStars Hand #165676471075:  Hold'em Limit ($3/$6 USD) - 2017/02/04 13:25:07 ET
Table 'Susilva' 6-max Seat #6 is the button
Seat 5: GoliafUa ($119.26 in chips)
Seat 6: ovidius2009 ($29.38 in chips)
ovidius2009: posts small blind $1
GoliafUa: posts big blind $3
*** HOLE CARDS ***
ovidius2009: calls $2
GoliafUa: checks
*** FLOP *** [8d 5c 4d]
GoliafUa: bets $3
ovidius2009: calls $3
*** TURN *** [8d 5c 4d] [Ad]
GoliafUa: bets $6
ovidius2009: calls $6
*** RIVER *** [8d 5c 4d Ad] [Jc]
GoliafUa: bets $6
ovidius2009: calls $6
*** SHOW DOWN ***
GoliafUa: shows [6s 8h] (a pair of Eights)
ovidius2009: mucks hand
GoliafUa collected $35.50 from pot
*** SUMMARY ***
Total pot $36 | Rake $0.50
Board [8d 5c 4d Ad Jc]
Seat 5: GoliafUa (big blind) showed [6s 8h] and won ($35.50) with a pair of Eights
Seat 6: ovidius2009 (button) (small blind) mucked


PokerStars Hand #165676458404:  Hold'em Limit ($3/$6 USD) - 2017/02/04 13:24:54 ET
Table 'Susilva' 6-max Seat #5 is the button
Seat 5: GoliafUa ($113.50 in chips)
Seat 6: ovidius2009 ($35.38 in chips)
GoliafUa: posts small blind $1
ovidius2009: posts big blind $3
*** HOLE CARDS ***
GoliafUa: raises $3 to $6
ovidius2009: calls $3
*** FLOP *** [2c Td Jc]
ovidius2009: checks
GoliafUa: bets $3
ovidius2009: folds
Uncalled bet ($3) returned to GoliafUa
GoliafUa collected $11.76 from pot
GoliafUa: doesn't show hand
*** SUMMARY ***
Total pot $12 | Rake $0.24
Board [2c Td Jc]
Seat 5: GoliafUa (button) (small blind) collected ($11.76)
Seat 6: ovidius2009 (big blind) folded on the Flop


PokerStars Hand #165676488168:  Hold'em Limit ($3/$6 USD) - 2017/02/04 13:25:25 ET
Table 'Susilva' 6-max Seat #5 is the button
Seat 5: GoliafUa ($136.76 in chips)
Seat 6: ovidius2009 ($11.38 in chips)
GoliafUa: posts small blind $1
ovidius2009: posts big blind $3
*** HOLE CARDS ***
GoliafUa: raises $3 to $6
ovidius2009: calls $3
*** FLOP *** [7s 5s Th]
ovidius2009: checks
GoliafUa: bets $3
ovidius2009: calls $3
*** TURN *** [7s 5s Th] [8s]
ovidius2009: checks
GoliafUa: bets $6
ovidius2009: calls $2.38 and is all-in
Uncalled bet ($3.62) returned to GoliafUa
*** RIVER *** [7s 5s Th 8s] [Ks]
*** SHOW DOWN ***
ovidius2009: shows [2d Kd] (a pair of Kings)
GoliafUa: shows [3d 7h] (a pair of Sevens)
ovidius2009 collected $22.30 from pot
*** SUMMARY ***
Total pot $22.76 | Rake $0.46
Board [7s 5s Th 8s Ks]
Seat 5: GoliafUa (button) (small blind) showed [3d 7h] and lost with a pair of Sevens
Seat 6: ovidius2009 (big blind) showed [2d Kd] and won ($22.30) with a pair of Kings


PokerStars Hand #165676504609:  Hold'em Limit ($3/$6 USD) - 2017/02/04 13:25:42 ET
Table 'Susilva' 6-max Seat #6 is the button
Seat 5: GoliafUa ($125.38 in chips)
Seat 6: ovidius2009 ($22.30 in chips)
ovidius2009: posts small blind $1
GoliafUa: posts big blind $3
*** HOLE CARDS ***
ovidius2009: calls $2
GoliafUa: checks
*** FLOP *** [Ah Td Jc]
GoliafUa: bets $3
ovidius2009: calls $3
*** TURN *** [Ah Td Jc] [4s]
GoliafUa: checks
ovidius2009: checks
*** RIVER *** [Ah Td Jc 4s] [2h]
GoliafUa: checks
ovidius2009: checks
*** SHOW DOWN ***
GoliafUa: shows [3s 8h] (high card Ace)
ovidius2009: shows [2d 6d] (a pair of Deuces)
ovidius2009 collected $11.76 from pot
*** SUMMARY ***
Total pot $12 | Rake $0.24
Board [Ah Td Jc 4s 2h]
Seat 5: GoliafUa (big blind) showed [3s 8h] and lost with high card Ace
Seat 6: ovidius2009 (button) (small blind) showed [2d 6d] and won ($11.76) with a pair of Deuces


PokerStars Hand #165676523679:  Hold'em Limit ($3/$6 USD) - 2017/02/04 13:26:01 ET
Table 'Susilva' 6-max Seat #5 is the button
Seat 5: GoliafUa ($119.38 in chips)
Seat 6: ovidius2009 ($28.06 in chips)
GoliafUa: posts small blind $1
ovidius2009: posts big blind $3
*** HOLE CARDS ***
GoliafUa: raises $3 to $6
ovidius2009: calls $3
*** FLOP *** [As Qc 7h]
ovidius2009: checks
GoliafUa: bets $3
ovidius2009: folds
Uncalled bet ($3) returned to GoliafUa
GoliafUa collected $11.76 from pot
GoliafUa: doesn't show hand
*** SUMMARY ***
Total pot $12 | Rake $0.24
Board [As Qc 7h]
Seat 5: GoliafUa (button) (small blind) collected ($11.76)
Seat 6: ovidius2009 (big blind) folded on the Flop


PokerStars Hand #165676579055:  Hold'em Limit ($3/$6 USD) - 2017/02/04 13:26:59 ET
Table 'Susilva' 6-max Seat #5 is the button
Seat 5: GoliafUa ($103.14 in chips)
Seat 6: ovidius2009 ($43.44 in chips)
GoliafUa: posts small blind $1
ovidius2009: posts big blind $3
*** HOLE CARDS ***
GoliafUa: folds
Uncalled bet ($2) returned to ovidius2009
ovidius2009 collected $2 from pot
ovidius2009: doesn't show hand
*** SUMMARY ***
Total pot $2 | Rake $0
Seat 5: GoliafUa (button) (small blind) folded before Flop
Seat 6: ovidius2009 (big blind) collected ($2)


PokerStars Hand #165676562665:  Hold'em Limit ($3/$6 USD) - 2017/02/04 13:26:42 ET
Table 'Susilva' 6-max Seat #5 is the button
Seat 5: GoliafUa ($107.14 in chips)
Seat 6: ovidius2009 ($39.56 in chips)
GoliafUa: posts small blind $1
ovidius2009: posts big blind $3
*** HOLE CARDS ***
GoliafUa: folds
Uncalled bet ($2) returned to ovidius2009
ovidius2009 collected $2 from pot
ovidius2009: doesn't show hand
*** SUMMARY ***
Total pot $2 | Rake $0
Seat 5: GoliafUa (button) (small blind) folded before Flop
Seat 6: ovidius2009 (big blind) collected ($2)


PokerStars Hand #165676538994:  Hold'em Limit ($3/$6 USD) - 2017/02/04 13:26:17 ET
Table 'Susilva' 6-max Seat #6 is the button
Seat 5: GoliafUa ($125.14 in chips)
Seat 6: ovidius2009 ($22.06 in chips)
ovidius2009: posts small blind $1
GoliafUa: posts big blind $3
*** HOLE CARDS ***
ovidius2009: calls $2
GoliafUa: checks
*** FLOP *** [Jc 5c 3c]
GoliafUa: bets $3
ovidius2009: calls $3
*** TURN *** [Jc 5c 3c] [Qc]
GoliafUa: bets $6
ovidius2009: calls $6
*** RIVER *** [Jc 5c 3c Qc] [6s]
GoliafUa: bets $6
ovidius2009: calls $6
*** SHOW DOWN ***
GoliafUa: shows [6c 7d] (a flush, Queen high)
ovidius2009: shows [9c 8d] (a flush, Queen high - Nine higher)
ovidius2009 collected $35.50 from pot
*** SUMMARY ***
Total pot $36 | Rake $0.50
Board [Jc 5c 3c Qc 6s]
Seat 5: GoliafUa (big blind) showed [6c 7d] and lost with a flush, Queen high
Seat 6: ovidius2009 (button) (small blind) showed [9c 8d] and won ($35.50) with a flush, Queen high


PokerStars Hand #165676567133:  Hold'em Limit ($3/$6 USD) - 2017/02/04 13:26:46 ET
Table 'Susilva' 6-max Seat #6 is the button
Seat 5: GoliafUa ($106.14 in chips)
Seat 6: ovidius2009 ($40.56 in chips)
ovidius2009: posts small blind $1
GoliafUa: posts big blind $3
*** HOLE CARDS ***
ovidius2009: calls $2
GoliafUa: checks
*** FLOP *** [Js 3s 2c]
GoliafUa: checks
ovidius2009: bets $3
GoliafUa: folds
Uncalled bet ($3) returned to ovidius2009
ovidius2009 collected $5.88 from pot
ovidius2009: doesn't show hand
*** SUMMARY ***
Total pot $6 | Rake $0.12
Board [Js 3s 2c]
Seat 5: GoliafUa (big blind) folded on the Flop
Seat 6: ovidius2009 (button) (small blind) collected ($5.88)


PokerStars Hand #165676583363:  Hold'em Limit ($3/$6 USD) - 2017/02/04 13:27:03 ET
Table 'Susilva' 6-max Seat #6 is the button
Seat 5: GoliafUa ($102.14 in chips)
Seat 6: ovidius2009 ($44.44 in chips)
ovidius2009: posts small blind $1
GoliafUa: posts big blind $3
*** HOLE CARDS ***
ovidius2009: calls $2
GoliafUa: checks
*** FLOP *** [5s Ts Js]
GoliafUa: bets $3
ovidius2009: calls $3
*** TURN *** [5s Ts Js] [2c]
GoliafUa: bets $6
ovidius2009: calls $6
*** RIVER *** [5s Ts Js 2c] [7c]
GoliafUa: bets $6
ovidius2009: calls $6
*** SHOW DOWN ***
GoliafUa: shows [Jc 9d] (a pair of Jacks)
ovidius2009: mucks hand
GoliafUa collected $35.50 from pot
*** SUMMARY ***
Total pot $36 | Rake $0.50
Board [5s Ts Js 2c 7c]
Seat 5: GoliafUa (big blind) showed [Jc 9d] and won ($35.50) with a pair of Jacks
Seat 6: ovidius2009 (button) (small blind) mucked


PokerStars Hand #165676619950:  Hold'em Limit ($3/$6 USD) - 2017/02/04 13:27:41 ET
Table 'Susilva' 6-max Seat #6 is the button
Seat 5: GoliafUa ($134.14 in chips)
Seat 6: ovidius2009 ($11.44 in chips)
ovidius2009: posts small blind $1
GoliafUa: posts big blind $3
*** HOLE CARDS ***
ovidius2009: calls $2
GoliafUa: raises $3 to $6
ovidius2009: calls $3
*** FLOP *** [Tc 2d 6h]
GoliafUa: bets $3
ovidius2009: calls $3
*** TURN *** [Tc 2d 6h] [Td]
GoliafUa: bets $6
ovidius2009: calls $2.44 and is all-in
Uncalled bet ($3.56) returned to GoliafUa
*** RIVER *** [Tc 2d 6h Td] [Kc]
*** SHOW DOWN ***
GoliafUa: shows [Kd 8c] (two pair, Kings and Tens)
ovidius2009: shows [Jd 7h] (a pair of Tens)
GoliafUa collected $22.42 from pot
*** SUMMARY ***
Total pot $22.88 | Rake $0.46
Board [Tc 2d 6h Td Kc]
Seat 5: GoliafUa (big blind) showed [Kd 8c] and won ($22.42) with two pair, Kings and Tens
Seat 6: ovidius2009 (button) (small blind) showed [Jd 7h] and lost with a pair of Tens


PokerStars Hand #165676596152:  Hold'em Limit ($3/$6 USD) - 2017/02/04 13:27:16 ET
Table 'Susilva' 6-max Seat #5 is the button
Seat 5: GoliafUa ($119.64 in chips)
Seat 6: ovidius2009 ($26.44 in chips)
GoliafUa: posts small blind $1
ovidius2009: posts big blind $3
*** HOLE CARDS ***
GoliafUa: raises $3 to $6
ovidius2009: calls $3
*** FLOP *** [7h 9h 4s]
ovidius2009: checks
GoliafUa: bets $3
ovidius2009: calls $3
*** TURN *** [7h 9h 4s] [3c]
ovidius2009: checks
GoliafUa: bets $6
ovidius2009: calls $6
*** RIVER *** [7h 9h 4s 3c] [5d]
ovidius2009: checks
GoliafUa: bets $6
ovidius2009: folds
Uncalled bet ($6) returned to GoliafUa
GoliafUa collected $29.50 from pot
GoliafUa: doesn't show hand
*** SUMMARY ***
Total pot $30 | Rake $0.50
Board [7h 9h 4s 3c 5d]
Seat 5: GoliafUa (button) (small blind) collected ($29.50)
Seat 6: ovidius2009 (big blind) folded on the River


