PokerStars Hand #146623139146:  Hold'em Limit ($3/$6 USD) - 2016/01/07 10:08:22 ET
Table 'Suttung III' 2-max Seat #1 is the button
Seat 1: Kostetikus ($109.38 in chips)
Seat 2: Unkoa ($76 in chips)
Kostetikus: posts small blind $1
Unkoa: posts big blind $3
*** HOLE CARDS ***
Kostetikus: raises $3 to $6
Unkoa: calls $3
*** FLOP *** [As Ad 4h]
Unkoa: bets $3
Kostetikus: raises $3 to $6
Unkoa: calls $3
*** TURN *** [As Ad 4h] [2c]
Unkoa: checks
Kostetikus: checks
*** RIVER *** [As Ad 4h 2c] [Kh]
Unkoa: bets $6
Kostetikus: folds
Uncalled bet ($6) returned to Unkoa
Unkoa collected $23.52 from pot
Unkoa: doesn't show hand
*** SUMMARY ***
Total pot $24 | Rake $0.48
Board [As Ad 4h 2c Kh]
Seat 1: Kostetikus (button) (small blind) folded on the River
Seat 2: Unkoa (big blind) collected ($23.52)


PokerStars Hand #146623135232:  Hold'em Limit ($3/$6 USD) - 2016/01/07 10:08:17 ET
Table 'Suttung III' 2-max Seat #2 is the button
Seat 1: Kostetikus ($108.38 in chips)
Seat 2: Unkoa ($77 in chips)
Unkoa: posts small blind $1
Kostetikus: posts big blind $3
*** HOLE CARDS ***
Unkoa: folds
Uncalled bet ($2) returned to Kostetikus
Kostetikus collected $2 from pot
Kostetikus: doesn't show hand
*** SUMMARY ***
Total pot $2 | Rake $0
Seat 1: Kostetikus (big blind) collected ($2)
Seat 2: Unkoa (button) (small blind) folded before Flop


PokerStars Hand #146623121009:  Hold'em Limit ($3/$6 USD) - 2016/01/07 10:07:58 ET
Table 'Suttung III' 2-max Seat #1 is the button
Seat 1: Kostetikus ($81.88 in chips)
Seat 2: Unkoa ($104 in chips)
Kostetikus: posts small blind $1
Unkoa: posts big blind $3
*** HOLE CARDS ***
Kostetikus: raises $3 to $6
Unkoa: calls $3
*** FLOP *** [2s Qs 6c]
Unkoa: bets $3
Kostetikus: calls $3
*** TURN *** [2s Qs 6c] [Ts]
Unkoa: bets $6
Kostetikus: calls $6
*** RIVER *** [2s Qs 6c Ts] [7s]
Unkoa: bets $6
Kostetikus: raises $6 to $12
Unkoa: calls $6
*** SHOW DOWN ***
Kostetikus: shows [8h As] (a flush, Ace high)
Unkoa: mucks hand
Kostetikus collected $53.50 from pot
*** SUMMARY ***
Total pot $54 | Rake $0.50
Board [2s Qs 6c Ts 7s]
Seat 1: Kostetikus (button) (small blind) showed [8h As] and won ($53.50) with a flush, Ace high
Seat 2: Unkoa (big blind) mucked


PokerStars Hand #146623108963:  Hold'em Limit ($3/$6 USD) - 2016/01/07 10:07:43 ET
Table 'Suttung III' 2-max Seat #2 is the button
Seat 1: Kostetikus ($79 in chips)
Seat 2: Unkoa ($107 in chips)
Unkoa: posts small blind $1
Kostetikus: posts big blind $3
*** HOLE CARDS ***
Unkoa: calls $2
Kostetikus: checks
*** FLOP *** [9s Jd 5h]
Kostetikus: bets $3
Unkoa: folds
Uncalled bet ($3) returned to Kostetikus
Kostetikus collected $5.88 from pot
Kostetikus: doesn't show hand
*** SUMMARY ***
Total pot $6 | Rake $0.12
Board [9s Jd 5h]
Seat 1: Kostetikus (big blind) collected ($5.88)
Seat 2: Unkoa (button) (small blind) folded on the Flop


PokerStars Hand #146623102964:  Hold'em Limit ($3/$6 USD) - 2016/01/07 10:07:35 ET
Table 'Suttung III' 2-max Seat #1 is the button
Seat 1: Kostetikus ($76 in chips)
Seat 2: Unkoa ($110 in chips)
Kostetikus: posts small blind $1
Unkoa: posts big blind $3
*** HOLE CARDS ***
Kostetikus: raises $3 to $6
Unkoa: folds
Uncalled bet ($3) returned to Kostetikus
Kostetikus collected $6 from pot
Kostetikus: doesn't show hand
*** SUMMARY ***
Total pot $6 | Rake $0
Seat 1: Kostetikus (button) (small blind) collected ($6)
Seat 2: Unkoa (big blind) folded before Flop


PokerStars Hand #146623185607:  Hold'em Limit ($3/$6 USD) - 2016/01/07 10:09:22 ET
Table 'Suttung III' 2-max Seat #2 is the button
Seat 1: Kostetikus ($123.54 in chips)
Seat 2: Unkoa ($60.52 in chips)
Unkoa: posts small blind $1
Kostetikus: posts big blind $3
*** HOLE CARDS ***
Unkoa: raises $3 to $6
Kostetikus: calls $3
*** FLOP *** [3h Ks 2c]
Kostetikus: checks
Unkoa: bets $3
Kostetikus: calls $3
*** TURN *** [3h Ks 2c] [7s]
Kostetikus: checks
Unkoa: checks
*** RIVER *** [3h Ks 2c 7s] [4s]
Kostetikus: checks
Unkoa: checks
*** SHOW DOWN ***
Kostetikus: shows [6s Ad] (high card Ace)
Unkoa: mucks hand
Kostetikus collected $17.64 from pot
*** SUMMARY ***
Total pot $18 | Rake $0.36
Board [3h Ks 2c 7s 4s]
Seat 1: Kostetikus (big blind) showed [6s Ad] and won ($17.64) with high card Ace
Seat 2: Unkoa (button) (small blind) mucked


PokerStars Hand #146623180813:  Hold'em Limit ($3/$6 USD) - 2016/01/07 10:09:16 ET
Table 'Suttung III' 2-max Seat #1 is the button
Seat 1: Kostetikus ($120.54 in chips)
Seat 2: Unkoa ($63.52 in chips)
Kostetikus: posts small blind $1
Unkoa: posts big blind $3
*** HOLE CARDS ***
Kostetikus: raises $3 to $6
Unkoa: folds
Uncalled bet ($3) returned to Kostetikus
Kostetikus collected $6 from pot
Kostetikus: doesn't show hand
*** SUMMARY ***
Total pot $6 | Rake $0
Seat 1: Kostetikus (button) (small blind) collected ($6)
Seat 2: Unkoa (big blind) folded before Flop


PokerStars Hand #146623166115:  Hold'em Limit ($3/$6 USD) - 2016/01/07 10:08:57 ET
Table 'Suttung III' 2-max Seat #1 is the button
Seat 1: Kostetikus ($108.90 in chips)
Seat 2: Unkoa ($75.52 in chips)
Kostetikus: posts small blind $1
Unkoa: posts big blind $3
*** HOLE CARDS ***
Kostetikus: raises $3 to $6
Unkoa: folds
Uncalled bet ($3) returned to Kostetikus
Kostetikus collected $6 from pot
Kostetikus: doesn't show hand
*** SUMMARY ***
Total pot $6 | Rake $0
Seat 1: Kostetikus (button) (small blind) collected ($6)
Seat 2: Unkoa (big blind) folded before Flop


PokerStars Hand #146623152033:  Hold'em Limit ($3/$6 USD) - 2016/01/07 10:08:38 ET
Table 'Suttung III' 2-max Seat #2 is the button
Seat 1: Kostetikus ($97.38 in chips)
Seat 2: Unkoa ($87.52 in chips)
Unkoa: posts small blind $1
Kostetikus: posts big blind $3
*** HOLE CARDS ***
Unkoa: calls $2
Kostetikus: checks
*** FLOP *** [6s 5c Jc]
Kostetikus: bets $3
Unkoa: calls $3
*** TURN *** [6s 5c Jc] [5d]
Kostetikus: checks
Unkoa: bets $6
Kostetikus: calls $6
*** RIVER *** [6s 5c Jc 5d] [Tc]
Kostetikus: checks
Unkoa: checks
*** SHOW DOWN ***
Kostetikus: shows [6c 9s] (two pair, Sixes and Fives)
Unkoa: mucks hand
Kostetikus collected $23.52 from pot
*** SUMMARY ***
Total pot $24 | Rake $0.48
Board [6s 5c Jc 5d Tc]
Seat 1: Kostetikus (big blind) showed [6c 9s] and won ($23.52) with two pair, Sixes and Fives
Seat 2: Unkoa (button) (small blind) mucked


PokerStars Hand #146623226096:  Hold'em Limit ($3/$6 USD) - 2016/01/07 10:10:13 ET
Table 'Suttung III' 2-max Seat #2 is the button
Seat 1: Kostetikus ($164.44 in chips)
Seat 2: Unkoa ($18.52 in chips)
Unkoa: posts small blind $1
Kostetikus: posts big blind $3
*** HOLE CARDS ***
Unkoa: calls $2
Kostetikus: raises $3 to $6
Unkoa: calls $3
*** FLOP *** [Ac 5d 7h]
Kostetikus: bets $3
Unkoa: calls $3
*** TURN *** [Ac 5d 7h] [3h]
Kostetikus: checks
Unkoa: checks
*** RIVER *** [Ac 5d 7h 3h] [8h]
Kostetikus: checks
Unkoa: bets $6
Kostetikus: folds
Uncalled bet ($6) returned to Unkoa
Unkoa collected $17.64 from pot
Unkoa: doesn't show hand
*** SUMMARY ***
Total pot $18 | Rake $0.36
Board [Ac 5d 7h 3h 8h]
Seat 1: Kostetikus (big blind) folded on the River
Seat 2: Unkoa (button) (small blind) collected ($17.64)


PokerStars Hand #146623210439:  Hold'em Limit ($3/$6 USD) - 2016/01/07 10:09:53 ET
Table 'Suttung III' 2-max Seat #1 is the button
Seat 1: Kostetikus ($134.94 in chips)
Seat 2: Unkoa ($48.52 in chips)
Kostetikus: posts small blind $1
Unkoa: posts big blind $3
*** HOLE CARDS ***
Kostetikus: raises $3 to $6
Unkoa: raises $3 to $9
Kostetikus: calls $3
*** FLOP *** [Jh 8s Ks]
Unkoa: checks
Kostetikus: bets $3
Unkoa: calls $3
*** TURN *** [Jh 8s Ks] [6h]
Unkoa: checks
Kostetikus: bets $6
Unkoa: raises $6 to $12
Kostetikus: calls $6
*** RIVER *** [Jh 8s Ks 6h] [Qs]
Unkoa: bets $6
Kostetikus: calls $6
*** SHOW DOWN ***
Unkoa: shows [As Kc] (a pair of Kings)
Kostetikus: shows [Ah Ad] (a pair of Aces)
Kostetikus collected $59.50 from pot
*** SUMMARY ***
Total pot $60 | Rake $0.50
Board [Jh 8s Ks 6h Qs]
Seat 1: Kostetikus (button) (small blind) showed [Ah Ad] and won ($59.50) with a pair of Aces
Seat 2: Unkoa (big blind) showed [As Kc] and lost with a pair of Kings


PokerStars Hand #146623205558:  Hold'em Limit ($3/$6 USD) - 2016/01/07 10:09:47 ET
Table 'Suttung III' 2-max Seat #2 is the button
Seat 1: Kostetikus ($137.94 in chips)
Seat 2: Unkoa ($45.52 in chips)
Unkoa: posts small blind $1
Kostetikus: posts big blind $3
*** HOLE CARDS ***
Unkoa: raises $3 to $6
Kostetikus: folds
Uncalled bet ($3) returned to Unkoa
Unkoa collected $6 from pot
Unkoa: doesn't show hand
*** SUMMARY ***
Total pot $6 | Rake $0
Seat 1: Kostetikus (big blind) folded before Flop
Seat 2: Unkoa (button) (small blind) collected ($6)


PokerStars Hand #146623197278:  Hold'em Limit ($3/$6 USD) - 2016/01/07 10:09:37 ET
Table 'Suttung III' 2-max Seat #1 is the button
Seat 1: Kostetikus ($132.18 in chips)
Seat 2: Unkoa ($51.52 in chips)
Kostetikus: posts small blind $1
Unkoa: posts big blind $3
*** HOLE CARDS ***
Kostetikus: raises $3 to $6
Unkoa: calls $3
*** FLOP *** [As Ac 3s]
Unkoa: checks
Kostetikus: bets $3
Unkoa: folds
Uncalled bet ($3) returned to Kostetikus
Kostetikus collected $11.76 from pot
Kostetikus: doesn't show hand
*** SUMMARY ***
Total pot $12 | Rake $0.24
Board [As Ac 3s]
Seat 1: Kostetikus (button) (small blind) collected ($11.76)
Seat 2: Unkoa (big blind) folded on the Flop


PokerStars Hand #146623282239:  Hold'em Limit ($3/$6 USD) - 2016/01/07 10:11:25 ET
Table 'Suttung III' 2-max Seat #2 is the button
Seat 1: Kostetikus ($140.20 in chips)
Seat 2: Unkoa ($41.44 in chips)
Unkoa: posts small blind $1
Kostetikus: posts big blind $3
*** HOLE CARDS ***
Unkoa: folds
Uncalled bet ($2) returned to Kostetikus
Kostetikus collected $2 from pot
Kostetikus: doesn't show hand
*** SUMMARY ***
Total pot $2 | Rake $0
Seat 1: Kostetikus (big blind) collected ($2)
Seat 2: Unkoa (button) (small blind) folded before Flop


PokerStars Hand #146623274604:  Hold'em Limit ($3/$6 USD) - 2016/01/07 10:11:15 ET
Table 'Suttung III' 2-max Seat #1 is the button
Seat 1: Kostetikus ($134.44 in chips)
Seat 2: Unkoa ($47.44 in chips)
Kostetikus: posts small blind $1
Unkoa: posts big blind $3
*** HOLE CARDS ***
Kostetikus: raises $3 to $6
Unkoa: calls $3
*** FLOP *** [5h 5d Js]
Unkoa: checks
Kostetikus: bets $3
Unkoa: folds
Uncalled bet ($3) returned to Kostetikus
Kostetikus collected $11.76 from pot
Kostetikus: doesn't show hand
*** SUMMARY ***
Total pot $12 | Rake $0.24
Board [5h 5d Js]
Seat 1: Kostetikus (button) (small blind) collected ($11.76)
Seat 2: Unkoa (big blind) folded on the Flop


PokerStars Hand #146623266819:  Hold'em Limit ($3/$6 USD) - 2016/01/07 10:11:05 ET
Table 'Suttung III' 2-max Seat #2 is the button
Seat 1: Kostetikus ($137.44 in chips)
Seat 2: Unkoa ($44.56 in chips)
Unkoa: posts small blind $1
Kostetikus: posts big blind $3
*** HOLE CARDS ***
Unkoa: calls $2
Kostetikus: checks
*** FLOP *** [4s Jd Jc]
Kostetikus: checks
Unkoa: bets $3
Kostetikus: folds
Uncalled bet ($3) returned to Unkoa
Unkoa collected $5.88 from pot
Unkoa: doesn't show hand
*** SUMMARY ***
Total pot $6 | Rake $0.12
Board [4s Jd Jc]
Seat 1: Kostetikus (big blind) folded on the Flop
Seat 2: Unkoa (button) (small blind) collected ($5.88)


PokerStars Hand #146623253061:  Hold'em Limit ($3/$6 USD) - 2016/01/07 10:10:47 ET
Table 'Suttung III' 2-max Seat #1 is the button
Seat 1: Kostetikus ($146.44 in chips)
Seat 2: Unkoa ($35.92 in chips)
Kostetikus: posts small blind $1
Unkoa: posts big blind $3
*** HOLE CARDS ***
Kostetikus: raises $3 to $6
Unkoa: calls $3
*** FLOP *** [7h 9s 9d]
Unkoa: bets $3
Kostetikus: calls $3
*** TURN *** [7h 9s 9d] [5c]
Unkoa: checks
Kostetikus: checks
*** RIVER *** [7h 9s 9d 5c] [8c]
Unkoa: bets $6
Kostetikus: folds
Uncalled bet ($6) returned to Unkoa
Unkoa collected $17.64 from pot
Unkoa: doesn't show hand
*** SUMMARY ***
Total pot $18 | Rake $0.36
Board [7h 9s 9d 5c 8c]
Seat 1: Kostetikus (button) (small blind) folded on the River
Seat 2: Unkoa (big blind) collected ($17.64)


PokerStars Hand #146623247915:  Hold'em Limit ($3/$6 USD) - 2016/01/07 10:10:41 ET
Table 'Suttung III' 2-max Seat #2 is the button
Seat 1: Kostetikus ($149.44 in chips)
Seat 2: Unkoa ($32.92 in chips)
Unkoa: posts small blind $1
Kostetikus: posts big blind $3
*** HOLE CARDS ***
Unkoa: raises $3 to $6
Kostetikus: folds
Uncalled bet ($3) returned to Unkoa
Unkoa collected $6 from pot
Unkoa: doesn't show hand
*** SUMMARY ***
Total pot $6 | Rake $0
Seat 1: Kostetikus (big blind) folded before Flop
Seat 2: Unkoa (button) (small blind) collected ($6)


PokerStars Hand #146623240440:  Hold'em Limit ($3/$6 USD) - 2016/01/07 10:10:31 ET
Table 'Suttung III' 2-max Seat #1 is the button
Seat 1: Kostetikus ($155.44 in chips)
Seat 2: Unkoa ($27.16 in chips)
Kostetikus: posts small blind $1
Unkoa: posts big blind $3
*** HOLE CARDS ***
Kostetikus: raises $3 to $6
Unkoa: calls $3
*** FLOP *** [Ks 5d 4c]
Unkoa: bets $3
Kostetikus: folds
Uncalled bet ($3) returned to Unkoa
Unkoa collected $11.76 from pot
Unkoa: doesn't show hand
*** SUMMARY ***
Total pot $12 | Rake $0.24
Board [Ks 5d 4c]
Seat 1: Kostetikus (button) (small blind) folded on the Flop
Seat 2: Unkoa (big blind) collected ($11.76)


PokerStars Hand #146623305540:  Hold'em Limit ($3/$6 USD) - 2016/01/07 10:11:54 ET
Table 'Suttung III' 2-max Seat #2 is the button
Seat 1: Kostetikus ($155.70 in chips)
Seat 2: Unkoa ($25.44 in chips)
Unkoa: posts small blind $1
Kostetikus: posts big blind $3
*** HOLE CARDS ***
Unkoa: folds
Uncalled bet ($2) returned to Kostetikus
Kostetikus collected $2 from pot
Kostetikus: doesn't show hand
Unkoa leaves the table
*** SUMMARY ***
Total pot $2 | Rake $0
Seat 1: Kostetikus (big blind) collected ($2)
Seat 2: Unkoa (button) (small blind) folded before Flop


PokerStars Hand #146623287214:  Hold'em Limit ($3/$6 USD) - 2016/01/07 10:11:31 ET
Table 'Suttung III' 2-max Seat #1 is the button
Seat 1: Kostetikus ($141.20 in chips)
Seat 2: Unkoa ($40.44 in chips)
Kostetikus: posts small blind $1
Unkoa: posts big blind $3
*** HOLE CARDS ***
Kostetikus: raises $3 to $6
Unkoa: calls $3
*** FLOP *** [As 2d Ah]
Unkoa: bets $3
Kostetikus: calls $3
*** TURN *** [As 2d Ah] [7s]
Unkoa: checks
Kostetikus: bets $6
Unkoa: calls $6
*** RIVER *** [As 2d Ah 7s] [6h]
Unkoa: checks
Kostetikus: checks
*** SHOW DOWN ***
Unkoa: shows [Kh Qc] (a pair of Aces)
Kostetikus: shows [6c Qd] (two pair, Aces and Sixes)
Kostetikus collected $29.50 from pot
*** SUMMARY ***
Total pot $30 | Rake $0.50
Board [As 2d Ah 7s 6h]
Seat 1: Kostetikus (button) (small blind) showed [6c Qd] and won ($29.50) with two pair, Aces and Sixes
Seat 2: Unkoa (big blind) showed [Kh Qc] and lost with a pair of Aces


