PokerStars Hand #146110302059:  Hold'em Limit ($3/$6 USD) - 2015/12/29 9:11:42 ET
Table 'Suttung II' 6-max Seat #2 is the button
Seat 1: VolkovDmitri ($123 in chips)
Seat 2: tweemeterzes ($356.64 in chips)
tweemeterzes: posts small blind $1
VolkovDmitri: posts big blind $3
*** HOLE CARDS ***
tweemeterzes: folds
Uncalled bet ($2) returned to VolkovDmitri
VolkovDmitri collected $2 from pot
VolkovDmitri: doesn't show hand
*** SUMMARY ***
Total pot $2 | Rake $0
Seat 1: VolkovDmitri (big blind) collected ($2)
Seat 2: tweemeterzes (button) (small blind) folded before Flop


PokerStars Hand #146110316172:  Hold'em Limit ($3/$6 USD) - 2015/12/29 9:12:01 ET
Table 'Suttung II' 6-max Seat #2 is the button
Seat 1: VolkovDmitri ($127 in chips)
Seat 2: tweemeterzes ($352.64 in chips)
tweemeterzes: posts small blind $1
VolkovDmitri: posts big blind $3
*** HOLE CARDS ***
tweemeterzes: folds
Uncalled bet ($2) returned to VolkovDmitri
VolkovDmitri collected $2 from pot
VolkovDmitri: doesn't show hand
*** SUMMARY ***
Total pot $2 | Rake $0
Seat 1: VolkovDmitri (big blind) collected ($2)
Seat 2: tweemeterzes (button) (small blind) folded before Flop


PokerStars Hand #146110320063:  Hold'em Limit ($3/$6 USD) - 2015/12/29 9:12:07 ET
Table 'Suttung II' 6-max Seat #1 is the button
Seat 1: VolkovDmitri ($128 in chips)
Seat 2: tweemeterzes ($351.64 in chips)
VolkovDmitri: posts small blind $1
tweemeterzes: posts big blind $3
*** HOLE CARDS ***
VolkovDmitri: raises $3 to $6
tweemeterzes: calls $3
*** FLOP *** [Ah Jc 4c]
tweemeterzes: checks
VolkovDmitri: bets $3
tweemeterzes: raises $3 to $6
VolkovDmitri: calls $3
*** TURN *** [Ah Jc 4c] [3s]
tweemeterzes: bets $6
VolkovDmitri: folds
Uncalled bet ($6) returned to tweemeterzes
tweemeterzes collected $23.52 from pot
tweemeterzes: doesn't show hand
*** SUMMARY ***
Total pot $24 | Rake $0.48
Board [Ah Jc 4c 3s]
Seat 1: VolkovDmitri (button) (small blind) folded on the Turn
Seat 2: tweemeterzes (big blind) collected ($23.52)


PokerStars Hand #146110296759:  Hold'em Limit ($3/$6 USD) - 2015/12/29 9:11:34 ET
Table 'Suttung II' 6-max Seat #1 is the button
Seat 1: VolkovDmitri ($120 in chips)
Seat 2: tweemeterzes ($359.64 in chips)
VolkovDmitri: posts small blind $1
tweemeterzes: posts big blind $3
*** HOLE CARDS ***
VolkovDmitri: raises $3 to $6
tweemeterzes: folds
Uncalled bet ($3) returned to VolkovDmitri
VolkovDmitri collected $6 from pot
VolkovDmitri: doesn't show hand
*** SUMMARY ***
Total pot $6 | Rake $0
Seat 1: VolkovDmitri (button) (small blind) collected ($6)
Seat 2: tweemeterzes (big blind) folded before Flop


PokerStars Hand #146110264542:  Hold'em Limit ($3/$6 USD) - 2015/12/29 9:10:50 ET
Table 'Suttung II' 6-max Seat #2 is the button
Seat 1: VolkovDmitri ($123 in chips)
Seat 2: tweemeterzes ($353.88 in chips)
tweemeterzes: posts small blind $1
VolkovDmitri: posts big blind $3
*** HOLE CARDS ***
tweemeterzes: calls $2
VolkovDmitri: checks
*** FLOP *** [9c Ad 9s]
VolkovDmitri: bets $3
tweemeterzes: calls $3
*** TURN *** [9c Ad 9s] [Jc]
VolkovDmitri: checks
tweemeterzes: bets $6
VolkovDmitri: folds
Uncalled bet ($6) returned to tweemeterzes
tweemeterzes collected $11.76 from pot
tweemeterzes: doesn't show hand
*** SUMMARY ***
Total pot $12 | Rake $0.24
Board [9c Ad 9s Jc]
Seat 1: VolkovDmitri (big blind) folded on the Turn
Seat 2: tweemeterzes (button) (small blind) collected ($11.76)


PokerStars Hand #146110338927:  Hold'em Limit ($3/$6 USD) - 2015/12/29 9:12:33 ET
Table 'Suttung II' 6-max Seat #1 is the button
Seat 1: VolkovDmitri ($121 in chips)
Seat 2: tweemeterzes ($362.16 in chips)
VolkovDmitri: posts small blind $1
tweemeterzes: posts big blind $3
*** HOLE CARDS ***
VolkovDmitri: raises $3 to $6
tweemeterzes: raises $3 to $9
VolkovDmitri: calls $3
*** FLOP *** [4c 3d Td]
tweemeterzes: bets $3
VolkovDmitri: calls $3
*** TURN *** [4c 3d Td] [5d]
tweemeterzes: bets $6
VolkovDmitri: raises $6 to $12
tweemeterzes: calls $6
*** RIVER *** [4c 3d Td 5d] [4d]
tweemeterzes: checks
VolkovDmitri: checks
*** SHOW DOWN ***
tweemeterzes: shows [8h 8s] (two pair, Eights and Fours)
VolkovDmitri: mucks hand
tweemeterzes collected $47.50 from pot
*** SUMMARY ***
Total pot $48 | Rake $0.50
Board [4c 3d Td 5d 4d]
Seat 1: VolkovDmitri (button) (small blind) mucked
Seat 2: tweemeterzes (big blind) showed [8h 8s] and won ($47.50) with two pair, Eights and Fours


PokerStars Hand #146110367104:  Hold'em Limit ($3/$6 USD) - 2015/12/29 9:13:13 ET
Table 'Suttung II' 6-max Seat #2 is the button
Seat 1: VolkovDmitri ($120 in chips)
Seat 2: tweemeterzes ($385.66 in chips)
tweemeterzes: posts small blind $1
VolkovDmitri: posts big blind $3
*** HOLE CARDS ***
tweemeterzes: folds
Uncalled bet ($2) returned to VolkovDmitri
VolkovDmitri collected $2 from pot
VolkovDmitri: doesn't show hand
*** SUMMARY ***
Total pot $2 | Rake $0
Seat 1: VolkovDmitri (big blind) collected ($2)
Seat 2: tweemeterzes (button) (small blind) folded before Flop


PokerStars Hand #146110375658:  Hold'em Limit ($3/$6 USD) - 2015/12/29 9:13:25 ET
Table 'Suttung II' 6-max Seat #2 is the button
Seat 1: VolkovDmitri ($124 in chips)
Seat 2: tweemeterzes ($381.66 in chips)
tweemeterzes: posts small blind $1
VolkovDmitri: posts big blind $3
*** HOLE CARDS ***
tweemeterzes: folds
Uncalled bet ($2) returned to VolkovDmitri
VolkovDmitri collected $2 from pot
VolkovDmitri: doesn't show hand
*** SUMMARY ***
Total pot $2 | Rake $0
Seat 1: VolkovDmitri (big blind) collected ($2)
Seat 2: tweemeterzes (button) (small blind) folded before Flop


PokerStars Hand #146110371329:  Hold'em Limit ($3/$6 USD) - 2015/12/29 9:13:19 ET
Table 'Suttung II' 6-max Seat #1 is the button
Seat 1: VolkovDmitri ($121 in chips)
Seat 2: tweemeterzes ($384.66 in chips)
VolkovDmitri: posts small blind $1
tweemeterzes: posts big blind $3
*** HOLE CARDS ***
VolkovDmitri: raises $3 to $6
tweemeterzes: folds
Uncalled bet ($3) returned to VolkovDmitri
VolkovDmitri collected $6 from pot
VolkovDmitri: doesn't show hand
*** SUMMARY ***
Total pot $6 | Rake $0
Seat 1: VolkovDmitri (button) (small blind) collected ($6)
Seat 2: tweemeterzes (big blind) folded before Flop


PokerStars Hand #146110335214:  Hold'em Limit ($3/$6 USD) - 2015/12/29 9:12:28 ET
Table 'Suttung II' 6-max Seat #2 is the button
Seat 1: VolkovDmitri ($120 in chips)
Seat 2: tweemeterzes ($363.16 in chips)
tweemeterzes: posts small blind $1
VolkovDmitri: posts big blind $3
*** HOLE CARDS ***
tweemeterzes: folds
Uncalled bet ($2) returned to VolkovDmitri
VolkovDmitri collected $2 from pot
VolkovDmitri: doesn't show hand
*** SUMMARY ***
Total pot $2 | Rake $0
Seat 1: VolkovDmitri (big blind) collected ($2)
Seat 2: tweemeterzes (button) (small blind) folded before Flop


PokerStars Hand #146110379405:  Hold'em Limit ($3/$6 USD) - 2015/12/29 9:13:30 ET
Table 'Suttung II' 6-max Seat #1 is the button
Seat 1: VolkovDmitri ($125 in chips)
Seat 2: tweemeterzes ($380.66 in chips)
VolkovDmitri: posts small blind $1
tweemeterzes: posts big blind $3
*** HOLE CARDS ***
VolkovDmitri: raises $3 to $6
tweemeterzes: calls $3
*** FLOP *** [Tc 9h 9s]
tweemeterzes: bets $3
VolkovDmitri: calls $3
*** TURN *** [Tc 9h 9s] [2d]
tweemeterzes: bets $6
VolkovDmitri: raises $6 to $12
tweemeterzes: raises $6 to $18
VolkovDmitri: calls $6
*** RIVER *** [Tc 9h 9s 2d] [8s]
tweemeterzes: bets $6
VolkovDmitri: calls $6
*** SHOW DOWN ***
tweemeterzes: shows [6h Th] (two pair, Tens and Nines)
VolkovDmitri: shows [Td Qc] (two pair, Tens and Nines - Queen kicker)
VolkovDmitri collected $65.50 from pot
*** SUMMARY ***
Total pot $66 | Rake $0.50
Board [Tc 9h 9s 2d 8s]
Seat 1: VolkovDmitri (button) (small blind) showed [Td Qc] and won ($65.50) with two pair, Tens and Nines
Seat 2: tweemeterzes (big blind) showed [6h Th] and lost with two pair, Tens and Nines


PokerStars Hand #146110404803:  Hold'em Limit ($3/$6 USD) - 2015/12/29 9:14:06 ET
Table 'Suttung II' 6-max Seat #2 is the button
Seat 1: VolkovDmitri ($157.50 in chips)
Seat 2: tweemeterzes ($347.66 in chips)
tweemeterzes: posts small blind $1
VolkovDmitri: posts big blind $3
*** HOLE CARDS ***
tweemeterzes: calls $2
VolkovDmitri: checks
*** FLOP *** [Ac 7d 7c]
VolkovDmitri: checks
tweemeterzes: checks
*** TURN *** [Ac 7d 7c] [As]
VolkovDmitri: checks
tweemeterzes: bets $6
VolkovDmitri: folds
Uncalled bet ($6) returned to tweemeterzes
tweemeterzes collected $5.88 from pot
tweemeterzes: doesn't show hand
*** SUMMARY ***
Total pot $6 | Rake $0.12
Board [Ac 7d 7c As]
Seat 1: VolkovDmitri (big blind) folded on the Turn
Seat 2: tweemeterzes (button) (small blind) collected ($5.88)


PokerStars Hand #146110438417:  Hold'em Limit ($3/$6 USD) - 2015/12/29 9:14:53 ET
Table 'Suttung II' 6-max Seat #1 is the button
Seat 1: VolkovDmitri ($154.50 in chips)
Seat 2: tweemeterzes ($350.54 in chips)
VolkovDmitri: posts small blind $1
tweemeterzes: posts big blind $3
*** HOLE CARDS ***
VolkovDmitri: raises $3 to $6
tweemeterzes: calls $3
*** FLOP *** [3h 7d 6h]
tweemeterzes: checks
VolkovDmitri: bets $3
tweemeterzes: calls $3
*** TURN *** [3h 7d 6h] [Tc]
tweemeterzes: checks
VolkovDmitri: bets $6
tweemeterzes: calls $6
*** RIVER *** [3h 7d 6h Tc] [5h]
tweemeterzes: bets $6
VolkovDmitri: calls $6
*** SHOW DOWN ***
tweemeterzes: shows [As 8s] (high card Ace)
VolkovDmitri: shows [2d 7c] (a pair of Sevens)
VolkovDmitri collected $41.50 from pot
*** SUMMARY ***
Total pot $42 | Rake $0.50
Board [3h 7d 6h Tc 5h]
Seat 1: VolkovDmitri (button) (small blind) showed [2d 7c] and won ($41.50) with a pair of Sevens
Seat 2: tweemeterzes (big blind) showed [As 8s] and lost with high card Ace


PokerStars Hand #146110471364:  Hold'em Limit ($3/$6 USD) - 2015/12/29 9:15:39 ET
Table 'Suttung II' 6-max Seat #1 is the button
Seat 1: VolkovDmitri ($176 in chips)
Seat 2: tweemeterzes ($328.54 in chips)
VolkovDmitri: posts small blind $1
tweemeterzes: posts big blind $3
*** HOLE CARDS ***
VolkovDmitri: raises $3 to $6
tweemeterzes: folds
Uncalled bet ($3) returned to VolkovDmitri
VolkovDmitri collected $6 from pot
VolkovDmitri: doesn't show hand
*** SUMMARY ***
Total pot $6 | Rake $0
Seat 1: VolkovDmitri (button) (small blind) collected ($6)
Seat 2: tweemeterzes (big blind) folded before Flop


PokerStars Hand #146110479388:  Hold'em Limit ($3/$6 USD) - 2015/12/29 9:15:50 ET
Table 'Suttung II' 6-max Seat #2 is the button
Seat 1: VolkovDmitri ($179 in chips)
Seat 2: tweemeterzes ($325.54 in chips)
tweemeterzes: posts small blind $1
VolkovDmitri: posts big blind $3
*** HOLE CARDS ***
tweemeterzes: folds
Uncalled bet ($2) returned to VolkovDmitri
VolkovDmitri collected $2 from pot
VolkovDmitri: doesn't show hand
*** SUMMARY ***
Total pot $2 | Rake $0
Seat 1: VolkovDmitri (big blind) collected ($2)
Seat 2: tweemeterzes (button) (small blind) folded before Flop


PokerStars Hand #146110507235:  Hold'em Limit ($3/$6 USD) - 2015/12/29 9:16:29 ET
Table 'Suttung II' 6-max Seat #2 is the button
Seat 1: VolkovDmitri ($171 in chips)
Seat 2: tweemeterzes ($333.18 in chips)
tweemeterzes: posts small blind $1
VolkovDmitri: posts big blind $3
*** HOLE CARDS ***
tweemeterzes: folds
Uncalled bet ($2) returned to VolkovDmitri
VolkovDmitri collected $2 from pot
VolkovDmitri: doesn't show hand
*** SUMMARY ***
Total pot $2 | Rake $0
Seat 1: VolkovDmitri (big blind) collected ($2)
Seat 2: tweemeterzes (button) (small blind) folded before Flop


PokerStars Hand #146110482796:  Hold'em Limit ($3/$6 USD) - 2015/12/29 9:15:54 ET
Table 'Suttung II' 6-max Seat #1 is the button
Seat 1: VolkovDmitri ($180 in chips)
Seat 2: tweemeterzes ($324.54 in chips)
VolkovDmitri: posts small blind $1
tweemeterzes: posts big blind $3
*** HOLE CARDS ***
VolkovDmitri: raises $3 to $6
tweemeterzes: calls $3
*** FLOP *** [Td As 5h]
tweemeterzes: checks
VolkovDmitri: bets $3
tweemeterzes: calls $3
*** TURN *** [Td As 5h] [Qs]
tweemeterzes: checks
VolkovDmitri: checks
*** RIVER *** [Td As 5h Qs] [Ah]
tweemeterzes: checks
VolkovDmitri: checks
*** SHOW DOWN ***
tweemeterzes: shows [8c 5c] (two pair, Aces and Fives)
VolkovDmitri: mucks hand
tweemeterzes collected $17.64 from pot
*** SUMMARY ***
Total pot $18 | Rake $0.36
Board [Td As 5h Qs Ah]
Seat 1: VolkovDmitri (button) (small blind) mucked
Seat 2: tweemeterzes (big blind) showed [8c 5c] and won ($17.64) with two pair, Aces and Fives


PokerStars Hand #146110463601:  Hold'em Limit ($3/$6 USD) - 2015/12/29 9:15:28 ET
Table 'Suttung II' 6-max Seat #2 is the button
Seat 1: VolkovDmitri ($175 in chips)
Seat 2: tweemeterzes ($329.54 in chips)
tweemeterzes: posts small blind $1
VolkovDmitri: posts big blind $3
*** HOLE CARDS ***
tweemeterzes: folds
Uncalled bet ($2) returned to VolkovDmitri
VolkovDmitri collected $2 from pot
VolkovDmitri: doesn't show hand
*** SUMMARY ***
Total pot $2 | Rake $0
Seat 1: VolkovDmitri (big blind) collected ($2)
Seat 2: tweemeterzes (button) (small blind) folded before Flop


PokerStars Hand #146110510533:  Hold'em Limit ($3/$6 USD) - 2015/12/29 9:16:34 ET
Table 'Suttung II' 6-max Seat #1 is the button
Seat 1: VolkovDmitri ($172 in chips)
Seat 2: tweemeterzes ($332.18 in chips)
VolkovDmitri: posts small blind $1
tweemeterzes: posts big blind $3
*** HOLE CARDS ***
VolkovDmitri: raises $3 to $6
tweemeterzes: calls $3
*** FLOP *** [Qh 4h As]
tweemeterzes: checks
VolkovDmitri: bets $3
tweemeterzes: calls $3
*** TURN *** [Qh 4h As] [Ad]
tweemeterzes: bets $6
VolkovDmitri: folds
Uncalled bet ($6) returned to tweemeterzes
tweemeterzes collected $17.64 from pot
tweemeterzes: doesn't show hand
*** SUMMARY ***
Total pot $18 | Rake $0.36
Board [Qh 4h As Ad]
Seat 1: VolkovDmitri (button) (small blind) folded on the Turn
Seat 2: tweemeterzes (big blind) collected ($17.64)


PokerStars Hand #146110556986:  Hold'em Limit ($3/$6 USD) - 2015/12/29 9:17:39 ET
Table 'Suttung II' 6-max Seat #1 is the button
Seat 1: VolkovDmitri ($160 in chips)
Seat 2: tweemeterzes ($343.70 in chips)
VolkovDmitri: posts small blind $1
tweemeterzes: posts big blind $3
*** HOLE CARDS ***
VolkovDmitri: raises $3 to $6
tweemeterzes: raises $3 to $9
VolkovDmitri: calls $3
*** FLOP *** [As Kd Jh]
tweemeterzes: checks
VolkovDmitri: checks
*** TURN *** [As Kd Jh] [2s]
tweemeterzes: bets $6
VolkovDmitri: folds
Uncalled bet ($6) returned to tweemeterzes
tweemeterzes collected $17.64 from pot
tweemeterzes: doesn't show hand
*** SUMMARY ***
Total pot $18 | Rake $0.36
Board [As Kd Jh 2s]
Seat 1: VolkovDmitri (button) (small blind) folded on the Turn
Seat 2: tweemeterzes (big blind) collected ($17.64)


PokerStars Hand #146110540581:  Hold'em Limit ($3/$6 USD) - 2015/12/29 9:17:16 ET
Table 'Suttung II' 6-max Seat #2 is the button
Seat 1: VolkovDmitri ($163 in chips)
Seat 2: tweemeterzes ($340.82 in chips)
tweemeterzes: posts small blind $1
VolkovDmitri: posts big blind $3
*** HOLE CARDS ***
tweemeterzes: calls $2
VolkovDmitri: checks
*** FLOP *** [Th 3c Td]
VolkovDmitri: checks
tweemeterzes: checks
*** TURN *** [Th 3c Td] [Qs]
VolkovDmitri: checks
k7holler joins the table at seat #3
tweemeterzes: bets $6
VolkovDmitri: folds
Uncalled bet ($6) returned to tweemeterzes
tweemeterzes collected $5.88 from pot
tweemeterzes: doesn't show hand
*** SUMMARY ***
Total pot $6 | Rake $0.12
Board [Th 3c Td Qs]
Seat 1: VolkovDmitri (big blind) folded on the Turn
Seat 2: tweemeterzes (button) (small blind) collected ($5.88)


PokerStars Hand #146110962662:  Hold'em Limit ($3/$6 USD) - 2015/12/29 9:27:10 ET
Table 'Suttung II' 6-max Seat #2 is the button
Seat 2: scorpio04 ($72.16 in chips)
Seat 5: PikkuHUMPPA ($89.10 in chips)
scorpio04: posts small blind $1
stronghawk: is sitting out
PikkuHUMPPA: posts big blind $3
*** HOLE CARDS ***
stronghawk leaves the table
scorpio04: raises $3 to $6
PikkuHUMPPA: raises $3 to $9
scorpio04: calls $3
*** FLOP *** [4c Js 4d]
PikkuHUMPPA: bets $3
scorpio04: calls $3
*** TURN *** [4c Js 4d] [Th]
PikkuHUMPPA: bets $6
scorpio04: folds
Uncalled bet ($6) returned to PikkuHUMPPA
PikkuHUMPPA collected $23.52 from pot
PikkuHUMPPA: doesn't show hand
*** SUMMARY ***
Total pot $24 | Rake $0.48
Board [4c Js 4d Th]
Seat 2: scorpio04 (button) (small blind) folded on the Turn
Seat 5: PikkuHUMPPA (big blind) collected ($23.52)


PokerStars Hand #146111767886:  Hold'em Limit ($3/$6 USD) - 2015/12/29 9:46:01 ET
Table 'Suttung II' 6-max Seat #4 is the button
Seat 4: BuzovaPro ($74.88 in chips)
Seat 6: Jibbz1796 ($32.51 in chips)
BuzovaPro: posts small blind $1
Jibbz1796: posts big blind $3
*** HOLE CARDS ***
BuzovaPro: raises $3 to $6
Jibbz1796: calls $3
*** FLOP *** [4s 5c Jd]
Jibbz1796: checks
BuzovaPro: bets $3
Jibbz1796: calls $3
*** TURN *** [4s 5c Jd] [5h]
Jibbz1796: checks
BuzovaPro: bets $6
Jibbz1796: folds
Uncalled bet ($6) returned to BuzovaPro
BuzovaPro collected $17.64 from pot
BuzovaPro: doesn't show hand
*** SUMMARY ***
Total pot $18 | Rake $0.36
Board [4s 5c Jd 5h]
Seat 4: BuzovaPro (button) (small blind) collected ($17.64)
Seat 6: Jibbz1796 (big blind) folded on the Turn


PokerStars Hand #146118185551:  Hold'em Limit ($3/$6 USD) - 2015/12/29 11:57:46 ET
Table 'Suttung II' 6-max Seat #4 is the button
Seat 4: tritratru ($253.14 in chips)
Seat 6: Airbag999 ($140.56 in chips)
tritratru: posts small blind $1
Johnliu: is sitting out
Airbag999: posts big blind $3
*** HOLE CARDS ***
Johnliu leaves the table
tritratru: folds
Uncalled bet ($2) returned to Airbag999
tritratru leaves the table
Airbag999 collected $2 from pot
Airbag999: doesn't show hand
*** SUMMARY ***
Total pot $2 | Rake $0
Seat 4: tritratru (button) (small blind) folded before Flop
Seat 6: Airbag999 (big blind) collected ($2)


PokerStars Hand #146118452463:  Hold'em Limit ($3/$6 USD) - 2015/12/29 12:03:03 ET
Table 'Suttung II' 6-max Seat #5 is the button
Seat 5: Solstikk ($114 in chips)
Seat 6: Airbag999 ($147.32 in chips)
Solstikk: posts small blind $1
Airbag999: posts big blind $3
*** HOLE CARDS ***
Solstikk: folds
Uncalled bet ($2) returned to Airbag999
Airbag999 collected $2 from pot
*** SUMMARY ***
Total pot $2 | Rake $0
Seat 5: Solstikk (button) (small blind) folded before Flop
Seat 6: Airbag999 (big blind) collected ($2)


PokerStars Hand #146118457588:  Hold'em Limit ($3/$6 USD) - 2015/12/29 12:03:08 ET
Table 'Suttung II' 6-max Seat #6 is the button
Seat 5: Solstikk ($113 in chips)
Seat 6: Airbag999 ($148.32 in chips)
Airbag999: posts small blind $1
Solstikk: posts big blind $3
*** HOLE CARDS ***
Airbag999: raises $3 to $6
Solstikk: raises $3 to $9
Airbag999: calls $3
*** FLOP *** [Qs Jh 5h]
Solstikk: bets $3
Airbag999: folds
Uncalled bet ($3) returned to Solstikk
Solstikk collected $17.64 from pot
*** SUMMARY ***
Total pot $18 | Rake $0.36
Board [Qs Jh 5h]
Seat 5: Solstikk (big blind) collected ($17.64)
Seat 6: Airbag999 (button) (small blind) folded on the Flop


PokerStars Hand #146118473548:  Hold'em Limit ($3/$6 USD) - 2015/12/29 12:03:26 ET
Table 'Suttung II' 6-max Seat #5 is the button
Seat 5: Solstikk ($121.64 in chips)
Seat 6: Airbag999 ($139.32 in chips)
Solstikk: posts small blind $1
Airbag999: posts big blind $3
*** HOLE CARDS ***
Solstikk: folds
Uncalled bet ($2) returned to Airbag999
Airbag999 collected $2 from pot
Airbag999: doesn't show hand
*** SUMMARY ***
Total pot $2 | Rake $0
Seat 5: Solstikk (button) (small blind) folded before Flop
Seat 6: Airbag999 (big blind) collected ($2)


PokerStars Hand #146118478323:  Hold'em Limit ($3/$6 USD) - 2015/12/29 12:03:31 ET
Table 'Suttung II' 6-max Seat #6 is the button
Seat 5: Solstikk ($120.64 in chips)
Seat 6: Airbag999 ($140.32 in chips)
Airbag999: posts small blind $1
Solstikk: posts big blind $3
*** HOLE CARDS ***
Airbag999: raises $3 to $6
Solstikk: calls $3
*** FLOP *** [Qd Tc 2s]
Solstikk: checks
vestimokrec joins the table at seat #1
Airbag999: bets $3
Solstikk: calls $3
*** TURN *** [Qd Tc 2s] [4d]
Solstikk: checks
Airbag999: bets $6
Solstikk: calls $6
*** RIVER *** [Qd Tc 2s 4d] [Th]
Solstikk: bets $6
Airbag999: calls $6
*** SHOW DOWN ***
Solstikk: shows [8s Jh] (a pair of Tens)
Airbag999: shows [9d Qc] (two pair, Queens and Tens)
Airbag999 collected $41.50 from pot
*** SUMMARY ***
Total pot $42 | Rake $0.50
Board [Qd Tc 2s 4d Th]
Seat 5: Solstikk (big blind) showed [8s Jh] and lost with a pair of Tens
Seat 6: Airbag999 (button) (small blind) showed [9d Qc] and won ($41.50) with two pair, Queens and Tens


PokerStars Hand #146118508323:  Hold'em Limit ($3/$6 USD) - 2015/12/29 12:04:03 ET
Table 'Suttung II' 6-max Seat #5 is the button
Seat 5: Solstikk ($99.64 in chips)
Seat 6: Airbag999 ($160.82 in chips)
Solstikk: posts small blind $1
Airbag999: posts big blind $3
*** HOLE CARDS ***
Solstikk: raises $3 to $6
Airbag999: calls $3
*** FLOP *** [5d 5s 6s]
Airbag999: checks
Solstikk: bets $3
Airbag999: calls $3
*** TURN *** [5d 5s 6s] [6d]
Airbag999: checks
Solstikk: bets $6
Airbag999: raises $6 to $12
Solstikk: calls $6
*** RIVER *** [5d 5s 6s 6d] [9s]
Airbag999: bets $6
Solstikk: calls $6
*** SHOW DOWN ***
Airbag999: shows [5h Kd] (a full house, Fives full of Sixes)
Solstikk: mucks hand
Airbag999 collected $53.50 from pot
*** SUMMARY ***
Total pot $54 | Rake $0.50
Board [5d 5s 6s 6d 9s]
Seat 5: Solstikk (button) (small blind) mucked
Seat 6: Airbag999 (big blind) showed [5h Kd] and won ($53.50) with a full house, Fives full of Sixes


PokerStars Hand #146130266622:  Hold'em Limit ($3/$6 USD) - 2015/12/29 15:22:55 ET
Table 'Suttung II' 6-max Seat #4 is the button
Seat 4: RUNNINGMAN70 ($126.34 in chips)
Seat 5: Dubris144 ($133.41 in chips)
RUNNINGMAN70: posts small blind $1
Dubris144: posts big blind $3
*** HOLE CARDS ***
RUNNINGMAN70: folds
Uncalled bet ($2) returned to Dubris144
Dubris144 collected $2 from pot
Dubris144: doesn't show hand
*** SUMMARY ***
Total pot $2 | Rake $0
Seat 4: RUNNINGMAN70 (button) (small blind) folded before Flop
Seat 5: Dubris144 (big blind) collected ($2)


PokerStars Hand #146130260419:  Hold'em Limit ($3/$6 USD) - 2015/12/29 15:22:49 ET
Table 'Suttung II' 6-max Seat #5 is the button
Seat 4: RUNNINGMAN70 ($125.34 in chips)
Seat 5: Dubris144 ($134.41 in chips)
PelonCabelao joins the table at seat #3
Dubris144: posts small blind $1
vestimokrec: is sitting out
RUNNINGMAN70: posts big blind $3
*** HOLE CARDS ***
Dubris144: folds
Uncalled bet ($2) returned to RUNNINGMAN70
RUNNINGMAN70 collected $2 from pot
RUNNINGMAN70: doesn't show hand
vestimokrec leaves the table
*** SUMMARY ***
Total pot $2 | Rake $0
Seat 4: RUNNINGMAN70 (big blind) collected ($2)
Seat 5: Dubris144 (button) (small blind) folded before Flop


