PokerStars Hand #145447882045:  Hold'em Limit ($3/$6 USD) - 2015/12/16 15:21:41 ET
Table 'Suvanto II' 6-max Seat #5 is the button
Seat 4: Arsenal5015 ($59 in chips)
Seat 5: Karpik09 ($87 in chips)
Karpik09: posts small blind $1
SashaYuvelir: is sitting out
Necromadx: is sitting out
ValeryRon: is sitting out
Arsenal5015: posts big blind $3
*** HOLE CARDS ***
SashaYuvelir leaves the table
Karpik09: raises $3 to $6
Necromadx leaves the table
ValeryRon leaves the table
Arsenal5015: calls $3
*** FLOP *** [6s Kc Ah]
Arsenal5015: checks
Karpik09: bets $3
Arsenal5015: folds
Uncalled bet ($3) returned to Karpik09
Karpik09 collected $11.76 from pot
Karpik09: doesn't show hand
*** SUMMARY ***
Total pot $12 | Rake $0.24
Board [6s Kc Ah]
Seat 4: Arsenal5015 (big blind) folded on the Flop
Seat 5: Karpik09 (button) (small blind) collected ($11.76)


PokerStars Hand #145447906102:  Hold'em Limit ($3/$6 USD) - 2015/12/16 15:22:05 ET
Table 'Suvanto II' 6-max Seat #4 is the button
Seat 4: Arsenal5015 ($53 in chips)
Seat 5: Karpik09 ($92.76 in chips)
Arsenal5015: posts small blind $1
Karpik09: posts big blind $3
*** HOLE CARDS ***
Arsenal5015: folds
Uncalled bet ($2) returned to Karpik09
Karpik09 collected $2 from pot
*** SUMMARY ***
Total pot $2 | Rake $0
Seat 4: Arsenal5015 (button) (small blind) folded before Flop
Seat 5: Karpik09 (big blind) collected ($2)


PokerStars Hand #145447933252:  Hold'em Limit ($3/$6 USD) - 2015/12/16 15:22:33 ET
Table 'Suvanto II' 6-max Seat #4 is the button
Seat 4: Arsenal5015 ($46 in chips)
Seat 5: Karpik09 ($99.52 in chips)
Arsenal5015: posts small blind $1
Karpik09: posts big blind $3
*** HOLE CARDS ***
Arsenal5015: raises $3 to $6
Karpik09: folds
Uncalled bet ($3) returned to Arsenal5015
Arsenal5015 collected $6 from pot
Arsenal5015: doesn't show hand
*** SUMMARY ***
Total pot $6 | Rake $0
Seat 4: Arsenal5015 (button) (small blind) collected ($6)
Seat 5: Karpik09 (big blind) folded before Flop


PokerStars Hand #145447945473:  Hold'em Limit ($3/$6 USD) - 2015/12/16 15:22:45 ET
Table 'Suvanto II' 6-max Seat #5 is the button
Seat 4: Arsenal5015 ($49 in chips)
Seat 5: Karpik09 ($96.52 in chips)
Karpik09: posts small blind $1
Arsenal5015: posts big blind $3
*** HOLE CARDS ***
Karpik09: raises $3 to $6
Arsenal5015: raises $3 to $9
Karpik09: calls $3
*** FLOP *** [2s Qh 7d]
Arsenal5015: bets $3
Karpik09: folds
Uncalled bet ($3) returned to Arsenal5015
Arsenal5015 collected $17.64 from pot
Arsenal5015: doesn't show hand
*** SUMMARY ***
Total pot $18 | Rake $0.36
Board [2s Qh 7d]
Seat 4: Arsenal5015 (big blind) collected ($17.64)
Seat 5: Karpik09 (button) (small blind) folded on the Flop


PokerStars Hand #145447967573:  Hold'em Limit ($3/$6 USD) - 2015/12/16 15:23:08 ET
Table 'Suvanto II' 6-max Seat #4 is the button
Seat 4: Arsenal5015 ($57.64 in chips)
Seat 5: Karpik09 ($87.52 in chips)
Arsenal5015: posts small blind $1
Karpik09: posts big blind $3
*** HOLE CARDS ***
Arsenal5015: raises $3 to $6
Karpik09: calls $3
*** FLOP *** [5s 9d 5d]
Karpik09: checks
Arsenal5015: bets $3
Karpik09: calls $3
*** TURN *** [5s 9d 5d] [3c]
Karpik09: checks
Arsenal5015: bets $6
Karpik09: calls $6
*** RIVER *** [5s 9d 5d 3c] [8c]
Karpik09: checks
Arsenal5015: checks
*** SHOW DOWN ***
Karpik09: shows [Ks Qd] (a pair of Fives)
Arsenal5015: mucks hand
Karpik09 collected $29.50 from pot
*** SUMMARY ***
Total pot $30 | Rake $0.50
Board [5s 9d 5d 3c 8c]
Seat 4: Arsenal5015 (button) (small blind) mucked
Seat 5: Karpik09 (big blind) showed [Ks Qd] and won ($29.50) with a pair of Fives


PokerStars Hand #145448010062:  Hold'em Limit ($3/$6 USD) - 2015/12/16 15:23:51 ET
Table 'Suvanto II' 6-max Seat #5 is the button
Seat 4: Arsenal5015 ($42.64 in chips)
Seat 5: Karpik09 ($102.02 in chips)
Karpik09: posts small blind $1
Arsenal5015: posts big blind $3
*** HOLE CARDS ***
Karpik09: raises $3 to $6
Arsenal5015: folds
Uncalled bet ($3) returned to Karpik09
Arsenal5015 leaves the table
Karpik09 collected $6 from pot
Karpik09: doesn't show hand
*** SUMMARY ***
Total pot $6 | Rake $0
Seat 4: Arsenal5015 (big blind) folded before Flop
Seat 5: Karpik09 (button) (small blind) collected ($6)


