PokerStars Hand #156939519628:  Hold'em Limit ($3/$6 USD) - 2016/08/06 12:15:30 ET
Table 'Svea' 6-max Seat #6 is the button
Seat 5: Pandakey ($144.16 in chips)
Seat 6: degal76 ($120 in chips)
degal76: posts small blind $1
Pandakey: posts big blind $3
*** HOLE CARDS ***
degal76: calls $2
Pandakey has timed out
Pandakey: checks
*** FLOP *** [Kd Jd Jc]
Pandakey has timed out
Pandakey: checks
degal76: bets $3
ChicagoBull4 joins the table at seat #3
Pandakey has timed out
Pandakey: folds
Uncalled bet ($3) returned to degal76
degal76 collected $5.88 from pot
degal76: doesn't show hand
*** SUMMARY ***
Total pot $6 | Rake $0.12
Board [Kd Jd Jc]
Seat 5: Pandakey (big blind) folded on the Flop
Seat 6: degal76 (button) (small blind) collected ($5.88)


PokerStars Hand #156940033471:  Hold'em Limit ($3/$6 USD) - 2016/08/06 12:29:21 ET
Table 'Svea' 6-max Seat #6 is the button
Seat 3: ChicagoBull4 ($105.78 in chips)
Seat 6: doppelff ($120 in chips)
doppelff: posts small blind $1
ChicagoBull4: posts big blind $3
*** HOLE CARDS ***
doppelff: raises $3 to $6
ChicagoBull4: calls $3
*** FLOP *** [6d 3d Td]
ChicagoBull4: checks
doppelff: bets $3
ChicagoBull4: folds
Uncalled bet ($3) returned to doppelff
ChicagoBull4 leaves the table
doppelff collected $11.76 from pot
*** SUMMARY ***
Total pot $12 | Rake $0.24
Board [6d 3d Td]
Seat 3: ChicagoBull4 (big blind) folded on the Flop
Seat 6: doppelff (button) (small blind) collected ($11.76)


PokerStars Hand #156940009215:  Hold'em Limit ($3/$6 USD) - 2016/08/06 12:28:40 ET
Table 'Svea' 6-max Seat #3 is the button
Seat 3: ChicagoBull4 ($82.28 in chips)
Seat 6: doppelff ($130.56 in chips)
ChicagoBull4: posts small blind $1
doppelff: posts big blind $3
*** HOLE CARDS ***
ChicagoBull4: raises $3 to $6
doppelff: calls $3
*** FLOP *** [4h 6s 9h]
doppelff: checks
ChicagoBull4: bets $3
doppelff: raises $3 to $6
ChicagoBull4: calls $3
*** TURN *** [4h 6s 9h] [8s]
doppelff: bets $6
ChicagoBull4: calls $6
*** RIVER *** [4h 6s 9h 8s] [8d]
doppelff: bets $6
ChicagoBull4: raises $6 to $12
doppelff: folds
Uncalled bet ($6) returned to ChicagoBull4
ChicagoBull4 collected $47.50 from pot
ChicagoBull4: doesn't show hand
*** SUMMARY ***
Total pot $48 | Rake $0.50
Board [4h 6s 9h 8s 8d]
Seat 3: ChicagoBull4 (button) (small blind) collected ($47.50)
Seat 6: doppelff (big blind) folded on the River


