PokerStars Hand #176040190072:  Hold'em Limit ($3/$6 USD) - 2017/09/23 20:26:06 ET
Table 'Svea' 10-max Seat #9 is the button
Seat 6: Scheubi88 ($119 in chips)
Seat 9: yayaya ($121 in chips)
yayaya: posts small blind $1
Scheubi88: posts big blind $3
*** HOLE CARDS ***
yayaya: raises $3 to $6
Scheubi88: calls $3
*** FLOP *** [Ac 4d Jh]
Scheubi88: checks
yayaya: bets $3
Scheubi88: folds
Uncalled bet ($3) returned to yayaya
yayaya collected $11.76 from pot
*** SUMMARY ***
Total pot $12 | Rake $0.24
Board [Ac 4d Jh]
Seat 6: Scheubi88 (big blind) folded on the Flop
Seat 9: yayaya (button) (small blind) collected ($11.76)


PokerStars Hand #176040187985:  Hold'em Limit ($3/$6 USD) - 2017/09/23 20:26:02 ET
Table 'Svea' 10-max Seat #6 is the button
Seat 6: Scheubi88 ($120 in chips)
Seat 9: yayaya ($120 in chips)
Scheubi88: posts small blind $1
yayaya: posts big blind $3
*** HOLE CARDS ***
Scheubi88: folds
Uncalled bet ($2) returned to yayaya
yayaya collected $2 from pot
*** SUMMARY ***
Total pot $2 | Rake $0
Seat 6: Scheubi88 (button) (small blind) folded before Flop
Seat 9: yayaya (big blind) collected ($2)


PokerStars Hand #176040228325:  Hold'em Limit ($3/$6 USD) - 2017/09/23 20:27:19 ET
Table 'Svea' 10-max Seat #9 is the button
Seat 6: Scheubi88 ($98 in chips)
Seat 9: yayaya ($141.26 in chips)
yayaya: posts small blind $1
Scheubi88: posts big blind $3
*** HOLE CARDS ***
yayaya: raises $3 to $6
Scheubi88: calls $3
*** FLOP *** [Ks 9h 7h]
Scheubi88: checks
yayaya: bets $3
Scheubi88: folds
Uncalled bet ($3) returned to yayaya
yayaya collected $11.76 from pot
*** SUMMARY ***
Total pot $12 | Rake $0.24
Board [Ks 9h 7h]
Seat 6: Scheubi88 (big blind) folded on the Flop
Seat 9: yayaya (button) (small blind) collected ($11.76)


PokerStars Hand #176040225181:  Hold'em Limit ($3/$6 USD) - 2017/09/23 20:27:12 ET
Table 'Svea' 10-max Seat #6 is the button
Seat 6: Scheubi88 ($95 in chips)
Seat 9: yayaya ($144.26 in chips)
Scheubi88: posts small blind $1
yayaya: posts big blind $3
*** HOLE CARDS ***
Scheubi88: raises $3 to $6
yayaya: folds
Uncalled bet ($3) returned to Scheubi88
Scheubi88 collected $6 from pot
Scheubi88: doesn't show hand
*** SUMMARY ***
Total pot $6 | Rake $0
Seat 6: Scheubi88 (button) (small blind) collected ($6)
Seat 9: yayaya (big blind) folded before Flop


PokerStars Hand #176040222612:  Hold'em Limit ($3/$6 USD) - 2017/09/23 20:27:06 ET
Table 'Svea' 10-max Seat #9 is the button
Seat 6: Scheubi88 ($98 in chips)
Seat 9: yayaya ($141.26 in chips)
yayaya: posts small blind $1
Scheubi88: posts big blind $3
*** HOLE CARDS ***
yayaya: raises $3 to $6
Scheubi88: folds
Uncalled bet ($3) returned to yayaya
yayaya collected $6 from pot
*** SUMMARY ***
Total pot $6 | Rake $0
Seat 6: Scheubi88 (big blind) folded before Flop
Seat 9: yayaya (button) (small blind) collected ($6)


PokerStars Hand #176040203838:  Hold'em Limit ($3/$6 USD) - 2017/09/23 20:26:25 ET
Table 'Svea' 10-max Seat #6 is the button
Seat 6: Scheubi88 ($113 in chips)
Seat 9: yayaya ($126.76 in chips)
Scheubi88: posts small blind $1
yayaya: posts big blind $3
*** HOLE CARDS ***
Scheubi88: raises $3 to $6
yayaya: calls $3
*** FLOP *** [5d 8d 8h]
yayaya: checks
Scheubi88: bets $3
yayaya: calls $3
*** TURN *** [5d 8d 8h] [Jh]
yayaya: checks
Scheubi88: checks
*** RIVER *** [5d 8d 8h Jh] [Qs]
yayaya: bets $6
Scheubi88: calls $6
*** SHOW DOWN ***
yayaya: shows [Jd Th] (two pair, Jacks and Eights)
Scheubi88: mucks hand
yayaya collected $29.50 from pot
*** SUMMARY ***
Total pot $30 | Rake $0.50
Board [5d 8d 8h Jh Qs]
Seat 6: Scheubi88 (button) (small blind) mucked
Seat 9: yayaya (big blind) showed [Jd Th] and won ($29.50) with two pair, Jacks and Eights


PokerStars Hand #176040253663:  Hold'em Limit ($3/$6 USD) - 2017/09/23 20:28:14 ET
Table 'Svea' 10-max Seat #6 is the button
Seat 6: Scheubi88 ($100 in chips)
Seat 9: yayaya ($139.02 in chips)
Scheubi88: posts small blind $1
yayaya: posts big blind $3
*** HOLE CARDS ***
Scheubi88: raises $3 to $6
yayaya: folds
Uncalled bet ($3) returned to Scheubi88
Scheubi88 collected $6 from pot
Scheubi88: doesn't show hand
*** SUMMARY ***
Total pot $6 | Rake $0
Seat 6: Scheubi88 (button) (small blind) collected ($6)
Seat 9: yayaya (big blind) folded before Flop


PokerStars Hand #176040250853:  Hold'em Limit ($3/$6 USD) - 2017/09/23 20:28:08 ET
Table 'Svea' 10-max Seat #9 is the button
Seat 6: Scheubi88 ($99 in chips)
Seat 9: yayaya ($140.02 in chips)
yayaya: posts small blind $1
Scheubi88: posts big blind $3
*** HOLE CARDS ***
yayaya: folds
Uncalled bet ($2) returned to Scheubi88
Scheubi88 collected $2 from pot
Scheubi88: doesn't show hand
*** SUMMARY ***
Total pot $2 | Rake $0
Seat 6: Scheubi88 (big blind) collected ($2)
Seat 9: yayaya (button) (small blind) folded before Flop


PokerStars Hand #176040241219:  Hold'em Limit ($3/$6 USD) - 2017/09/23 20:27:47 ET
Table 'Svea' 10-max Seat #6 is the button
Seat 6: Scheubi88 ($96 in chips)
Seat 9: yayaya ($143.02 in chips)
Scheubi88: posts small blind $1
yayaya: posts big blind $3
*** HOLE CARDS ***
Scheubi88: raises $3 to $6
yayaya: folds
Uncalled bet ($3) returned to Scheubi88
Scheubi88 collected $6 from pot
Scheubi88: doesn't show hand
*** SUMMARY ***
Total pot $6 | Rake $0
Seat 6: Scheubi88 (button) (small blind) collected ($6)
Seat 9: yayaya (big blind) folded before Flop


PokerStars Hand #176040258603:  Hold'em Limit ($3/$6 USD) - 2017/09/23 20:28:25 ET
Table 'Svea' 10-max Seat #9 is the button
Seat 6: Scheubi88 ($103 in chips)
Seat 9: yayaya ($136.02 in chips)
yayaya: posts small blind $1
Scheubi88: posts big blind $3
*** HOLE CARDS ***
yayaya: folds
Uncalled bet ($2) returned to Scheubi88
Scheubi88 collected $2 from pot
Scheubi88: doesn't show hand
*** SUMMARY ***
Total pot $2 | Rake $0
Seat 6: Scheubi88 (big blind) collected ($2)
Seat 9: yayaya (button) (small blind) folded before Flop


PokerStars Hand #176040239222:  Hold'em Limit ($3/$6 USD) - 2017/09/23 20:27:42 ET
Table 'Svea' 10-max Seat #9 is the button
Seat 6: Scheubi88 ($95 in chips)
Seat 9: yayaya ($144.02 in chips)
yayaya: posts small blind $1
Scheubi88: posts big blind $3
*** HOLE CARDS ***
yayaya: folds
Uncalled bet ($2) returned to Scheubi88
Scheubi88 collected $2 from pot
Scheubi88: doesn't show hand
*** SUMMARY ***
Total pot $2 | Rake $0
Seat 6: Scheubi88 (big blind) collected ($2)
Seat 9: yayaya (button) (small blind) folded before Flop


PokerStars Hand #176040236111:  Hold'em Limit ($3/$6 USD) - 2017/09/23 20:27:35 ET
Table 'Svea' 10-max Seat #6 is the button
Seat 6: Scheubi88 ($92 in chips)
Seat 9: yayaya ($147.02 in chips)
Scheubi88: posts small blind $1
yayaya: posts big blind $3
*** HOLE CARDS ***
Scheubi88: raises $3 to $6
yayaya: folds
Uncalled bet ($3) returned to Scheubi88
Scheubi88 collected $6 from pot
Scheubi88: doesn't show hand
*** SUMMARY ***
Total pot $6 | Rake $0
Seat 6: Scheubi88 (button) (small blind) collected ($6)
Seat 9: yayaya (big blind) folded before Flop


PokerStars Hand #176040290140:  Hold'em Limit ($3/$6 USD) - 2017/09/23 20:29:35 ET
Table 'Svea' 10-max Seat #9 is the button
Seat 6: Scheubi88 ($96 in chips)
Seat 9: yayaya ($142.54 in chips)
yayaya: posts small blind $1
Scheubi88: posts big blind $3
*** HOLE CARDS ***
yayaya: folds
Uncalled bet ($2) returned to Scheubi88
Scheubi88 collected $2 from pot
Scheubi88: doesn't show hand
*** SUMMARY ***
Total pot $2 | Rake $0
Seat 6: Scheubi88 (big blind) collected ($2)
Seat 9: yayaya (button) (small blind) folded before Flop


PokerStars Hand #176040279528:  Hold'em Limit ($3/$6 USD) - 2017/09/23 20:29:11 ET
Table 'Svea' 10-max Seat #6 is the button
Seat 6: Scheubi88 ($108 in chips)
Seat 9: yayaya ($131.02 in chips)
Scheubi88: posts small blind $1
yayaya: posts big blind $3
*** HOLE CARDS ***
Scheubi88: raises $3 to $6
yayaya: raises $3 to $9
Scheubi88: calls $3
*** FLOP *** [2h Qs 3c]
yayaya: bets $3
Scheubi88: calls $3
*** TURN *** [2h Qs 3c] [Qd]
yayaya: bets $6
Scheubi88: folds
Uncalled bet ($6) returned to yayaya
yayaya collected $23.52 from pot
*** SUMMARY ***
Total pot $24 | Rake $0.48
Board [2h Qs 3c Qd]
Seat 6: Scheubi88 (button) (small blind) folded on the Turn
Seat 9: yayaya (big blind) collected ($23.52)


PokerStars Hand #176040274818:  Hold'em Limit ($3/$6 USD) - 2017/09/23 20:29:01 ET
Table 'Svea' 10-max Seat #9 is the button
Seat 6: Scheubi88 ($107 in chips)
Seat 9: yayaya ($132.02 in chips)
yayaya: posts small blind $1
Scheubi88: posts big blind $3
*** HOLE CARDS ***
yayaya: folds
Uncalled bet ($2) returned to Scheubi88
Scheubi88 collected $2 from pot
Scheubi88: doesn't show hand
*** SUMMARY ***
Total pot $2 | Rake $0
Seat 6: Scheubi88 (big blind) collected ($2)
Seat 9: yayaya (button) (small blind) folded before Flop


PokerStars Hand #176040264549:  Hold'em Limit ($3/$6 USD) - 2017/09/23 20:28:38 ET
Table 'Svea' 10-max Seat #6 is the button
Seat 6: Scheubi88 ($104 in chips)
Seat 9: yayaya ($135.02 in chips)
Scheubi88: posts small blind $1
yayaya: posts big blind $3
*** HOLE CARDS ***
Scheubi88: raises $3 to $6
yayaya: folds
Uncalled bet ($3) returned to Scheubi88
Scheubi88 collected $6 from pot
Scheubi88: doesn't show hand
*** SUMMARY ***
Total pot $6 | Rake $0
Seat 6: Scheubi88 (button) (small blind) collected ($6)
Seat 9: yayaya (big blind) folded before Flop


PokerStars Hand #176040296217:  Hold'em Limit ($3/$6 USD) - 2017/09/23 20:29:48 ET
Table 'Svea' 10-max Seat #9 is the button
Seat 6: Scheubi88 ($96 in chips)
Seat 9: yayaya ($142.54 in chips)
yayaya: posts small blind $1
Scheubi88: posts big blind $3
*** HOLE CARDS ***
yayaya: raises $3 to $6
Scheubi88: calls $3
*** FLOP *** [2s 9s Td]
Scheubi88: checks
yayaya: bets $3
Scheubi88: folds
Uncalled bet ($3) returned to yayaya
yayaya collected $11.76 from pot
*** SUMMARY ***
Total pot $12 | Rake $0.24
Board [2s 9s Td]
Seat 6: Scheubi88 (big blind) folded on the Flop
Seat 9: yayaya (button) (small blind) collected ($11.76)


PokerStars Hand #176040292801:  Hold'em Limit ($3/$6 USD) - 2017/09/23 20:29:41 ET
Table 'Svea' 10-max Seat #6 is the button
Seat 6: Scheubi88 ($97 in chips)
Seat 9: yayaya ($141.54 in chips)
Scheubi88: posts small blind $1
yayaya: posts big blind $3
*** HOLE CARDS ***
Scheubi88: folds
Uncalled bet ($2) returned to yayaya
yayaya collected $2 from pot
*** SUMMARY ***
Total pot $2 | Rake $0
Seat 6: Scheubi88 (button) (small blind) folded before Flop
Seat 9: yayaya (big blind) collected ($2)


PokerStars Hand #176040341145:  Hold'em Limit ($3/$6 USD) - 2017/09/23 20:31:27 ET
Table 'Svea' 10-max Seat #9 is the button
Seat 6: Scheubi88 ($51 in chips)
Seat 9: yayaya ($186.30 in chips)
yayaya: posts small blind $1
Scheubi88: posts big blind $3
*** HOLE CARDS ***
yayaya: folds
Uncalled bet ($2) returned to Scheubi88
Scheubi88 collected $2 from pot
Scheubi88: doesn't show hand
*** SUMMARY ***
Total pot $2 | Rake $0
Seat 6: Scheubi88 (big blind) collected ($2)
Seat 9: yayaya (button) (small blind) folded before Flop


PokerStars Hand #176040338592:  Hold'em Limit ($3/$6 USD) - 2017/09/23 20:31:21 ET
Table 'Svea' 10-max Seat #6 is the button
Seat 6: Scheubi88 ($48 in chips)
Seat 9: yayaya ($189.30 in chips)
Scheubi88: posts small blind $1
yayaya: posts big blind $3
*** HOLE CARDS ***
Scheubi88: raises $3 to $6
yayaya: folds
Uncalled bet ($3) returned to Scheubi88
Scheubi88 collected $6 from pot
Scheubi88: doesn't show hand
*** SUMMARY ***
Total pot $6 | Rake $0
Seat 6: Scheubi88 (button) (small blind) collected ($6)
Seat 9: yayaya (big blind) folded before Flop


PokerStars Hand #176040321368:  Hold'em Limit ($3/$6 USD) - 2017/09/23 20:30:43 ET
Table 'Svea' 10-max Seat #9 is the button
Seat 6: Scheubi88 ($72 in chips)
Seat 9: yayaya ($165.80 in chips)
yayaya: posts small blind $1
Scheubi88: posts big blind $3
*** HOLE CARDS ***
yayaya: raises $3 to $6
Scheubi88: calls $3
*** FLOP *** [6h 6d 3s]
Scheubi88: checks
yayaya: bets $3
Scheubi88: raises $3 to $6
yayaya: calls $3
*** TURN *** [6h 6d 3s] [6s]
Scheubi88: bets $6
yayaya: calls $6
*** RIVER *** [6h 6d 3s 6s] [7d]
Scheubi88: bets $6
yayaya: calls $6
*** SHOW DOWN ***
Scheubi88: shows [5h 9h] (three of a kind, Sixes)
yayaya: shows [9d Kh] (three of a kind, Sixes - King kicker)
yayaya collected $47.50 from pot
*** SUMMARY ***
Total pot $48 | Rake $0.50
Board [6h 6d 3s 6s 7d]
Seat 6: Scheubi88 (big blind) showed [5h 9h] and lost with three of a kind, Sixes
Seat 9: yayaya (button) (small blind) showed [9d Kh] and won ($47.50) with three of a kind, Sixes


PokerStars Hand #176040305761:  Hold'em Limit ($3/$6 USD) - 2017/09/23 20:30:09 ET
Table 'Svea' 10-max Seat #6 is the button
Seat 6: Scheubi88 ($90 in chips)
Seat 9: yayaya ($148.30 in chips)
Scheubi88: posts small blind $1
yayaya: posts big blind $3
*** HOLE CARDS ***
Scheubi88: raises $3 to $6
yayaya: calls $3
*** FLOP *** [2h Ac Td]
yayaya: checks
Scheubi88: checks
*** TURN *** [2h Ac Td] [4c]
yayaya: checks
Scheubi88: bets $6
yayaya: calls $6
*** RIVER *** [2h Ac Td 4c] [Ks]
yayaya: checks
Scheubi88: bets $6
yayaya: raises $6 to $12
Scheubi88: folds
Uncalled bet ($6) returned to yayaya
yayaya collected $35.50 from pot
*** SUMMARY ***
Total pot $36 | Rake $0.50
Board [2h Ac Td 4c Ks]
Seat 6: Scheubi88 (button) (small blind) folded on the River
Seat 9: yayaya (big blind) collected ($35.50)


PokerStars Hand #176040343408:  Hold'em Limit ($3/$6 USD) - 2017/09/23 20:31:32 ET
Table 'Svea' 10-max Seat #6 is the button
Seat 6: Scheubi88 ($52 in chips)
Seat 9: yayaya ($185.30 in chips)
Scheubi88: posts small blind $1
yayaya: posts big blind $3
*** HOLE CARDS ***
Scheubi88: raises $3 to $6
yayaya: raises $3 to $9
Scheubi88: calls $3
*** FLOP *** [9d 3s 7d]
yayaya: bets $3
Scheubi88: calls $3
*** TURN *** [9d 3s 7d] [Qs]
yayaya: bets $6
Scheubi88: calls $6
*** RIVER *** [9d 3s 7d Qs] [8h]
yayaya: bets $6
Scheubi88: calls $6
*** SHOW DOWN ***
yayaya: shows [Tc 9c] (a pair of Nines)
Scheubi88: mucks hand
yayaya collected $47.50 from pot
*** SUMMARY ***
Total pot $48 | Rake $0.50
Board [9d 3s 7d Qs 8h]
Seat 6: Scheubi88 (button) (small blind) mucked
Seat 9: yayaya (big blind) showed [Tc 9c] and won ($47.50) with a pair of Nines


PokerStars Hand #176040360975:  Hold'em Limit ($3/$6 USD) - 2017/09/23 20:32:10 ET
Table 'Svea' 10-max Seat #9 is the button
Seat 6: Scheubi88 ($63 in chips)
Seat 9: yayaya ($233.30 in chips)
yayaya: posts small blind $1
Scheubi88: posts big blind $3
*** HOLE CARDS ***
yayaya: raises $3 to $6
Scheubi88: raises $3 to $9
yayaya: calls $3
*** FLOP *** [9d Ah 8c]
Scheubi88: bets $3
yayaya: folds
Uncalled bet ($3) returned to Scheubi88
Scheubi88 collected $17.64 from pot
Scheubi88: doesn't show hand
*** SUMMARY ***
Total pot $18 | Rake $0.36
Board [9d Ah 8c]
Seat 6: Scheubi88 (big blind) collected ($17.64)
Seat 9: yayaya (button) (small blind) folded on the Flop


PokerStars Hand #176040358403:  Hold'em Limit ($3/$6 USD) - 2017/09/23 20:32:05 ET
Table 'Svea' 10-max Seat #6 is the button
Seat 6: Scheubi88 ($60 in chips)
Seat 9: yayaya ($236.30 in chips)
Scheubi88: posts small blind $1
yayaya: posts big blind $3
*** HOLE CARDS ***
Scheubi88: raises $3 to $6
yayaya: folds
Uncalled bet ($3) returned to Scheubi88
Scheubi88 collected $6 from pot
Scheubi88: doesn't show hand
*** SUMMARY ***
Total pot $6 | Rake $0
Seat 6: Scheubi88 (button) (small blind) collected ($6)
Seat 9: yayaya (big blind) folded before Flop


PokerStars Hand #176040349787:  Hold'em Limit ($3/$6 USD) - 2017/09/23 20:31:46 ET
Table 'Svea' 10-max Seat #9 is the button
Seat 6: Scheubi88 ($28 in chips)
Seat 9: yayaya ($208.80 in chips)
yayaya: posts small blind $1
Scheubi88: posts big blind $3
*** HOLE CARDS ***
yayaya: raises $3 to $6
Scheubi88: calls $3
*** FLOP *** [6h 9d 6s]
Scheubi88: checks
yayaya: bets $3
Scheubi88: calls $3
*** TURN *** [6h 9d 6s] [5c]
Scheubi88: checks
yayaya: bets $6
Scheubi88: calls $6
*** RIVER *** [6h 9d 6s 5c] [Kc]
Scheubi88: checks
yayaya: bets $6
Scheubi88: raises $6 to $12
yayaya: raises $6 to $18
Scheubi88: calls $1 and is all-in
Uncalled bet ($5) returned to yayaya
*** SHOW DOWN ***
yayaya: shows [9c 9s] (a full house, Nines full of Sixes)
Scheubi88: shows [Kh 2c] (two pair, Kings and Sixes)
yayaya collected $55.50 from pot
*** SUMMARY ***
Total pot $56 | Rake $0.50
Board [6h 9d 6s 5c Kc]
Seat 6: Scheubi88 (big blind) showed [Kh 2c] and lost with two pair, Kings and Sixes
Seat 9: yayaya (button) (small blind) showed [9c 9s] and won ($55.50) with a full house, Nines full of Sixes


PokerStars Hand #176040375068:  Hold'em Limit ($3/$6 USD) - 2017/09/23 20:32:42 ET
Table 'Svea' 10-max Seat #9 is the button
Seat 6: Scheubi88 ($101.14 in chips)
Seat 9: yayaya ($194.30 in chips)
yayaya: posts small blind $1
Scheubi88: posts big blind $3
*** HOLE CARDS ***
yayaya: folds
Uncalled bet ($2) returned to Scheubi88
Scheubi88 collected $2 from pot
Scheubi88: doesn't show hand
*** SUMMARY ***
Total pot $2 | Rake $0
Seat 6: Scheubi88 (big blind) collected ($2)
Seat 9: yayaya (button) (small blind) folded before Flop


PokerStars Hand #176040365780:  Hold'em Limit ($3/$6 USD) - 2017/09/23 20:32:21 ET
Table 'Svea' 10-max Seat #6 is the button
Seat 6: Scheubi88 ($71.64 in chips)
Seat 9: yayaya ($224.30 in chips)
Scheubi88: posts small blind $1
yayaya: posts big blind $3
*** HOLE CARDS ***
Scheubi88: raises $3 to $6
yayaya: calls $3
*** FLOP *** [6c Ks 3c]
yayaya: checks
Scheubi88: bets $3
yayaya: raises $3 to $6
Scheubi88: calls $3
*** TURN *** [6c Ks 3c] [8d]
yayaya: bets $6
Scheubi88: raises $6 to $12
yayaya: calls $6
*** RIVER *** [6c Ks 3c 8d] [Qs]
yayaya: checks
Scheubi88: bets $6
yayaya: calls $6
*** SHOW DOWN ***
Scheubi88: shows [6s Kd] (two pair, Kings and Sixes)
yayaya: mucks hand
Scheubi88 collected $59.50 from pot
*** SUMMARY ***
Total pot $60 | Rake $0.50
Board [6c Ks 3c 8d Qs]
Seat 6: Scheubi88 (button) (small blind) showed [6s Kd] and won ($59.50) with two pair, Kings and Sixes
Seat 9: yayaya (big blind) mucked


PokerStars Hand #176040387329:  Hold'em Limit ($3/$6 USD) - 2017/09/23 20:33:09 ET
Table 'Svea' 10-max Seat #9 is the button
Seat 6: Scheubi88 ($96.14 in chips)
Seat 9: yayaya ($199.06 in chips)
yayaya: posts small blind $1
Scheubi88: posts big blind $3
*** HOLE CARDS ***
yayaya: raises $3 to $6
Scheubi88: calls $3
*** FLOP *** [Qd 3d 2s]
Scheubi88: checks
yayaya: bets $3
Scheubi88: calls $3
*** TURN *** [Qd 3d 2s] [Kd]
Scheubi88: bets $6
yayaya: calls $6
*** RIVER *** [Qd 3d 2s Kd] [6c]
Scheubi88: bets $6
yayaya: calls $6
*** SHOW DOWN ***
Scheubi88: shows [9h Ks] (a pair of Kings)
yayaya: mucks hand
Scheubi88 collected $41.50 from pot
*** SUMMARY ***
Total pot $42 | Rake $0.50
Board [Qd 3d 2s Kd 6c]
Seat 6: Scheubi88 (big blind) showed [9h Ks] and won ($41.50) with a pair of Kings
Seat 9: yayaya (button) (small blind) mucked


PokerStars Hand #176040377210:  Hold'em Limit ($3/$6 USD) - 2017/09/23 20:32:47 ET
Table 'Svea' 10-max Seat #6 is the button
Seat 6: Scheubi88 ($102.14 in chips)
Seat 9: yayaya ($193.30 in chips)
Scheubi88: posts small blind $1
yayaya: posts big blind $3
*** HOLE CARDS ***
Scheubi88: raises $3 to $6
yayaya: calls $3
*** FLOP *** [3c 4s 4c]
yayaya: checks
Scheubi88: checks
*** TURN *** [3c 4s 4c] [Ad]
yayaya: checks
Scheubi88: checks
*** RIVER *** [3c 4s 4c Ad] [6s]
yayaya: checks
Scheubi88: checks
*** SHOW DOWN ***
yayaya: shows [6d Js] (two pair, Sixes and Fours)
Scheubi88: mucks hand
yayaya collected $11.76 from pot
*** SUMMARY ***
Total pot $12 | Rake $0.24
Board [3c 4s 4c Ad 6s]
Seat 6: Scheubi88 (button) (small blind) mucked
Seat 9: yayaya (big blind) showed [6d Js] and won ($11.76) with two pair, Sixes and Fours


PokerStars Hand #176040406006:  Hold'em Limit ($3/$6 USD) - 2017/09/23 20:33:51 ET
Table 'Svea' 10-max Seat #9 is the button
Seat 6: Scheubi88 ($92.64 in chips)
Seat 9: yayaya ($201.56 in chips)
yayaya: posts small blind $1
Scheubi88: posts big blind $3
*** HOLE CARDS ***
yayaya: raises $3 to $6
Scheubi88: raises $3 to $9
yayaya: calls $3
*** FLOP *** [Tc Qs 5s]
Scheubi88: bets $3
yayaya: calls $3
*** TURN *** [Tc Qs 5s] [2s]
Scheubi88: bets $6
yayaya: calls $6
*** RIVER *** [Tc Qs 5s 2s] [8s]
Scheubi88: checks
yayaya: checks
*** SHOW DOWN ***
Scheubi88: shows [Ah Jc] (high card Ace)
yayaya: shows [5h 8h] (two pair, Eights and Fives)
yayaya collected $35.50 from pot
*** SUMMARY ***
Total pot $36 | Rake $0.50
Board [Tc Qs 5s 2s 8s]
Seat 6: Scheubi88 (big blind) showed [Ah Jc] and lost with high card Ace
Seat 9: yayaya (button) (small blind) showed [5h 8h] and won ($35.50) with two pair, Eights and Fives


PokerStars Hand #176040396943:  Hold'em Limit ($3/$6 USD) - 2017/09/23 20:33:31 ET
Table 'Svea' 10-max Seat #6 is the button
Seat 6: Scheubi88 ($116.64 in chips)
Seat 9: yayaya ($178.06 in chips)
Scheubi88: posts small blind $1
yayaya: posts big blind $3
*** HOLE CARDS ***
Scheubi88: raises $3 to $6
yayaya: raises $3 to $9
Scheubi88: calls $3
*** FLOP *** [Th 5h 9c]
yayaya: bets $3
Scheubi88: raises $3 to $6
yayaya: raises $3 to $9
Scheubi88: calls $3
*** TURN *** [Th 5h 9c] [Tc]
yayaya: bets $6
Scheubi88: calls $6
*** RIVER *** [Th 5h 9c Tc] [Js]
yayaya: bets $6
Scheubi88: folds
Uncalled bet ($6) returned to yayaya
yayaya collected $47.50 from pot
*** SUMMARY ***
Total pot $48 | Rake $0.50
Board [Th 5h 9c Tc Js]
Seat 6: Scheubi88 (button) (small blind) folded on the River
Seat 9: yayaya (big blind) collected ($47.50)


PokerStars Hand #176064055287:  Hold'em Limit ($3/$6 USD) - 2017/09/24 12:27:05 ET
Table 'Svea' 6-max Seat #4 is the button
Seat 1: nedo1414 ($140.50 in chips)
Seat 4: Agrotait ($45 in chips)
Agrotait: posts small blind $1
nedo1414: posts big blind $3
*** HOLE CARDS ***
Agrotait: raises $3 to $6
nedo1414: calls $3
*** FLOP *** [Jd 2c Ks]
nedo1414: checks
Agrotait: bets $3
nedo1414: calls $3
*** TURN *** [Jd 2c Ks] [Ad]
nedo1414: checks
t9pkin joins the table at seat #2
Agrotait: checks
*** RIVER *** [Jd 2c Ks Ad] [8c]
nedo1414: bets $6
Agrotait: folds
Uncalled bet ($6) returned to nedo1414
nedo1414 collected $17.64 from pot
nedo1414: doesn't show hand
*** SUMMARY ***
Total pot $18 | Rake $0.36
Board [Jd 2c Ks Ad 8c]
Seat 1: nedo1414 (big blind) collected ($17.64)
Seat 4: Agrotait (button) (small blind) folded on the River


PokerStars Hand #176064033583:  Hold'em Limit ($3/$6 USD) - 2017/09/24 12:26:38 ET
Table 'Svea' 6-max Seat #1 is the button
Seat 1: nedo1414 ($120 in chips)
Seat 4: Agrotait ($66 in chips)
nedo1414: posts small blind $1
Agrotait: posts big blind $3
*** HOLE CARDS ***
nedo1414: raises $3 to $6
Agrotait: calls $3
*** FLOP *** [Th 9c 7d]
Agrotait: checks
nedo1414: bets $3
Agrotait: calls $3
*** TURN *** [Th 9c 7d] [4d]
Agrotait: checks
nedo1414: bets $6
Agrotait: calls $6
*** RIVER *** [Th 9c 7d 4d] [5c]
Agrotait: checks
nedo1414: bets $6
Agrotait: calls $6
*** SHOW DOWN ***
nedo1414: shows [Ah Ac] (a pair of Aces)
Agrotait: mucks hand
nedo1414 collected $41.50 from pot
*** SUMMARY ***
Total pot $42 | Rake $0.50
Board [Th 9c 7d 4d 5c]
Seat 1: nedo1414 (button) (small blind) showed [Ah Ac] and won ($41.50) with a pair of Aces
Seat 4: Agrotait (big blind) mucked


