PokerStars Hand #152641233845:  Hold'em Limit ($3/$6 USD) - 2016/04/30 0:10:17 ET
Table 'Svea' 10-max Seat #6 is the button
Seat 1: killer bud ($83.76 in chips)
Seat 6: LifeisagameX ($54 in chips)
LifeisagameX: posts small blind $1
killer bud: posts big blind $3
*** HOLE CARDS ***
LifeisagameX: raises $3 to $6
killer bud: folds
Uncalled bet ($3) returned to LifeisagameX
jav132009 joins the table at seat #5
LifeisagameX collected $6 from pot
*** SUMMARY ***
Total pot $6 | Rake $0
Seat 1: killer bud (big blind) folded before Flop
Seat 6: LifeisagameX (button) (small blind) collected ($6)


PokerStars Hand #152641220122:  Hold'em Limit ($3/$6 USD) - 2016/04/30 0:09:30 ET
Table 'Svea' 10-max Seat #1 is the button
Seat 1: killer bud ($78 in chips)
Seat 6: LifeisagameX ($60 in chips)
killer bud: posts small blind $1
LifeisagameX: posts big blind $3
*** HOLE CARDS ***
killer bud: calls $2
LifeisagameX: raises $3 to $6
killer bud: calls $3
*** FLOP *** [8h 9c Kc]
LifeisagameX: checks
killer bud: checks
*** TURN *** [8h 9c Kc] [As]
LifeisagameX: checks
killer bud: bets $6
LifeisagameX: folds
Uncalled bet ($6) returned to killer bud
killer bud collected $11.76 from pot
killer bud: doesn't show hand
*** SUMMARY ***
Total pot $12 | Rake $0.24
Board [8h 9c Kc As]
Seat 1: killer bud (button) (small blind) collected ($11.76)
Seat 6: LifeisagameX (big blind) folded on the Turn


PokerStars Hand #152641280207:  Hold'em Limit ($3/$6 USD) - 2016/04/30 0:12:36 ET
Table 'Svea' 10-max Seat #1 is the button
Seat 1: killer bud ($107.99 in chips)
Seat 5: jav132009 ($69.50 in chips)
killer bud: posts small blind $1
jav132009: posts big blind $3
*** HOLE CARDS ***
HAL9QQQ joins the table at seat #6
killer bud: calls $2
jav132009: checks
*** FLOP *** [3h Kh Ks]
jav132009: checks
killer bud: bets $3
jav132009: calls $3
*** TURN *** [3h Kh Ks] [As]
jav132009: checks
killer bud: checks
*** RIVER *** [3h Kh Ks As] [Tc]
jav132009: checks
killer bud: checks
*** SHOW DOWN ***
jav132009: shows [2h Qh] (a pair of Kings)
killer bud: mucks hand
jav132009 collected $11.76 from pot
*** SUMMARY ***
Total pot $12 | Rake $0.24
Board [3h Kh Ks As Tc]
Seat 1: killer bud (button) (small blind) mucked
Seat 5: jav132009 (big blind) showed [2h Qh] and won ($11.76) with a pair of Kings


PokerStars Hand #152641278496:  Hold'em Limit ($3/$6 USD) - 2016/04/30 0:12:30 ET
Table 'Svea' 10-max Seat #5 is the button
Seat 1: killer bud ($106.99 in chips)
Seat 5: jav132009 ($70.50 in chips)
jav132009: posts small blind $1
killer bud: posts big blind $3
*** HOLE CARDS ***
jav132009: folds
Uncalled bet ($2) returned to killer bud
killer bud collected $2 from pot
killer bud: doesn't show hand
*** SUMMARY ***
Total pot $2 | Rake $0
Seat 1: killer bud (big blind) collected ($2)
Seat 5: jav132009 (button) (small blind) folded before Flop


PokerStars Hand #152641276444:  Hold'em Limit ($3/$6 USD) - 2016/04/30 0:12:23 ET
Table 'Svea' 10-max Seat #1 is the button
Seat 1: killer bud ($107.99 in chips)
Seat 5: jav132009 ($69.50 in chips)
killer bud: posts small blind $1
jav132009: posts big blind $3
*** HOLE CARDS ***
killer bud: folds
Uncalled bet ($2) returned to jav132009
jav132009 collected $2 from pot
jav132009: doesn't show hand
*** SUMMARY ***
Total pot $2 | Rake $0
Seat 1: killer bud (button) (small blind) folded before Flop
Seat 5: jav132009 (big blind) collected ($2)


PokerStars Hand #152641267328:  Hold'em Limit ($3/$6 USD) - 2016/04/30 0:11:51 ET
Table 'Svea' 10-max Seat #1 is the button
Seat 1: killer bud ($101.23 in chips)
Seat 5: jav132009 ($76.50 in chips)
killer bud: posts small blind $1
jav132009: posts big blind $3
*** HOLE CARDS ***
killer bud: calls $2
jav132009: checks
*** FLOP *** [Ts 7h 7c]
jav132009: checks
killer bud: bets $3
jav132009: calls $3
*** TURN *** [Ts 7h 7c] [6h]
jav132009: checks
killer bud: bets $6
jav132009: folds
Uncalled bet ($6) returned to killer bud
killer bud collected $11.76 from pot
killer bud: doesn't show hand
*** SUMMARY ***
Total pot $12 | Rake $0.24
Board [Ts 7h 7c 6h]
Seat 1: killer bud (button) (small blind) collected ($11.76)
Seat 5: jav132009 (big blind) folded on the Turn


PokerStars Hand #152641274634:  Hold'em Limit ($3/$6 USD) - 2016/04/30 0:12:16 ET
Table 'Svea' 10-max Seat #5 is the button
Seat 1: killer bud ($106.99 in chips)
Seat 5: jav132009 ($70.50 in chips)
jav132009: posts small blind $1
killer bud: posts big blind $3
*** HOLE CARDS ***
jav132009: folds
Uncalled bet ($2) returned to killer bud
killer bud collected $2 from pot
killer bud: doesn't show hand
*** SUMMARY ***
Total pot $2 | Rake $0
Seat 1: killer bud (big blind) collected ($2)
Seat 5: jav132009 (button) (small blind) folded before Flop


PokerStars Hand #152641581641:  Hold'em Limit ($3/$6 USD) - 2016/04/30 0:30:06 ET
Table 'Svea' 10-max Seat #6 is the button
Seat 1: killer bud ($116.89 in chips)
Seat 6: HAL9QQQ ($164.67 in chips)
HAL9QQQ: posts small blind $1
killer bud: posts big blind $3
*** HOLE CARDS ***
HAL9QQQ: raises $3 to $6
killer bud: folds
Uncalled bet ($3) returned to HAL9QQQ
HAL9QQQ collected $6 from pot
HAL9QQQ: doesn't show hand
*** SUMMARY ***
Total pot $6 | Rake $0
Seat 1: killer bud (big blind) folded before Flop
Seat 6: HAL9QQQ (button) (small blind) collected ($6)


PokerStars Hand #152641585656:  Hold'em Limit ($3/$6 USD) - 2016/04/30 0:30:21 ET
Table 'Svea' 10-max Seat #6 is the button
Seat 1: killer bud ($112.89 in chips)
Seat 6: HAL9QQQ ($168.67 in chips)
HAL9QQQ: posts small blind $1
killer bud: posts big blind $3
*** HOLE CARDS ***
HAL9QQQ: raises $3 to $6
killer bud: folds
Uncalled bet ($3) returned to HAL9QQQ
HAL9QQQ collected $6 from pot
HAL9QQQ: doesn't show hand
*** SUMMARY ***
Total pot $6 | Rake $0
Seat 1: killer bud (big blind) folded before Flop
Seat 6: HAL9QQQ (button) (small blind) collected ($6)


PokerStars Hand #152641584239:  Hold'em Limit ($3/$6 USD) - 2016/04/30 0:30:16 ET
Table 'Svea' 10-max Seat #1 is the button
Seat 1: killer bud ($113.89 in chips)
Seat 6: HAL9QQQ ($167.67 in chips)
killer bud: posts small blind $1
jav132009 leaves the table
HAL9QQQ: posts big blind $3
*** HOLE CARDS ***
killer bud: folds
Uncalled bet ($2) returned to HAL9QQQ
HAL9QQQ collected $2 from pot
HAL9QQQ: doesn't show hand
*** SUMMARY ***
Total pot $2 | Rake $0
Seat 1: killer bud (button) (small blind) folded before Flop
Seat 6: HAL9QQQ (big blind) collected ($2)


PokerStars Hand #152641589518:  Hold'em Limit ($3/$6 USD) - 2016/04/30 0:30:34 ET
Table 'Svea' 10-max Seat #6 is the button
Seat 1: killer bud ($108.89 in chips)
Seat 6: HAL9QQQ ($172.67 in chips)
HAL9QQQ: posts small blind $1
killer bud: posts big blind $3
*** HOLE CARDS ***
HAL9QQQ: raises $3 to $6
killer bud: folds
Uncalled bet ($3) returned to HAL9QQQ
HAL9QQQ collected $6 from pot
HAL9QQQ: doesn't show hand
*** SUMMARY ***
Total pot $6 | Rake $0
Seat 1: killer bud (big blind) folded before Flop
Seat 6: HAL9QQQ (button) (small blind) collected ($6)


PokerStars Hand #152641587493:  Hold'em Limit ($3/$6 USD) - 2016/04/30 0:30:27 ET
Table 'Svea' 10-max Seat #1 is the button
Seat 1: killer bud ($109.89 in chips)
Seat 6: HAL9QQQ ($171.67 in chips)
killer bud: posts small blind $1
HAL9QQQ: posts big blind $3
*** HOLE CARDS ***
killer bud: folds
Uncalled bet ($2) returned to HAL9QQQ
HAL9QQQ collected $2 from pot
HAL9QQQ: doesn't show hand
*** SUMMARY ***
Total pot $2 | Rake $0
Seat 1: killer bud (button) (small blind) folded before Flop
Seat 6: HAL9QQQ (big blind) collected ($2)


