PokerStars Hand #168789641519:  Hold'em Limit ($3/$6 USD) - 2017/04/09 7:48:47 ET
Table 'Swings II' 6-max Seat #3 is the button
Seat 3: sim5sim5 ($72 in chips)
Seat 4: MTails ($120 in chips)
yamaxerm joins the table at seat #5
sim5sim5: posts small blind $1
MTails: posts big blind $3
*** HOLE CARDS ***
sim5sim5: raises $3 to $6
MTails: calls $3
*** FLOP *** [4s 3d 2d]
MTails: checks
sim5sim5: bets $3
MTails: calls $3
*** TURN *** [4s 3d 2d] [5c]
MTails: checks
yamaxerm leaves the table
sim5sim5: checks
*** RIVER *** [4s 3d 2d 5c] [Ah]
MTails: bets $6
sim5sim5: calls $6
*** SHOW DOWN ***
MTails: shows [9s 6d] (a straight, Deuce to Six)
sim5sim5: mucks hand
MTails collected $29.50 from pot
*** SUMMARY ***
Total pot $30 | Rake $0.50
Board [4s 3d 2d 5c Ah]
Seat 3: sim5sim5 (button) (small blind) mucked
Seat 4: MTails (big blind) showed [9s 6d] and won ($29.50) with a straight, Deuce to Six


PokerStars Hand #168789659512:  Hold'em Limit ($3/$6 USD) - 2017/04/09 7:49:23 ET
Table 'Swings II' 6-max Seat #4 is the button
Seat 3: sim5sim5 ($72 in chips)
Seat 4: MTails ($134.50 in chips)
MTails: posts small blind $1
sim5sim5: posts big blind $3
*** HOLE CARDS ***
MTails: raises $3 to $6
sim5sim5: calls $3
*** FLOP *** [Ts 6s 7h]
sim5sim5: checks
MTails: bets $3
sim5sim5: calls $3
*** TURN *** [Ts 6s 7h] [3c]
sim5sim5: checks
MTails: bets $6
sim5sim5: calls $6
*** RIVER *** [Ts 6s 7h 3c] [Tc]
sim5sim5: checks
MTails: bets $6
sim5sim5: calls $6
*** SHOW DOWN ***
MTails: shows [Ah 7d] (two pair, Tens and Sevens)
sim5sim5: mucks hand
MTails collected $41.50 from pot
*** SUMMARY ***
Total pot $42 | Rake $0.50
Board [Ts 6s 7h 3c Tc]
Seat 3: sim5sim5 (big blind) mucked
Seat 4: MTails (button) (small blind) showed [Ah 7d] and won ($41.50) with two pair, Tens and Sevens


PokerStars Hand #168789675548:  Hold'em Limit ($3/$6 USD) - 2017/04/09 7:49:55 ET
Table 'Swings II' 6-max Seat #3 is the button
Seat 3: sim5sim5 ($72 in chips)
Seat 4: MTails ($155 in chips)
sim5sim5: posts small blind $1
MTails: posts big blind $3
*** HOLE CARDS ***
sim5sim5: raises $3 to $6
MTails: calls $3
*** FLOP *** [9h 2h Ts]
MTails: checks
sim5sim5: bets $3
MTails: calls $3
*** TURN *** [9h 2h Ts] [9d]
MTails: checks
yamaxerm joins the table at seat #5
sim5sim5: bets $6
MTails: calls $6
*** RIVER *** [9h 2h Ts 9d] [4d]
MTails: checks
sim5sim5: bets $6
MTails: calls $6
*** SHOW DOWN ***
sim5sim5: shows [4s 3d] (two pair, Nines and Fours)
MTails: mucks hand
sim5sim5 collected $41.50 from pot
*** SUMMARY ***
Total pot $42 | Rake $0.50
Board [9h 2h Ts 9d 4d]
Seat 3: sim5sim5 (button) (small blind) showed [4s 3d] and won ($41.50) with two pair, Nines and Fours
Seat 4: MTails (big blind) mucked


PokerStars Hand #168789699977:  Hold'em Limit ($3/$6 USD) - 2017/04/09 7:50:45 ET
Table 'Swings II' 6-max Seat #5 is the button
Seat 4: MTails ($122 in chips)
Seat 5: yamaxerm ($131.28 in chips)
yamaxerm: posts small blind $1
sim5sim5: is sitting out
MTails: posts big blind $3
*** HOLE CARDS ***
yamaxerm: folds
Uncalled bet ($2) returned to MTails
MTails collected $2 from pot
*** SUMMARY ***
Total pot $2 | Rake $0
Seat 4: MTails (big blind) collected ($2)
Seat 5: yamaxerm (button) (small blind) folded before Flop


PokerStars Hand #168790024399:  Hold'em Limit ($3/$6 USD) - 2017/04/09 8:02:16 ET
Table 'Swings II' 6-max Seat #5 is the button
Seat 4: MTails ($122 in chips)
Seat 5: Lauriston72 ($121 in chips)
Lauriston72: posts small blind $1
MTails: posts big blind $3
*** HOLE CARDS ***
Lauriston72: calls $2
MTails: raises $3 to $6
Lauriston72: calls $3
*** FLOP *** [Ks 6s Kh]
MTails: bets $3
Lauriston72: folds
Uncalled bet ($3) returned to MTails
MTails collected $11.76 from pot
*** SUMMARY ***
Total pot $12 | Rake $0.24
Board [Ks 6s Kh]
Seat 4: MTails (big blind) collected ($11.76)
Seat 5: Lauriston72 (button) (small blind) folded on the Flop


PokerStars Hand #168790049298:  Hold'em Limit ($3/$6 USD) - 2017/04/09 8:03:06 ET
Table 'Swings II' 6-max Seat #4 is the button
Seat 4: MTails ($165.76 in chips)
Seat 5: Lauriston72 ($76 in chips)
MTails: posts small blind $1
Lauriston72: posts big blind $3
*** HOLE CARDS ***
MTails: raises $3 to $6
Lauriston72: calls $3
*** FLOP *** [9s 8c 6c]
yamaxerm joins the table at seat #2
Lauriston72: checks
MTails: bets $3
Lauriston72: calls $3
*** TURN *** [9s 8c 6c] [4c]
Lauriston72: checks
MTails: bets $6
Lauriston72: calls $6
*** RIVER *** [9s 8c 6c 4c] [5d]
Lauriston72: checks
MTails: bets $6
Lauriston72: folds
Uncalled bet ($6) returned to MTails
MTails collected $29.50 from pot
MTails: doesn't show hand
*** SUMMARY ***
Total pot $30 | Rake $0.50
Board [9s 8c 6c 4c 5d]
Seat 4: MTails (button) (small blind) collected ($29.50)
Seat 5: Lauriston72 (big blind) folded on the River


PokerStars Hand #168790039950:  Hold'em Limit ($3/$6 USD) - 2017/04/09 8:02:48 ET
Table 'Swings II' 6-max Seat #5 is the button
Seat 4: MTails ($142.26 in chips)
Seat 5: Lauriston72 ($100 in chips)
Lauriston72: posts small blind $1
MTails: posts big blind $3
*** HOLE CARDS ***
Lauriston72: raises $3 to $6
MTails: calls $3
*** FLOP *** [As 8c 4s]
MTails: checks
Lauriston72: bets $3
MTails: raises $3 to $6
Lauriston72: calls $3
*** TURN *** [As 8c 4s] [Js]
MTails: bets $6
Lauriston72: raises $6 to $12
MTails: calls $6
*** RIVER *** [As 8c 4s Js] [Qs]
Kayaxinh joins the table at seat #1
MTails: checks
Lauriston72: checks
*** SHOW DOWN ***
MTails: shows [4h Ac] (two pair, Aces and Fours)
Lauriston72: mucks hand
MTails collected $47.50 from pot
*** SUMMARY ***
Total pot $48 | Rake $0.50
Board [As 8c 4s Js Qs]
Seat 4: MTails (big blind) showed [4h Ac] and won ($47.50) with two pair, Aces and Fours
Seat 5: Lauriston72 (button) (small blind) mucked


PokerStars Hand #168790029200:  Hold'em Limit ($3/$6 USD) - 2017/04/09 8:02:26 ET
Table 'Swings II' 6-max Seat #4 is the button
Seat 4: MTails ($127.76 in chips)
Seat 5: Lauriston72 ($115 in chips)
MTails: posts small blind $1
Lauriston72: posts big blind $3
*** HOLE CARDS ***
MTails: raises $3 to $6
Lauriston72: calls $3
*** FLOP *** [2s Kh 3c]
Lauriston72: checks
MTails: bets $3
Lauriston72: calls $3
*** TURN *** [2s Kh 3c] [Jd]
Lauriston72: checks
MTails: bets $6
Lauriston72: calls $6
*** RIVER *** [2s Kh 3c Jd] [8d]
Lauriston72: checks
MTails: bets $6
Lauriston72: folds
Uncalled bet ($6) returned to MTails
MTails collected $29.50 from pot
*** SUMMARY ***
Total pot $30 | Rake $0.50
Board [2s Kh 3c Jd 8d]
Seat 4: MTails (button) (small blind) collected ($29.50)
Seat 5: Lauriston72 (big blind) folded on the River


