PokerStars Hand #151699537654:  Hold'em Limit ($3/$6 USD) - 2016/04/10 4:19:02 ET
Table 'Swope' 6-max Seat #2 is the button
Seat 1: ramzez8190 ($30 in chips)
Seat 2: kolaz03 ($72 in chips)
kolaz03: posts small blind $1
Kurganski: is sitting out
ramzez8190: posts big blind $3
*** HOLE CARDS ***
kolaz03: raises $3 to $6
ramzez8190: calls $3
*** FLOP *** [7s 9d Ah]
ramzez8190: checks
kolaz03: bets $3
ramzez8190: calls $3
*** TURN *** [7s 9d Ah] [6s]
ramzez8190: checks
kolaz03: bets $6
ramzez8190: calls $6
*** RIVER *** [7s 9d Ah 6s] [4d]
ramzez8190: checks
kolaz03: bets $6
ramzez8190: folds
Uncalled bet ($6) returned to kolaz03
kolaz03 collected $29.50 from pot
kolaz03: doesn't show hand
*** SUMMARY ***
Total pot $30 | Rake $0.50
Board [7s 9d Ah 6s 4d]
Seat 1: ramzez8190 (big blind) folded on the River
Seat 2: kolaz03 (button) (small blind) collected ($29.50)


PokerStars Hand #151699566738:  Hold'em Limit ($3/$6 USD) - 2016/04/10 4:20:18 ET
Table 'Swope' 6-max Seat #1 is the button
Seat 1: ramzez8190 ($15 in chips)
Seat 2: kolaz03 ($86.50 in chips)
ramzez8190: posts small blind $1
kolaz03: posts big blind $3
*** HOLE CARDS ***
Kurganski leaves the table
ramzez8190: calls $2
kolaz03: raises $3 to $6
ramzez8190: calls $3
*** FLOP *** [Ks 5d 7c]
kolaz03: bets $3
ramzez8190: raises $3 to $6
kolaz03: raises $3 to $9
ramzez8190: calls $3 and is all-in
*** TURN *** [Ks 5d 7c] [5s]
*** RIVER *** [Ks 5d 7c 5s] [Qd]
*** SHOW DOWN ***
kolaz03: shows [Ad 4h] (a pair of Fives)
ramzez8190: shows [Kc 2d] (two pair, Kings and Fives)
ramzez8190 collected $29.50 from pot
*** SUMMARY ***
Total pot $30 | Rake $0.50
Board [Ks 5d 7c 5s Qd]
Seat 1: ramzez8190 (button) (small blind) showed [Kc 2d] and won ($29.50) with two pair, Kings and Fives
Seat 2: kolaz03 (big blind) showed [Ad 4h] and lost with a pair of Fives


PokerStars Hand #151699575267:  Hold'em Limit ($3/$6 USD) - 2016/04/10 4:20:40 ET
Table 'Swope' 6-max Seat #2 is the button
Seat 1: ramzez8190 ($29.50 in chips)
Seat 2: kolaz03 ($72 in chips)
kolaz03: posts small blind $1
ramzez8190: posts big blind $3
*** HOLE CARDS ***
kolaz03: raises $3 to $6
ramzez8190: calls $3
*** FLOP *** [3d Jc 8d]
ramzez8190: checks
kolaz03: bets $3
ramzez8190: calls $3
*** TURN *** [3d Jc 8d] [9c]
ramzez8190: checks
kolaz03: checks
*** RIVER *** [3d Jc 8d 9c] [Ks]
ramzez8190: bets $6
kolaz03: folds
Uncalled bet ($6) returned to ramzez8190
ramzez8190 collected $17.64 from pot
ramzez8190: doesn't show hand
*** SUMMARY ***
Total pot $18 | Rake $0.36
Board [3d Jc 8d 9c Ks]
Seat 1: ramzez8190 (big blind) collected ($17.64)
Seat 2: kolaz03 (button) (small blind) folded on the River


PokerStars Hand #151699586395:  Hold'em Limit ($3/$6 USD) - 2016/04/10 4:21:09 ET
Table 'Swope' 6-max Seat #1 is the button
Seat 1: ramzez8190 ($38.14 in chips)
Seat 2: kolaz03 ($72 in chips)
ramzez8190: posts small blind $1
kolaz03: posts big blind $3
*** HOLE CARDS ***
ramzez8190: calls $2
Tsoy777 joins the table at seat #6
kolaz03: checks
*** FLOP *** [6d Jh Jd]
kolaz03: checks
ramzez8190: checks
*** TURN *** [6d Jh Jd] [6s]
kolaz03: checks
ramzez8190: checks
*** RIVER *** [6d Jh Jd 6s] [5s]
kolaz03: checks
ramzez8190: bets $6
kolaz03: calls $6
*** SHOW DOWN ***
ramzez8190: shows [7d 2d] (two pair, Jacks and Sixes)
kolaz03: shows [4c Kh] (two pair, Jacks and Sixes - King kicker)
kolaz03 collected $17.64 from pot
*** SUMMARY ***
Total pot $18 | Rake $0.36
Board [6d Jh Jd 6s 5s]
Seat 1: ramzez8190 (button) (small blind) showed [7d 2d] and lost with two pair, Jacks and Sixes
Seat 2: kolaz03 (big blind) showed [4c Kh] and won ($17.64) with two pair, Jacks and Sixes


PokerStars Hand #151700067732:  Hold'em Limit ($3/$6 USD) - 2016/04/10 4:41:24 ET
Table 'Swope' 6-max Seat #2 is the button
Seat 2: kolaz03 ($72.74 in chips)
Seat 5: zizonmusang ($41.07 in chips)
kolaz03: posts small blind $1
ravnen666: is sitting out
zizonmusang: posts big blind $3
*** HOLE CARDS ***
kolaz03: folds
Uncalled bet ($2) returned to zizonmusang
zizonmusang collected $2 from pot
zizonmusang: doesn't show hand
*** SUMMARY ***
Total pot $2 | Rake $0
Seat 2: kolaz03 (button) (small blind) folded before Flop
Seat 5: zizonmusang (big blind) collected ($2)


