PokerStars Hand #154897900213:  Hold'em Limit ($3/$6 USD) - 2016/06/18 13:18:28 ET
Table 'Swope' 6-max Seat #3 is the button
Seat 3: criminates68 ($50.58 in chips)
Seat 5: GoliafUa ($120 in chips)
criminates68: posts small blind $1
GoliafUa: posts big blind $3
*** HOLE CARDS ***
criminates68: raises $3 to $6
GoliafUa: calls $3
*** FLOP *** [Th Qd 3h]
GoliafUa: checks
criminates68: bets $3
GoliafUa: folds
Uncalled bet ($3) returned to criminates68
criminates68 collected $11.76 from pot
criminates68: doesn't show hand
*** SUMMARY ***
Total pot $12 | Rake $0.24
Board [Th Qd 3h]
Seat 3: criminates68 (button) (small blind) collected ($11.76)
Seat 5: GoliafUa (big blind) folded on the Flop


PokerStars Hand #154897911336:  Hold'em Limit ($3/$6 USD) - 2016/06/18 13:18:44 ET
Table 'Swope' 6-max Seat #5 is the button
Seat 3: criminates68 ($56.34 in chips)
Seat 5: GoliafUa ($114 in chips)
GoliafUa: posts small blind $1
criminates68: posts big blind $3
*** HOLE CARDS ***
GoliafUa: raises $3 to $6
criminates68: raises $3 to $9
GoliafUa: calls $3
*** FLOP *** [2d 5c 9s]
criminates68: bets $3
GoliafUa: calls $3
*** TURN *** [2d 5c 9s] [4s]
criminates68: bets $6
GoliafUa: calls $6
*** RIVER *** [2d 5c 9s 4s] [2h]
criminates68: bets $6
GoliafUa: calls $6
*** SHOW DOWN ***
criminates68: shows [Ah 5s] (two pair, Fives and Deuces)
GoliafUa: mucks hand
criminates68 collected $47.50 from pot
*** SUMMARY ***
Total pot $48 | Rake $0.50
Board [2d 5c 9s 4s 2h]
Seat 3: criminates68 (big blind) showed [Ah 5s] and won ($47.50) with two pair, Fives and Deuces
Seat 5: GoliafUa (button) (small blind) mucked


PokerStars Hand #154897955225:  Hold'em Limit ($3/$6 USD) - 2016/06/18 13:19:45 ET
Table 'Swope' 6-max Seat #5 is the button
Seat 3: criminates68 ($105.34 in chips)
Seat 5: GoliafUa ($124 in chips)
GoliafUa: posts small blind $1
criminates68: posts big blind $3
*** HOLE CARDS ***
GoliafUa: raises $3 to $6
criminates68: folds
Uncalled bet ($3) returned to GoliafUa
GoliafUa collected $6 from pot
*** SUMMARY ***
Total pot $6 | Rake $0
Seat 3: criminates68 (big blind) folded before Flop
Seat 5: GoliafUa (button) (small blind) collected ($6)


PokerStars Hand #154897952077:  Hold'em Limit ($3/$6 USD) - 2016/06/18 13:19:41 ET
Table 'Swope' 6-max Seat #3 is the button
Seat 3: criminates68 ($106.34 in chips)
Seat 5: GoliafUa ($123 in chips)
criminates68: posts small blind $1
GoliafUa: posts big blind $3
*** HOLE CARDS ***
criminates68: folds
Uncalled bet ($2) returned to GoliafUa
GoliafUa collected $2 from pot
*** SUMMARY ***
Total pot $2 | Rake $0
Seat 3: criminates68 (button) (small blind) folded before Flop
Seat 5: GoliafUa (big blind) collected ($2)


PokerStars Hand #154897949105:  Hold'em Limit ($3/$6 USD) - 2016/06/18 13:19:37 ET
Table 'Swope' 6-max Seat #5 is the button
Seat 3: criminates68 ($109.34 in chips)
Seat 5: GoliafUa ($120 in chips)
GoliafUa: posts small blind $1
criminates68: posts big blind $3
*** HOLE CARDS ***
GoliafUa: raises $3 to $6
criminates68: folds
Uncalled bet ($3) returned to GoliafUa
GoliafUa collected $6 from pot
*** SUMMARY ***
Total pot $6 | Rake $0
Seat 3: criminates68 (big blind) folded before Flop
Seat 5: GoliafUa (button) (small blind) collected ($6)


PokerStars Hand #154897946065:  Hold'em Limit ($3/$6 USD) - 2016/06/18 13:19:32 ET
Table 'Swope' 6-max Seat #3 is the button
Seat 3: criminates68 ($110.34 in chips)
Seat 5: GoliafUa ($119 in chips)
criminates68: posts small blind $1
GoliafUa: posts big blind $3
*** HOLE CARDS ***
criminates68: folds
Uncalled bet ($2) returned to GoliafUa
GoliafUa collected $2 from pot
*** SUMMARY ***
Total pot $2 | Rake $0
Seat 3: criminates68 (button) (small blind) folded before Flop
Seat 5: GoliafUa (big blind) collected ($2)


PokerStars Hand #154897942830:  Hold'em Limit ($3/$6 USD) - 2016/06/18 13:19:28 ET
Table 'Swope' 6-max Seat #5 is the button
Seat 3: criminates68 ($109.34 in chips)
Seat 5: GoliafUa ($120 in chips)
GoliafUa: posts small blind $1
criminates68: posts big blind $3
*** HOLE CARDS ***
GoliafUa: folds
Uncalled bet ($2) returned to criminates68
criminates68 collected $2 from pot
criminates68: doesn't show hand
*** SUMMARY ***
Total pot $2 | Rake $0
Seat 3: criminates68 (big blind) collected ($2)
Seat 5: GoliafUa (button) (small blind) folded before Flop


PokerStars Hand #154897939611:  Hold'em Limit ($3/$6 USD) - 2016/06/18 13:19:23 ET
Table 'Swope' 6-max Seat #3 is the button
Seat 3: criminates68 ($110.34 in chips)
Seat 5: GoliafUa ($119 in chips)
criminates68: posts small blind $1
GoliafUa: posts big blind $3
*** HOLE CARDS ***
criminates68: folds
Uncalled bet ($2) returned to GoliafUa
GoliafUa collected $2 from pot
*** SUMMARY ***
Total pot $2 | Rake $0
Seat 3: criminates68 (button) (small blind) folded before Flop
Seat 5: GoliafUa (big blind) collected ($2)


PokerStars Hand #154897936380:  Hold'em Limit ($3/$6 USD) - 2016/06/18 13:19:19 ET
Table 'Swope' 6-max Seat #5 is the button
Seat 3: criminates68 ($109.34 in chips)
Seat 5: GoliafUa ($120 in chips)
GoliafUa: posts small blind $1
criminates68: posts big blind $3
*** HOLE CARDS ***
GoliafUa: folds
Uncalled bet ($2) returned to criminates68
criminates68 collected $2 from pot
criminates68: doesn't show hand
*** SUMMARY ***
Total pot $2 | Rake $0
Seat 3: criminates68 (big blind) collected ($2)
Seat 5: GoliafUa (button) (small blind) folded before Flop


PokerStars Hand #154897922769:  Hold'em Limit ($3/$6 USD) - 2016/06/18 13:19:00 ET
Table 'Swope' 6-max Seat #3 is the button
Seat 3: criminates68 ($79.84 in chips)
Seat 5: GoliafUa ($90 in chips)
criminates68: posts small blind $1
GoliafUa: posts big blind $3
*** HOLE CARDS ***
criminates68: raises $3 to $6
GoliafUa: raises $3 to $9
criminates68: calls $3
*** FLOP *** [Tc 2d 5h]
GoliafUa: bets $3
criminates68: calls $3
*** TURN *** [Tc 2d 5h] [Qs]
GoliafUa: bets $6
criminates68: calls $6
*** RIVER *** [Tc 2d 5h Qs] [4c]
GoliafUa: bets $6
criminates68: raises $6 to $12
GoliafUa: calls $6
*** SHOW DOWN ***
criminates68: shows [Kd Qc] (a pair of Queens)
GoliafUa: mucks hand
criminates68 collected $59.50 from pot
*** SUMMARY ***
Total pot $60 | Rake $0.50
Board [Tc 2d 5h Qs 4c]
Seat 3: criminates68 (button) (small blind) showed [Kd Qc] and won ($59.50) with a pair of Queens
Seat 5: GoliafUa (big blind) mucked


PokerStars Hand #154897958676:  Hold'em Limit ($3/$6 USD) - 2016/06/18 13:19:50 ET
Table 'Swope' 6-max Seat #3 is the button
Seat 3: criminates68 ($102.34 in chips)
Seat 5: GoliafUa ($127 in chips)
criminates68: posts small blind $1
GoliafUa: posts big blind $3
*** HOLE CARDS ***
criminates68: folds
Uncalled bet ($2) returned to GoliafUa
GoliafUa collected $2 from pot
*** SUMMARY ***
Total pot $2 | Rake $0
Seat 3: criminates68 (button) (small blind) folded before Flop
Seat 5: GoliafUa (big blind) collected ($2)


PokerStars Hand #154897996800:  Hold'em Limit ($3/$6 USD) - 2016/06/18 13:20:44 ET
Table 'Swope' 6-max Seat #5 is the button
Seat 3: criminates68 ($130.48 in chips)
Seat 5: GoliafUa ($98 in chips)
GoliafUa: posts small blind $1
criminates68: posts big blind $3
*** HOLE CARDS ***
GoliafUa: raises $3 to $6
criminates68: folds
Uncalled bet ($3) returned to GoliafUa
GoliafUa collected $6 from pot
*** SUMMARY ***
Total pot $6 | Rake $0
Seat 3: criminates68 (big blind) folded before Flop
Seat 5: GoliafUa (button) (small blind) collected ($6)


PokerStars Hand #154897993539:  Hold'em Limit ($3/$6 USD) - 2016/06/18 13:20:39 ET
Table 'Swope' 6-max Seat #3 is the button
Seat 3: criminates68 ($131.48 in chips)
Seat 5: GoliafUa ($97 in chips)
criminates68: posts small blind $1
GoliafUa: posts big blind $3
*** HOLE CARDS ***
criminates68: folds
Uncalled bet ($2) returned to GoliafUa
GoliafUa collected $2 from pot
*** SUMMARY ***
Total pot $2 | Rake $0
Seat 3: criminates68 (button) (small blind) folded before Flop
Seat 5: GoliafUa (big blind) collected ($2)


PokerStars Hand #154897989319:  Hold'em Limit ($3/$6 USD) - 2016/06/18 13:20:33 ET
Table 'Swope' 6-max Seat #5 is the button
Seat 3: criminates68 ($134.48 in chips)
Seat 5: GoliafUa ($94 in chips)
GoliafUa: posts small blind $1
criminates68: posts big blind $3
*** HOLE CARDS ***
GoliafUa: raises $3 to $6
criminates68: folds
Uncalled bet ($3) returned to GoliafUa
GoliafUa collected $6 from pot
*** SUMMARY ***
Total pot $6 | Rake $0
Seat 3: criminates68 (big blind) folded before Flop
Seat 5: GoliafUa (button) (small blind) collected ($6)


PokerStars Hand #154897986180:  Hold'em Limit ($3/$6 USD) - 2016/06/18 13:20:29 ET
Table 'Swope' 6-max Seat #3 is the button
Seat 3: criminates68 ($135.48 in chips)
Seat 5: GoliafUa ($93 in chips)
criminates68: posts small blind $1
GoliafUa: posts big blind $3
*** HOLE CARDS ***
criminates68: folds
Uncalled bet ($2) returned to GoliafUa
GoliafUa collected $2 from pot
*** SUMMARY ***
Total pot $2 | Rake $0
Seat 3: criminates68 (button) (small blind) folded before Flop
Seat 5: GoliafUa (big blind) collected ($2)


PokerStars Hand #154897978477:  Hold'em Limit ($3/$6 USD) - 2016/06/18 13:20:18 ET
Table 'Swope' 6-max Seat #5 is the button
Seat 3: criminates68 ($126.84 in chips)
Seat 5: GoliafUa ($102 in chips)
GoliafUa: posts small blind $1
criminates68: posts big blind $3
*** HOLE CARDS ***
GoliafUa: raises $3 to $6
criminates68: calls $3
*** FLOP *** [2s Ah Kd]
criminates68: checks
GoliafUa: bets $3
criminates68: raises $3 to $6
GoliafUa: folds
Uncalled bet ($3) returned to criminates68
criminates68 collected $17.64 from pot
criminates68: doesn't show hand
*** SUMMARY ***
Total pot $18 | Rake $0.36
Board [2s Ah Kd]
Seat 3: criminates68 (big blind) collected ($17.64)
Seat 5: GoliafUa (button) (small blind) folded on the Flop


PokerStars Hand #154897974067:  Hold'em Limit ($3/$6 USD) - 2016/06/18 13:20:12 ET
Table 'Swope' 6-max Seat #3 is the button
Seat 3: criminates68 ($127.84 in chips)
Seat 5: GoliafUa ($101 in chips)
criminates68: posts small blind $1
GoliafUa: posts big blind $3
*** HOLE CARDS ***
criminates68: folds
Uncalled bet ($2) returned to GoliafUa
GoliafUa collected $2 from pot
*** SUMMARY ***
Total pot $2 | Rake $0
Seat 3: criminates68 (button) (small blind) folded before Flop
Seat 5: GoliafUa (big blind) collected ($2)


PokerStars Hand #154897961861:  Hold'em Limit ($3/$6 USD) - 2016/06/18 13:19:55 ET
Table 'Swope' 6-max Seat #5 is the button
Seat 3: criminates68 ($101.34 in chips)
Seat 5: GoliafUa ($128 in chips)
GoliafUa: posts small blind $1
criminates68: posts big blind $3
*** HOLE CARDS ***
GoliafUa: raises $3 to $6
criminates68: calls $3
*** FLOP *** [Ac 8h 6d]
criminates68: checks
GoliafUa: bets $3
criminates68: calls $3
*** TURN *** [Ac 8h 6d] [4s]
criminates68: checks
GoliafUa: bets $6
criminates68: raises $6 to $12
GoliafUa: calls $6
*** RIVER *** [Ac 8h 6d 4s] [2s]
criminates68: bets $6
GoliafUa: calls $6
*** SHOW DOWN ***
criminates68: shows [6h 8c] (two pair, Eights and Sixes)
GoliafUa: mucks hand
criminates68 collected $53.50 from pot
*** SUMMARY ***
Total pot $54 | Rake $0.50
Board [Ac 8h 6d 4s 2s]
Seat 3: criminates68 (big blind) showed [6h 8c] and won ($53.50) with two pair, Eights and Sixes
Seat 5: GoliafUa (button) (small blind) mucked


PokerStars Hand #154898003672:  Hold'em Limit ($3/$6 USD) - 2016/06/18 13:20:53 ET
Table 'Swope' 6-max Seat #5 is the button
Seat 3: criminates68 ($126.48 in chips)
Seat 5: GoliafUa ($102 in chips)
GoliafUa: posts small blind $1
criminates68: posts big blind $3
*** HOLE CARDS ***
GoliafUa: raises $3 to $6
criminates68: folds
Uncalled bet ($3) returned to GoliafUa
GoliafUa collected $6 from pot
*** SUMMARY ***
Total pot $6 | Rake $0
Seat 3: criminates68 (big blind) folded before Flop
Seat 5: GoliafUa (button) (small blind) collected ($6)


PokerStars Hand #154898000399:  Hold'em Limit ($3/$6 USD) - 2016/06/18 13:20:49 ET
Table 'Swope' 6-max Seat #3 is the button
Seat 3: criminates68 ($127.48 in chips)
Seat 5: GoliafUa ($101 in chips)
criminates68: posts small blind $1
GoliafUa: posts big blind $3
*** HOLE CARDS ***
criminates68: folds
Uncalled bet ($2) returned to GoliafUa
GoliafUa collected $2 from pot
*** SUMMARY ***
Total pot $2 | Rake $0
Seat 3: criminates68 (button) (small blind) folded before Flop
Seat 5: GoliafUa (big blind) collected ($2)


PokerStars Hand #154898021468:  Hold'em Limit ($3/$6 USD) - 2016/06/18 13:21:18 ET
Table 'Swope' 6-max Seat #3 is the button
Seat 3: criminates68 ($136.98 in chips)
Seat 5: GoliafUa ($151 in chips)
criminates68: posts small blind $1
GoliafUa: posts big blind $3
*** HOLE CARDS ***
criminates68: folds
Uncalled bet ($2) returned to GoliafUa
GoliafUa collected $2 from pot
*** SUMMARY ***
Total pot $2 | Rake $0
Seat 3: criminates68 (button) (small blind) folded before Flop
Seat 5: GoliafUa (big blind) collected ($2)


PokerStars Hand #154898010528:  Hold'em Limit ($3/$6 USD) - 2016/06/18 13:21:03 ET
Table 'Swope' 6-max Seat #5 is the button
Seat 3: criminates68 ($122.48 in chips)
Seat 5: GoliafUa ($106 in chips)
GoliafUa: posts small blind $1
criminates68: posts big blind $3
*** HOLE CARDS ***
GoliafUa: raises $3 to $6
criminates68: calls $3
*** FLOP *** [6s 8h Tc]
criminates68: checks
GoliafUa: bets $3
criminates68: calls $3
*** TURN *** [6s 8h Tc] [Jh]
criminates68: checks
GoliafUa: bets $6
criminates68: calls $6
*** RIVER *** [6s 8h Tc Jh] [8d]
30KOLIN joins the table at seat #6
criminates68: bets $6
GoliafUa: folds
Uncalled bet ($6) returned to criminates68
criminates68 collected $29.50 from pot
criminates68: doesn't show hand
*** SUMMARY ***
Total pot $30 | Rake $0.50
Board [6s 8h Tc Jh 8d]
Seat 3: criminates68 (big blind) collected ($29.50)
Seat 5: GoliafUa (button) (small blind) folded on the River


PokerStars Hand #154898007394:  Hold'em Limit ($3/$6 USD) - 2016/06/18 13:20:59 ET
Table 'Swope' 6-max Seat #3 is the button
Seat 3: criminates68 ($123.48 in chips)
Seat 5: GoliafUa ($105 in chips)
criminates68: posts small blind $1
GoliafUa: posts big blind $3
*** HOLE CARDS ***
criminates68: folds
Uncalled bet ($2) returned to GoliafUa
GoliafUa collected $2 from pot
*** SUMMARY ***
Total pot $2 | Rake $0
Seat 3: criminates68 (button) (small blind) folded before Flop
Seat 5: GoliafUa (big blind) collected ($2)


PokerStars Hand #154898070000:  Hold'em Limit ($3/$6 USD) - 2016/06/18 13:22:27 ET
Table 'Swope' 6-max Seat #1 is the button
Seat 1: _stel_23_ ($99.36 in chips)
Seat 6: 30KOLIN ($25.74 in chips)
_stel_23_: posts small blind $1
GoliafUa: is sitting out
30KOLIN: posts big blind $3
*** HOLE CARDS ***
_stel_23_: raises $3 to $6
30KOLIN: calls $3
*** FLOP *** [9h 7s Kd]
30KOLIN: checks
_stel_23_: bets $3
30KOLIN: folds
Uncalled bet ($3) returned to _stel_23_
_stel_23_ collected $11.76 from pot
_stel_23_: doesn't show hand
*** SUMMARY ***
Total pot $12 | Rake $0.24
Board [9h 7s Kd]
Seat 1: _stel_23_ (button) (small blind) collected ($11.76)
Seat 6: 30KOLIN (big blind) folded on the Flop


