PokerStars Hand #145066188456:  Hold'em Limit ($3/$6 USD) - 2015/12/09 7:08:08 ET
Table 'Sy' 10-max Seat #5 is the button
Seat 5: Braakie1977 ($77.51 in chips)
Seat 6: Agrotait ($72 in chips)
Braakie1977: posts small blind $1
Agrotait: posts big blind $3
*** HOLE CARDS ***
Braakie1977: raises $3 to $6
Agrotait: calls $3
*** FLOP *** [Js 3c Tc]
Agrotait: checks
Braakie1977: bets $3
Agrotait: raises $3 to $6
Braakie1977: calls $3
*** TURN *** [Js 3c Tc] [3h]
Agrotait: bets $6
Braakie1977: folds
Uncalled bet ($6) returned to Agrotait
Agrotait collected $23.52 from pot
*** SUMMARY ***
Total pot $24 | Rake $0.48
Board [Js 3c Tc 3h]
Seat 5: Braakie1977 (button) (small blind) folded on the Turn
Seat 6: Agrotait (big blind) collected ($23.52)


PokerStars Hand #145066198302:  Hold'em Limit ($3/$6 USD) - 2015/12/09 7:08:28 ET
Table 'Sy' 10-max Seat #6 is the button
Seat 5: Braakie1977 ($65.51 in chips)
Seat 6: Agrotait ($83.52 in chips)
Agrotait: posts small blind $1
Braakie1977: posts big blind $3
*** HOLE CARDS ***
Agrotait: raises $3 to $6
Braakie1977: calls $3
*** FLOP *** [8h 6c 6h]
Braakie1977: bets $3
Agrotait: calls $3
*** TURN *** [8h 6c 6h] [4d]
Braakie1977: bets $6
Agrotait: calls $6
*** RIVER *** [8h 6c 6h 4d] [7c]
Braakie1977: bets $6
Agrotait: folds
Uncalled bet ($6) returned to Braakie1977
Braakie1977 collected $29.50 from pot
*** SUMMARY ***
Total pot $30 | Rake $0.50
Board [8h 6c 6h 4d 7c]
Seat 5: Braakie1977 (big blind) collected ($29.50)
Seat 6: Agrotait (button) (small blind) folded on the River


PokerStars Hand #145066226252:  Hold'em Limit ($3/$6 USD) - 2015/12/09 7:09:23 ET
Table 'Sy' 10-max Seat #5 is the button
Seat 5: Braakie1977 ($80.01 in chips)
Seat 6: Agrotait ($68.52 in chips)
Braakie1977: posts small blind $1
Agrotait: posts big blind $3
*** HOLE CARDS ***
Braakie1977: folds
Uncalled bet ($2) returned to Agrotait
Agrotait collected $2 from pot
Agrotait: doesn't show hand
*** SUMMARY ***
Total pot $2 | Rake $0
Seat 5: Braakie1977 (button) (small blind) folded before Flop
Seat 6: Agrotait (big blind) collected ($2)


PokerStars Hand #145066228469:  Hold'em Limit ($3/$6 USD) - 2015/12/09 7:09:27 ET
Table 'Sy' 10-max Seat #6 is the button
Seat 5: Braakie1977 ($79.01 in chips)
Seat 6: Agrotait ($69.52 in chips)
Agrotait: posts small blind $1
Braakie1977: posts big blind $3
*** HOLE CARDS ***
Agrotait: raises $3 to $6
Braakie1977: folds
Uncalled bet ($3) returned to Agrotait
Agrotait collected $6 from pot
Agrotait: doesn't show hand
*** SUMMARY ***
Total pot $6 | Rake $0
Seat 5: Braakie1977 (big blind) folded before Flop
Seat 6: Agrotait (button) (small blind) collected ($6)


PokerStars Hand #145066231237:  Hold'em Limit ($3/$6 USD) - 2015/12/09 7:09:33 ET
Table 'Sy' 10-max Seat #5 is the button
Seat 5: Braakie1977 ($76.01 in chips)
Seat 6: Agrotait ($72.52 in chips)
Braakie1977: posts small blind $1
Agrotait: posts big blind $3
*** HOLE CARDS ***
Braakie1977: raises $3 to $6
Agrotait: calls $3
*** FLOP *** [5h Qs 2s]
B_loJkl joins the table at seat #7
Agrotait: checks
Braakie1977: bets $3
Agrotait: folds
Uncalled bet ($3) returned to Braakie1977
Braakie1977 collected $11.76 from pot
*** SUMMARY ***
Total pot $12 | Rake $0.24
Board [5h Qs 2s]
Seat 5: Braakie1977 (button) (small blind) collected ($11.76)
Seat 6: Agrotait (big blind) folded on the Flop


