PokerStars Hand #148265832424:  Hold'em Limit ($3/$6 USD) - 2016/02/05 4:45:11 ET
Table 'Sy' 6-max Seat #4 is the button
Seat 4: Rmk1500 ($97.35 in chips)
Seat 6: BelSv ($50.82 in chips)
Rmk1500: posts small blind $1
BelSv: posts big blind $3
*** HOLE CARDS ***
Rmk1500: raises $3 to $6
BelSv: calls $3
*** FLOP *** [6s 4h 2h]
BelSv: checks
Rmk1500: bets $3
BelSv: raises $3 to $6
Rmk1500: calls $3
*** TURN *** [6s 4h 2h] [7s]
BelSv: bets $6
Rmk1500: calls $6
*** RIVER *** [6s 4h 2h 7s] [Qc]
BelSv: bets $6
Rmk1500: calls $6
*** SHOW DOWN ***
BelSv: shows [6d Kd] (a pair of Sixes)
Rmk1500: mucks hand
BelSv collected $47.50 from pot
*** SUMMARY ***
Total pot $48 | Rake $0.50
Board [6s 4h 2h 7s Qc]
Seat 4: Rmk1500 (button) (small blind) mucked
Seat 6: BelSv (big blind) showed [6d Kd] and won ($47.50) with a pair of Sixes


PokerStars Hand #148265820901:  Hold'em Limit ($3/$6 USD) - 2016/02/05 4:44:46 ET
Table 'Sy' 6-max Seat #6 is the button
Seat 4: Rmk1500 ($85.83 in chips)
Seat 6: BelSv ($50.82 in chips)
BelSv: posts small blind $1
wobetting: is sitting out
Rmk1500: posts big blind $3
*** HOLE CARDS ***
wobetting leaves the table
BelSv: raises $3 to $6
Rmk1500: calls $3
*** FLOP *** [6h Kh 2c]
Rmk1500: checks
BelSv: bets $3
Rmk1500: raises $3 to $6
BelSv: calls $3
*** TURN *** [6h Kh 2c] [3s]
Rmk1500: bets $6
BelSv: folds
Uncalled bet ($6) returned to Rmk1500
Rmk1500 collected $23.52 from pot
*** SUMMARY ***
Total pot $24 | Rake $0.48
Board [6h Kh 2c 3s]
Seat 4: Rmk1500 (big blind) collected ($23.52)
Seat 6: BelSv (button) (small blind) folded on the Turn


PokerStars Hand #148265842100:  Hold'em Limit ($3/$6 USD) - 2016/02/05 4:45:32 ET
Table 'Sy' 6-max Seat #6 is the button
Seat 4: Rmk1500 ($73.35 in chips)
Seat 6: BelSv ($74.32 in chips)
BelSv: posts small blind $1
Rmk1500: posts big blind $3
*** HOLE CARDS ***
BelSv: raises $3 to $6
Rmk1500: calls $3
*** FLOP *** [5c 8h 9c]
Rmk1500: checks
BelSv: checks
*** TURN *** [5c 8h 9c] [7d]
Rmk1500: bets $6
BelSv: calls $6
*** RIVER *** [5c 8h 9c 7d] [9d]
Rmk1500: checks
BelSv: checks
*** SHOW DOWN ***
Rmk1500: shows [Ks 3h] (a pair of Nines)
BelSv: shows [5s Kh] (two pair, Nines and Fives)
BelSv collected $23.52 from pot
*** SUMMARY ***
Total pot $24 | Rake $0.48
Board [5c 8h 9c 7d 9d]
Seat 4: Rmk1500 (big blind) showed [Ks 3h] and lost with a pair of Nines
Seat 6: BelSv (button) (small blind) showed [5s Kh] and won ($23.52) with two pair, Nines and Fives


PokerStars Hand #148265872126:  Hold'em Limit ($3/$6 USD) - 2016/02/05 4:46:37 ET
Table 'Sy' 6-max Seat #4 is the button
Seat 4: Rmk1500 ($57.11 in chips)
Seat 6: BelSv ($89.60 in chips)
Rmk1500: posts small blind $1
BelSv: posts big blind $3
*** HOLE CARDS ***
Rmk1500: raises $3 to $6
BelSv: calls $3
*** FLOP *** [4d Ts Js]
BelSv: checks
Rmk1500: bets $3
BelSv: folds
Uncalled bet ($3) returned to Rmk1500
Rmk1500 collected $11.76 from pot
*** SUMMARY ***
Total pot $12 | Rake $0.24
Board [4d Ts Js]
Seat 4: Rmk1500 (button) (small blind) collected ($11.76)
Seat 6: BelSv (big blind) folded on the Flop


PokerStars Hand #148265869234:  Hold'em Limit ($3/$6 USD) - 2016/02/05 4:46:31 ET
Table 'Sy' 6-max Seat #6 is the button
Seat 4: Rmk1500 ($60.11 in chips)
Seat 6: BelSv ($86.60 in chips)
BelSv: posts small blind $1
Rmk1500: posts big blind $3
*** HOLE CARDS ***
BelSv: raises $3 to $6
Rmk1500: folds
Uncalled bet ($3) returned to BelSv
BelSv collected $6 from pot
BelSv: doesn't show hand
*** SUMMARY ***
Total pot $6 | Rake $0
Seat 4: Rmk1500 (big blind) folded before Flop
Seat 6: BelSv (button) (small blind) collected ($6)


PokerStars Hand #148265853315:  Hold'em Limit ($3/$6 USD) - 2016/02/05 4:45:57 ET
Table 'Sy' 6-max Seat #4 is the button
Seat 4: Rmk1500 ($61.35 in chips)
Seat 6: BelSv ($85.84 in chips)
Rmk1500: posts small blind $1
BelSv: posts big blind $3
*** HOLE CARDS ***
Rmk1500: raises $3 to $6
BelSv: calls $3
*** FLOP *** [5h 5d Kh]
BelSv: checks
Rmk1500: bets $3
BelSv: folds
Uncalled bet ($3) returned to Rmk1500
Rmk1500 collected $11.76 from pot
*** SUMMARY ***
Total pot $12 | Rake $0.24
Board [5h 5d Kh]
Seat 4: Rmk1500 (button) (small blind) collected ($11.76)
Seat 6: BelSv (big blind) folded on the Flop


PokerStars Hand #148265866885:  Hold'em Limit ($3/$6 USD) - 2016/02/05 4:46:26 ET
Table 'Sy' 6-max Seat #4 is the button
Seat 4: Rmk1500 ($61.11 in chips)
Seat 6: BelSv ($85.60 in chips)
Rmk1500: posts small blind $1
BelSv: posts big blind $3
*** HOLE CARDS ***
Rmk1500: folds
Uncalled bet ($2) returned to BelSv
BelSv collected $2 from pot
BelSv: doesn't show hand
*** SUMMARY ***
Total pot $2 | Rake $0
Seat 4: Rmk1500 (button) (small blind) folded before Flop
Seat 6: BelSv (big blind) collected ($2)


PokerStars Hand #148265860530:  Hold'em Limit ($3/$6 USD) - 2016/02/05 4:46:12 ET
Table 'Sy' 6-max Seat #6 is the button
Seat 4: Rmk1500 ($67.11 in chips)
Seat 6: BelSv ($79.84 in chips)
BelSv: posts small blind $1
Rmk1500: posts big blind $3
*** HOLE CARDS ***
BelSv: raises $3 to $6
Rmk1500: calls $3
*** FLOP *** [Qh 4d Qd]
Rmk1500: checks
BelSv: bets $3
Rmk1500: folds
Uncalled bet ($3) returned to BelSv
BelSv collected $11.76 from pot
BelSv: doesn't show hand
*** SUMMARY ***
Total pot $12 | Rake $0.24
Board [Qh 4d Qd]
Seat 4: Rmk1500 (big blind) folded on the Flop
Seat 6: BelSv (button) (small blind) collected ($11.76)


PokerStars Hand #148265889035:  Hold'em Limit ($3/$6 USD) - 2016/02/05 4:47:14 ET
Table 'Sy' 6-max Seat #6 is the button
Seat 4: Rmk1500 ($55.87 in chips)
Seat 6: BelSv ($90.36 in chips)
BelSv: posts small blind $1
Rmk1500: posts big blind $3
*** HOLE CARDS ***
BelSv: folds
Uncalled bet ($2) returned to Rmk1500
Rmk1500 collected $2 from pot
*** SUMMARY ***
Total pot $2 | Rake $0
Seat 4: Rmk1500 (big blind) collected ($2)
Seat 6: BelSv (button) (small blind) folded before Flop


PokerStars Hand #148265886824:  Hold'em Limit ($3/$6 USD) - 2016/02/05 4:47:09 ET
Table 'Sy' 6-max Seat #4 is the button
Seat 4: Rmk1500 ($56.87 in chips)
Seat 6: BelSv ($89.36 in chips)
Rmk1500: posts small blind $1
BelSv: posts big blind $3
*** HOLE CARDS ***
Rmk1500: folds
Uncalled bet ($2) returned to BelSv
BelSv collected $2 from pot
BelSv: doesn't show hand
*** SUMMARY ***
Total pot $2 | Rake $0
Seat 4: Rmk1500 (button) (small blind) folded before Flop
Seat 6: BelSv (big blind) collected ($2)


PokerStars Hand #148265878085:  Hold'em Limit ($3/$6 USD) - 2016/02/05 4:46:50 ET
Table 'Sy' 6-max Seat #6 is the button
Seat 4: Rmk1500 ($62.87 in chips)
Seat 6: BelSv ($83.60 in chips)
BelSv: posts small blind $1
Rmk1500: posts big blind $3
*** HOLE CARDS ***
BelSv: raises $3 to $6
Rmk1500: calls $3
*** FLOP *** [Ts Qh 3d]
Rmk1500: checks
BelSv: bets $3
Rmk1500: folds
Uncalled bet ($3) returned to BelSv
BelSv collected $11.76 from pot
BelSv: doesn't show hand
*** SUMMARY ***
Total pot $12 | Rake $0.24
Board [Ts Qh 3d]
Seat 4: Rmk1500 (big blind) folded on the Flop
Seat 6: BelSv (button) (small blind) collected ($11.76)


PokerStars Hand #148265911760:  Hold'em Limit ($3/$6 USD) - 2016/02/05 4:48:04 ET
Table 'Sy' 6-max Seat #4 is the button
Seat 4: Rmk1500 ($32.87 in chips)
Seat 6: BelSv ($112.86 in chips)
Rmk1500: posts small blind $1
BelSv: posts big blind $3
*** HOLE CARDS ***
Rmk1500: raises $3 to $6
BelSv: calls $3
*** FLOP *** [Ah Qd 2d]
BelSv: checks
Rmk1500: bets $3
BelSv: folds
Uncalled bet ($3) returned to Rmk1500
Rmk1500 collected $11.76 from pot
*** SUMMARY ***
Total pot $12 | Rake $0.24
Board [Ah Qd 2d]
Seat 4: Rmk1500 (button) (small blind) collected ($11.76)
Seat 6: BelSv (big blind) folded on the Flop


PokerStars Hand #148265921456:  Hold'em Limit ($3/$6 USD) - 2016/02/05 4:48:25 ET
Table 'Sy' 6-max Seat #4 is the button
Seat 4: Rmk1500 ($39.63 in chips)
Seat 6: BelSv ($105.86 in chips)
Rmk1500: posts small blind $1
BelSv: posts big blind $3
*** HOLE CARDS ***
Rmk1500: raises $3 to $6
BelSv: folds
Uncalled bet ($3) returned to Rmk1500
Rmk1500 collected $6 from pot
*** SUMMARY ***
Total pot $6 | Rake $0
Seat 4: Rmk1500 (button) (small blind) collected ($6)
Seat 6: BelSv (big blind) folded before Flop


PokerStars Hand #148265918230:  Hold'em Limit ($3/$6 USD) - 2016/02/05 4:48:18 ET
Table 'Sy' 6-max Seat #6 is the button
Seat 4: Rmk1500 ($38.63 in chips)
Seat 6: BelSv ($106.86 in chips)
BelSv: posts small blind $1
Rmk1500: posts big blind $3
*** HOLE CARDS ***
BelSv: folds
Uncalled bet ($2) returned to Rmk1500
Rmk1500 collected $2 from pot
*** SUMMARY ***
Total pot $2 | Rake $0
Seat 4: Rmk1500 (big blind) collected ($2)
Seat 6: BelSv (button) (small blind) folded before Flop


PokerStars Hand #148265925395:  Hold'em Limit ($3/$6 USD) - 2016/02/05 4:48:33 ET
Table 'Sy' 6-max Seat #6 is the button
Seat 4: Rmk1500 ($42.63 in chips)
Seat 6: BelSv ($102.86 in chips)
BelSv: posts small blind $1
Rmk1500: posts big blind $3
*** HOLE CARDS ***
BelSv: folds
Uncalled bet ($2) returned to Rmk1500
Rmk1500 collected $2 from pot
*** SUMMARY ***
Total pot $2 | Rake $0
Seat 4: Rmk1500 (big blind) collected ($2)
Seat 6: BelSv (button) (small blind) folded before Flop


PokerStars Hand #148265930520:  Hold'em Limit ($3/$6 USD) - 2016/02/05 4:48:45 ET
Table 'Sy' 6-max Seat #6 is the button
Seat 4: Rmk1500 ($42.63 in chips)
Seat 6: BelSv ($102.86 in chips)
BelSv: posts small blind $1
Rmk1500: posts big blind $3
*** HOLE CARDS ***
BelSv: raises $3 to $6
Rmk1500: folds
Uncalled bet ($3) returned to BelSv
BelSv collected $6 from pot
BelSv: doesn't show hand
*** SUMMARY ***
Total pot $6 | Rake $0
Seat 4: Rmk1500 (big blind) folded before Flop
Seat 6: BelSv (button) (small blind) collected ($6)


PokerStars Hand #148265927573:  Hold'em Limit ($3/$6 USD) - 2016/02/05 4:48:38 ET
Table 'Sy' 6-max Seat #4 is the button
Seat 4: Rmk1500 ($43.63 in chips)
Seat 6: BelSv ($101.86 in chips)
Rmk1500: posts small blind $1
BelSv: posts big blind $3
*** HOLE CARDS ***
Rmk1500: folds
Uncalled bet ($2) returned to BelSv
BelSv collected $2 from pot
BelSv: doesn't show hand
*** SUMMARY ***
Total pot $2 | Rake $0
Seat 4: Rmk1500 (button) (small blind) folded before Flop
Seat 6: BelSv (big blind) collected ($2)


PokerStars Hand #148265908089:  Hold'em Limit ($3/$6 USD) - 2016/02/05 4:47:55 ET
Table 'Sy' 6-max Seat #6 is the button
Seat 4: Rmk1500 ($35.87 in chips)
Seat 6: BelSv ($109.86 in chips)
BelSv: posts small blind $1
Rmk1500: posts big blind $3
*** HOLE CARDS ***
BelSv: raises $3 to $6
Rmk1500: folds
Uncalled bet ($3) returned to BelSv
BelSv collected $6 from pot
BelSv: doesn't show hand
*** SUMMARY ***
Total pot $6 | Rake $0
Seat 4: Rmk1500 (big blind) folded before Flop
Seat 6: BelSv (button) (small blind) collected ($6)


PokerStars Hand #148265892102:  Hold'em Limit ($3/$6 USD) - 2016/02/05 4:47:21 ET
Table 'Sy' 6-max Seat #4 is the button
Seat 4: Rmk1500 ($56.87 in chips)
Seat 6: BelSv ($89.36 in chips)
Rmk1500: posts small blind $1
BelSv: posts big blind $3
*** HOLE CARDS ***
Rmk1500: raises $3 to $6
BelSv: raises $3 to $9
Rmk1500: calls $3
*** FLOP *** [5s Tc Jd]
BelSv: checks
Rmk1500: bets $3
BelSv: raises $3 to $6
Rmk1500: calls $3
*** TURN *** [5s Tc Jd] [4d]
BelSv: bets $6
Rmk1500: calls $6
*** RIVER *** [5s Tc Jd 4d] [Ad]
BelSv: bets $6
Rmk1500: folds
Uncalled bet ($6) returned to BelSv
BelSv collected $41.50 from pot
BelSv: doesn't show hand
*** SUMMARY ***
Total pot $42 | Rake $0.50
Board [5s Tc Jd 4d Ad]
Seat 4: Rmk1500 (button) (small blind) folded on the River
Seat 6: BelSv (big blind) collected ($41.50)


PokerStars Hand #148265937958:  Hold'em Limit ($3/$6 USD) - 2016/02/05 4:49:01 ET
Table 'Sy' 6-max Seat #6 is the button
Seat 4: Rmk1500 ($38.63 in chips)
Seat 6: BelSv ($106.86 in chips)
BelSv: posts small blind $1
Rmk1500: posts big blind $3
*** HOLE CARDS ***
BelSv: raises $3 to $6
Rmk1500: calls $3
*** FLOP *** [5d Kc 8s]
Rmk1500: checks
BelSv: bets $3
Rmk1500: calls $3
*** TURN *** [5d Kc 8s] [9s]
Rmk1500: checks
BelSv: checks
*** RIVER *** [5d Kc 8s 9s] [2s]
Rmk1500: bets $6
BelSv: folds
Uncalled bet ($6) returned to Rmk1500
Rmk1500 collected $17.64 from pot
*** SUMMARY ***
Total pot $18 | Rake $0.36
Board [5d Kc 8s 9s 2s]
Seat 4: Rmk1500 (big blind) collected ($17.64)
Seat 6: BelSv (button) (small blind) folded on the River


PokerStars Hand #148265933965:  Hold'em Limit ($3/$6 USD) - 2016/02/05 4:48:52 ET
Table 'Sy' 6-max Seat #4 is the button
Seat 4: Rmk1500 ($39.63 in chips)
Seat 6: BelSv ($105.86 in chips)
Rmk1500: posts small blind $1
BelSv: posts big blind $3
*** HOLE CARDS ***
Rmk1500: folds
Uncalled bet ($2) returned to BelSv
BelSv collected $2 from pot
BelSv: doesn't show hand
*** SUMMARY ***
Total pot $2 | Rake $0
Seat 4: Rmk1500 (button) (small blind) folded before Flop
Seat 6: BelSv (big blind) collected ($2)


PokerStars Hand #148265967343:  Hold'em Limit ($3/$6 USD) - 2016/02/05 4:50:04 ET
Table 'Sy' 6-max Seat #4 is the button
Seat 4: Rmk1500 ($58.77 in chips)
Seat 6: BelSv ($85.50 in chips)
Rmk1500: posts small blind $1
BelSv: posts big blind $3
*** HOLE CARDS ***
Rmk1500: raises $3 to $6
BelSv: raises $3 to $9
Rmk1500: calls $3
*** FLOP *** [Th 8c 9d]
BelSv: bets $3
Rmk1500: calls $3
*** TURN *** [Th 8c 9d] [4c]
BelSv: bets $6
Rmk1500: calls $6
*** RIVER *** [Th 8c 9d 4c] [Jd]
BelSv: bets $6
Rmk1500: raises $6 to $12
BelSv: calls $6
*** SHOW DOWN ***
Rmk1500: shows [Ad Qh] (a straight, Eight to Queen)
BelSv: shows [Jc Qd] (a straight, Eight to Queen)
BelSv collected $29.75 from pot
Rmk1500 collected $29.75 from pot
*** SUMMARY ***
Total pot $60 | Rake $0.50
Board [Th 8c 9d 4c Jd]
Seat 4: Rmk1500 (button) (small blind) showed [Ad Qh] and won ($29.75) with a straight, Eight to Queen
Seat 6: BelSv (big blind) showed [Jc Qd] and won ($29.75) with a straight, Eight to Queen


PokerStars Hand #148265957835:  Hold'em Limit ($3/$6 USD) - 2016/02/05 4:49:44 ET
Table 'Sy' 6-max Seat #6 is the button
Seat 4: Rmk1500 ($67.77 in chips)
Seat 6: BelSv ($76.86 in chips)
BelSv: posts small blind $1
Rmk1500: posts big blind $3
*** HOLE CARDS ***
BelSv: raises $3 to $6
Rmk1500: calls $3
*** FLOP *** [8h Td 6h]
Rmk1500: checks
BelSv: bets $3
Rmk1500: calls $3
*** TURN *** [8h Td 6h] [7s]
Rmk1500: checks
BelSv: bets $6
Rmk1500: folds
Uncalled bet ($6) returned to BelSv
BelSv collected $17.64 from pot
BelSv: doesn't show hand
*** SUMMARY ***
Total pot $18 | Rake $0.36
Board [8h Td 6h 7s]
Seat 4: Rmk1500 (big blind) folded on the Turn
Seat 6: BelSv (button) (small blind) collected ($17.64)


PokerStars Hand #148271129471:  Hold'em Limit ($3/$6 USD) - 2016/02/05 7:33:00 ET
Table 'Sy' 6-max Seat #3 is the button
Seat 3: artiZzt ($72 in chips)
Seat 6: BelSv ($87.84 in chips)
artiZzt: posts small blind $1
Fabulous108: is sitting out
BelSv: posts big blind $3
*** HOLE CARDS ***
Fabulous108 leaves the table
Icecold leaves the table
artiZzt: raises $3 to $6
BelSv: calls $3
*** FLOP *** [9s 3s 9h]
BelSv: checks
artiZzt: bets $3
BelSv: folds
Uncalled bet ($3) returned to artiZzt
artiZzt collected $11.76 from pot
artiZzt: doesn't show hand
*** SUMMARY ***
Total pot $12 | Rake $0.24
Board [9s 3s 9h]
Seat 3: artiZzt (button) (small blind) collected ($11.76)
Seat 6: BelSv (big blind) folded on the Flop


PokerStars Hand #148272550885:  Hold'em Limit ($3/$6 USD) - 2016/02/05 8:11:42 ET
Table 'Sy' 6-max Seat #4 is the button
Seat 3: Katanapro ($119 in chips)
Seat 4: Agrotait ($73 in chips)
Agrotait: posts small blind $1
Katanapro: posts big blind $3
*** HOLE CARDS ***
Agrotait: raises $3 to $6
Katanapro: calls $3
*** FLOP *** [7d Qd 7c]
Katanapro: checks
Agrotait: bets $3
Katanapro: folds
Uncalled bet ($3) returned to Agrotait
Agrotait collected $11.76 from pot
Agrotait: doesn't show hand
*** SUMMARY ***
Total pot $12 | Rake $0.24
Board [7d Qd 7c]
Seat 3: Katanapro (big blind) folded on the Flop
Seat 4: Agrotait (button) (small blind) collected ($11.76)


PokerStars Hand #148272560205:  Hold'em Limit ($3/$6 USD) - 2016/02/05 8:11:57 ET
Table 'Sy' 6-max Seat #3 is the button
Seat 3: Katanapro ($113 in chips)
Seat 4: Agrotait ($78.76 in chips)
Katanapro: posts small blind $1
Agrotait: posts big blind $3
*** HOLE CARDS ***
Katanapro: raises $3 to $6
Agrotait: raises $3 to $9
Katanapro: calls $3
*** FLOP *** [Jd 9d Jc]
Agrotait: bets $3
Katanapro: calls $3
*** TURN *** [Jd 9d Jc] [Jh]
B_loJkl joins the table at seat #5
Agrotait: checks
Katanapro: bets $6
Agrotait: calls $6
*** RIVER *** [Jd 9d Jc Jh] [8s]
Agrotait: checks
Katanapro: checks
*** SHOW DOWN ***
Agrotait: shows [Ks Qs] (three of a kind, Jacks)
Katanapro: mucks hand
Agrotait collected $35.50 from pot
*** SUMMARY ***
Total pot $36 | Rake $0.50
Board [Jd 9d Jc Jh 8s]
Seat 3: Katanapro (button) (small blind) mucked
Seat 4: Agrotait (big blind) showed [Ks Qs] and won ($35.50) with three of a kind, Jacks


PokerStars Hand #148272884131:  Hold'em Limit ($3/$6 USD) - 2016/02/05 8:20:22 ET
Table 'Sy' 6-max Seat #3 is the button
Seat 3: Katanapro ($26.83 in chips)
Seat 6: Airbag999 ($159.66 in chips)
Katanapro: posts small blind $1
B_loJkl: is sitting out
Airbag999: posts big blind $3
*** HOLE CARDS ***
Katanapro: raises $3 to $6
Airbag999: folds
Uncalled bet ($3) returned to Katanapro
B_loJkl leaves the table
Katanapro collected $6 from pot
*** SUMMARY ***
Total pot $6 | Rake $0
Seat 3: Katanapro (button) (small blind) collected ($6)
Seat 6: Airbag999 (big blind) folded before Flop


PokerStars Hand #148272890032:  Hold'em Limit ($3/$6 USD) - 2016/02/05 8:20:31 ET
Table 'Sy' 6-max Seat #6 is the button
Seat 3: Katanapro ($29.83 in chips)
Seat 6: Airbag999 ($156.66 in chips)
Airbag999: posts small blind $1
Katanapro: posts big blind $3
*** HOLE CARDS ***
B_loJkl joins the table at seat #4
Airbag999: raises $3 to $6
Katanapro: calls $3
*** FLOP *** [Ks Jc Kd]
Katanapro: checks
Airbag999: bets $3
Katanapro: folds
Uncalled bet ($3) returned to Airbag999
Airbag999 collected $11.76 from pot
Airbag999: doesn't show hand
*** SUMMARY ***
Total pot $12 | Rake $0.24
Board [Ks Jc Kd]
Seat 3: Katanapro (big blind) folded on the Flop
Seat 6: Airbag999 (button) (small blind) collected ($11.76)


PokerStars Hand #148273169293:  Hold'em Limit ($3/$6 USD) - 2016/02/05 8:27:37 ET
Table 'Sy' 6-max Seat #4 is the button
Seat 4: B_loJkl ($217.97 in chips)
Seat 6: Airbag999 ($109.32 in chips)
B_loJkl: posts small blind $1
Airbag999: posts big blind $3
*** HOLE CARDS ***
B_loJkl: folds
Uncalled bet ($2) returned to Airbag999
Airbag999 collected $2 from pot
Airbag999: doesn't show hand
*** SUMMARY ***
Total pot $2 | Rake $0
Seat 4: B_loJkl (button) (small blind) folded before Flop
Seat 6: Airbag999 (big blind) collected ($2)


PokerStars Hand #148273172902:  Hold'em Limit ($3/$6 USD) - 2016/02/05 8:27:43 ET
Table 'Sy' 6-max Seat #6 is the button
Seat 4: B_loJkl ($216.97 in chips)
Seat 6: Airbag999 ($110.32 in chips)
Airbag999: posts small blind $1
B_loJkl: posts big blind $3
*** HOLE CARDS ***
Airbag999: raises $3 to $6
B_loJkl: calls $3
*** FLOP *** [3c Jc As]
B_loJkl: checks
Airbag999: bets $3
B_loJkl: folds
Uncalled bet ($3) returned to Airbag999
Airbag999 collected $11.76 from pot
Airbag999: doesn't show hand
*** SUMMARY ***
Total pot $12 | Rake $0.24
Board [3c Jc As]
Seat 4: B_loJkl (big blind) folded on the Flop
Seat 6: Airbag999 (button) (small blind) collected ($11.76)


PokerStars Hand #148273198245:  Hold'em Limit ($3/$6 USD) - 2016/02/05 8:28:21 ET
Table 'Sy' 6-max Seat #4 is the button
Seat 3: Katanapro ($123.29 in chips)
Seat 4: B_loJkl ($210.97 in chips)
B_loJkl: posts small blind $1
Katanapro: posts big blind $3
*** HOLE CARDS ***
B_loJkl: raises $3 to $6
Katanapro: calls $3
*** FLOP *** [As 5s 7c]
Katanapro: checks
B_loJkl: bets $3
Katanapro: folds
Uncalled bet ($3) returned to B_loJkl
B_loJkl collected $11.76 from pot
B_loJkl: doesn't show hand
*** SUMMARY ***
Total pot $12 | Rake $0.24
Board [As 5s 7c]
Seat 3: Katanapro (big blind) folded on the Flop
Seat 4: B_loJkl (button) (small blind) collected ($11.76)


PokerStars Hand #148273207501:  Hold'em Limit ($3/$6 USD) - 2016/02/05 8:28:36 ET
Table 'Sy' 6-max Seat #3 is the button
Seat 3: Katanapro ($117.29 in chips)
Seat 4: B_loJkl ($216.73 in chips)
Katanapro: posts small blind $1
B_loJkl: posts big blind $3
*** HOLE CARDS ***
Katanapro: raises $3 to $6
B_loJkl: calls $3
*** FLOP *** [5d Tc Ts]
B_loJkl: checks
Katanapro: bets $3
B_loJkl: folds
Uncalled bet ($3) returned to Katanapro
Katanapro collected $11.76 from pot
*** SUMMARY ***
Total pot $12 | Rake $0.24
Board [5d Tc Ts]
Seat 3: Katanapro (button) (small blind) collected ($11.76)
Seat 4: B_loJkl (big blind) folded on the Flop


PokerStars Hand #148274411926:  Hold'em Limit ($3/$6 USD) - 2016/02/05 8:57:42 ET
Table 'Sy' 6-max Seat #5 is the button
Seat 1: 40 ft cliff ($37.97 in chips)
Seat 5: LolDnkaments ($157.77 in chips)
LolDnkaments: posts small blind $1
40 ft cliff: posts big blind $3
*** HOLE CARDS ***
LolDnkaments: raises $3 to $6
40 ft cliff: folds
Uncalled bet ($3) returned to LolDnkaments
LolDnkaments collected $6 from pot
LolDnkaments: doesn't show hand
*** SUMMARY ***
Total pot $6 | Rake $0
Seat 1: 40 ft cliff (big blind) folded before Flop
Seat 5: LolDnkaments (button) (small blind) collected ($6)


PokerStars Hand #148274406587:  Hold'em Limit ($3/$6 USD) - 2016/02/05 8:57:33 ET
Table 'Sy' 6-max Seat #1 is the button
Seat 1: 40 ft cliff ($34.97 in chips)
Seat 5: LolDnkaments ($160.77 in chips)
40 ft cliff: posts small blind $1
grabaz: is sitting out
B_loJkl joins the table at seat #2
LolDnkaments: posts big blind $3
*** HOLE CARDS ***
40 ft cliff: raises $3 to $6
LolDnkaments: folds
Uncalled bet ($3) returned to 40 ft cliff
40 ft cliff collected $6 from pot
40 ft cliff: doesn't show hand
*** SUMMARY ***
Total pot $6 | Rake $0
Seat 1: 40 ft cliff (button) (small blind) collected ($6)
Seat 5: LolDnkaments (big blind) folded before Flop


PokerStars Hand #148275907259:  Hold'em Limit ($3/$6 USD) - 2016/02/05 9:32:15 ET
Table 'Sy' 6-max Seat #2 is the button
Seat 2: B_loJkl ($198.82 in chips)
Seat 6: inot1 ($115.50 in chips)
harrydonkey will be allowed to play after the button
B_loJkl: posts small blind $1
LolDnkaments: is sitting out
inot1: posts big blind $3
*** HOLE CARDS ***
LolDnkaments leaves the table
B_loJkl: folds
Uncalled bet ($2) returned to inot1
inot1 collected $2 from pot
inot1: doesn't show hand
*** SUMMARY ***
Total pot $2 | Rake $0
Seat 2: B_loJkl (button) (small blind) folded before Flop
Seat 6: inot1 (big blind) collected ($2)


PokerStars Hand #148276407117:  Hold'em Limit ($3/$6 USD) - 2016/02/05 9:43:32 ET
Table 'Sy' 6-max Seat #6 is the button
Seat 4: VitAmIn744 ($83.27 in chips)
Seat 6: inot1 ($138.60 in chips)
inot1: posts small blind $1
B_loJkl: is sitting out
VitAmIn744: posts big blind $3
*** HOLE CARDS ***
inot1: folds
Uncalled bet ($2) returned to VitAmIn744
VitAmIn744 collected $2 from pot
*** SUMMARY ***
Total pot $2 | Rake $0
Seat 4: VitAmIn744 (big blind) collected ($2)
Seat 6: inot1 (button) (small blind) folded before Flop


PokerStars Hand #148276428396:  Hold'em Limit ($3/$6 USD) - 2016/02/05 9:44:01 ET
Table 'Sy' 6-max Seat #6 is the button
Seat 4: VitAmIn744 ($72.27 in chips)
Seat 6: inot1 ($149.12 in chips)
inot1: posts small blind $1
VitAmIn744: posts big blind $3
*** HOLE CARDS ***
inot1: raises $3 to $6
VitAmIn744: calls $3
*** FLOP *** [4h Ah 6d]
VitAmIn744: checks
inot1: bets $3
VitAmIn744: calls $3
*** TURN *** [4h Ah 6d] [9s]
VitAmIn744: checks
inot1: bets $6
melyh82 joins the table at seat #3
VitAmIn744: calls $6
*** RIVER *** [4h Ah 6d 9s] [2c]
VitAmIn744: checks
inot1: checks
*** SHOW DOWN ***
VitAmIn744: shows [3s 5h] (a straight, Deuce to Six)
inot1: mucks hand
VitAmIn744 collected $29.50 from pot
*** SUMMARY ***
Total pot $30 | Rake $0.50
Board [4h Ah 6d 9s 2c]
Seat 4: VitAmIn744 (big blind) showed [3s 5h] and won ($29.50) with a straight, Deuce to Six
Seat 6: inot1 (button) (small blind) mucked


PokerStars Hand #148276411747:  Hold'em Limit ($3/$6 USD) - 2016/02/05 9:43:39 ET
Table 'Sy' 6-max Seat #4 is the button
Seat 4: VitAmIn744 ($84.27 in chips)
Seat 6: inot1 ($137.60 in chips)
VitAmIn744: posts small blind $1
inot1: posts big blind $3
*** HOLE CARDS ***
B_loJkl leaves the table
VitAmIn744: calls $2
inot1: checks
*** FLOP *** [Kd 8s 5h]
inot1: checks
VitAmIn744: bets $3
inot1: calls $3
*** TURN *** [Kd 8s 5h] [Ac]
inot1: checks
harrydonkey leaves the table
VitAmIn744: checks
*** RIVER *** [Kd 8s 5h Ac] [6d]
inot1: bets $6
VitAmIn744: calls $6
*** SHOW DOWN ***
inot1: shows [5c 5d] (three of a kind, Fives)
VitAmIn744: mucks hand
inot1 collected $23.52 from pot
*** SUMMARY ***
Total pot $24 | Rake $0.48
Board [Kd 8s 5h Ac 6d]
Seat 4: VitAmIn744 (button) (small blind) mucked
Seat 6: inot1 (big blind) showed [5c 5d] and won ($23.52) with three of a kind, Fives


PokerStars Hand #148276447474:  Hold'em Limit ($3/$6 USD) - 2016/02/05 9:44:27 ET
Table 'Sy' 6-max Seat #4 is the button
Seat 4: VitAmIn744 ($86.77 in chips)
Seat 6: inot1 ($134.12 in chips)
VitAmIn744: posts small blind $1
inot1: posts big blind $3
*** HOLE CARDS ***
harrydonkey joins the table at seat #1
VitAmIn744: calls $2
inot1: checks
*** FLOP *** [6c Jc 3d]
inot1: bets $3
VitAmIn744: calls $3
*** TURN *** [6c Jc 3d] [Qh]
melyh82 leaves the table
inot1: checks
VitAmIn744: bets $6
inot1: calls $6
*** RIVER *** [6c Jc 3d Qh] [9d]
inot1: checks
VitAmIn744: checks
*** SHOW DOWN ***
inot1: shows [Ks 6h] (a pair of Sixes)
VitAmIn744: mucks hand
inot1 collected $23.52 from pot
*** SUMMARY ***
Total pot $24 | Rake $0.48
Board [6c Jc 3d Qh 9d]
Seat 4: VitAmIn744 (button) (small blind) mucked
Seat 6: inot1 (big blind) showed [Ks 6h] and won ($23.52) with a pair of Sixes


PokerStars Hand #148279443030:  Hold'em Limit ($3/$6 USD) - 2016/02/05 10:48:52 ET
Table 'Sy' 6-max Seat #6 is the button
Seat 5: Icecold ($232.77 in chips)
Seat 6: B_loJkl ($116.51 in chips)
B_loJkl: posts small blind $1
Mordnilap: is sitting out
Icecold: posts big blind $3
*** HOLE CARDS ***
B_loJkl: raises $3 to $6
Icecold: calls $3
*** FLOP *** [Jd 2d Kh]
Icecold: checks
B_loJkl: bets $3
Icecold: folds
Uncalled bet ($3) returned to B_loJkl
B_loJkl collected $11.76 from pot
B_loJkl: doesn't show hand
*** SUMMARY ***
Total pot $12 | Rake $0.24
Board [Jd 2d Kh]
Seat 5: Icecold (big blind) folded on the Flop
Seat 6: B_loJkl (button) (small blind) collected ($11.76)


