PokerStars Hand #171476676933:  Hold'em Limit ($3/$6 USD) - 2017/06/07 15:45:52 ET
Table 'Sy' 6-max Seat #4 is the button
Seat 3: Eu sou K ($123 in chips)
Seat 4: Great_Kang ($120 in chips)
Great_Kang: posts small blind $1
Eu sou K: posts big blind $3
*** HOLE CARDS ***
Great_Kang: raises $3 to $6
Eu sou K: calls $3
*** FLOP *** [8d Td 4h]
Eu sou K: bets $3
Great_Kang: folds
Uncalled bet ($3) returned to Eu sou K
Eu sou K collected $11.76 from pot
Eu sou K: doesn't show hand
*** SUMMARY ***
Total pot $12 | Rake $0.24
Board [8d Td 4h]
Seat 3: Eu sou K (big blind) collected ($11.76)
Seat 4: Great_Kang (button) (small blind) folded on the Flop


PokerStars Hand #171476699288:  Hold'em Limit ($3/$6 USD) - 2017/06/07 15:46:18 ET
Table 'Sy' 6-max Seat #4 is the button
Seat 3: Eu sou K ($116.76 in chips)
Seat 4: Great_Kang ($131.52 in chips)
Great_Kang: posts small blind $1
Eu sou K: posts big blind $3
*** HOLE CARDS ***
Great_Kang: folds
Uncalled bet ($2) returned to Eu sou K
Eu sou K collected $2 from pot
Eu sou K: doesn't show hand
*** SUMMARY ***
Total pot $2 | Rake $0
Seat 3: Eu sou K (big blind) collected ($2)
Seat 4: Great_Kang (button) (small blind) folded before Flop


PokerStars Hand #171476686440:  Hold'em Limit ($3/$6 USD) - 2017/06/07 15:46:03 ET
Table 'Sy' 6-max Seat #3 is the button
Seat 3: Eu sou K ($128.76 in chips)
Seat 4: Great_Kang ($120 in chips)
Eu sou K: posts small blind $1
Great_Kang: posts big blind $3
*** HOLE CARDS ***
Eu sou K: raises $3 to $6
Great_Kang: calls $3
*** FLOP *** [3h 2c Qh]
Great_Kang: checks
Eu sou K: bets $3
Great_Kang: raises $3 to $6
Eu sou K: calls $3
*** TURN *** [3h 2c Qh] [9h]
Great_Kang: bets $6
Eu sou K: folds
Uncalled bet ($6) returned to Great_Kang
Great_Kang collected $23.52 from pot
Great_Kang: doesn't show hand
*** SUMMARY ***
Total pot $24 | Rake $0.48
Board [3h 2c Qh 9h]
Seat 3: Eu sou K (button) (small blind) folded on the Turn
Seat 4: Great_Kang (big blind) collected ($23.52)


PokerStars Hand #171476759283:  Hold'em Limit ($3/$6 USD) - 2017/06/07 15:47:24 ET
Table 'Sy' 6-max Seat #4 is the button
Seat 3: Eu sou K ($159.64 in chips)
Seat 4: Great_Kang ($120 in chips)
Great_Kang: posts small blind $1
Eu sou K: posts big blind $3
*** HOLE CARDS ***
Great_Kang: raises $3 to $6
Eu sou K: calls $3
*** FLOP *** [2s 6h Kc]
Eu sou K: checks
Great_Kang: bets $3
Eu sou K: folds
Uncalled bet ($3) returned to Great_Kang
Great_Kang collected $11.76 from pot
Great_Kang: doesn't show hand
*** SUMMARY ***
Total pot $12 | Rake $0.24
Board [2s 6h Kc]
Seat 3: Eu sou K (big blind) folded on the Flop
Seat 4: Great_Kang (button) (small blind) collected ($11.76)


PokerStars Hand #171476743117:  Hold'em Limit ($3/$6 USD) - 2017/06/07 15:47:05 ET
Table 'Sy' 6-max Seat #3 is the button
Seat 3: Eu sou K ($139.14 in chips)
Seat 4: Great_Kang ($121.76 in chips)
Eu sou K: posts small blind $1
Great_Kang: posts big blind $3
*** HOLE CARDS ***
Eu sou K: calls $2
Great_Kang: raises $3 to $6
Eu sou K: calls $3
*** FLOP *** [3c Kc Kd]
Great_Kang: bets $3
Eu sou K: calls $3
*** TURN *** [3c Kc Kd] [2h]
Great_Kang: bets $6
Eu sou K: calls $6
*** RIVER *** [3c Kc Kd 2h] [Qd]
Great_Kang: bets $6
Eu sou K: calls $6
*** SHOW DOWN ***
Great_Kang: shows [4d 6d] (a pair of Kings)
Eu sou K: shows [2c As] (two pair, Kings and Deuces)
Eu sou K collected $41.50 from pot
*** SUMMARY ***
Total pot $42 | Rake $0.50
Board [3c Kc Kd 2h Qd]
Seat 3: Eu sou K (button) (small blind) showed [2c As] and won ($41.50) with two pair, Kings and Deuces
Seat 4: Great_Kang (big blind) showed [4d 6d] and lost with a pair of Kings


PokerStars Hand #171476738385:  Hold'em Limit ($3/$6 USD) - 2017/06/07 15:47:00 ET
Table 'Sy' 6-max Seat #4 is the button
Seat 3: Eu sou K ($138.14 in chips)
Seat 4: Great_Kang ($122.76 in chips)
Great_Kang: posts small blind $1
Eu sou K: posts big blind $3
*** HOLE CARDS ***
Great_Kang: folds
Uncalled bet ($2) returned to Eu sou K
Eu sou K collected $2 from pot
Eu sou K: doesn't show hand
*** SUMMARY ***
Total pot $2 | Rake $0
Seat 3: Eu sou K (big blind) collected ($2)
Seat 4: Great_Kang (button) (small blind) folded before Flop


PokerStars Hand #171476730833:  Hold'em Limit ($3/$6 USD) - 2017/06/07 15:46:51 ET
Table 'Sy' 6-max Seat #3 is the button
Seat 3: Eu sou K ($135.26 in chips)
Seat 4: Great_Kang ($125.76 in chips)
Eu sou K: posts small blind $1
Great_Kang: posts big blind $3
*** HOLE CARDS ***
Eu sou K: calls $2
Great_Kang: checks
*** FLOP *** [8h 8d Ac]
Great_Kang: checks
Eu sou K: bets $3
Great_Kang: folds
Uncalled bet ($3) returned to Eu sou K
Eu sou K collected $5.88 from pot
Eu sou K: doesn't show hand
*** SUMMARY ***
Total pot $6 | Rake $0.12
Board [8h 8d Ac]
Seat 3: Eu sou K (button) (small blind) collected ($5.88)
Seat 4: Great_Kang (big blind) folded on the Flop


PokerStars Hand #171476723012:  Hold'em Limit ($3/$6 USD) - 2017/06/07 15:46:42 ET
Table 'Sy' 6-max Seat #4 is the button
Seat 3: Eu sou K ($141.26 in chips)
Seat 4: Great_Kang ($120 in chips)
Great_Kang: posts small blind $1
Eu sou K: posts big blind $3
*** HOLE CARDS ***
Great_Kang: raises $3 to $6
Eu sou K: calls $3
*** FLOP *** [Jd 6h Ad]
Eu sou K: checks
Great_Kang: bets $3
Eu sou K: folds
Uncalled bet ($3) returned to Great_Kang
Great_Kang collected $11.76 from pot
Great_Kang: doesn't show hand
*** SUMMARY ***
Total pot $12 | Rake $0.24
Board [Jd 6h Ad]
Seat 3: Eu sou K (big blind) folded on the Flop
Seat 4: Great_Kang (button) (small blind) collected ($11.76)


PokerStars Hand #171476703733:  Hold'em Limit ($3/$6 USD) - 2017/06/07 15:46:24 ET
Table 'Sy' 6-max Seat #3 is the button
Seat 3: Eu sou K ($117.76 in chips)
Seat 4: Great_Kang ($130.52 in chips)
Eu sou K: posts small blind $1
Great_Kang: posts big blind $3
*** HOLE CARDS ***
Eu sou K: calls $2
Great_Kang: raises $3 to $6
Eu sou K: calls $3
*** FLOP *** [5d Kd 6h]
Great_Kang: bets $3
Eu sou K: raises $3 to $6
Great_Kang: calls $3
*** TURN *** [5d Kd 6h] [2s]
Great_Kang: checks
Eu sou K: bets $6
Great_Kang: calls $6
*** RIVER *** [5d Kd 6h 2s] [5h]
Great_Kang: checks
Eu sou K: bets $6
Great_Kang: calls $6
*** SHOW DOWN ***
Eu sou K: shows [5c Jh] (three of a kind, Fives)
Great_Kang: mucks hand
Eu sou K collected $47.50 from pot
*** SUMMARY ***
Total pot $48 | Rake $0.50
Board [5d Kd 6h 2s 5h]
Seat 3: Eu sou K (button) (small blind) showed [5c Jh] and won ($47.50) with three of a kind, Fives
Seat 4: Great_Kang (big blind) mucked


PokerStars Hand #171476783765:  Hold'em Limit ($3/$6 USD) - 2017/06/07 15:47:52 ET
Table 'Sy' 6-max Seat #4 is the button
Seat 3: Eu sou K ($144.64 in chips)
Seat 4: Great_Kang ($134.40 in chips)
Great_Kang: posts small blind $1
Eu sou K: posts big blind $3
*** HOLE CARDS ***
Great_Kang: raises $3 to $6
Eu sou K: calls $3
*** FLOP *** [Kh 7c Kd]
Eu sou K: checks
Great_Kang: bets $3
Eu sou K: calls $3
*** TURN *** [Kh 7c Kd] [Tc]
Eu sou K: checks
Great_Kang: checks
*** RIVER *** [Kh 7c Kd Tc] [Jc]
Eu sou K: bets $6
Great_Kang: folds
Uncalled bet ($6) returned to Eu sou K
Eu sou K collected $17.64 from pot
Eu sou K: doesn't show hand
*** SUMMARY ***
Total pot $18 | Rake $0.36
Board [Kh 7c Kd Tc Jc]
Seat 3: Eu sou K (big blind) collected ($17.64)
Seat 4: Great_Kang (button) (small blind) folded on the River


PokerStars Hand #171476768280:  Hold'em Limit ($3/$6 USD) - 2017/06/07 15:47:34 ET
Table 'Sy' 6-max Seat #3 is the button
Seat 3: Eu sou K ($153.64 in chips)
Seat 4: Great_Kang ($125.76 in chips)
Eu sou K: posts small blind $1
Great_Kang: posts big blind $3
*** HOLE CARDS ***
Eu sou K: calls $2
Great_Kang: raises $3 to $6
Eu sou K: calls $3
*** FLOP *** [9c Tc Th]
Great_Kang: bets $3
Eu sou K: calls $3
*** TURN *** [9c Tc Th] [9d]
Great_Kang: checks
Eu sou K: checks
*** RIVER *** [9c Tc Th 9d] [Qs]
Great_Kang: bets $6
Eu sou K: folds
Uncalled bet ($6) returned to Great_Kang
Great_Kang collected $17.64 from pot
Great_Kang: doesn't show hand
*** SUMMARY ***
Total pot $18 | Rake $0.36
Board [9c Tc Th 9d Qs]
Seat 3: Eu sou K (button) (small blind) folded on the River
Seat 4: Great_Kang (big blind) collected ($17.64)


PokerStars Hand #171476816945:  Hold'em Limit ($3/$6 USD) - 2017/06/07 15:48:31 ET
Table 'Sy' 6-max Seat #3 is the button
Seat 3: Eu sou K ($153.28 in chips)
Seat 4: Great_Kang ($125.40 in chips)
Eu sou K: posts small blind $1
Great_Kang: posts big blind $3
*** HOLE CARDS ***
Eu sou K: folds
Uncalled bet ($2) returned to Great_Kang
Great_Kang collected $2 from pot
Great_Kang: doesn't show hand
*** SUMMARY ***
Total pot $2 | Rake $0
Seat 3: Eu sou K (button) (small blind) folded before Flop
Seat 4: Great_Kang (big blind) collected ($2)


PokerStars Hand #171476812770:  Hold'em Limit ($3/$6 USD) - 2017/06/07 15:48:26 ET
Table 'Sy' 6-max Seat #4 is the button
Seat 3: Eu sou K ($152.28 in chips)
Seat 4: Great_Kang ($126.40 in chips)
Great_Kang: posts small blind $1
Eu sou K: posts big blind $3
*** HOLE CARDS ***
Great_Kang: folds
Uncalled bet ($2) returned to Eu sou K
Eu sou K collected $2 from pot
Eu sou K: doesn't show hand
*** SUMMARY ***
Total pot $2 | Rake $0
Seat 3: Eu sou K (big blind) collected ($2)
Seat 4: Great_Kang (button) (small blind) folded before Flop


PokerStars Hand #171476808837:  Hold'em Limit ($3/$6 USD) - 2017/06/07 15:48:21 ET
Table 'Sy' 6-max Seat #3 is the button
Seat 3: Eu sou K ($153.28 in chips)
Seat 4: Great_Kang ($125.40 in chips)
Eu sou K: posts small blind $1
Great_Kang: posts big blind $3
*** HOLE CARDS ***
Eu sou K: folds
Uncalled bet ($2) returned to Great_Kang
Great_Kang collected $2 from pot
Great_Kang: doesn't show hand
*** SUMMARY ***
Total pot $2 | Rake $0
Seat 3: Eu sou K (button) (small blind) folded before Flop
Seat 4: Great_Kang (big blind) collected ($2)


PokerStars Hand #171476849348:  Hold'em Limit ($3/$6 USD) - 2017/06/07 15:49:08 ET
Table 'Sy' 6-max Seat #4 is the button
Seat 3: Eu sou K ($143.04 in chips)
Seat 4: Great_Kang ($134.90 in chips)
Great_Kang: posts small blind $1
Eu sou K: posts big blind $3
*** HOLE CARDS ***
Great_Kang: raises $3 to $6
Eu sou K: calls $3
*** FLOP *** [7h 8c 8d]
Eu sou K: checks
Great_Kang: bets $3
Eu sou K: folds
Uncalled bet ($3) returned to Great_Kang
Great_Kang collected $11.76 from pot
Great_Kang: doesn't show hand
*** SUMMARY ***
Total pot $12 | Rake $0.24
Board [7h 8c 8d]
Seat 3: Eu sou K (big blind) folded on the Flop
Seat 4: Great_Kang (button) (small blind) collected ($11.76)


PokerStars Hand #171476835916:  Hold'em Limit ($3/$6 USD) - 2017/06/07 15:48:52 ET
Table 'Sy' 6-max Seat #3 is the button
Seat 3: Eu sou K ($137.28 in chips)
Seat 4: Great_Kang ($140.90 in chips)
Eu sou K: posts small blind $1
Great_Kang: posts big blind $3
*** HOLE CARDS ***
Eu sou K: raises $3 to $6
Great_Kang: calls $3
*** FLOP *** [Jc 9h 8c]
Great_Kang: checks
Eu sou K: checks
*** TURN *** [Jc 9h 8c] [2c]
Great_Kang: checks
Eu sou K: checks
*** RIVER *** [Jc 9h 8c 2c] [Jd]
Great_Kang: checks
Eu sou K: checks
*** SHOW DOWN ***
Great_Kang: shows [4h 5d] (a pair of Jacks)
Eu sou K: shows [Ad 7d] (a pair of Jacks - Ace kicker)
Eu sou K collected $11.76 from pot
*** SUMMARY ***
Total pot $12 | Rake $0.24
Board [Jc 9h 8c 2c Jd]
Seat 3: Eu sou K (button) (small blind) showed [Ad 7d] and won ($11.76) with a pair of Jacks
Seat 4: Great_Kang (big blind) showed [4h 5d] and lost with a pair of Jacks


PokerStars Hand #171476821116:  Hold'em Limit ($3/$6 USD) - 2017/06/07 15:48:35 ET
Table 'Sy' 6-max Seat #4 is the button
Seat 3: Eu sou K ($152.28 in chips)
Seat 4: Great_Kang ($126.40 in chips)
Great_Kang: posts small blind $1
Eu sou K: posts big blind $3
*** HOLE CARDS ***
Great_Kang: raises $3 to $6
Eu sou K: calls $3
*** FLOP *** [Td As 5s]
Eu sou K: checks
Great_Kang: bets $3
Eu sou K: calls $3
*** TURN *** [Td As 5s] [Jd]
Eu sou K: checks
Great_Kang: bets $6
Eu sou K: calls $6
*** RIVER *** [Td As 5s Jd] [7h]
Eu sou K: checks
Great_Kang: checks
*** SHOW DOWN ***
Eu sou K: shows [Ks 3s] (high card Ace)
Great_Kang: shows [3d 7d] (a pair of Sevens)
Great_Kang collected $29.50 from pot
*** SUMMARY ***
Total pot $30 | Rake $0.50
Board [Td As 5s Jd 7h]
Seat 3: Eu sou K (big blind) showed [Ks 3s] and lost with high card Ace
Seat 4: Great_Kang (button) (small blind) showed [3d 7d] and won ($29.50) with a pair of Sevens


PokerStars Hand #171476899254:  Hold'em Limit ($3/$6 USD) - 2017/06/07 15:50:06 ET
Table 'Sy' 6-max Seat #4 is the button
Seat 3: Eu sou K ($126.68 in chips)
Seat 4: Great_Kang ($150.16 in chips)
Great_Kang: posts small blind $1
Eu sou K: posts big blind $3
*** HOLE CARDS ***
Great_Kang: raises $3 to $6
Eu sou K: calls $3
*** FLOP *** [6d Tc 7s]
Eu sou K: checks
Great_Kang: bets $3
Eu sou K: folds
Uncalled bet ($3) returned to Great_Kang
Great_Kang collected $11.76 from pot
Great_Kang: doesn't show hand
*** SUMMARY ***
Total pot $12 | Rake $0.24
Board [6d Tc 7s]
Seat 3: Eu sou K (big blind) folded on the Flop
Seat 4: Great_Kang (button) (small blind) collected ($11.76)


PokerStars Hand #171476895289:  Hold'em Limit ($3/$6 USD) - 2017/06/07 15:50:01 ET
Table 'Sy' 6-max Seat #3 is the button
Seat 3: Eu sou K ($127.68 in chips)
Seat 4: Great_Kang ($149.16 in chips)
Eu sou K: posts small blind $1
Great_Kang: posts big blind $3
*** HOLE CARDS ***
Eu sou K: folds
Uncalled bet ($2) returned to Great_Kang
Great_Kang collected $2 from pot
Great_Kang: doesn't show hand
*** SUMMARY ***
Total pot $2 | Rake $0
Seat 3: Eu sou K (button) (small blind) folded before Flop
Seat 4: Great_Kang (big blind) collected ($2)


PokerStars Hand #171476876456:  Hold'em Limit ($3/$6 USD) - 2017/06/07 15:49:39 ET
Table 'Sy' 6-max Seat #4 is the button
Seat 3: Eu sou K ($119.04 in chips)
Seat 4: Great_Kang ($158.16 in chips)
Great_Kang: posts small blind $1
Eu sou K: posts big blind $3
*** HOLE CARDS ***
Great_Kang: raises $3 to $6
Eu sou K: calls $3
*** FLOP *** [3d 7c Jh]
Eu sou K: checks
Great_Kang: bets $3
Eu sou K: raises $3 to $6
Great_Kang: folds
Uncalled bet ($3) returned to Eu sou K
Eu sou K collected $17.64 from pot
Eu sou K: doesn't show hand
*** SUMMARY ***
Total pot $18 | Rake $0.36
Board [3d 7c Jh]
Seat 3: Eu sou K (big blind) collected ($17.64)
Seat 4: Great_Kang (button) (small blind) folded on the Flop


PokerStars Hand #171476859077:  Hold'em Limit ($3/$6 USD) - 2017/06/07 15:49:19 ET
Table 'Sy' 6-max Seat #3 is the button
Seat 3: Eu sou K ($137.04 in chips)
Seat 4: Great_Kang ($140.66 in chips)
Eu sou K: posts small blind $1
Great_Kang: posts big blind $3
*** HOLE CARDS ***
Eu sou K: raises $3 to $6
Great_Kang: calls $3
*** FLOP *** [Ad 5h 7d]
Great_Kang: checks
Eu sou K: bets $3
Great_Kang: raises $3 to $6
Eu sou K: calls $3
*** TURN *** [Ad 5h 7d] [Ah]
Great_Kang: bets $6
Eu sou K: calls $6
*** RIVER *** [Ad 5h 7d Ah] [8h]
Great_Kang: bets $6
Eu sou K: folds
Uncalled bet ($6) returned to Great_Kang
Great_Kang collected $35.50 from pot
Great_Kang: doesn't show hand
*** SUMMARY ***
Total pot $36 | Rake $0.50
Board [Ad 5h 7d Ah 8h]
Seat 3: Eu sou K (button) (small blind) folded on the River
Seat 4: Great_Kang (big blind) collected ($35.50)


PokerStars Hand #171476961368:  Hold'em Limit ($3/$6 USD) - 2017/06/07 15:51:17 ET
Table 'Sy' 6-max Seat #3 is the button
Seat 3: Eu sou K ($126.18 in chips)
Seat 4: Great_Kang ($149.56 in chips)
Eu sou K: posts small blind $1
Great_Kang: posts big blind $3
*** HOLE CARDS ***
serega111181 joins the table at seat #6
Eu sou K: raises $3 to $6
Great_Kang: calls $3
*** FLOP *** [Td 6s 2c]
Great_Kang: checks
Eu sou K: bets $3
Great_Kang: folds
Uncalled bet ($3) returned to Eu sou K
Eu sou K collected $11.76 from pot
Eu sou K: doesn't show hand
*** SUMMARY ***
Total pot $12 | Rake $0.24
Board [Td 6s 2c]
Seat 3: Eu sou K (button) (small blind) collected ($11.76)
Seat 4: Great_Kang (big blind) folded on the Flop


PokerStars Hand #171476932374:  Hold'em Limit ($3/$6 USD) - 2017/06/07 15:50:44 ET
Table 'Sy' 6-max Seat #4 is the button
Seat 3: Eu sou K ($111.68 in chips)
Seat 4: Great_Kang ($164.56 in chips)
Great_Kang: posts small blind $1
Eu sou K: posts big blind $3
*** HOLE CARDS ***
Great_Kang: raises $3 to $6
Eu sou K: calls $3
*** FLOP *** [Qs 6s 7d]
Eu sou K: checks
Great_Kang: bets $3
Eu sou K: calls $3
*** TURN *** [Qs 6s 7d] [Js]
Eu sou K: checks
Great_Kang: bets $6
Eu sou K: calls $6
*** RIVER *** [Qs 6s 7d Js] [Tc]
Eu sou K: checks
Great_Kang: checks
*** SHOW DOWN ***
Eu sou K: shows [6d 9d] (a pair of Sixes)
Great_Kang: mucks hand
Eu sou K collected $29.50 from pot
*** SUMMARY ***
Total pot $30 | Rake $0.50
Board [Qs 6s 7d Js Tc]
Seat 3: Eu sou K (big blind) showed [6d 9d] and won ($29.50) with a pair of Sixes
Seat 4: Great_Kang (button) (small blind) mucked


PokerStars Hand #171476912021:  Hold'em Limit ($3/$6 USD) - 2017/06/07 15:50:21 ET
Table 'Sy' 6-max Seat #3 is the button
Seat 3: Eu sou K ($120.68 in chips)
Seat 4: Great_Kang ($155.92 in chips)
Eu sou K: posts small blind $1
Great_Kang: posts big blind $3
*** HOLE CARDS ***
Eu sou K: raises $3 to $6
Great_Kang: raises $3 to $9
Eu sou K: calls $3
*** FLOP *** [3c Qs 7d]
Great_Kang: bets $3
Eu sou K: folds
Uncalled bet ($3) returned to Great_Kang
Great_Kang collected $17.64 from pot
Great_Kang: doesn't show hand
*** SUMMARY ***
Total pot $18 | Rake $0.36
Board [3c Qs 7d]
Seat 3: Eu sou K (button) (small blind) folded on the Flop
Seat 4: Great_Kang (big blind) collected ($17.64)


