PokerStars Hand #145851769849:  Hold'em Limit ($3/$6 USD) - 2015/12/24 11:51:18 ET
Table 'Sycorax II' 2-max Seat #1 is the button
Seat 1: adik603 ($58.50 in chips)
Seat 2: xoroshytin ($111 in chips)
adik603: posts small blind $1
xoroshytin: posts big blind $3
*** HOLE CARDS ***
adik603: raises $3 to $6
xoroshytin: folds
Uncalled bet ($3) returned to adik603
adik603 collected $6 from pot
*** SUMMARY ***
Total pot $6 | Rake $0
Seat 1: adik603 (button) (small blind) collected ($6)
Seat 2: xoroshytin (big blind) folded before Flop


PokerStars Hand #145851766000:  Hold'em Limit ($3/$6 USD) - 2015/12/24 11:51:12 ET
Table 'Sycorax II' 2-max Seat #2 is the button
Seat 1: adik603 ($61.50 in chips)
Seat 2: xoroshytin ($108 in chips)
xoroshytin: posts small blind $1
adik603: posts big blind $3
*** HOLE CARDS ***
xoroshytin: raises $3 to $6
adik603: folds
Uncalled bet ($3) returned to xoroshytin
xoroshytin collected $6 from pot
*** SUMMARY ***
Total pot $6 | Rake $0
Seat 1: adik603 (big blind) folded before Flop
Seat 2: xoroshytin (button) (small blind) collected ($6)


PokerStars Hand #145851761727:  Hold'em Limit ($3/$6 USD) - 2015/12/24 11:51:07 ET
Table 'Sycorax II' 2-max Seat #1 is the button
Seat 1: adik603 ($62.50 in chips)
Seat 2: xoroshytin ($107 in chips)
adik603: posts small blind $1
xoroshytin: posts big blind $3
*** HOLE CARDS ***
adik603: folds
Uncalled bet ($2) returned to xoroshytin
xoroshytin collected $2 from pot
*** SUMMARY ***
Total pot $2 | Rake $0
Seat 1: adik603 (button) (small blind) folded before Flop
Seat 2: xoroshytin (big blind) collected ($2)


PokerStars Hand #145851756332:  Hold'em Limit ($3/$6 USD) - 2015/12/24 11:50:59 ET
Table 'Sycorax II' 2-max Seat #2 is the button
Seat 1: adik603 ($65.50 in chips)
Seat 2: xoroshytin ($104 in chips)
xoroshytin: posts small blind $1
adik603: posts big blind $3
*** HOLE CARDS ***
xoroshytin: raises $3 to $6
adik603: folds
Uncalled bet ($3) returned to xoroshytin
xoroshytin collected $6 from pot
*** SUMMARY ***
Total pot $6 | Rake $0
Seat 1: adik603 (big blind) folded before Flop
Seat 2: xoroshytin (button) (small blind) collected ($6)


PokerStars Hand #145851804811:  Hold'em Limit ($3/$6 USD) - 2015/12/24 11:52:05 ET
Table 'Sycorax II' 2-max Seat #2 is the button
Seat 1: adik603 ($52.02 in chips)
Seat 2: xoroshytin ($116.50 in chips)
xoroshytin: posts small blind $1
adik603: posts big blind $3
*** HOLE CARDS ***
xoroshytin: raises $3 to $6
adik603: calls $3
*** FLOP *** [2d 3c 6h]
adik603: checks
xoroshytin: checks
*** TURN *** [2d 3c 6h] [Kd]
adik603: bets $6
xoroshytin: folds
Uncalled bet ($6) returned to adik603
adik603 collected $11.76 from pot
*** SUMMARY ***
Total pot $12 | Rake $0.24
Board [2d 3c 6h Kd]
Seat 1: adik603 (big blind) collected ($11.76)
Seat 2: xoroshytin (button) (small blind) folded on the Turn


PokerStars Hand #145851785618:  Hold'em Limit ($3/$6 USD) - 2015/12/24 11:51:39 ET
Table 'Sycorax II' 2-max Seat #1 is the button
Seat 1: adik603 ($73.02 in chips)
Seat 2: xoroshytin ($96 in chips)
adik603: posts small blind $1
xoroshytin: posts big blind $3
*** HOLE CARDS ***
adik603: raises $3 to $6
xoroshytin: calls $3
*** FLOP *** [As 3s 4c]
xoroshytin: checks
adik603: bets $3
xoroshytin: calls $3
*** TURN *** [As 3s 4c] [7h]
xoroshytin: checks
adik603: bets $6
xoroshytin: raises $6 to $12
adik603: calls $6
*** RIVER *** [As 3s 4c 7h] [8d]
xoroshytin: bets $6
adik603: folds
Uncalled bet ($6) returned to xoroshytin
xoroshytin collected $41.50 from pot
*** SUMMARY ***
Total pot $42 | Rake $0.50
Board [As 3s 4c 7h 8d]
Seat 1: adik603 (button) (small blind) folded on the River
Seat 2: xoroshytin (big blind) collected ($41.50)


PokerStars Hand #145851775151:  Hold'em Limit ($3/$6 USD) - 2015/12/24 11:51:25 ET
Table 'Sycorax II' 2-max Seat #2 is the button
Seat 1: adik603 ($61.50 in chips)
Seat 2: xoroshytin ($108 in chips)
xoroshytin: posts small blind $1
adik603: posts big blind $3
*** HOLE CARDS ***
xoroshytin: raises $3 to $6
adik603: raises $3 to $9
xoroshytin: calls $3
*** FLOP *** [Ts 3h Qd]
adik603: bets $3
xoroshytin: calls $3
*** TURN *** [Ts 3h Qd] [4d]
adik603: bets $6
xoroshytin: folds
Uncalled bet ($6) returned to adik603
adik603 collected $23.52 from pot
*** SUMMARY ***
Total pot $24 | Rake $0.48
Board [Ts 3h Qd 4d]
Seat 1: adik603 (big blind) collected ($23.52)
Seat 2: xoroshytin (button) (small blind) folded on the Turn


PokerStars Hand #145851842779:  Hold'em Limit ($3/$6 USD) - 2015/12/24 11:52:57 ET
Table 'Sycorax II' 2-max Seat #2 is the button
Seat 1: adik603 ($65.28 in chips)
Seat 2: xoroshytin ($102.26 in chips)
xoroshytin: posts small blind $1
adik603: posts big blind $3
*** HOLE CARDS ***
xoroshytin: raises $3 to $6
adik603: raises $3 to $9
xoroshytin: calls $3
*** FLOP *** [8s Kc Qd]
adik603: bets $3
xoroshytin: calls $3
*** TURN *** [8s Kc Qd] [9c]
adik603: bets $6
xoroshytin: folds
Uncalled bet ($6) returned to adik603
adik603 collected $23.52 from pot
*** SUMMARY ***
Total pot $24 | Rake $0.48
Board [8s Kc Qd 9c]
Seat 1: adik603 (big blind) collected ($23.52)
Seat 2: xoroshytin (button) (small blind) folded on the Turn


PokerStars Hand #145851839096:  Hold'em Limit ($3/$6 USD) - 2015/12/24 11:52:52 ET
Table 'Sycorax II' 2-max Seat #1 is the button
Seat 1: adik603 ($66.28 in chips)
Seat 2: xoroshytin ($101.26 in chips)
adik603: posts small blind $1
xoroshytin: posts big blind $3
*** HOLE CARDS ***
adik603: folds
Uncalled bet ($2) returned to xoroshytin
xoroshytin collected $2 from pot
*** SUMMARY ***
Total pot $2 | Rake $0
Seat 1: adik603 (button) (small blind) folded before Flop
Seat 2: xoroshytin (big blind) collected ($2)


PokerStars Hand #145851832168:  Hold'em Limit ($3/$6 USD) - 2015/12/24 11:52:42 ET
Table 'Sycorax II' 2-max Seat #2 is the button
Seat 1: adik603 ($72.28 in chips)
Seat 2: xoroshytin ($95.50 in chips)
xoroshytin: posts small blind $1
adik603: posts big blind $3
*** HOLE CARDS ***
xoroshytin: raises $3 to $6
adik603: calls $3
*** FLOP *** [9h 7c Jc]
adik603: folds
xoroshytin collected $11.76 from pot
*** SUMMARY ***
Total pot $12 | Rake $0.24
Board [9h 7c Jc]
Seat 1: adik603 (big blind) folded on the Flop
Seat 2: xoroshytin (button) (small blind) collected ($11.76)


PokerStars Hand #145851817510:  Hold'em Limit ($3/$6 USD) - 2015/12/24 11:52:23 ET
Table 'Sycorax II' 2-max Seat #1 is the button
Seat 1: adik603 ($57.78 in chips)
Seat 2: xoroshytin ($110.50 in chips)
adik603: posts small blind $1
xoroshytin: posts big blind $3
*** HOLE CARDS ***
adik603: calls $2
xoroshytin: checks
*** FLOP *** [2c 3d 4s]
xoroshytin: bets $3
adik603: raises $3 to $6
xoroshytin: calls $3
*** TURN *** [2c 3d 4s] [Jh]
xoroshytin: checks
adik603: bets $6
xoroshytin: calls $6
*** RIVER *** [2c 3d 4s Jh] [5s]
xoroshytin: checks
adik603: bets $6
xoroshytin: folds
Uncalled bet ($6) returned to adik603
adik603 collected $29.50 from pot
*** SUMMARY ***
Total pot $30 | Rake $0.50
Board [2c 3d 4s Jh 5s]
Seat 1: adik603 (button) (small blind) collected ($29.50)
Seat 2: xoroshytin (big blind) folded on the River


PokerStars Hand #145851877708:  Hold'em Limit ($3/$6 USD) - 2015/12/24 11:53:45 ET
Table 'Sycorax II' 2-max Seat #1 is the button
Seat 1: adik603 ($52.80 in chips)
Seat 2: xoroshytin ($113.76 in chips)
adik603: posts small blind $1
xoroshytin: posts big blind $3
*** HOLE CARDS ***
adik603: raises $3 to $6
xoroshytin: calls $3
*** FLOP *** [3c Ah Qs]
xoroshytin: checks
adik603: bets $3
xoroshytin: calls $3
*** TURN *** [3c Ah Qs] [9d]
xoroshytin: checks
adik603: bets $6
xoroshytin: folds
Uncalled bet ($6) returned to adik603
adik603 collected $17.64 from pot
*** SUMMARY ***
Total pot $18 | Rake $0.36
Board [3c Ah Qs 9d]
Seat 1: adik603 (button) (small blind) collected ($17.64)
Seat 2: xoroshytin (big blind) folded on the Turn


PokerStars Hand #145851872856:  Hold'em Limit ($3/$6 USD) - 2015/12/24 11:53:38 ET
Table 'Sycorax II' 2-max Seat #2 is the button
Seat 1: adik603 ($55.80 in chips)
Seat 2: xoroshytin ($110.76 in chips)
xoroshytin: posts small blind $1
adik603: posts big blind $3
*** HOLE CARDS ***
xoroshytin: raises $3 to $6
adik603: folds
Uncalled bet ($3) returned to xoroshytin
xoroshytin collected $6 from pot
*** SUMMARY ***
Total pot $6 | Rake $0
Seat 1: adik603 (big blind) folded before Flop
Seat 2: xoroshytin (button) (small blind) collected ($6)


PokerStars Hand #145851851099:  Hold'em Limit ($3/$6 USD) - 2015/12/24 11:53:08 ET
Table 'Sycorax II' 2-max Seat #1 is the button
Seat 1: adik603 ($76.80 in chips)
Seat 2: xoroshytin ($90.26 in chips)
adik603: posts small blind $1
xoroshytin: posts big blind $3
*** HOLE CARDS ***
adik603: raises $3 to $6
xoroshytin: raises $3 to $9
adik603: calls $3
*** FLOP *** [8s Ah Qd]
xoroshytin: checks
adik603: checks
*** TURN *** [8s Ah Qd] [Qh]
xoroshytin: checks
adik603: bets $6
xoroshytin: calls $6
*** RIVER *** [8s Ah Qd Qh] [Ad]
xoroshytin: bets $6
adik603: calls $6
*** SHOW DOWN ***
xoroshytin: shows [Ac 8h] (a full house, Aces full of Queens)
adik603: mucks hand
xoroshytin collected $41.50 from pot
*** SUMMARY ***
Total pot $42 | Rake $0.50
Board [8s Ah Qd Qh Ad]
Seat 1: adik603 (button) (small blind) mucked
Seat 2: xoroshytin (big blind) showed [Ac 8h] and won ($41.50) with a full house, Aces full of Queens


PokerStars Hand #145851897113:  Hold'em Limit ($3/$6 USD) - 2015/12/24 11:54:11 ET
Table 'Sycorax II' 2-max Seat #2 is the button
Seat 1: adik603 ($61.44 in chips)
Seat 2: xoroshytin ($104.76 in chips)
xoroshytin: posts small blind $1
adik603: posts big blind $3
*** HOLE CARDS ***
xoroshytin: raises $3 to $6
adik603: raises $3 to $9
xoroshytin: calls $3
*** FLOP *** [3c Tc Td]
adik603: bets $3
xoroshytin: calls $3
*** TURN *** [3c Tc Td] [5h]
adik603: bets $6
xoroshytin: folds
Uncalled bet ($6) returned to adik603
adik603 collected $23.52 from pot
*** SUMMARY ***
Total pot $24 | Rake $0.48
Board [3c Tc Td 5h]
Seat 1: adik603 (big blind) collected ($23.52)
Seat 2: xoroshytin (button) (small blind) folded on the Turn


PokerStars Hand #145867879692:  Hold'em Limit ($3/$6 USD) - 2015/12/24 17:40:23 ET
Table 'Sycorax II' 2-max Seat #1 is the button
Seat 1: ggwp-777 ($149.14 in chips)
Seat 2: xoroshytin ($62.76 in chips)
ggwp-777: posts small blind $1
xoroshytin: posts big blind $3
*** HOLE CARDS ***
ggwp-777: folds
Uncalled bet ($2) returned to xoroshytin
xoroshytin collected $2 from pot
*** SUMMARY ***
Total pot $2 | Rake $0
Seat 1: ggwp-777 (button) (small blind) folded before Flop
Seat 2: xoroshytin (big blind) collected ($2)


PokerStars Hand #145867883305:  Hold'em Limit ($3/$6 USD) - 2015/12/24 17:40:28 ET
Table 'Sycorax II' 2-max Seat #2 is the button
Seat 1: ggwp-777 ($148.14 in chips)
Seat 2: xoroshytin ($63.76 in chips)
xoroshytin: posts small blind $1
ggwp-777: posts big blind $3
*** HOLE CARDS ***
xoroshytin: raises $3 to $6
ggwp-777: folds
Uncalled bet ($3) returned to xoroshytin
ggwp-777 leaves the table
xoroshytin collected $6 from pot
*** SUMMARY ***
Total pot $6 | Rake $0
Seat 1: ggwp-777 (big blind) folded before Flop
Seat 2: xoroshytin (button) (small blind) collected ($6)


