PokerStars Hand #147921705597:  Hold'em Limit ($3/$6 USD) - 2016/01/30 5:26:56 ET
Table 'Sycorax II' 2-max Seat #1 is the button
Seat 1: hudecam ($24 in chips)
Seat 2: krossguard ($125.76 in chips)
hudecam: posts small blind $1
krossguard: posts big blind $3
*** HOLE CARDS ***
hudecam: folds
Uncalled bet ($2) returned to krossguard
krossguard collected $2 from pot
krossguard: doesn't show hand
*** SUMMARY ***
Total pot $2 | Rake $0
Seat 1: hudecam (button) (small blind) folded before Flop
Seat 2: krossguard (big blind) collected ($2)


PokerStars Hand #147921707837:  Hold'em Limit ($3/$6 USD) - 2016/01/30 5:27:01 ET
Table 'Sycorax II' 2-max Seat #2 is the button
Seat 1: hudecam ($23 in chips)
Seat 2: krossguard ($126.76 in chips)
krossguard: posts small blind $1
hudecam: posts big blind $3
*** HOLE CARDS ***
krossguard: raises $3 to $6
hudecam: raises $3 to $9
krossguard: calls $3
*** FLOP *** [7s 4d Kh]
hudecam: bets $3
krossguard: folds
Uncalled bet ($3) returned to hudecam
hudecam collected $17.64 from pot
hudecam: doesn't show hand
*** SUMMARY ***
Total pot $18 | Rake $0.36
Board [7s 4d Kh]
Seat 1: hudecam (big blind) collected ($17.64)
Seat 2: krossguard (button) (small blind) folded on the Flop


PokerStars Hand #147921696194:  Hold'em Limit ($3/$6 USD) - 2016/01/30 5:26:38 ET
Table 'Sycorax II' 2-max Seat #2 is the button
Seat 1: hudecam ($30 in chips)
Seat 2: krossguard ($120 in chips)
krossguard: posts small blind $1
hudecam: posts big blind $3
*** HOLE CARDS ***
krossguard: raises $3 to $6
hudecam: calls $3
*** FLOP *** [7d 7h Th]
hudecam: checks
krossguard: bets $3
hudecam: folds
Uncalled bet ($3) returned to krossguard
krossguard collected $11.76 from pot
krossguard: doesn't show hand
*** SUMMARY ***
Total pot $12 | Rake $0.24
Board [7d 7h Th]
Seat 1: hudecam (big blind) folded on the Flop
Seat 2: krossguard (button) (small blind) collected ($11.76)


PokerStars Hand #147921718694:  Hold'em Limit ($3/$6 USD) - 2016/01/30 5:27:22 ET
Table 'Sycorax II' 2-max Seat #2 is the button
Seat 1: hudecam ($22.64 in chips)
Seat 2: krossguard ($126.40 in chips)
krossguard: posts small blind $1
hudecam: posts big blind $3
*** HOLE CARDS ***
krossguard: folds
Uncalled bet ($2) returned to hudecam
hudecam collected $2 from pot
hudecam: doesn't show hand
*** SUMMARY ***
Total pot $2 | Rake $0
Seat 1: hudecam (big blind) collected ($2)
Seat 2: krossguard (button) (small blind) folded before Flop


PokerStars Hand #147921713333:  Hold'em Limit ($3/$6 USD) - 2016/01/30 5:27:11 ET
Table 'Sycorax II' 2-max Seat #1 is the button
Seat 1: hudecam ($31.64 in chips)
Seat 2: krossguard ($117.76 in chips)
hudecam: posts small blind $1
krossguard: posts big blind $3
*** HOLE CARDS ***
hudecam: raises $3 to $6
krossguard: raises $3 to $9
hudecam: calls $3
*** FLOP *** [5d Ks Qc]
krossguard: bets $3
hudecam: folds
Uncalled bet ($3) returned to krossguard
krossguard collected $17.64 from pot
krossguard: doesn't show hand
*** SUMMARY ***
Total pot $18 | Rake $0.36
Board [5d Ks Qc]
Seat 1: hudecam (button) (small blind) folded on the Flop
Seat 2: krossguard (big blind) collected ($17.64)


PokerStars Hand #147921721060:  Hold'em Limit ($3/$6 USD) - 2016/01/30 5:27:26 ET
Table 'Sycorax II' 2-max Seat #1 is the button
Seat 1: hudecam ($23.64 in chips)
Seat 2: krossguard ($125.40 in chips)
hudecam: posts small blind $1
krossguard: posts big blind $3
*** HOLE CARDS ***
hudecam: raises $3 to $6
krossguard: raises $3 to $9
hudecam: raises $3 to $12
Betting is capped
krossguard: calls $3
*** FLOP *** [8s 8d Js]
krossguard: checks
hudecam: bets $3
krossguard: calls $3
*** TURN *** [8s 8d Js] [5s]
krossguard: checks
hudecam: bets $6
krossguard: calls $6
*** RIVER *** [8s 8d Js 5s] [4s]
krossguard: bets $6
hudecam: calls $2.64 and is all-in
Uncalled bet ($3.36) returned to krossguard
*** SHOW DOWN ***
krossguard: shows [Qs Kd] (a flush, Queen high)
hudecam: shows [7h 8h] (three of a kind, Eights)
krossguard collected $46.78 from pot
*** SUMMARY ***
Total pot $47.28 | Rake $0.50
Board [8s 8d Js 5s 4s]
Seat 1: hudecam (button) (small blind) showed [7h 8h] and lost with three of a kind, Eights
Seat 2: krossguard (big blind) showed [Qs Kd] and won ($46.78) with a flush, Queen high


PokerStars Hand #147924438066:  Hold'em Limit ($3/$6 USD) - 2016/01/30 6:49:03 ET
Table 'Sycorax II' 2-max Seat #2 is the button
Seat 1: hudecam ($30 in chips)
Seat 2: krossguard ($148.54 in chips)
krossguard: posts small blind $1
hudecam: posts big blind $3
*** HOLE CARDS ***
krossguard: raises $3 to $6
hudecam: folds
Uncalled bet ($3) returned to krossguard
krossguard collected $6 from pot
krossguard: doesn't show hand
*** SUMMARY ***
Total pot $6 | Rake $0
Seat 1: hudecam (big blind) folded before Flop
Seat 2: krossguard (button) (small blind) collected ($6)


PokerStars Hand #147924446150:  Hold'em Limit ($3/$6 USD) - 2016/01/30 6:49:16 ET
Table 'Sycorax II' 2-max Seat #1 is the button
Seat 1: hudecam ($27 in chips)
Seat 2: krossguard ($151.54 in chips)
hudecam: posts small blind $1
krossguard: posts big blind $3
*** HOLE CARDS ***
hudecam: raises $3 to $6
krossguard: folds
Uncalled bet ($3) returned to hudecam
hudecam collected $6 from pot
hudecam: doesn't show hand
*** SUMMARY ***
Total pot $6 | Rake $0
Seat 1: hudecam (button) (small blind) collected ($6)
Seat 2: krossguard (big blind) folded before Flop


PokerStars Hand #147924449257:  Hold'em Limit ($3/$6 USD) - 2016/01/30 6:49:21 ET
Table 'Sycorax II' 2-max Seat #2 is the button
Seat 1: hudecam ($30 in chips)
Seat 2: krossguard ($148.54 in chips)
krossguard: posts small blind $1
hudecam: posts big blind $3
*** HOLE CARDS ***
krossguard: raises $3 to $6
hudecam: calls $3
*** FLOP *** [5h Ac 7c]
hudecam: checks
krossguard: bets $3
hudecam: calls $3
*** TURN *** [5h Ac 7c] [6c]
hudecam: checks
krossguard: bets $6
hudecam: calls $6
*** RIVER *** [5h Ac 7c 6c] [Qs]
hudecam: checks
krossguard: bets $6
hudecam: calls $6
*** SHOW DOWN ***
krossguard: shows [3h Qc] (a pair of Queens)
hudecam: mucks hand
krossguard collected $41.50 from pot
*** SUMMARY ***
Total pot $42 | Rake $0.50
Board [5h Ac 7c 6c Qs]
Seat 1: hudecam (big blind) mucked
Seat 2: krossguard (button) (small blind) showed [3h Qc] and won ($41.50) with a pair of Queens


PokerStars Hand #147924471291:  Hold'em Limit ($3/$6 USD) - 2016/01/30 6:49:57 ET
Table 'Sycorax II' 2-max Seat #2 is the button
Seat 1: hudecam ($8.82 in chips)
Seat 2: krossguard ($168.86 in chips)
krossguard: posts small blind $1
hudecam: posts big blind $3
*** HOLE CARDS ***
krossguard: raises $3 to $6
hudecam: raises $2.82 to $8.82 and is all-in
krossguard: calls $2.82
*** FLOP *** [Td 5c 2s]
*** TURN *** [Td 5c 2s] [Ah]
*** RIVER *** [Td 5c 2s Ah] [Ad]
*** SHOW DOWN ***
hudecam: shows [3s 6s] (a pair of Aces)
krossguard: shows [8c 5d] (two pair, Aces and Fives)
krossguard collected $17.29 from pot
*** SUMMARY ***
Total pot $17.64 | Rake $0.35
Board [Td 5c 2s Ah Ad]
Seat 1: hudecam (big blind) showed [3s 6s] and lost with a pair of Aces
Seat 2: krossguard (button) (small blind) showed [8c 5d] and won ($17.29) with two pair, Aces and Fives


PokerStars Hand #147924458291:  Hold'em Limit ($3/$6 USD) - 2016/01/30 6:49:36 ET
Table 'Sycorax II' 2-max Seat #1 is the button
Seat 1: hudecam ($9 in chips)
Seat 2: krossguard ($169.04 in chips)
hudecam: posts small blind $1
krossguard: posts big blind $3
*** HOLE CARDS ***
hudecam: raises $3 to $6
krossguard: calls $3
*** FLOP *** [2s Ah 9d]
krossguard: checks
hudecam: bets $3 and is all-in
krossguard: calls $3
*** TURN *** [2s Ah 9d] [7c]
*** RIVER *** [2s Ah 9d 7c] [Kd]
*** SHOW DOWN ***
krossguard: shows [7d 5h] (a pair of Sevens)
hudecam: shows [7s 6h] (a pair of Sevens)
krossguard collected $8.82 from pot
hudecam collected $8.82 from pot
*** SUMMARY ***
Total pot $18 | Rake $0.36
Board [2s Ah 9d 7c Kd]
Seat 1: hudecam (button) (small blind) showed [7s 6h] and won ($8.82) with a pair of Sevens
Seat 2: krossguard (big blind) showed [7d 5h] and won ($8.82) with a pair of Sevens


PokerStars Hand #147924490048:  Hold'em Limit ($3/$6 USD) - 2016/01/30 6:50:27 ET
Table 'Sycorax II' 2-max Seat #1 is the button
Seat 1: hudecam ($30 in chips)
Seat 2: krossguard ($177.33 in chips)
hudecam: posts small blind $1
krossguard: posts big blind $3
*** HOLE CARDS ***
hudecam: folds
Uncalled bet ($2) returned to krossguard
krossguard collected $2 from pot
krossguard: doesn't show hand
*** SUMMARY ***
Total pot $2 | Rake $0
Seat 1: hudecam (button) (small blind) folded before Flop
Seat 2: krossguard (big blind) collected ($2)


PokerStars Hand #147924510101:  Hold'em Limit ($3/$6 USD) - 2016/01/30 6:51:00 ET
Table 'Sycorax II' 2-max Seat #2 is the button
Seat 1: hudecam ($45.50 in chips)
Seat 2: krossguard ($161.33 in chips)
krossguard: posts small blind $1
hudecam: posts big blind $3
*** HOLE CARDS ***
krossguard: raises $3 to $6
hudecam: calls $3
*** FLOP *** [4d Jh 4c]
hudecam: checks
krossguard: bets $3
hudecam: calls $3
*** TURN *** [4d Jh 4c] [7c]
hudecam: checks
krossguard: checks
*** RIVER *** [4d Jh 4c 7c] [Kd]
hudecam: checks
krossguard: bets $6
hudecam: calls $6
*** SHOW DOWN ***
krossguard: shows [6d 3d] (a pair of Fours)
hudecam: shows [2s Ah] (a pair of Fours - Ace kicker)
hudecam collected $29.50 from pot
*** SUMMARY ***
Total pot $30 | Rake $0.50
Board [4d Jh 4c 7c Kd]
Seat 1: hudecam (big blind) showed [2s Ah] and won ($29.50) with a pair of Fours
Seat 2: krossguard (button) (small blind) showed [6d 3d] and lost with a pair of Fours


PokerStars Hand #147924520231:  Hold'em Limit ($3/$6 USD) - 2016/01/30 6:51:16 ET
Table 'Sycorax II' 2-max Seat #2 is the button
Seat 1: hudecam ($59 in chips)
Seat 2: krossguard ($147.33 in chips)
krossguard: posts small blind $1
hudecam: posts big blind $3
*** HOLE CARDS ***
krossguard: raises $3 to $6
hudecam: calls $3
*** FLOP *** [Qc Ks 3s]
hudecam: checks
krossguard: bets $3
hudecam: calls $3
*** TURN *** [Qc Ks 3s] [Kc]
hudecam: checks
krossguard: bets $6
hudecam: calls $6
*** RIVER *** [Qc Ks 3s Kc] [2c]
hudecam: checks
krossguard: checks
*** SHOW DOWN ***
hudecam: shows [Jd 9s] (a pair of Kings)
krossguard: mucks hand
hudecam collected $29.50 from pot
*** SUMMARY ***
Total pot $30 | Rake $0.50
Board [Qc Ks 3s Kc 2c]
Seat 1: hudecam (big blind) showed [Jd 9s] and won ($29.50) with a pair of Kings
Seat 2: krossguard (button) (small blind) mucked


PokerStars Hand #147924517421:  Hold'em Limit ($3/$6 USD) - 2016/01/30 6:51:11 ET
Table 'Sycorax II' 2-max Seat #1 is the button
Seat 1: hudecam ($60 in chips)
Seat 2: krossguard ($146.33 in chips)
hudecam: posts small blind $1
krossguard: posts big blind $3
*** HOLE CARDS ***
hudecam: folds
Uncalled bet ($2) returned to krossguard
krossguard collected $2 from pot
krossguard: doesn't show hand
*** SUMMARY ***
Total pot $2 | Rake $0
Seat 1: hudecam (button) (small blind) folded before Flop
Seat 2: krossguard (big blind) collected ($2)


PokerStars Hand #147924507250:  Hold'em Limit ($3/$6 USD) - 2016/01/30 6:50:55 ET
Table 'Sycorax II' 2-max Seat #1 is the button
Seat 1: hudecam ($46.50 in chips)
Seat 2: krossguard ($160.33 in chips)
hudecam: posts small blind $1
krossguard: posts big blind $3
*** HOLE CARDS ***
hudecam: folds
Uncalled bet ($2) returned to krossguard
krossguard collected $2 from pot
krossguard: doesn't show hand
*** SUMMARY ***
Total pot $2 | Rake $0
Seat 1: hudecam (button) (small blind) folded before Flop
Seat 2: krossguard (big blind) collected ($2)


PokerStars Hand #147924494516:  Hold'em Limit ($3/$6 USD) - 2016/01/30 6:50:35 ET
Table 'Sycorax II' 2-max Seat #2 is the button
Seat 1: hudecam ($29 in chips)
Seat 2: krossguard ($178.33 in chips)
krossguard: posts small blind $1
hudecam: posts big blind $3
*** HOLE CARDS ***
krossguard: raises $3 to $6
hudecam: raises $3 to $9
krossguard: calls $3
*** FLOP *** [6c 5d 8c]
hudecam: bets $3
krossguard: calls $3
*** TURN *** [6c 5d 8c] [5h]
hudecam: bets $6
krossguard: calls $6
*** RIVER *** [6c 5d 8c 5h] [2s]
hudecam: bets $6
krossguard: folds
Uncalled bet ($6) returned to hudecam
hudecam collected $35.50 from pot
hudecam: doesn't show hand
*** SUMMARY ***
Total pot $36 | Rake $0.50
Board [6c 5d 8c 5h 2s]
Seat 1: hudecam (big blind) collected ($35.50)
Seat 2: krossguard (button) (small blind) folded on the River


PokerStars Hand #147924536599:  Hold'em Limit ($3/$6 USD) - 2016/01/30 6:51:42 ET
Table 'Sycorax II' 2-max Seat #1 is the button
Seat 1: hudecam ($66.50 in chips)
Seat 2: krossguard ($139.09 in chips)
hudecam: posts small blind $1
krossguard: posts big blind $3
*** HOLE CARDS ***
hudecam: raises $3 to $6
krossguard: calls $3
*** FLOP *** [Ah Qs Kc]
krossguard: checks
hudecam: bets $3
krossguard: folds
Uncalled bet ($3) returned to hudecam
hudecam collected $11.76 from pot
hudecam: doesn't show hand
*** SUMMARY ***
Total pot $12 | Rake $0.24
Board [Ah Qs Kc]
Seat 1: hudecam (button) (small blind) collected ($11.76)
Seat 2: krossguard (big blind) folded on the Flop


PokerStars Hand #147924530946:  Hold'em Limit ($3/$6 USD) - 2016/01/30 6:51:33 ET
Table 'Sycorax II' 2-max Seat #2 is the button
Seat 1: hudecam ($72.50 in chips)
Seat 2: krossguard ($133.33 in chips)
krossguard: posts small blind $1
hudecam: posts big blind $3
*** HOLE CARDS ***
krossguard: raises $3 to $6
hudecam: calls $3
*** FLOP *** [Kh 2c Qc]
hudecam: checks
krossguard: bets $3
hudecam: folds
Uncalled bet ($3) returned to krossguard
krossguard collected $11.76 from pot
krossguard: doesn't show hand
*** SUMMARY ***
Total pot $12 | Rake $0.24
Board [Kh 2c Qc]
Seat 1: hudecam (big blind) folded on the Flop
Seat 2: krossguard (button) (small blind) collected ($11.76)


PokerStars Hand #147924527972:  Hold'em Limit ($3/$6 USD) - 2016/01/30 6:51:28 ET
Table 'Sycorax II' 2-max Seat #1 is the button
Seat 1: hudecam ($73.50 in chips)
Seat 2: krossguard ($132.33 in chips)
hudecam: posts small blind $1
krossguard: posts big blind $3
*** HOLE CARDS ***
hudecam: folds
Uncalled bet ($2) returned to krossguard
krossguard collected $2 from pot
krossguard: doesn't show hand
*** SUMMARY ***
Total pot $2 | Rake $0
Seat 1: hudecam (button) (small blind) folded before Flop
Seat 2: krossguard (big blind) collected ($2)


PokerStars Hand #147924560020:  Hold'em Limit ($3/$6 USD) - 2016/01/30 6:52:20 ET
Table 'Sycorax II' 2-max Seat #2 is the button
Seat 1: hudecam ($110.26 in chips)
Seat 2: krossguard ($94.09 in chips)
krossguard: posts small blind $1
hudecam: posts big blind $3
*** HOLE CARDS ***
krossguard: folds
Uncalled bet ($2) returned to hudecam
hudecam collected $2 from pot
hudecam: doesn't show hand
*** SUMMARY ***
Total pot $2 | Rake $0
Seat 1: hudecam (big blind) collected ($2)
Seat 2: krossguard (button) (small blind) folded before Flop


PokerStars Hand #147924551505:  Hold'em Limit ($3/$6 USD) - 2016/01/30 6:52:06 ET
Table 'Sycorax II' 2-max Seat #1 is the button
Seat 1: hudecam ($92.76 in chips)
Seat 2: krossguard ($112.09 in chips)
hudecam: posts small blind $1
krossguard: posts big blind $3
*** HOLE CARDS ***
hudecam: raises $3 to $6
krossguard: raises $3 to $9
hudecam: calls $3
*** FLOP *** [4c 6d Kh]
krossguard: bets $3
hudecam: calls $3
*** TURN *** [4c 6d Kh] [9s]
krossguard: checks
hudecam: bets $6
krossguard: calls $6
*** RIVER *** [4c 6d Kh 9s] [2c]
krossguard: checks
hudecam: bets $6
krossguard: folds
Uncalled bet ($6) returned to hudecam
hudecam collected $35.50 from pot
hudecam: doesn't show hand
*** SUMMARY ***
Total pot $36 | Rake $0.50
Board [4c 6d Kh 9s 2c]
Seat 1: hudecam (button) (small blind) collected ($35.50)
Seat 2: krossguard (big blind) folded on the River


PokerStars Hand #147924541671:  Hold'em Limit ($3/$6 USD) - 2016/01/30 6:51:50 ET
Table 'Sycorax II' 2-max Seat #2 is the button
Seat 1: hudecam ($72.26 in chips)
Seat 2: krossguard ($133.09 in chips)
krossguard: posts small blind $1
hudecam: posts big blind $3
*** HOLE CARDS ***
krossguard: raises $3 to $6
hudecam: calls $3
*** FLOP *** [9s Th 6s]
hudecam: checks
krossguard: bets $3
hudecam: calls $3
*** TURN *** [9s Th 6s] [Ah]
hudecam: checks
krossguard: bets $6
hudecam: calls $6
*** RIVER *** [9s Th 6s Ah] [Kd]
hudecam: checks
krossguard: bets $6
hudecam: calls $6
*** SHOW DOWN ***
krossguard: shows [4h 5c] (high card Ace)
hudecam: shows [3d 6h] (a pair of Sixes)
hudecam collected $41.50 from pot
*** SUMMARY ***
Total pot $42 | Rake $0.50
Board [9s Th 6s Ah Kd]
Seat 1: hudecam (big blind) showed [3d 6h] and won ($41.50) with a pair of Sixes
Seat 2: krossguard (button) (small blind) showed [4h 5c] and lost with high card Ace


PokerStars Hand #147924562576:  Hold'em Limit ($3/$6 USD) - 2016/01/30 6:52:24 ET
Table 'Sycorax II' 2-max Seat #1 is the button
Seat 1: hudecam ($111.26 in chips)
Seat 2: krossguard ($93.09 in chips)
hudecam: posts small blind $1
krossguard: posts big blind $3
*** HOLE CARDS ***
hudecam: raises $3 to $6
krossguard: calls $3
*** FLOP *** [4d 8h Ks]
krossguard: checks
hudecam: bets $3
krossguard: folds
Uncalled bet ($3) returned to hudecam
hudecam collected $11.76 from pot
hudecam: doesn't show hand
*** SUMMARY ***
Total pot $12 | Rake $0.24
Board [4d 8h Ks]
Seat 1: hudecam (button) (small blind) collected ($11.76)
Seat 2: krossguard (big blind) folded on the Flop


PokerStars Hand #147924575806:  Hold'em Limit ($3/$6 USD) - 2016/01/30 6:52:46 ET
Table 'Sycorax II' 2-max Seat #1 is the button
Seat 1: hudecam ($131.52 in chips)
Seat 2: krossguard ($72.09 in chips)
hudecam: posts small blind $1
krossguard: posts big blind $3
*** HOLE CARDS ***
hudecam: raises $3 to $6
krossguard: calls $3
*** FLOP *** [Kd 8c 6s]
krossguard: checks
hudecam: bets $3
krossguard: calls $3
*** TURN *** [Kd 8c 6s] [Qs]
krossguard: checks
hudecam: bets $6
krossguard: folds
Uncalled bet ($6) returned to hudecam
hudecam collected $17.64 from pot
hudecam: doesn't show hand
*** SUMMARY ***
Total pot $18 | Rake $0.36
Board [Kd 8c 6s Qs]
Seat 1: hudecam (button) (small blind) collected ($17.64)
Seat 2: krossguard (big blind) folded on the Turn


PokerStars Hand #147924567827:  Hold'em Limit ($3/$6 USD) - 2016/01/30 6:52:33 ET
Table 'Sycorax II' 2-max Seat #2 is the button
Seat 1: hudecam ($117.02 in chips)
Seat 2: krossguard ($87.09 in chips)
krossguard: posts small blind $1
hudecam: posts big blind $3
*** HOLE CARDS ***
krossguard: raises $3 to $6
hudecam: calls $3
*** FLOP *** [Jh 5c Qs]
hudecam: checks
krossguard: bets $3
hudecam: calls $3
*** TURN *** [Jh 5c Qs] [Ac]
hudecam: checks
krossguard: bets $6
hudecam: calls $6
*** RIVER *** [Jh 5c Qs Ac] [4d]
hudecam: checks
krossguard: checks
*** SHOW DOWN ***
hudecam: shows [Jd 2s] (a pair of Jacks)
krossguard: mucks hand
hudecam collected $29.50 from pot
*** SUMMARY ***
Total pot $30 | Rake $0.50
Board [Jh 5c Qs Ac 4d]
Seat 1: hudecam (big blind) showed [Jd 2s] and won ($29.50) with a pair of Jacks
Seat 2: krossguard (button) (small blind) mucked


PokerStars Hand #147924593266:  Hold'em Limit ($3/$6 USD) - 2016/01/30 6:53:14 ET
Table 'Sycorax II' 2-max Seat #1 is the button
Seat 1: hudecam ($116.16 in chips)
Seat 2: krossguard ($86.59 in chips)
hudecam: posts small blind $1
krossguard: posts big blind $3
*** HOLE CARDS ***
hudecam: raises $3 to $6
krossguard: folds
Uncalled bet ($3) returned to hudecam
hudecam collected $6 from pot
hudecam: doesn't show hand
*** SUMMARY ***
Total pot $6 | Rake $0
Seat 1: hudecam (button) (small blind) collected ($6)
Seat 2: krossguard (big blind) folded before Flop


PokerStars Hand #147924581520:  Hold'em Limit ($3/$6 USD) - 2016/01/30 6:52:55 ET
Table 'Sycorax II' 2-max Seat #2 is the button
Seat 1: hudecam ($140.16 in chips)
Seat 2: krossguard ($63.09 in chips)
krossguard: posts small blind $1
hudecam: posts big blind $3
*** HOLE CARDS ***
krossguard: raises $3 to $6
hudecam: raises $3 to $9
krossguard: calls $3
*** FLOP *** [Ks 2d Kh]
hudecam: bets $3
krossguard: calls $3
*** TURN *** [Ks 2d Kh] [2s]
hudecam: bets $6
krossguard: calls $6
*** RIVER *** [Ks 2d Kh 2s] [Qh]
hudecam: bets $6
krossguard: calls $6
*** SHOW DOWN ***
hudecam: shows [Tc Jc] (two pair, Kings and Deuces)
krossguard: shows [Ac 7s] (two pair, Kings and Deuces - Ace kicker)
krossguard collected $47.50 from pot
*** SUMMARY ***
Total pot $48 | Rake $0.50
Board [Ks 2d Kh 2s Qh]
Seat 1: hudecam (big blind) showed [Tc Jc] and lost with two pair, Kings and Deuces
Seat 2: krossguard (button) (small blind) showed [Ac 7s] and won ($47.50) with two pair, Kings and Deuces


PokerStars Hand #147924626572:  Hold'em Limit ($3/$6 USD) - 2016/01/30 6:54:08 ET
Table 'Sycorax II' 2-max Seat #2 is the button
Seat 1: hudecam ($126.66 in chips)
Seat 2: krossguard ($74.87 in chips)
krossguard: posts small blind $1
hudecam: posts big blind $3
*** HOLE CARDS ***
krossguard: raises $3 to $6
hudecam: calls $3
*** FLOP *** [4d 3d Th]
hudecam: bets $3
krossguard: calls $3
*** TURN *** [4d 3d Th] [6c]
hudecam: bets $6
krossguard: calls $6
*** RIVER *** [4d 3d Th 6c] [9h]
hudecam: checks
krossguard: checks
*** SHOW DOWN ***
hudecam: shows [5h 3s] (a pair of Threes)
krossguard: mucks hand
hudecam collected $29.50 from pot
*** SUMMARY ***
Total pot $30 | Rake $0.50
Board [4d 3d Th 6c 9h]
Seat 1: hudecam (big blind) showed [5h 3s] and won ($29.50) with a pair of Threes
Seat 2: krossguard (button) (small blind) mucked


PokerStars Hand #147924623850:  Hold'em Limit ($3/$6 USD) - 2016/01/30 6:54:04 ET
Table 'Sycorax II' 2-max Seat #1 is the button
Seat 1: hudecam ($127.66 in chips)
Seat 2: krossguard ($73.87 in chips)
hudecam: posts small blind $1
krossguard: posts big blind $3
*** HOLE CARDS ***
hudecam: folds
Uncalled bet ($2) returned to krossguard
krossguard collected $2 from pot
krossguard: doesn't show hand
*** SUMMARY ***
Total pot $2 | Rake $0
Seat 1: hudecam (button) (small blind) folded before Flop
Seat 2: krossguard (big blind) collected ($2)


PokerStars Hand #147924616417:  Hold'em Limit ($3/$6 USD) - 2016/01/30 6:53:52 ET
Table 'Sycorax II' 2-max Seat #2 is the button
Seat 1: hudecam ($101.16 in chips)
Seat 2: krossguard ($100.87 in chips)
krossguard: posts small blind $1
hudecam: posts big blind $3
*** HOLE CARDS ***
krossguard: raises $3 to $6
hudecam: raises $3 to $9
krossguard: raises $3 to $12
Betting is capped
hudecam: calls $3
*** FLOP *** [4c Td Kd]
hudecam: bets $3
krossguard: calls $3
*** TURN *** [4c Td Kd] [3s]
hudecam: bets $6
krossguard: calls $6
*** RIVER *** [4c Td Kd 3s] [6c]
hudecam: bets $6
krossguard: calls $6
*** SHOW DOWN ***
hudecam: shows [Kh Qd] (a pair of Kings)
krossguard: mucks hand
hudecam collected $53.50 from pot
*** SUMMARY ***
Total pot $54 | Rake $0.50
Board [4c Td Kd 3s 6c]
Seat 1: hudecam (big blind) showed [Kh Qd] and won ($53.50) with a pair of Kings
Seat 2: krossguard (button) (small blind) mucked


PokerStars Hand #147924607146:  Hold'em Limit ($3/$6 USD) - 2016/01/30 6:53:36 ET
Table 'Sycorax II' 2-max Seat #1 is the button
Seat 1: hudecam ($113.16 in chips)
Seat 2: krossguard ($89.35 in chips)
hudecam: posts small blind $1
krossguard: posts big blind $3
*** HOLE CARDS ***
hudecam: raises $3 to $6
krossguard: raises $3 to $9
hudecam: calls $3
*** FLOP *** [Ts 9h Ad]
krossguard: bets $3
hudecam: calls $3
*** TURN *** [Ts 9h Ad] [Td]
krossguard: checks
hudecam: checks
*** RIVER *** [Ts 9h Ad Td] [7s]
krossguard: bets $6
hudecam: folds
Uncalled bet ($6) returned to krossguard
krossguard collected $23.52 from pot
krossguard: doesn't show hand
*** SUMMARY ***
Total pot $24 | Rake $0.48
Board [Ts 9h Ad Td 7s]
Seat 1: hudecam (button) (small blind) folded on the River
Seat 2: krossguard (big blind) collected ($23.52)


PokerStars Hand #147924597021:  Hold'em Limit ($3/$6 USD) - 2016/01/30 6:53:20 ET
Table 'Sycorax II' 2-max Seat #2 is the button
Seat 1: hudecam ($119.16 in chips)
Seat 2: krossguard ($83.59 in chips)
krossguard: posts small blind $1
hudecam: posts big blind $3
*** HOLE CARDS ***
krossguard: raises $3 to $6
hudecam: calls $3
*** FLOP *** [7d 2s Tc]
hudecam: checks
krossguard: bets $3
hudecam: folds
Uncalled bet ($3) returned to krossguard
krossguard collected $11.76 from pot
krossguard: doesn't show hand
*** SUMMARY ***
Total pot $12 | Rake $0.24
Board [7d 2s Tc]
Seat 1: hudecam (big blind) folded on the Flop
Seat 2: krossguard (button) (small blind) collected ($11.76)


PokerStars Hand #147924665487:  Hold'em Limit ($3/$6 USD) - 2016/01/30 6:55:11 ET
Table 'Sycorax II' 2-max Seat #2 is the button
Seat 1: hudecam ($202.16 in chips)
Seat 2: krossguard ($121 in chips)
krossguard: posts small blind $1
hudecam: posts big blind $3
*** HOLE CARDS ***
krossguard: raises $3 to $6
hudecam: calls $3
*** FLOP *** [Kd 4s 6c]
hudecam: checks
krossguard: bets $3
hudecam: calls $3
*** TURN *** [Kd 4s 6c] [Tc]
hudecam: checks
krossguard: checks
*** RIVER *** [Kd 4s 6c Tc] [5h]
hudecam: bets $6
krossguard: folds
Uncalled bet ($6) returned to hudecam
hudecam collected $17.64 from pot
hudecam: doesn't show hand
*** SUMMARY ***
Total pot $18 | Rake $0.36
Board [Kd 4s 6c Tc 5h]
Seat 1: hudecam (big blind) collected ($17.64)
Seat 2: krossguard (button) (small blind) folded on the River


PokerStars Hand #147924637827:  Hold'em Limit ($3/$6 USD) - 2016/01/30 6:54:26 ET
Table 'Sycorax II' 2-max Seat #1 is the button
Seat 1: hudecam ($141.16 in chips)
Seat 2: krossguard ($120 in chips)
hudecam: posts small blind $1
krossguard: posts big blind $3
*** HOLE CARDS ***
hudecam: raises $3 to $6
krossguard: calls $3
*** FLOP *** [Th 6c 8d]
krossguard: checks
hudecam: bets $3
krossguard: calls $3
*** TURN *** [Th 6c 8d] [4c]
krossguard: checks
hudecam: bets $6
krossguard: calls $6
*** RIVER *** [Th 6c 8d 4c] [Jd]
krossguard: checks
hudecam: checks
*** SHOW DOWN ***
krossguard: shows [Kc 5h] (high card King)
hudecam: shows [Tc 5c] (a pair of Tens)
hudecam collected $29.50 from pot
*** SUMMARY ***
Total pot $30 | Rake $0.50
Board [Th 6c 8d 4c Jd]
Seat 1: hudecam (button) (small blind) showed [Tc 5c] and won ($29.50) with a pair of Tens
Seat 2: krossguard (big blind) showed [Kc 5h] and lost with high card King


PokerStars Hand #147924662474:  Hold'em Limit ($3/$6 USD) - 2016/01/30 6:55:06 ET
Table 'Sycorax II' 2-max Seat #1 is the button
Seat 1: hudecam ($203.16 in chips)
Seat 2: krossguard ($120 in chips)
hudecam: posts small blind $1
krossguard: posts big blind $3
*** HOLE CARDS ***
hudecam: folds
Uncalled bet ($2) returned to krossguard
krossguard collected $2 from pot
krossguard: doesn't show hand
*** SUMMARY ***
Total pot $2 | Rake $0
Seat 1: hudecam (button) (small blind) folded before Flop
Seat 2: krossguard (big blind) collected ($2)


PokerStars Hand #147924645874:  Hold'em Limit ($3/$6 USD) - 2016/01/30 6:54:39 ET
Table 'Sycorax II' 2-max Seat #2 is the button
Seat 1: hudecam ($155.66 in chips)
Seat 2: krossguard ($105 in chips)
krossguard: posts small blind $1
hudecam: posts big blind $3
*** HOLE CARDS ***
krossguard: raises $3 to $6
hudecam: calls $3
*** FLOP *** [5h 4c 7d]
hudecam: checks
krossguard: bets $3
hudecam: raises $3 to $6
krossguard: calls $3
*** TURN *** [5h 4c 7d] [7s]
hudecam: bets $6
krossguard: raises $6 to $12
hudecam: raises $6 to $18
krossguard: calls $6
*** RIVER *** [5h 4c 7d 7s] [5c]
hudecam: bets $6
krossguard: raises $6 to $12
hudecam: raises $6 to $18
krossguard: calls $6
*** SHOW DOWN ***
hudecam: shows [Qs 7c] (a full house, Sevens full of Fives)
krossguard: mucks hand
hudecam collected $95.50 from pot
*** SUMMARY ***
Total pot $96 | Rake $0.50
Board [5h 4c 7d 7s 5c]
Seat 1: hudecam (big blind) showed [Qs 7c] and won ($95.50) with a full house, Sevens full of Fives
Seat 2: krossguard (button) (small blind) mucked


PokerStars Hand #147924696885:  Hold'em Limit ($3/$6 USD) - 2016/01/30 6:56:10 ET
Table 'Sycorax II' 2-max Seat #1 is the button
Seat 1: hudecam ($196.55 in chips)
Seat 2: krossguard ($125.27 in chips)
hudecam: posts small blind $1
krossguard: posts big blind $3
*** HOLE CARDS ***
hudecam: raises $3 to $6
krossguard: raises $3 to $9
hudecam: calls $3
*** FLOP *** [Tc 3s 2c]
krossguard: bets $3
hudecam: calls $3
*** TURN *** [Tc 3s 2c] [4s]
krossguard: bets $6
hudecam: folds
Uncalled bet ($6) returned to krossguard
krossguard collected $23.52 from pot
krossguard: doesn't show hand
*** SUMMARY ***
Total pot $24 | Rake $0.48
Board [Tc 3s 2c 4s]
Seat 1: hudecam (button) (small blind) folded on the Turn
Seat 2: krossguard (big blind) collected ($23.52)


PokerStars Hand #147924684011:  Hold'em Limit ($3/$6 USD) - 2016/01/30 6:55:45 ET
Table 'Sycorax II' 2-max Seat #2 is the button
Seat 1: hudecam ($198.80 in chips)
Seat 2: krossguard ($123.52 in chips)
krossguard: posts small blind $1
hudecam: posts big blind $3
*** HOLE CARDS ***
krossguard: folds
Uncalled bet ($2) returned to hudecam
hudecam collected $2 from pot
hudecam: doesn't show hand
*** SUMMARY ***
Total pot $2 | Rake $0
Seat 1: hudecam (big blind) collected ($2)
Seat 2: krossguard (button) (small blind) folded before Flop


PokerStars Hand #147924693938:  Hold'em Limit ($3/$6 USD) - 2016/01/30 6:56:04 ET
Table 'Sycorax II' 2-max Seat #2 is the button
Seat 1: hudecam ($199.55 in chips)
Seat 2: krossguard ($122.27 in chips)
krossguard: posts small blind $1
hudecam: posts big blind $3
*** HOLE CARDS ***
krossguard: raises $3 to $6
hudecam: folds
Uncalled bet ($3) returned to krossguard
krossguard collected $6 from pot
krossguard: doesn't show hand
*** SUMMARY ***
Total pot $6 | Rake $0
Seat 1: hudecam (big blind) folded before Flop
Seat 2: krossguard (button) (small blind) collected ($6)


PokerStars Hand #147924686947:  Hold'em Limit ($3/$6 USD) - 2016/01/30 6:55:51 ET
Table 'Sycorax II' 2-max Seat #1 is the button
Seat 1: hudecam ($199.80 in chips)
Seat 2: krossguard ($122.52 in chips)
hudecam: posts small blind $1
krossguard: posts big blind $3
*** HOLE CARDS ***
hudecam: raises $3 to $6
krossguard: calls $3
*** FLOP *** [9h 8c 2s]
krossguard: checks
hudecam: bets $3
krossguard: calls $3
*** TURN *** [9h 8c 2s] [3s]
krossguard: checks
hudecam: bets $6
krossguard: calls $6
*** RIVER *** [9h 8c 2s 3s] [2d]
krossguard: checks
hudecam: checks
*** SHOW DOWN ***
krossguard: shows [Ts Qc] (a pair of Deuces)
hudecam: shows [Tc Qd] (a pair of Deuces)
krossguard collected $14.75 from pot
hudecam collected $14.75 from pot
*** SUMMARY ***
Total pot $30 | Rake $0.50
Board [9h 8c 2s 3s 2d]
Seat 1: hudecam (button) (small blind) showed [Tc Qd] and won ($14.75) with a pair of Deuces
Seat 2: krossguard (big blind) showed [Ts Qc] and won ($14.75) with a pair of Deuces


PokerStars Hand #147924715335:  Hold'em Limit ($3/$6 USD) - 2016/01/30 6:56:44 ET
Table 'Sycorax II' 2-max Seat #2 is the button
Seat 1: hudecam ($148.55 in chips)
Seat 2: krossguard ($172.29 in chips)
krossguard: posts small blind $1
hudecam: posts big blind $3
*** HOLE CARDS ***
krossguard: raises $3 to $6
hudecam: folds
Uncalled bet ($3) returned to krossguard
krossguard collected $6 from pot
krossguard: doesn't show hand
*** SUMMARY ***
Total pot $6 | Rake $0
Seat 1: hudecam (big blind) folded before Flop
Seat 2: krossguard (button) (small blind) collected ($6)


PokerStars Hand #147924705642:  Hold'em Limit ($3/$6 USD) - 2016/01/30 6:56:26 ET
Table 'Sycorax II' 2-max Seat #1 is the button
Seat 1: hudecam ($181.55 in chips)
Seat 2: krossguard ($139.79 in chips)
hudecam: posts small blind $1
krossguard: posts big blind $3
*** HOLE CARDS ***
hudecam: raises $3 to $6
krossguard: calls $3
*** FLOP *** [8h 9s 4d]
krossguard: checks
hudecam: bets $3
krossguard: calls $3
*** TURN *** [8h 9s 4d] [Ks]
krossguard: checks
hudecam: bets $6
krossguard: calls $6
*** RIVER *** [8h 9s 4d Ks] [7s]
krossguard: bets $6
hudecam: raises $6 to $12
krossguard: raises $6 to $18
hudecam: calls $6
*** SHOW DOWN ***
krossguard: shows [Th 6h] (a straight, Six to Ten)
hudecam: mucks hand
krossguard collected $65.50 from pot
*** SUMMARY ***
Total pot $66 | Rake $0.50
Board [8h 9s 4d Ks 7s]
Seat 1: hudecam (button) (small blind) mucked
Seat 2: krossguard (big blind) showed [Th 6h] and won ($65.50) with a straight, Six to Ten


PokerStars Hand #147924702886:  Hold'em Limit ($3/$6 USD) - 2016/01/30 6:56:21 ET
Table 'Sycorax II' 2-max Seat #2 is the button
Seat 1: hudecam ($184.55 in chips)
Seat 2: krossguard ($136.79 in chips)
krossguard: posts small blind $1
hudecam: posts big blind $3
*** HOLE CARDS ***
krossguard: raises $3 to $6
hudecam: folds
Uncalled bet ($3) returned to krossguard
krossguard collected $6 from pot
krossguard: doesn't show hand
*** SUMMARY ***
Total pot $6 | Rake $0
Seat 1: hudecam (big blind) folded before Flop
Seat 2: krossguard (button) (small blind) collected ($6)


