PokerStars Hand #155260793217:  Hold'em Limit ($3/$6 USD) - 2016/06/27 10:01:43 ET
Table 'Sycorax II' 6-max Seat #4 is the button
Seat 3: Batavus ($92.45 in chips)
Seat 4: AzureCaper ($72 in chips)
AzureCaper: posts small blind $1
Batavus: posts big blind $3
*** HOLE CARDS ***
AzureCaper: raises $3 to $6
Batavus: calls $3
*** FLOP *** [As 2d 8s]
Batavus: checks
AzureCaper: bets $3
Batavus: calls $3
*** TURN *** [As 2d 8s] [3c]
Batavus: checks
AzureCaper: checks
*** RIVER *** [As 2d 8s 3c] [5s]
Batavus: bets $6
AzureCaper: folds
Uncalled bet ($6) returned to Batavus
Batavus collected $17.64 from pot
*** SUMMARY ***
Total pot $18 | Rake $0.36
Board [As 2d 8s 3c 5s]
Seat 3: Batavus (big blind) collected ($17.64)
Seat 4: AzureCaper (button) (small blind) folded on the River


PokerStars Hand #155260825268:  Hold'em Limit ($3/$6 USD) - 2016/06/27 10:02:44 ET
Table 'Sycorax II' 6-max Seat #3 is the button
Seat 3: Batavus ($91.85 in chips)
Seat 4: AzureCaper ($86.50 in chips)
Batavus: posts small blind $1
AzureCaper: posts big blind $3
*** HOLE CARDS ***
Batavus: folds
Uncalled bet ($2) returned to AzureCaper
AzureCaper collected $2 from pot
AzureCaper: doesn't show hand
*** SUMMARY ***
Total pot $2 | Rake $0
Seat 3: Batavus (button) (small blind) folded before Flop
Seat 4: AzureCaper (big blind) collected ($2)


PokerStars Hand #155260813710:  Hold'em Limit ($3/$6 USD) - 2016/06/27 10:02:22 ET
Table 'Sycorax II' 6-max Seat #4 is the button
Seat 3: Batavus ($106.85 in chips)
Seat 4: AzureCaper ($72 in chips)
AzureCaper: posts small blind $1
Batavus: posts big blind $3
*** HOLE CARDS ***
AzureCaper: raises $3 to $6
Batavus: calls $3
*** FLOP *** [5c 2s Qc]
Batavus: checks
AzureCaper: bets $3
Batavus: calls $3
*** TURN *** [5c 2s Qc] [Qd]
Batavus: checks
AzureCaper: checks
*** RIVER *** [5c 2s Qc Qd] [Td]
Batavus: checks
AzureCaper: bets $6
Batavus: calls $6
*** SHOW DOWN ***
AzureCaper: shows [Ts 8h] (two pair, Queens and Tens)
Batavus: mucks hand
AzureCaper collected $29.50 from pot
*** SUMMARY ***
Total pot $30 | Rake $0.50
Board [5c 2s Qc Qd Td]
Seat 3: Batavus (big blind) mucked
Seat 4: AzureCaper (button) (small blind) showed [Ts 8h] and won ($29.50) with two pair, Queens and Tens


PokerStars Hand #155260827593:  Hold'em Limit ($3/$6 USD) - 2016/06/27 10:02:49 ET
Table 'Sycorax II' 6-max Seat #4 is the button
Seat 3: Batavus ($90.85 in chips)
Seat 4: AzureCaper ($87.50 in chips)
AzureCaper: posts small blind $1
Batavus: posts big blind $3
*** HOLE CARDS ***
AzureCaper: folds
Uncalled bet ($2) returned to Batavus
Batavus collected $2 from pot
*** SUMMARY ***
Total pot $2 | Rake $0
Seat 3: Batavus (big blind) collected ($2)
Seat 4: AzureCaper (button) (small blind) folded before Flop


PokerStars Hand #155260808199:  Hold'em Limit ($3/$6 USD) - 2016/06/27 10:02:12 ET
Table 'Sycorax II' 6-max Seat #3 is the button
Seat 3: Batavus ($101.09 in chips)
Seat 4: AzureCaper ($72 in chips)
Batavus: posts small blind $1
AzureCaper: posts big blind $3
*** HOLE CARDS ***
Batavus: raises $3 to $6
AzureCaper: calls $3
*** FLOP *** [8s As 5d]
AzureCaper: checks
Batavus: bets $3
AzureCaper: folds
Uncalled bet ($3) returned to Batavus
Batavus collected $11.76 from pot
*** SUMMARY ***
Total pot $12 | Rake $0.24
Board [8s As 5d]
Seat 3: Batavus (button) (small blind) collected ($11.76)
Seat 4: AzureCaper (big blind) folded on the Flop


PokerStars Hand #155260804779:  Hold'em Limit ($3/$6 USD) - 2016/06/27 10:02:05 ET
Table 'Sycorax II' 6-max Seat #4 is the button
Seat 3: Batavus ($100.09 in chips)
Seat 4: AzureCaper ($73 in chips)
AzureCaper: posts small blind $1
Batavus: posts big blind $3
*** HOLE CARDS ***
AzureCaper: folds
Uncalled bet ($2) returned to Batavus
Batavus collected $2 from pot
*** SUMMARY ***
Total pot $2 | Rake $0
Seat 3: Batavus (big blind) collected ($2)
Seat 4: AzureCaper (button) (small blind) folded before Flop


PokerStars Hand #155260802407:  Hold'em Limit ($3/$6 USD) - 2016/06/27 10:02:01 ET
Table 'Sycorax II' 6-max Seat #3 is the button
Seat 3: Batavus ($101.09 in chips)
Seat 4: AzureCaper ($72 in chips)
Batavus: posts small blind $1
AzureCaper: posts big blind $3
*** HOLE CARDS ***
Batavus: folds
Uncalled bet ($2) returned to AzureCaper
AzureCaper collected $2 from pot
AzureCaper: doesn't show hand
*** SUMMARY ***
Total pot $2 | Rake $0
Seat 3: Batavus (button) (small blind) folded before Flop
Seat 4: AzureCaper (big blind) collected ($2)


PokerStars Hand #155260846382:  Hold'em Limit ($3/$6 USD) - 2016/06/27 10:03:25 ET
Table 'Sycorax II' 6-max Seat #3 is the button
Seat 3: Batavus ($64.85 in chips)
Seat 4: AzureCaper ($112.76 in chips)
Batavus: posts small blind $1
AzureCaper: posts big blind $3
*** HOLE CARDS ***
Batavus: raises $3 to $6
AzureCaper: folds
Uncalled bet ($3) returned to Batavus
Batavus collected $6 from pot
*** SUMMARY ***
Total pot $6 | Rake $0
Seat 3: Batavus (button) (small blind) collected ($6)
Seat 4: AzureCaper (big blind) folded before Flop


PokerStars Hand #155260844085:  Hold'em Limit ($3/$6 USD) - 2016/06/27 10:03:21 ET
Table 'Sycorax II' 6-max Seat #4 is the button
Seat 3: Batavus ($63.85 in chips)
Seat 4: AzureCaper ($113.76 in chips)
AzureCaper: posts small blind $1
Batavus: posts big blind $3
*** HOLE CARDS ***
AzureCaper: folds
Uncalled bet ($2) returned to Batavus
Batavus collected $2 from pot
*** SUMMARY ***
Total pot $2 | Rake $0
Seat 3: Batavus (big blind) collected ($2)
Seat 4: AzureCaper (button) (small blind) folded before Flop


PokerStars Hand #155260849165:  Hold'em Limit ($3/$6 USD) - 2016/06/27 10:03:30 ET
Table 'Sycorax II' 6-max Seat #4 is the button
Seat 3: Batavus ($67.85 in chips)
Seat 4: AzureCaper ($109.76 in chips)
AzureCaper: posts small blind $1
Batavus: posts big blind $3
*** HOLE CARDS ***
AzureCaper: raises $3 to $6
Batavus: calls $3
*** FLOP *** [9c Kd 6c]
Batavus: bets $3
AzureCaper: folds
Uncalled bet ($3) returned to Batavus
Batavus collected $11.76 from pot
*** SUMMARY ***
Total pot $12 | Rake $0.24
Board [9c Kd 6c]
Seat 3: Batavus (big blind) collected ($11.76)
Seat 4: AzureCaper (button) (small blind) folded on the Flop


PokerStars Hand #155260853389:  Hold'em Limit ($3/$6 USD) - 2016/06/27 10:03:38 ET
Table 'Sycorax II' 6-max Seat #3 is the button
Seat 3: Batavus ($73.61 in chips)
Seat 4: AzureCaper ($103.76 in chips)
Batavus: posts small blind $1
AzureCaper: posts big blind $3
*** HOLE CARDS ***
Batavus: raises $3 to $6
AzureCaper: calls $3
*** FLOP *** [Ac 9d 5s]
AzureCaper: checks
Batavus: bets $3
AzureCaper: calls $3
*** TURN *** [Ac 9d 5s] [6h]
AzureCaper: checks
Batavus: checks
*** RIVER *** [Ac 9d 5s 6h] [6s]
AzureCaper: checks
Batavus: bets $6
AzureCaper: calls $6
*** SHOW DOWN ***
Batavus: shows [9s Jc] (two pair, Nines and Sixes)
AzureCaper: mucks hand
Batavus collected $29.50 from pot
*** SUMMARY ***
Total pot $30 | Rake $0.50
Board [Ac 9d 5s 6h 6s]
Seat 3: Batavus (button) (small blind) showed [9s Jc] and won ($29.50) with two pair, Nines and Sixes
Seat 4: AzureCaper (big blind) mucked


PokerStars Hand #155260860016:  Hold'em Limit ($3/$6 USD) - 2016/06/27 10:03:51 ET
Table 'Sycorax II' 6-max Seat #4 is the button
Seat 3: Batavus ($88.11 in chips)
Seat 4: AzureCaper ($88.76 in chips)
AzureCaper: posts small blind $1
Batavus: posts big blind $3
*** HOLE CARDS ***
AzureCaper: folds
Uncalled bet ($2) returned to Batavus
Batavus collected $2 from pot
*** SUMMARY ***
Total pot $2 | Rake $0
Seat 3: Batavus (big blind) collected ($2)
Seat 4: AzureCaper (button) (small blind) folded before Flop


PokerStars Hand #155260829770:  Hold'em Limit ($3/$6 USD) - 2016/06/27 10:02:53 ET
Table 'Sycorax II' 6-max Seat #3 is the button
Seat 3: Batavus ($91.85 in chips)
Seat 4: AzureCaper ($86.50 in chips)
Batavus: posts small blind $1
AzureCaper: posts big blind $3
*** HOLE CARDS ***
Batavus: calls $2
AzureCaper: raises $3 to $6
Batavus: calls $3
*** FLOP *** [Jd As Ah]
AzureCaper: bets $3
Batavus: folds
Uncalled bet ($3) returned to AzureCaper
AzureCaper collected $11.76 from pot
AzureCaper: doesn't show hand
*** SUMMARY ***
Total pot $12 | Rake $0.24
Board [Jd As Ah]
Seat 3: Batavus (button) (small blind) folded on the Flop
Seat 4: AzureCaper (big blind) collected ($11.76)


PokerStars Hand #155260841850:  Hold'em Limit ($3/$6 USD) - 2016/06/27 10:03:16 ET
Table 'Sycorax II' 6-max Seat #3 is the button
Seat 3: Batavus ($64.85 in chips)
Seat 4: AzureCaper ($112.76 in chips)
Batavus: posts small blind $1
AzureCaper: posts big blind $3
*** HOLE CARDS ***
Batavus: folds
Uncalled bet ($2) returned to AzureCaper
AzureCaper collected $2 from pot
AzureCaper: doesn't show hand
*** SUMMARY ***
Total pot $2 | Rake $0
Seat 3: Batavus (button) (small blind) folded before Flop
Seat 4: AzureCaper (big blind) collected ($2)


PokerStars Hand #155260835536:  Hold'em Limit ($3/$6 USD) - 2016/06/27 10:03:04 ET
Table 'Sycorax II' 6-max Seat #4 is the button
Seat 3: Batavus ($85.85 in chips)
Seat 4: AzureCaper ($92.26 in chips)
AzureCaper: posts small blind $1
Batavus: posts big blind $3
*** HOLE CARDS ***
AzureCaper: raises $3 to $6
Batavus: calls $3
*** FLOP *** [8h 6h As]
Batavus: bets $3
AzureCaper: calls $3
*** TURN *** [8h 6h As] [6s]
Batavus: bets $6
AzureCaper: calls $6
*** RIVER *** [8h 6h As 6s] [Qc]
Batavus: bets $6
AzureCaper: calls $6
*** SHOW DOWN ***
Batavus: shows [Qd 2d] (two pair, Queens and Sixes)
AzureCaper: shows [5c Ah] (two pair, Aces and Sixes)
AzureCaper collected $41.50 from pot
*** SUMMARY ***
Total pot $42 | Rake $0.50
Board [8h 6h As 6s Qc]
Seat 3: Batavus (big blind) showed [Qd 2d] and lost with two pair, Queens and Sixes
Seat 4: AzureCaper (button) (small blind) showed [5c Ah] and won ($41.50) with two pair, Aces and Sixes


PokerStars Hand #155260876086:  Hold'em Limit ($3/$6 USD) - 2016/06/27 10:04:21 ET
Table 'Sycorax II' 6-max Seat #3 is the button
Seat 3: Batavus ($94.61 in chips)
Seat 4: AzureCaper ($81.40 in chips)
Batavus: posts small blind $1
AzureCaper: posts big blind $3
*** HOLE CARDS ***
Batavus: raises $3 to $6
AzureCaper: folds
Uncalled bet ($3) returned to Batavus
Batavus collected $6 from pot
*** SUMMARY ***
Total pot $6 | Rake $0
Seat 3: Batavus (button) (small blind) collected ($6)
Seat 4: AzureCaper (big blind) folded before Flop


PokerStars Hand #155260882314:  Hold'em Limit ($3/$6 USD) - 2016/06/27 10:04:33 ET
Table 'Sycorax II' 6-max Seat #3 is the button
Seat 3: Batavus ($94.61 in chips)
Seat 4: AzureCaper ($81.40 in chips)
Batavus: posts small blind $1
AzureCaper: posts big blind $3
*** HOLE CARDS ***
Batavus: folds
Uncalled bet ($2) returned to AzureCaper
Batavus leaves the table
AzureCaper collected $2 from pot
AzureCaper: doesn't show hand
*** SUMMARY ***
Total pot $2 | Rake $0
Seat 3: Batavus (button) (small blind) folded before Flop
Seat 4: AzureCaper (big blind) collected ($2)


PokerStars Hand #155260879850:  Hold'em Limit ($3/$6 USD) - 2016/06/27 10:04:29 ET
Table 'Sycorax II' 6-max Seat #4 is the button
Seat 3: Batavus ($97.61 in chips)
Seat 4: AzureCaper ($78.40 in chips)
BrownieSpy joins the table at seat #2
AzureCaper: posts small blind $1
Batavus: posts big blind $3
*** HOLE CARDS ***
AzureCaper: raises $3 to $6
Batavus: folds
Uncalled bet ($3) returned to AzureCaper
AzureCaper collected $6 from pot
AzureCaper: doesn't show hand
*** SUMMARY ***
Total pot $6 | Rake $0
Seat 3: Batavus (big blind) folded before Flop
Seat 4: AzureCaper (button) (small blind) collected ($6)


PokerStars Hand #155260885606:  Hold'em Limit ($3/$6 USD) - 2016/06/27 10:04:39 ET
Table 'Sycorax II' 6-max Seat #4 is the button
Seat 2: BrownieSpy ($72 in chips)
Seat 4: AzureCaper ($82.40 in chips)
AzureCaper: posts small blind $1
BrownieSpy: posts big blind $3
*** HOLE CARDS ***
AzureCaper: raises $3 to $6
BrownieSpy: calls $3
*** FLOP *** [2h Qh 9c]
BrownieSpy: checks
AzureCaper: bets $3
BrownieSpy: folds
Uncalled bet ($3) returned to AzureCaper
AzureCaper collected $11.76 from pot
AzureCaper: doesn't show hand
*** SUMMARY ***
Total pot $12 | Rake $0.24
Board [2h Qh 9c]
Seat 2: BrownieSpy (big blind) folded on the Flop
Seat 4: AzureCaper (button) (small blind) collected ($11.76)


PokerStars Hand #155260862149:  Hold'em Limit ($3/$6 USD) - 2016/06/27 10:03:55 ET
Table 'Sycorax II' 6-max Seat #3 is the button
Seat 3: Batavus ($89.11 in chips)
Seat 4: AzureCaper ($87.76 in chips)
Batavus: posts small blind $1
AzureCaper: posts big blind $3
*** HOLE CARDS ***
Batavus: raises $3 to $6
AzureCaper: calls $3
*** FLOP *** [Kh 8s 7d]
AzureCaper: checks
Batavus: bets $3
AzureCaper: calls $3
*** TURN *** [Kh 8s 7d] [9d]
AzureCaper: checks
Batavus: checks
*** RIVER *** [Kh 8s 7d 9d] [5s]
AzureCaper: checks
Batavus: bets $6
AzureCaper: calls $6
*** SHOW DOWN ***
Batavus: shows [9s As] (a pair of Nines)
AzureCaper: mucks hand
Batavus collected $29.50 from pot
*** SUMMARY ***
Total pot $30 | Rake $0.50
Board [Kh 8s 7d 9d 5s]
Seat 3: Batavus (button) (small blind) showed [9s As] and won ($29.50) with a pair of Nines
Seat 4: AzureCaper (big blind) mucked


PokerStars Hand #155260869472:  Hold'em Limit ($3/$6 USD) - 2016/06/27 10:04:09 ET
Table 'Sycorax II' 6-max Seat #4 is the button
Seat 3: Batavus ($103.61 in chips)
Seat 4: AzureCaper ($72.76 in chips)
AzureCaper: posts small blind $1
Batavus: posts big blind $3
*** HOLE CARDS ***
AzureCaper: raises $3 to $6
Batavus: calls $3
*** FLOP *** [5h 3d Js]
Batavus: checks
AzureCaper: bets $3
Batavus: calls $3
*** TURN *** [5h 3d Js] [8h]
Batavus: checks
AzureCaper: bets $6
Batavus: folds
Uncalled bet ($6) returned to AzureCaper
AzureCaper collected $17.64 from pot
AzureCaper: doesn't show hand
*** SUMMARY ***
Total pot $18 | Rake $0.36
Board [5h 3d Js 8h]
Seat 3: Batavus (big blind) folded on the Turn
Seat 4: AzureCaper (button) (small blind) collected ($17.64)


