PokerStars Hand #145204796799:  Hold'em Limit ($3/$6 USD) - 2015/12/11 20:43:18 ET
Table 'Sycorax' 10-max Seat #10 is the button
Seat 9: rastyb87 ($110.28 in chips)
Seat 10: Chessnok ($102.98 in chips)
Chessnok: posts small blind $1
craaa: is sitting out
rastyb87: posts big blind $3
*** HOLE CARDS ***
craaa leaves the table
Chessnok: raises $3 to $6
rastyb87: folds
Uncalled bet ($3) returned to Chessnok
Chessnok collected $6 from pot
Chessnok: doesn't show hand
*** SUMMARY ***
Total pot $6 | Rake $0
Seat 9: rastyb87 (big blind) folded before Flop
Seat 10: Chessnok (button) (small blind) collected ($6)


PokerStars Hand #145204840682:  Hold'em Limit ($3/$6 USD) - 2015/12/11 20:44:41 ET
Table 'Sycorax' 10-max Seat #9 is the button
Seat 9: rastyb87 ($133.42 in chips)
Seat 10: Chessnok ($78.62 in chips)
rastyb87: posts small blind $1
Chessnok: posts big blind $3
*** HOLE CARDS ***
rastyb87: folds
Uncalled bet ($2) returned to Chessnok
Chessnok collected $2 from pot
Chessnok: doesn't show hand
*** SUMMARY ***
Total pot $2 | Rake $0
Seat 9: rastyb87 (button) (small blind) folded before Flop
Seat 10: Chessnok (big blind) collected ($2)


PokerStars Hand #145204830722:  Hold'em Limit ($3/$6 USD) - 2015/12/11 20:44:23 ET
Table 'Sycorax' 10-max Seat #10 is the button
Seat 9: rastyb87 ($142.42 in chips)
Seat 10: Chessnok ($69.98 in chips)
Chessnok: posts small blind $1
rastyb87: posts big blind $3
*** HOLE CARDS ***
Chessnok: raises $3 to $6
rastyb87: calls $3
*** FLOP *** [6d Qd 4h]
rastyb87: checks
Chessnok: bets $3
rastyb87: calls $3
*** TURN *** [6d Qd 4h] [Ts]
rastyb87: checks
Chessnok: bets $6
rastyb87: folds
Uncalled bet ($6) returned to Chessnok
Chessnok collected $17.64 from pot
Chessnok: doesn't show hand
*** SUMMARY ***
Total pot $18 | Rake $0.36
Board [6d Qd 4h Ts]
Seat 9: rastyb87 (big blind) folded on the Turn
Seat 10: Chessnok (button) (small blind) collected ($17.64)


PokerStars Hand #145204827298:  Hold'em Limit ($3/$6 USD) - 2015/12/11 20:44:16 ET
Table 'Sycorax' 10-max Seat #9 is the button
Seat 9: rastyb87 ($139.42 in chips)
Seat 10: Chessnok ($72.98 in chips)
rastyb87: posts small blind $1
Chessnok: posts big blind $3
*** HOLE CARDS ***
rastyb87: raises $3 to $6
Chessnok: folds
Uncalled bet ($3) returned to rastyb87
rastyb87 collected $6 from pot
*** SUMMARY ***
Total pot $6 | Rake $0
Seat 9: rastyb87 (button) (small blind) collected ($6)
Seat 10: Chessnok (big blind) folded before Flop


PokerStars Hand #145204815026:  Hold'em Limit ($3/$6 USD) - 2015/12/11 20:43:53 ET
Table 'Sycorax' 10-max Seat #10 is the button
Seat 9: rastyb87 ($130.78 in chips)
Seat 10: Chessnok ($81.98 in chips)
Chessnok: posts small blind $1
rastyb87: posts big blind $3
*** HOLE CARDS ***
Chessnok: raises $3 to $6
rastyb87: calls $3
*** FLOP *** [Kh 4h Qh]
rastyb87: checks
Chessnok: bets $3
rastyb87: calls $3
*** TURN *** [Kh 4h Qh] [7h]
rastyb87: checks
Chessnok: checks
*** RIVER *** [Kh 4h Qh 7h] [6d]
rastyb87: checks
Chessnok: checks
*** SHOW DOWN ***
rastyb87: shows [Jd Qs] (a pair of Queens)
Chessnok: mucks hand
rastyb87 collected $17.64 from pot
*** SUMMARY ***
Total pot $18 | Rake $0.36
Board [Kh 4h Qh 7h 6d]
Seat 9: rastyb87 (big blind) showed [Jd Qs] and won ($17.64) with a pair of Queens
Seat 10: Chessnok (button) (small blind) mucked


PokerStars Hand #145204799847:  Hold'em Limit ($3/$6 USD) - 2015/12/11 20:43:24 ET
Table 'Sycorax' 10-max Seat #9 is the button
Seat 9: rastyb87 ($107.28 in chips)
Seat 10: Chessnok ($105.98 in chips)
rastyb87: posts small blind $1
Chessnok: posts big blind $3
*** HOLE CARDS ***
rastyb87: raises $3 to $6
Chessnok: raises $3 to $9
rastyb87: calls $3
*** FLOP *** [Jh 7c Kd]
Chessnok: bets $3
karambakilla leaves the table
rastyb87: calls $3
*** TURN *** [Jh 7c Kd] [5h]
Chessnok: bets $6
rastyb87: calls $6
*** RIVER *** [Jh 7c Kd 5h] [Th]
Chessnok: checks
rastyb87: bets $6
Chessnok: calls $6
*** SHOW DOWN ***
rastyb87: shows [Ah Qh] (a flush, Ace high)
Chessnok: mucks hand
rastyb87 collected $47.50 from pot
*** SUMMARY ***
Total pot $48 | Rake $0.50
Board [Jh 7c Kd 5h Th]
Seat 9: rastyb87 (button) (small blind) showed [Ah Qh] and won ($47.50) with a flush, Ace high
Seat 10: Chessnok (big blind) mucked


PokerStars Hand #145204843134:  Hold'em Limit ($3/$6 USD) - 2015/12/11 20:44:46 ET
Table 'Sycorax' 10-max Seat #10 is the button
Seat 9: rastyb87 ($132.42 in chips)
Seat 10: Chessnok ($79.62 in chips)
Chessnok: posts small blind $1
rastyb87: posts big blind $3
*** HOLE CARDS ***
Chessnok: folds
Uncalled bet ($2) returned to rastyb87
rastyb87 collected $2 from pot
*** SUMMARY ***
Total pot $2 | Rake $0
Seat 9: rastyb87 (big blind) collected ($2)
Seat 10: Chessnok (button) (small blind) folded before Flop


PokerStars Hand #145204859622:  Hold'em Limit ($3/$6 USD) - 2015/12/11 20:45:17 ET
Table 'Sycorax' 10-max Seat #9 is the button
Seat 9: rastyb87 ($140.18 in chips)
Seat 10: Chessnok ($71.62 in chips)
rastyb87: posts small blind $1
Chessnok: posts big blind $3
*** HOLE CARDS ***
rastyb87: raises $3 to $6
Chessnok: calls $3
*** FLOP *** [8d Kc Tc]
Chessnok: checks
rastyb87: checks
*** TURN *** [8d Kc Tc] [Ts]
Chessnok: bets $6
rastyb87: folds
Uncalled bet ($6) returned to Chessnok
Chessnok collected $11.76 from pot
Chessnok: doesn't show hand
*** SUMMARY ***
Total pot $12 | Rake $0.24
Board [8d Kc Tc Ts]
Seat 9: rastyb87 (button) (small blind) folded on the Turn
Seat 10: Chessnok (big blind) collected ($11.76)


PokerStars Hand #145204845372:  Hold'em Limit ($3/$6 USD) - 2015/12/11 20:44:50 ET
Table 'Sycorax' 10-max Seat #9 is the button
Seat 9: rastyb87 ($133.42 in chips)
Seat 10: Chessnok ($78.62 in chips)
rastyb87: posts small blind $1
Chessnok: posts big blind $3
*** HOLE CARDS ***
rastyb87: raises $3 to $6
Chessnok: calls $3
*** FLOP *** [Js Ks 3h]
Chessnok: checks
rastyb87: checks
*** TURN *** [Js Ks 3h] [5s]
Chessnok: checks
rastyb87: checks
*** RIVER *** [Js Ks 3h 5s] [9c]
Chessnok: checks
rastyb87: checks
*** SHOW DOWN ***
Chessnok: shows [7c Tc] (high card King)
rastyb87: shows [4s Ac] (high card Ace)
rastyb87 collected $11.76 from pot
*** SUMMARY ***
Total pot $12 | Rake $0.24
Board [Js Ks 3h 5s 9c]
Seat 9: rastyb87 (button) (small blind) showed [4s Ac] and won ($11.76) with high card Ace
Seat 10: Chessnok (big blind) showed [7c Tc] and lost with high card King


PokerStars Hand #145204867433:  Hold'em Limit ($3/$6 USD) - 2015/12/11 20:45:32 ET
Table 'Sycorax' 10-max Seat #10 is the button
Seat 9: rastyb87 ($134.18 in chips)
Seat 10: Chessnok ($77.38 in chips)
Chessnok: posts small blind $1
rastyb87: posts big blind $3
*** HOLE CARDS ***
Chessnok: folds
Uncalled bet ($2) returned to rastyb87
rastyb87 collected $2 from pot
*** SUMMARY ***
Total pot $2 | Rake $0
Seat 9: rastyb87 (big blind) collected ($2)
Seat 10: Chessnok (button) (small blind) folded before Flop


PokerStars Hand #145204857419:  Hold'em Limit ($3/$6 USD) - 2015/12/11 20:45:13 ET
Table 'Sycorax' 10-max Seat #10 is the button
Seat 9: rastyb87 ($139.18 in chips)
Seat 10: Chessnok ($72.62 in chips)
Chessnok: posts small blind $1
rastyb87: posts big blind $3
*** HOLE CARDS ***
Chessnok: folds
Uncalled bet ($2) returned to rastyb87
rastyb87 collected $2 from pot
*** SUMMARY ***
Total pot $2 | Rake $0
Seat 9: rastyb87 (big blind) collected ($2)
Seat 10: Chessnok (button) (small blind) folded before Flop


PokerStars Hand #145204870283:  Hold'em Limit ($3/$6 USD) - 2015/12/11 20:45:37 ET
Table 'Sycorax' 10-max Seat #9 is the button
Seat 9: rastyb87 ($135.18 in chips)
Seat 10: Chessnok ($76.38 in chips)
rastyb87: posts small blind $1
Chessnok: posts big blind $3
*** HOLE CARDS ***
rastyb87: folds
Uncalled bet ($2) returned to Chessnok
Chessnok collected $2 from pot
Chessnok: doesn't show hand
*** SUMMARY ***
Total pot $2 | Rake $0
Seat 9: rastyb87 (button) (small blind) folded before Flop
Seat 10: Chessnok (big blind) collected ($2)


PokerStars Hand #145204891956:  Hold'em Limit ($3/$6 USD) - 2015/12/11 20:46:18 ET
Table 'Sycorax' 10-max Seat #10 is the button
Seat 9: rastyb87 ($143.68 in chips)
Seat 10: Chessnok ($67.38 in chips)
Chessnok: posts small blind $1
rastyb87: posts big blind $3
*** HOLE CARDS ***
Chessnok: raises $3 to $6
rastyb87: calls $3
*** FLOP *** [8d 9h 5s]
rastyb87: checks
Chessnok: bets $3
rastyb87: calls $3
*** TURN *** [8d 9h 5s] [8h]
rastyb87: checks
Chessnok: checks
*** RIVER *** [8d 9h 5s 8h] [2s]
rastyb87: checks
Chessnok: checks
*** SHOW DOWN ***
rastyb87: shows [6h 5c] (two pair, Eights and Fives)
Chessnok: mucks hand
rastyb87 collected $17.64 from pot
*** SUMMARY ***
Total pot $18 | Rake $0.36
Board [8d 9h 5s 8h 2s]
Seat 9: rastyb87 (big blind) showed [6h 5c] and won ($17.64) with two pair, Eights and Fives
Seat 10: Chessnok (button) (small blind) mucked


PokerStars Hand #145204886719:  Hold'em Limit ($3/$6 USD) - 2015/12/11 20:46:09 ET
Table 'Sycorax' 10-max Seat #10 is the button
Seat 9: rastyb87 ($147.68 in chips)
Seat 10: Chessnok ($63.38 in chips)
Chessnok: posts small blind $1
rastyb87: posts big blind $3
*** HOLE CARDS ***
Chessnok: raises $3 to $6
rastyb87: folds
Uncalled bet ($3) returned to Chessnok
Chessnok collected $6 from pot
Chessnok: doesn't show hand
*** SUMMARY ***
Total pot $6 | Rake $0
Seat 9: rastyb87 (big blind) folded before Flop
Seat 10: Chessnok (button) (small blind) collected ($6)


PokerStars Hand #145204884219:  Hold'em Limit ($3/$6 USD) - 2015/12/11 20:46:04 ET
Table 'Sycorax' 10-max Seat #9 is the button
Seat 9: rastyb87 ($148.68 in chips)
Seat 10: Chessnok ($62.38 in chips)
rastyb87: posts small blind $1
Chessnok: posts big blind $3
*** HOLE CARDS ***
rastyb87: folds
Uncalled bet ($2) returned to Chessnok
Chessnok collected $2 from pot
Chessnok: doesn't show hand
*** SUMMARY ***
Total pot $2 | Rake $0
Seat 9: rastyb87 (button) (small blind) folded before Flop
Seat 10: Chessnok (big blind) collected ($2)


PokerStars Hand #145204872698:  Hold'em Limit ($3/$6 USD) - 2015/12/11 20:45:42 ET
Table 'Sycorax' 10-max Seat #10 is the button
Seat 9: rastyb87 ($134.18 in chips)
Seat 10: Chessnok ($77.38 in chips)
Chessnok: posts small blind $1
rastyb87: posts big blind $3
*** HOLE CARDS ***
Chessnok: raises $3 to $6
rastyb87: calls $3
*** FLOP *** [Jc Kd 7h]
rastyb87: checks
Chessnok: bets $3
rastyb87: calls $3
*** TURN *** [Jc Kd 7h] [7s]
rastyb87: checks
Chessnok: bets $6
rastyb87: calls $6
*** RIVER *** [Jc Kd 7h 7s] [6c]
rastyb87: checks
Chessnok: checks
*** SHOW DOWN ***
rastyb87: shows [Ks Td] (two pair, Kings and Sevens)
Chessnok: mucks hand
rastyb87 collected $29.50 from pot
*** SUMMARY ***
Total pot $30 | Rake $0.50
Board [Jc Kd 7h 7s 6c]
Seat 9: rastyb87 (big blind) showed [Ks Td] and won ($29.50) with two pair, Kings and Sevens
Seat 10: Chessnok (button) (small blind) mucked


PokerStars Hand #145204889442:  Hold'em Limit ($3/$6 USD) - 2015/12/11 20:46:14 ET
Table 'Sycorax' 10-max Seat #9 is the button
Seat 9: rastyb87 ($144.68 in chips)
Seat 10: Chessnok ($66.38 in chips)
rastyb87: posts small blind $1
Chessnok: posts big blind $3
*** HOLE CARDS ***
rastyb87: folds
Uncalled bet ($2) returned to Chessnok
Chessnok collected $2 from pot
Chessnok: doesn't show hand
*** SUMMARY ***
Total pot $2 | Rake $0
Seat 9: rastyb87 (button) (small blind) folded before Flop
Seat 10: Chessnok (big blind) collected ($2)


PokerStars Hand #145204904926:  Hold'em Limit ($3/$6 USD) - 2015/12/11 20:46:43 ET
Table 'Sycorax' 10-max Seat #10 is the button
Seat 9: rastyb87 ($151.32 in chips)
Seat 10: Chessnok ($61 in chips)
Chessnok: posts small blind $1
rastyb87: posts big blind $3
*** HOLE CARDS ***
Chessnok: folds
Uncalled bet ($2) returned to rastyb87
rastyb87 collected $2 from pot
*** SUMMARY ***
Total pot $2 | Rake $0
Seat 9: rastyb87 (big blind) collected ($2)
Seat 10: Chessnok (button) (small blind) folded before Flop


PokerStars Hand #145204902366:  Hold'em Limit ($3/$6 USD) - 2015/12/11 20:46:38 ET
Table 'Sycorax' 10-max Seat #9 is the button
Seat 9: rastyb87 ($152.32 in chips)
Seat 10: Chessnok ($60 in chips)
rastyb87: posts small blind $1
Chessnok: posts big blind $3
*** HOLE CARDS ***
rastyb87: folds
Uncalled bet ($2) returned to Chessnok
Chessnok collected $2 from pot
Chessnok: doesn't show hand
*** SUMMARY ***
Total pot $2 | Rake $0
Seat 9: rastyb87 (button) (small blind) folded before Flop
Seat 10: Chessnok (big blind) collected ($2)


PokerStars Hand #145204923436:  Hold'em Limit ($3/$6 USD) - 2015/12/11 20:47:19 ET
Table 'Sycorax' 10-max Seat #10 is the button
Seat 9: rastyb87 ($143.32 in chips)
Seat 10: Chessnok ($68.64 in chips)
Chessnok: posts small blind $1
rastyb87: posts big blind $3
*** HOLE CARDS ***
Chessnok: raises $3 to $6
rastyb87: calls $3
*** FLOP *** [Kc 8s 6s]
rastyb87: bets $3
Chessnok: calls $3
*** TURN *** [Kc 8s 6s] [8h]
rastyb87: bets $6
Chessnok: calls $6
*** RIVER *** [Kc 8s 6s 8h] [2s]
rastyb87: checks
Chessnok: checks
*** SHOW DOWN ***
rastyb87: shows [Ks Qh] (two pair, Kings and Eights)
Chessnok: mucks hand
rastyb87 collected $29.50 from pot
*** SUMMARY ***
Total pot $30 | Rake $0.50
Board [Kc 8s 6s 8h 2s]
Seat 9: rastyb87 (big blind) showed [Ks Qh] and won ($29.50) with two pair, Kings and Eights
Seat 10: Chessnok (button) (small blind) mucked


PokerStars Hand #145204913906:  Hold'em Limit ($3/$6 USD) - 2015/12/11 20:47:00 ET
Table 'Sycorax' 10-max Seat #9 is the button
Seat 9: rastyb87 ($152.32 in chips)
Seat 10: Chessnok ($60 in chips)
rastyb87: posts small blind $1
Chessnok: posts big blind $3
*** HOLE CARDS ***
rastyb87: raises $3 to $6
Chessnok: calls $3
*** FLOP *** [4c 9d Qc]
Chessnok: checks
rastyb87: bets $3
Chessnok: calls $3
*** TURN *** [4c 9d Qc] [Kh]
Chessnok: checks
rastyb87: checks
*** RIVER *** [4c 9d Qc Kh] [5c]
Chessnok: checks
rastyb87: checks
*** SHOW DOWN ***
Chessnok: shows [8h 4h] (a pair of Fours)
rastyb87: mucks hand
Chessnok collected $17.64 from pot
*** SUMMARY ***
Total pot $18 | Rake $0.36
Board [4c 9d Qc Kh 5c]
Seat 9: rastyb87 (button) (small blind) mucked
Seat 10: Chessnok (big blind) showed [8h 4h] and won ($17.64) with a pair of Fours


PokerStars Hand #145204911817:  Hold'em Limit ($3/$6 USD) - 2015/12/11 20:46:56 ET
Table 'Sycorax' 10-max Seat #10 is the button
Seat 9: rastyb87 ($151.32 in chips)
Seat 10: Chessnok ($61 in chips)
Chessnok: posts small blind $1
rastyb87: posts big blind $3
*** HOLE CARDS ***
Chessnok: folds
Uncalled bet ($2) returned to rastyb87
rastyb87 collected $2 from pot
*** SUMMARY ***
Total pot $2 | Rake $0
Seat 9: rastyb87 (big blind) collected ($2)
Seat 10: Chessnok (button) (small blind) folded before Flop


PokerStars Hand #145204907593:  Hold'em Limit ($3/$6 USD) - 2015/12/11 20:46:48 ET
Table 'Sycorax' 10-max Seat #9 is the button
Seat 9: rastyb87 ($152.32 in chips)
Seat 10: Chessnok ($60 in chips)
rastyb87: posts small blind $1
Chessnok: posts big blind $3
*** HOLE CARDS ***
rastyb87: folds
Uncalled bet ($2) returned to Chessnok
Chessnok collected $2 from pot
Chessnok: doesn't show hand
*** SUMMARY ***
Total pot $2 | Rake $0
Seat 9: rastyb87 (button) (small blind) folded before Flop
Seat 10: Chessnok (big blind) collected ($2)


PokerStars Hand #145204932100:  Hold'em Limit ($3/$6 USD) - 2015/12/11 20:47:35 ET
Table 'Sycorax' 10-max Seat #9 is the button
Seat 9: rastyb87 ($157.82 in chips)
Seat 10: Chessnok ($60 in chips)
rastyb87: posts small blind $1
Chessnok: posts big blind $3
*** HOLE CARDS ***
rastyb87: folds
Uncalled bet ($2) returned to Chessnok
Chessnok collected $2 from pot
Chessnok: doesn't show hand
*** SUMMARY ***
Total pot $2 | Rake $0
Seat 9: rastyb87 (button) (small blind) folded before Flop
Seat 10: Chessnok (big blind) collected ($2)


PokerStars Hand #145204935693:  Hold'em Limit ($3/$6 USD) - 2015/12/11 20:47:42 ET
Table 'Sycorax' 10-max Seat #10 is the button
Seat 9: rastyb87 ($156.82 in chips)
Seat 10: Chessnok ($61 in chips)
Chessnok: posts small blind $1
rastyb87: posts big blind $3
*** HOLE CARDS ***
Chessnok: raises $3 to $6
rastyb87: folds
Uncalled bet ($3) returned to Chessnok
Chessnok collected $6 from pot
Chessnok: doesn't show hand
*** SUMMARY ***
Total pot $6 | Rake $0
Seat 9: rastyb87 (big blind) folded before Flop
Seat 10: Chessnok (button) (small blind) collected ($6)


PokerStars Hand #145204960868:  Hold'em Limit ($3/$6 USD) - 2015/12/11 20:48:31 ET
Table 'Sycorax' 10-max Seat #10 is the button
Seat 9: rastyb87 ($127.82 in chips)
Seat 10: Chessnok ($89.50 in chips)
Chessnok: posts small blind $1
rastyb87: posts big blind $3
*** HOLE CARDS ***
Chessnok: raises $3 to $6
rastyb87: folds
Uncalled bet ($3) returned to Chessnok
Chessnok collected $6 from pot
Chessnok: doesn't show hand
*** SUMMARY ***
Total pot $6 | Rake $0
Seat 9: rastyb87 (big blind) folded before Flop
Seat 10: Chessnok (button) (small blind) collected ($6)


PokerStars Hand #145204958369:  Hold'em Limit ($3/$6 USD) - 2015/12/11 20:48:26 ET
Table 'Sycorax' 10-max Seat #9 is the button
Seat 9: rastyb87 ($128.82 in chips)
Seat 10: Chessnok ($88.50 in chips)
rastyb87: posts small blind $1
Chessnok: posts big blind $3
*** HOLE CARDS ***
rastyb87: folds
Uncalled bet ($2) returned to Chessnok
Chessnok collected $2 from pot
Chessnok: doesn't show hand
*** SUMMARY ***
Total pot $2 | Rake $0
Seat 9: rastyb87 (button) (small blind) folded before Flop
Seat 10: Chessnok (big blind) collected ($2)


PokerStars Hand #145204946571:  Hold'em Limit ($3/$6 USD) - 2015/12/11 20:48:03 ET
Table 'Sycorax' 10-max Seat #10 is the button
Seat 9: rastyb87 ($152.82 in chips)
Seat 10: Chessnok ($65 in chips)
Chessnok: posts small blind $1
rastyb87: posts big blind $3
*** HOLE CARDS ***
Chessnok: raises $3 to $6
rastyb87: calls $3
*** FLOP *** [6s Qd 9c]
rastyb87: bets $3
Chessnok: raises $3 to $6
rastyb87: calls $3
*** TURN *** [6s Qd 9c] [3d]
rastyb87: checks
Chessnok: bets $6
rastyb87: calls $6
*** RIVER *** [6s Qd 9c 3d] [8s]
rastyb87: checks
Chessnok: bets $6
rastyb87: calls $6
*** SHOW DOWN ***
Chessnok: shows [Qc 8d] (two pair, Queens and Eights)
rastyb87: mucks hand
Chessnok collected $47.50 from pot
*** SUMMARY ***
Total pot $48 | Rake $0.50
Board [6s Qd 9c 3d 8s]
Seat 9: rastyb87 (big blind) mucked
Seat 10: Chessnok (button) (small blind) showed [Qc 8d] and won ($47.50) with two pair, Queens and Eights


PokerStars Hand #145204944119:  Hold'em Limit ($3/$6 USD) - 2015/12/11 20:47:58 ET
Table 'Sycorax' 10-max Seat #9 is the button
Seat 9: rastyb87 ($153.82 in chips)
Seat 10: Chessnok ($64 in chips)
rastyb87: posts small blind $1
Chessnok: posts big blind $3
*** HOLE CARDS ***
rastyb87: folds
Uncalled bet ($2) returned to Chessnok
Chessnok collected $2 from pot
Chessnok: doesn't show hand
*** SUMMARY ***
Total pot $2 | Rake $0
Seat 9: rastyb87 (button) (small blind) folded before Flop
Seat 10: Chessnok (big blind) collected ($2)


PokerStars Hand #145204941291:  Hold'em Limit ($3/$6 USD) - 2015/12/11 20:47:53 ET
Table 'Sycorax' 10-max Seat #10 is the button
Seat 9: rastyb87 ($152.82 in chips)
Seat 10: Chessnok ($65 in chips)
Chessnok: posts small blind $1
rastyb87: posts big blind $3
*** HOLE CARDS ***
Chessnok: folds
Uncalled bet ($2) returned to rastyb87
rastyb87 collected $2 from pot
*** SUMMARY ***
Total pot $2 | Rake $0
Seat 9: rastyb87 (big blind) collected ($2)
Seat 10: Chessnok (button) (small blind) folded before Flop


PokerStars Hand #145204938267:  Hold'em Limit ($3/$6 USD) - 2015/12/11 20:47:47 ET
Table 'Sycorax' 10-max Seat #9 is the button
Seat 9: rastyb87 ($153.82 in chips)
Seat 10: Chessnok ($64 in chips)
rastyb87: posts small blind $1
Chessnok: posts big blind $3
*** HOLE CARDS ***
rastyb87: folds
Uncalled bet ($2) returned to Chessnok
Chessnok collected $2 from pot
Chessnok: doesn't show hand
*** SUMMARY ***
Total pot $2 | Rake $0
Seat 9: rastyb87 (button) (small blind) folded before Flop
Seat 10: Chessnok (big blind) collected ($2)


PokerStars Hand #145204963653:  Hold'em Limit ($3/$6 USD) - 2015/12/11 20:48:36 ET
Table 'Sycorax' 10-max Seat #9 is the button
Seat 9: rastyb87 ($124.82 in chips)
Seat 10: Chessnok ($92.50 in chips)
rastyb87: posts small blind $1
Chessnok: posts big blind $3
*** HOLE CARDS ***
rastyb87: folds
Uncalled bet ($2) returned to Chessnok
Chessnok collected $2 from pot
Chessnok: doesn't show hand
*** SUMMARY ***
Total pot $2 | Rake $0
Seat 9: rastyb87 (button) (small blind) folded before Flop
Seat 10: Chessnok (big blind) collected ($2)


PokerStars Hand #145204966413:  Hold'em Limit ($3/$6 USD) - 2015/12/11 20:48:42 ET
Table 'Sycorax' 10-max Seat #10 is the button
Seat 9: rastyb87 ($123.82 in chips)
Seat 10: Chessnok ($93.50 in chips)
Chessnok: posts small blind $1
rastyb87: posts big blind $3
*** HOLE CARDS ***
Chessnok: folds
Uncalled bet ($2) returned to rastyb87
rastyb87 collected $2 from pot
*** SUMMARY ***
Total pot $2 | Rake $0
Seat 9: rastyb87 (big blind) collected ($2)
Seat 10: Chessnok (button) (small blind) folded before Flop


PokerStars Hand #145204984615:  Hold'em Limit ($3/$6 USD) - 2015/12/11 20:49:17 ET
Table 'Sycorax' 10-max Seat #10 is the button
Seat 9: rastyb87 ($135.32 in chips)
Seat 10: Chessnok ($81.50 in chips)
Chessnok: posts small blind $1
rastyb87: posts big blind $3
*** HOLE CARDS ***
Chessnok: raises $3 to $6
rastyb87: folds
Uncalled bet ($3) returned to Chessnok
Chessnok collected $6 from pot
Chessnok: doesn't show hand
*** SUMMARY ***
Total pot $6 | Rake $0
Seat 9: rastyb87 (big blind) folded before Flop
Seat 10: Chessnok (button) (small blind) collected ($6)


PokerStars Hand #145204982068:  Hold'em Limit ($3/$6 USD) - 2015/12/11 20:49:12 ET
Table 'Sycorax' 10-max Seat #9 is the button
Seat 9: rastyb87 ($136.32 in chips)
Seat 10: Chessnok ($80.50 in chips)
rastyb87: posts small blind $1
Chessnok: posts big blind $3
*** HOLE CARDS ***
rastyb87: folds
Uncalled bet ($2) returned to Chessnok
Chessnok collected $2 from pot
Chessnok: doesn't show hand
*** SUMMARY ***
Total pot $2 | Rake $0
Seat 9: rastyb87 (button) (small blind) folded before Flop
Seat 10: Chessnok (big blind) collected ($2)


PokerStars Hand #145204979371:  Hold'em Limit ($3/$6 USD) - 2015/12/11 20:49:07 ET
Table 'Sycorax' 10-max Seat #10 is the button
Seat 9: rastyb87 ($139.32 in chips)
Seat 10: Chessnok ($77.50 in chips)
Chessnok: posts small blind $1
rastyb87: posts big blind $3
*** HOLE CARDS ***
Chessnok: raises $3 to $6
rastyb87: folds
Uncalled bet ($3) returned to Chessnok
Chessnok collected $6 from pot
Chessnok: doesn't show hand
*** SUMMARY ***
Total pot $6 | Rake $0
Seat 9: rastyb87 (big blind) folded before Flop
Seat 10: Chessnok (button) (small blind) collected ($6)


PokerStars Hand #145204968441:  Hold'em Limit ($3/$6 USD) - 2015/12/11 20:48:46 ET
Table 'Sycorax' 10-max Seat #9 is the button
Seat 9: rastyb87 ($124.82 in chips)
Seat 10: Chessnok ($92.50 in chips)
rastyb87: posts small blind $1
Chessnok: posts big blind $3
*** HOLE CARDS ***
rastyb87: raises $3 to $6
Chessnok: calls $3
*** FLOP *** [8h Qc Th]
Chessnok: checks
rastyb87: bets $3
Chessnok: calls $3
*** TURN *** [8h Qc Th] [3c]
Chessnok: checks
rastyb87: bets $6
Chessnok: calls $6
*** RIVER *** [8h Qc Th 3c] [Qd]
Chessnok: checks
rastyb87: bets $6
Chessnok: folds
Uncalled bet ($6) returned to rastyb87
rastyb87 collected $29.50 from pot
*** SUMMARY ***
Total pot $30 | Rake $0.50
Board [8h Qc Th 3c Qd]
Seat 9: rastyb87 (button) (small blind) collected ($29.50)
Seat 10: Chessnok (big blind) folded on the River


PokerStars Hand #145204987342:  Hold'em Limit ($3/$6 USD) - 2015/12/11 20:49:22 ET
Table 'Sycorax' 10-max Seat #9 is the button
Seat 9: rastyb87 ($132.32 in chips)
Seat 10: Chessnok ($84.50 in chips)
rastyb87: posts small blind $1
Chessnok: posts big blind $3
*** HOLE CARDS ***
rastyb87: raises $3 to $6
Chessnok: raises $3 to $9
rastyb87: calls $3
*** FLOP *** [7d 2s Kd]
Chessnok: bets $3
rastyb87: calls $3
*** TURN *** [7d 2s Kd] [6s]
Chessnok: bets $6
rastyb87: calls $6
*** RIVER *** [7d 2s Kd 6s] [Tc]
Chessnok: bets $6
rastyb87: calls $6
*** SHOW DOWN ***
Chessnok: shows [Th Kh] (two pair, Kings and Tens)
rastyb87: mucks hand
Chessnok collected $47.50 from pot
*** SUMMARY ***
Total pot $48 | Rake $0.50
Board [7d 2s Kd 6s Tc]
Seat 9: rastyb87 (button) (small blind) mucked
Seat 10: Chessnok (big blind) showed [Th Kh] and won ($47.50) with two pair, Kings and Tens


PokerStars Hand #145205025487:  Hold'em Limit ($3/$6 USD) - 2015/12/11 20:50:36 ET
Table 'Sycorax' 10-max Seat #10 is the button
Seat 9: rastyb87 ($116.58 in chips)
Seat 10: Chessnok ($98.40 in chips)
Chessnok: posts small blind $1
rastyb87: posts big blind $3
*** HOLE CARDS ***
Chessnok: folds
Uncalled bet ($2) returned to rastyb87
rastyb87 collected $2 from pot
*** SUMMARY ***
Total pot $2 | Rake $0
Seat 9: rastyb87 (big blind) collected ($2)
Seat 10: Chessnok (button) (small blind) folded before Flop


PokerStars Hand #145205018034:  Hold'em Limit ($3/$6 USD) - 2015/12/11 20:50:22 ET
Table 'Sycorax' 10-max Seat #9 is the button
Seat 9: rastyb87 ($99.08 in chips)
Seat 10: Chessnok ($116.40 in chips)
rastyb87: posts small blind $1
Chessnok: posts big blind $3
*** HOLE CARDS ***
rastyb87: raises $3 to $6
Chessnok: calls $3
*** FLOP *** [Jh 2h Jc]
Chessnok: checks
rastyb87: checks
*** TURN *** [Jh 2h Jc] [Ts]
Chessnok: bets $6
rastyb87: calls $6
*** RIVER *** [Jh 2h Jc Ts] [4s]
Chessnok: bets $6
rastyb87: calls $6
*** SHOW DOWN ***
Chessnok: shows [8c 9h] (a pair of Jacks)
rastyb87: shows [8d Td] (two pair, Jacks and Tens)
rastyb87 collected $35.50 from pot
*** SUMMARY ***
Total pot $36 | Rake $0.50
Board [Jh 2h Jc Ts 4s]
Seat 9: rastyb87 (button) (small blind) showed [8d Td] and won ($35.50) with two pair, Jacks and Tens
Seat 10: Chessnok (big blind) showed [8c 9h] and lost with a pair of Jacks


PokerStars Hand #145205012803:  Hold'em Limit ($3/$6 USD) - 2015/12/11 20:50:12 ET
Table 'Sycorax' 10-max Seat #10 is the button
Seat 9: rastyb87 ($105.08 in chips)
Seat 10: Chessnok ($110.64 in chips)
Chessnok: posts small blind $1
rastyb87: posts big blind $3
*** HOLE CARDS ***
Chessnok: raises $3 to $6
rastyb87: calls $3
*** FLOP *** [6h Kd 3h]
rastyb87: checks
Chessnok: bets $3
rastyb87: folds
Uncalled bet ($3) returned to Chessnok
Chessnok collected $11.76 from pot
Chessnok: doesn't show hand
*** SUMMARY ***
Total pot $12 | Rake $0.24
Board [6h Kd 3h]
Seat 9: rastyb87 (big blind) folded on the Flop
Seat 10: Chessnok (button) (small blind) collected ($11.76)


PokerStars Hand #145205004161:  Hold'em Limit ($3/$6 USD) - 2015/12/11 20:49:55 ET
Table 'Sycorax' 10-max Seat #9 is the button
Seat 9: rastyb87 ($114.08 in chips)
Seat 10: Chessnok ($102 in chips)
rastyb87: posts small blind $1
Chessnok: posts big blind $3
*** HOLE CARDS ***
rastyb87: raises $3 to $6
Chessnok: calls $3
*** FLOP *** [2c Qd Qs]
Chessnok: checks
rastyb87: bets $3
Chessnok: calls $3
*** TURN *** [2c Qd Qs] [9h]
Chessnok: checks
rastyb87: checks
*** RIVER *** [2c Qd Qs 9h] [4s]
Chessnok: checks
rastyb87: checks
*** SHOW DOWN ***
Chessnok: shows [7s Kc] (a pair of Queens)
rastyb87: mucks hand
Chessnok collected $17.64 from pot
*** SUMMARY ***
Total pot $18 | Rake $0.36
Board [2c Qd Qs 9h 4s]
Seat 9: rastyb87 (button) (small blind) mucked
Seat 10: Chessnok (big blind) showed [7s Kc] and won ($17.64) with a pair of Queens


PokerStars Hand #145204998939:  Hold'em Limit ($3/$6 USD) - 2015/12/11 20:49:45 ET
Table 'Sycorax' 10-max Seat #10 is the button
Seat 9: rastyb87 ($108.32 in chips)
Seat 10: Chessnok ($108 in chips)
Chessnok: posts small blind $1
rastyb87: posts big blind $3
*** HOLE CARDS ***
Chessnok: raises $3 to $6
rastyb87: calls $3
*** FLOP *** [Jd 7d 9d]
rastyb87: bets $3
Chessnok: folds
Uncalled bet ($3) returned to rastyb87
rastyb87 collected $11.76 from pot
*** SUMMARY ***
Total pot $12 | Rake $0.24
Board [Jd 7d 9d]
Seat 9: rastyb87 (big blind) collected ($11.76)
Seat 10: Chessnok (button) (small blind) folded on the Flop


PokerStars Hand #145205025487:  Hold'em Limit ($3/$6 USD) - 2015/12/11 20:50:36 ET
Table 'Sycorax' 10-max Seat #10 is the button
Seat 9: rastyb87 ($116.58 in chips)
Seat 10: Chessnok ($98.40 in chips)
Chessnok: posts small blind $1
rastyb87: posts big blind $3
*** HOLE CARDS ***
Chessnok: folds
Uncalled bet ($2) returned to rastyb87
rastyb87 collected $2 from pot
*** SUMMARY ***
Total pot $2 | Rake $0
Seat 9: rastyb87 (big blind) collected ($2)
Seat 10: Chessnok (button) (small blind) folded before Flop


PokerStars Hand #145205018034:  Hold'em Limit ($3/$6 USD) - 2015/12/11 20:50:22 ET
Table 'Sycorax' 10-max Seat #9 is the button
Seat 9: rastyb87 ($99.08 in chips)
Seat 10: Chessnok ($116.40 in chips)
rastyb87: posts small blind $1
Chessnok: posts big blind $3
*** HOLE CARDS ***
rastyb87: raises $3 to $6
Chessnok: calls $3
*** FLOP *** [Jh 2h Jc]
Chessnok: checks
rastyb87: checks
*** TURN *** [Jh 2h Jc] [Ts]
Chessnok: bets $6
rastyb87: calls $6
*** RIVER *** [Jh 2h Jc Ts] [4s]
Chessnok: bets $6
rastyb87: calls $6
*** SHOW DOWN ***
Chessnok: shows [8c 9h] (a pair of Jacks)
rastyb87: shows [8d Td] (two pair, Jacks and Tens)
rastyb87 collected $35.50 from pot
*** SUMMARY ***
Total pot $36 | Rake $0.50
Board [Jh 2h Jc Ts 4s]
Seat 9: rastyb87 (button) (small blind) showed [8d Td] and won ($35.50) with two pair, Jacks and Tens
Seat 10: Chessnok (big blind) showed [8c 9h] and lost with a pair of Jacks


PokerStars Hand #145205012803:  Hold'em Limit ($3/$6 USD) - 2015/12/11 20:50:12 ET
Table 'Sycorax' 10-max Seat #10 is the button
Seat 9: rastyb87 ($105.08 in chips)
Seat 10: Chessnok ($110.64 in chips)
Chessnok: posts small blind $1
rastyb87: posts big blind $3
*** HOLE CARDS ***
Chessnok: raises $3 to $6
rastyb87: calls $3
*** FLOP *** [6h Kd 3h]
rastyb87: checks
Chessnok: bets $3
rastyb87: folds
Uncalled bet ($3) returned to Chessnok
Chessnok collected $11.76 from pot
Chessnok: doesn't show hand
*** SUMMARY ***
Total pot $12 | Rake $0.24
Board [6h Kd 3h]
Seat 9: rastyb87 (big blind) folded on the Flop
Seat 10: Chessnok (button) (small blind) collected ($11.76)


PokerStars Hand #145205004161:  Hold'em Limit ($3/$6 USD) - 2015/12/11 20:49:55 ET
Table 'Sycorax' 10-max Seat #9 is the button
Seat 9: rastyb87 ($114.08 in chips)
Seat 10: Chessnok ($102 in chips)
rastyb87: posts small blind $1
Chessnok: posts big blind $3
*** HOLE CARDS ***
rastyb87: raises $3 to $6
Chessnok: calls $3
*** FLOP *** [2c Qd Qs]
Chessnok: checks
rastyb87: bets $3
Chessnok: calls $3
*** TURN *** [2c Qd Qs] [9h]
Chessnok: checks
rastyb87: checks
*** RIVER *** [2c Qd Qs 9h] [4s]
Chessnok: checks
rastyb87: checks
*** SHOW DOWN ***
Chessnok: shows [7s Kc] (a pair of Queens)
rastyb87: mucks hand
Chessnok collected $17.64 from pot
*** SUMMARY ***
Total pot $18 | Rake $0.36
Board [2c Qd Qs 9h 4s]
Seat 9: rastyb87 (button) (small blind) mucked
Seat 10: Chessnok (big blind) showed [7s Kc] and won ($17.64) with a pair of Queens


PokerStars Hand #145204998939:  Hold'em Limit ($3/$6 USD) - 2015/12/11 20:49:45 ET
Table 'Sycorax' 10-max Seat #10 is the button
Seat 9: rastyb87 ($108.32 in chips)
Seat 10: Chessnok ($108 in chips)
Chessnok: posts small blind $1
rastyb87: posts big blind $3
*** HOLE CARDS ***
Chessnok: raises $3 to $6
rastyb87: calls $3
*** FLOP *** [Jd 7d 9d]
rastyb87: bets $3
Chessnok: folds
Uncalled bet ($3) returned to rastyb87
rastyb87 collected $11.76 from pot
*** SUMMARY ***
Total pot $12 | Rake $0.24
Board [Jd 7d 9d]
Seat 9: rastyb87 (big blind) collected ($11.76)
Seat 10: Chessnok (button) (small blind) folded on the Flop


PokerStars Hand #145205027582:  Hold'em Limit ($3/$6 USD) - 2015/12/11 20:50:40 ET
Table 'Sycorax' 10-max Seat #9 is the button
Seat 9: rastyb87 ($117.58 in chips)
Seat 10: Chessnok ($97.40 in chips)
rastyb87: posts small blind $1
Chessnok: posts big blind $3
*** HOLE CARDS ***
rastyb87: folds
Uncalled bet ($2) returned to Chessnok
Chessnok collected $2 from pot
Chessnok: doesn't show hand
*** SUMMARY ***
Total pot $2 | Rake $0
Seat 9: rastyb87 (button) (small blind) folded before Flop
Seat 10: Chessnok (big blind) collected ($2)


PokerStars Hand #145205047667:  Hold'em Limit ($3/$6 USD) - 2015/12/11 20:51:19 ET
Table 'Sycorax' 10-max Seat #10 is the button
Seat 9: rastyb87 ($98.58 in chips)
Seat 10: Chessnok ($115.68 in chips)
Chessnok: posts small blind $1
rastyb87: posts big blind $3
*** HOLE CARDS ***
Chessnok: raises $3 to $6
rastyb87: folds
Uncalled bet ($3) returned to Chessnok
Chessnok collected $6 from pot
Chessnok: doesn't show hand
*** SUMMARY ***
Total pot $6 | Rake $0
Seat 9: rastyb87 (big blind) folded before Flop
Seat 10: Chessnok (button) (small blind) collected ($6)


PokerStars Hand #145205045169:  Hold'em Limit ($3/$6 USD) - 2015/12/11 20:51:15 ET
Table 'Sycorax' 10-max Seat #9 is the button
Seat 9: rastyb87 ($99.58 in chips)
Seat 10: Chessnok ($114.68 in chips)
rastyb87: posts small blind $1
Chessnok: posts big blind $3
*** HOLE CARDS ***
rastyb87: folds
Uncalled bet ($2) returned to Chessnok
Chessnok collected $2 from pot
Chessnok: doesn't show hand
*** SUMMARY ***
Total pot $2 | Rake $0
Seat 9: rastyb87 (button) (small blind) folded before Flop
Seat 10: Chessnok (big blind) collected ($2)


PokerStars Hand #145205042848:  Hold'em Limit ($3/$6 USD) - 2015/12/11 20:51:10 ET
Table 'Sycorax' 10-max Seat #10 is the button
Seat 9: rastyb87 ($98.58 in chips)
Seat 10: Chessnok ($115.68 in chips)
Chessnok: posts small blind $1
rastyb87: posts big blind $3
*** HOLE CARDS ***
Chessnok: folds
Uncalled bet ($2) returned to rastyb87
rastyb87 collected $2 from pot
*** SUMMARY ***
Total pot $2 | Rake $0
Seat 9: rastyb87 (big blind) collected ($2)
Seat 10: Chessnok (button) (small blind) folded before Flop


PokerStars Hand #145205036293:  Hold'em Limit ($3/$6 USD) - 2015/12/11 20:50:57 ET
Table 'Sycorax' 10-max Seat #9 is the button
Seat 9: rastyb87 ($110.58 in chips)
Seat 10: Chessnok ($104.16 in chips)
rastyb87: posts small blind $1
Chessnok: posts big blind $3
*** HOLE CARDS ***
rastyb87: raises $3 to $6
Chessnok: raises $3 to $9
rastyb87: calls $3
*** FLOP *** [4d 4h 7s]
Chessnok: bets $3
rastyb87: calls $3
*** TURN *** [4d 4h 7s] [2d]
Chessnok: bets $6
rastyb87: folds
Uncalled bet ($6) returned to Chessnok
Chessnok collected $23.52 from pot
Chessnok: doesn't show hand
*** SUMMARY ***
Total pot $24 | Rake $0.48
Board [4d 4h 7s 2d]
Seat 9: rastyb87 (button) (small blind) folded on the Turn
Seat 10: Chessnok (big blind) collected ($23.52)


PokerStars Hand #145205030169:  Hold'em Limit ($3/$6 USD) - 2015/12/11 20:50:45 ET
Table 'Sycorax' 10-max Seat #10 is the button
Seat 9: rastyb87 ($116.58 in chips)
Seat 10: Chessnok ($98.40 in chips)
Chessnok: posts small blind $1
rastyb87: posts big blind $3
*** HOLE CARDS ***
Chessnok: raises $3 to $6
rastyb87: calls $3
*** FLOP *** [Ks 6c Kd]
rastyb87: checks
Chessnok: bets $3
rastyb87: folds
Uncalled bet ($3) returned to Chessnok
Chessnok collected $11.76 from pot
Chessnok: doesn't show hand
*** SUMMARY ***
Total pot $12 | Rake $0.24
Board [Ks 6c Kd]
Seat 9: rastyb87 (big blind) folded on the Flop
Seat 10: Chessnok (button) (small blind) collected ($11.76)


PokerStars Hand #145205060434:  Hold'em Limit ($3/$6 USD) - 2015/12/11 20:51:44 ET
Table 'Sycorax' 10-max Seat #10 is the button
Seat 9: rastyb87 ($104.22 in chips)
Seat 10: Chessnok ($109.68 in chips)
Chessnok: posts small blind $1
rastyb87: posts big blind $3
*** HOLE CARDS ***
Chessnok: folds
Uncalled bet ($2) returned to rastyb87
rastyb87 collected $2 from pot
*** SUMMARY ***
Total pot $2 | Rake $0
Seat 9: rastyb87 (big blind) collected ($2)
Seat 10: Chessnok (button) (small blind) folded before Flop


PokerStars Hand #145205051983:  Hold'em Limit ($3/$6 USD) - 2015/12/11 20:51:28 ET
Table 'Sycorax' 10-max Seat #9 is the button
Seat 9: rastyb87 ($95.58 in chips)
Seat 10: Chessnok ($118.68 in chips)
rastyb87: posts small blind $1
Chessnok: posts big blind $3
*** HOLE CARDS ***
rastyb87: raises $3 to $6
Chessnok: calls $3
*** FLOP *** [8d Ah Tc]
Chessnok: checks
rastyb87: bets $3
Chessnok: calls $3
*** TURN *** [8d Ah Tc] [Qs]
Chessnok: checks
rastyb87: checks
*** RIVER *** [8d Ah Tc Qs] [Js]
Chessnok: checks
rastyb87: checks
*** SHOW DOWN ***
Chessnok: shows [7d 8h] (a pair of Eights)
rastyb87: shows [As 7c] (a pair of Aces)
rastyb87 collected $17.64 from pot
*** SUMMARY ***
Total pot $18 | Rake $0.36
Board [8d Ah Tc Qs Js]
Seat 9: rastyb87 (button) (small blind) showed [As 7c] and won ($17.64) with a pair of Aces
Seat 10: Chessnok (big blind) showed [7d 8h] and lost with a pair of Eights


PokerStars Hand #145205066100:  Hold'em Limit ($3/$6 USD) - 2015/12/11 20:51:55 ET
Table 'Sycorax' 10-max Seat #10 is the button
Seat 9: rastyb87 ($104.22 in chips)
Seat 10: Chessnok ($109.68 in chips)
Chessnok: posts small blind $1
rastyb87: posts big blind $3
*** HOLE CARDS ***
Chessnok: folds
Uncalled bet ($2) returned to rastyb87
rastyb87 collected $2 from pot
*** SUMMARY ***
Total pot $2 | Rake $0
Seat 9: rastyb87 (big blind) collected ($2)
Seat 10: Chessnok (button) (small blind) folded before Flop


PokerStars Hand #145205062741:  Hold'em Limit ($3/$6 USD) - 2015/12/11 20:51:49 ET
Table 'Sycorax' 10-max Seat #9 is the button
Seat 9: rastyb87 ($105.22 in chips)
Seat 10: Chessnok ($108.68 in chips)
rastyb87: posts small blind $1
Chessnok: posts big blind $3
*** HOLE CARDS ***
rastyb87: folds
Uncalled bet ($2) returned to Chessnok
Chessnok collected $2 from pot
Chessnok: doesn't show hand
*** SUMMARY ***
Total pot $2 | Rake $0
Seat 9: rastyb87 (button) (small blind) folded before Flop
Seat 10: Chessnok (big blind) collected ($2)


PokerStars Hand #145205071675:  Hold'em Limit ($3/$6 USD) - 2015/12/11 20:52:06 ET
Table 'Sycorax' 10-max Seat #10 is the button
Seat 9: rastyb87 ($108.22 in chips)
Seat 10: Chessnok ($105.68 in chips)
Chessnok: posts small blind $1
rastyb87: posts big blind $3
*** HOLE CARDS ***
Chessnok: folds
Uncalled bet ($2) returned to rastyb87
rastyb87 collected $2 from pot
*** SUMMARY ***
Total pot $2 | Rake $0
Seat 9: rastyb87 (big blind) collected ($2)
Seat 10: Chessnok (button) (small blind) folded before Flop


PokerStars Hand #145205068595:  Hold'em Limit ($3/$6 USD) - 2015/12/11 20:52:00 ET
Table 'Sycorax' 10-max Seat #9 is the button
Seat 9: rastyb87 ($105.22 in chips)
Seat 10: Chessnok ($108.68 in chips)
rastyb87: posts small blind $1
Chessnok: posts big blind $3
*** HOLE CARDS ***
rastyb87: raises $3 to $6
Chessnok: folds
Uncalled bet ($3) returned to rastyb87
rastyb87 collected $6 from pot
*** SUMMARY ***
Total pot $6 | Rake $0
Seat 9: rastyb87 (button) (small blind) collected ($6)
Seat 10: Chessnok (big blind) folded before Flop


PokerStars Hand #145205080453:  Hold'em Limit ($3/$6 USD) - 2015/12/11 20:52:23 ET
Table 'Sycorax' 10-max Seat #10 is the button
Seat 9: rastyb87 ($108.22 in chips)
Seat 10: Chessnok ($105.68 in chips)
Chessnok: posts small blind $1
rastyb87: posts big blind $3
*** HOLE CARDS ***
Chessnok: raises $3 to $6
rastyb87: calls $3
*** FLOP *** [2d Kd Ad]
rastyb87: checks
Chessnok: bets $3
rastyb87: folds
Uncalled bet ($3) returned to Chessnok
Chessnok collected $11.76 from pot
Chessnok: doesn't show hand
*** SUMMARY ***
Total pot $12 | Rake $0.24
Board [2d Kd Ad]
Seat 9: rastyb87 (big blind) folded on the Flop
Seat 10: Chessnok (button) (small blind) collected ($11.76)


PokerStars Hand #145205074334:  Hold'em Limit ($3/$6 USD) - 2015/12/11 20:52:12 ET
Table 'Sycorax' 10-max Seat #9 is the button
Seat 9: rastyb87 ($109.22 in chips)
Seat 10: Chessnok ($104.68 in chips)
rastyb87: posts small blind $1
Chessnok: posts big blind $3
*** HOLE CARDS ***
rastyb87: folds
Uncalled bet ($2) returned to Chessnok
Chessnok collected $2 from pot
Chessnok: doesn't show hand
*** SUMMARY ***
Total pot $2 | Rake $0
Seat 9: rastyb87 (button) (small blind) folded before Flop
Seat 10: Chessnok (big blind) collected ($2)


PokerStars Hand #145205098568:  Hold'em Limit ($3/$6 USD) - 2015/12/11 20:52:59 ET
Table 'Sycorax' 10-max Seat #10 is the button
Seat 9: rastyb87 ($116.72 in chips)
Seat 10: Chessnok ($96.44 in chips)
Chessnok: posts small blind $1
rastyb87: posts big blind $3
*** HOLE CARDS ***
Chessnok: folds
Uncalled bet ($2) returned to rastyb87
rastyb87 collected $2 from pot
*** SUMMARY ***
Total pot $2 | Rake $0
Seat 9: rastyb87 (big blind) collected ($2)
Seat 10: Chessnok (button) (small blind) folded before Flop


PokerStars Hand #145205086464:  Hold'em Limit ($3/$6 USD) - 2015/12/11 20:52:35 ET
Table 'Sycorax' 10-max Seat #9 is the button
Seat 9: rastyb87 ($102.22 in chips)
Seat 10: Chessnok ($111.44 in chips)
rastyb87: posts small blind $1
Chessnok: posts big blind $3
*** HOLE CARDS ***
rastyb87: raises $3 to $6
Chessnok: calls $3
*** FLOP *** [Js Kc 4c]
Chessnok: checks
rastyb87: bets $3
Chessnok: calls $3
*** TURN *** [Js Kc 4c] [5s]
Chessnok: checks
rastyb87: bets $6
Chessnok: calls $6
*** RIVER *** [Js Kc 4c 5s] [Ts]
Chessnok: checks
rastyb87: checks
*** SHOW DOWN ***
Chessnok: shows [Kd 7d] (a pair of Kings)
rastyb87: shows [Ad Ac] (a pair of Aces)
rastyb87 collected $29.50 from pot
*** SUMMARY ***
Total pot $30 | Rake $0.50
Board [Js Kc 4c 5s Ts]
Seat 9: rastyb87 (button) (small blind) showed [Ad Ac] and won ($29.50) with a pair of Aces
Seat 10: Chessnok (big blind) showed [Kd 7d] and lost with a pair of Kings


PokerStars Hand #145205114563:  Hold'em Limit ($3/$6 USD) - 2015/12/11 20:53:30 ET
Table 'Sycorax' 10-max Seat #10 is the button
Seat 9: rastyb87 ($105.72 in chips)
Seat 10: Chessnok ($106.96 in chips)
Chessnok: posts small blind $1
rastyb87: posts big blind $3
*** HOLE CARDS ***
Chessnok: folds
Uncalled bet ($2) returned to rastyb87
rastyb87 collected $2 from pot
*** SUMMARY ***
Total pot $2 | Rake $0
Seat 9: rastyb87 (big blind) collected ($2)
Seat 10: Chessnok (button) (small blind) folded before Flop


PokerStars Hand #145205100767:  Hold'em Limit ($3/$6 USD) - 2015/12/11 20:53:03 ET
Table 'Sycorax' 10-max Seat #9 is the button
Seat 9: rastyb87 ($117.72 in chips)
Seat 10: Chessnok ($95.44 in chips)
rastyb87: posts small blind $1
Chessnok: posts big blind $3
*** HOLE CARDS ***
rastyb87: raises $3 to $6
Chessnok: calls $3
*** FLOP *** [8h 9s Jd]
Chessnok: checks
rastyb87: checks
*** TURN *** [8h 9s Jd] [Ks]
Chessnok: bets $6
rastyb87: calls $6
*** RIVER *** [8h 9s Jd Ks] [7c]
Chessnok: bets $6
rastyb87: folds
Uncalled bet ($6) returned to Chessnok
Chessnok collected $23.52 from pot
Chessnok: doesn't show hand
*** SUMMARY ***
Total pot $24 | Rake $0.48
Board [8h 9s Jd Ks 7c]
Seat 9: rastyb87 (button) (small blind) folded on the River
Seat 10: Chessnok (big blind) collected ($23.52)


PokerStars Hand #145205116754:  Hold'em Limit ($3/$6 USD) - 2015/12/11 20:53:34 ET
Table 'Sycorax' 10-max Seat #9 is the button
Seat 9: rastyb87 ($106.72 in chips)
Seat 10: Chessnok ($105.96 in chips)
rastyb87: posts small blind $1
Chessnok: posts big blind $3
*** HOLE CARDS ***
rastyb87: folds
Uncalled bet ($2) returned to Chessnok
Chessnok collected $2 from pot
Chessnok: doesn't show hand
*** SUMMARY ***
Total pot $2 | Rake $0
Seat 9: rastyb87 (button) (small blind) folded before Flop
Seat 10: Chessnok (big blind) collected ($2)


PokerStars Hand #145205123750:  Hold'em Limit ($3/$6 USD) - 2015/12/11 20:53:48 ET
Table 'Sycorax' 10-max Seat #9 is the button
Seat 9: rastyb87 ($102.72 in chips)
Seat 10: Chessnok ($109.96 in chips)
rastyb87: posts small blind $1
Chessnok: posts big blind $3
*** HOLE CARDS ***
rastyb87: raises $3 to $6
Chessnok: calls $3
*** FLOP *** [5h Td 8h]
Chessnok: checks
rastyb87: bets $3
Chessnok: calls $3
*** TURN *** [5h Td 8h] [8c]
Chessnok: checks
rastyb87: checks
*** RIVER *** [5h Td 8h 8c] [Th]
Chessnok: bets $6
rastyb87: folds
Uncalled bet ($6) returned to Chessnok
Chessnok collected $17.64 from pot
Chessnok: doesn't show hand
*** SUMMARY ***
Total pot $18 | Rake $0.36
Board [5h Td 8h 8c Th]
Seat 9: rastyb87 (button) (small blind) folded on the River
Seat 10: Chessnok (big blind) collected ($17.64)


PokerStars Hand #145205134691:  Hold'em Limit ($3/$6 USD) - 2015/12/11 20:54:09 ET
Table 'Sycorax' 10-max Seat #9 is the button
Seat 9: rastyb87 ($94.72 in chips)
Seat 10: Chessnok ($117.60 in chips)
rastyb87: posts small blind $1
Chessnok: posts big blind $3
*** HOLE CARDS ***
rastyb87: folds
Uncalled bet ($2) returned to Chessnok
Chessnok collected $2 from pot
Chessnok: doesn't show hand
*** SUMMARY ***
Total pot $2 | Rake $0
Seat 9: rastyb87 (button) (small blind) folded before Flop
Seat 10: Chessnok (big blind) collected ($2)


PokerStars Hand #145205131512:  Hold'em Limit ($3/$6 USD) - 2015/12/11 20:54:03 ET
Table 'Sycorax' 10-max Seat #10 is the button
Seat 9: rastyb87 ($93.72 in chips)
Seat 10: Chessnok ($118.60 in chips)
Chessnok: posts small blind $1
rastyb87: posts big blind $3
*** HOLE CARDS ***
Chessnok: folds
Uncalled bet ($2) returned to rastyb87
rastyb87 collected $2 from pot
*** SUMMARY ***
Total pot $2 | Rake $0
Seat 9: rastyb87 (big blind) collected ($2)
Seat 10: Chessnok (button) (small blind) folded before Flop


PokerStars Hand #145205137382:  Hold'em Limit ($3/$6 USD) - 2015/12/11 20:54:15 ET
Table 'Sycorax' 10-max Seat #10 is the button
Seat 9: rastyb87 ($93.72 in chips)
Seat 10: Chessnok ($118.60 in chips)
Chessnok: posts small blind $1
rastyb87: posts big blind $3
*** HOLE CARDS ***
Chessnok: raises $3 to $6
rastyb87: folds
Uncalled bet ($3) returned to Chessnok
Chessnok collected $6 from pot
Chessnok: doesn't show hand
*** SUMMARY ***
Total pot $6 | Rake $0
Seat 9: rastyb87 (big blind) folded before Flop
Seat 10: Chessnok (button) (small blind) collected ($6)


PokerStars Hand #145205150256:  Hold'em Limit ($3/$6 USD) - 2015/12/11 20:54:40 ET
Table 'Sycorax' 10-max Seat #9 is the button
Seat 9: rastyb87 ($79.72 in chips)
Seat 10: Chessnok ($132.12 in chips)
rastyb87: posts small blind $1
Chessnok: posts big blind $3
*** HOLE CARDS ***
rastyb87: folds
Uncalled bet ($2) returned to Chessnok
Chessnok collected $2 from pot
Chessnok: doesn't show hand
*** SUMMARY ***
Total pot $2 | Rake $0
Seat 9: rastyb87 (button) (small blind) folded before Flop
Seat 10: Chessnok (big blind) collected ($2)


PokerStars Hand #145205148031:  Hold'em Limit ($3/$6 USD) - 2015/12/11 20:54:36 ET
Table 'Sycorax' 10-max Seat #10 is the button
Seat 9: rastyb87 ($78.72 in chips)
Seat 10: Chessnok ($133.12 in chips)
Chessnok: posts small blind $1
rastyb87: posts big blind $3
*** HOLE CARDS ***
Chessnok: folds
Uncalled bet ($2) returned to rastyb87
rastyb87 collected $2 from pot
*** SUMMARY ***
Total pot $2 | Rake $0
Seat 9: rastyb87 (big blind) collected ($2)
Seat 10: Chessnok (button) (small blind) folded before Flop


PokerStars Hand #145205139803:  Hold'em Limit ($3/$6 USD) - 2015/12/11 20:54:20 ET
Table 'Sycorax' 10-max Seat #9 is the button
Seat 9: rastyb87 ($90.72 in chips)
Seat 10: Chessnok ($121.60 in chips)
rastyb87: posts small blind $1
Chessnok: posts big blind $3
*** HOLE CARDS ***
rastyb87: raises $3 to $6
Chessnok: calls $3
*** FLOP *** [2c Qs 9h]
Chessnok: checks
rastyb87: bets $3
Chessnok: raises $3 to $6
rastyb87: calls $3
*** TURN *** [2c Qs 9h] [4d]
Chessnok: bets $6
rastyb87: folds
Uncalled bet ($6) returned to Chessnok
Chessnok collected $23.52 from pot
Chessnok: doesn't show hand
*** SUMMARY ***
Total pot $24 | Rake $0.48
Board [2c Qs 9h 4d]
Seat 9: rastyb87 (button) (small blind) folded on the Turn
Seat 10: Chessnok (big blind) collected ($23.52)


PokerStars Hand #145205119314:  Hold'em Limit ($3/$6 USD) - 2015/12/11 20:53:39 ET
Table 'Sycorax' 10-max Seat #10 is the button
Seat 9: rastyb87 ($105.72 in chips)
Seat 10: Chessnok ($106.96 in chips)
Chessnok: posts small blind $1
rastyb87: posts big blind $3
*** HOLE CARDS ***
Chessnok: raises $3 to $6
rastyb87: folds
Uncalled bet ($3) returned to Chessnok
Chessnok collected $6 from pot
Chessnok: doesn't show hand
*** SUMMARY ***
Total pot $6 | Rake $0
Seat 9: rastyb87 (big blind) folded before Flop
Seat 10: Chessnok (button) (small blind) collected ($6)


PokerStars Hand #145205152798:  Hold'em Limit ($3/$6 USD) - 2015/12/11 20:54:45 ET
Table 'Sycorax' 10-max Seat #10 is the button
Seat 9: rastyb87 ($78.72 in chips)
Seat 10: Chessnok ($133.12 in chips)
Chessnok: posts small blind $1
rastyb87: posts big blind $3
*** HOLE CARDS ***
Chessnok: raises $3 to $6
rastyb87: calls $3
*** FLOP *** [3d 8d 7d]
rastyb87: bets $3
Chessnok: calls $3
*** TURN *** [3d 8d 7d] [Th]
rastyb87: checks
Chessnok: bets $6
rastyb87: calls $6
*** RIVER *** [3d 8d 7d Th] [As]
rastyb87: checks
Chessnok: checks
*** SHOW DOWN ***
rastyb87: shows [7c 5h] (a pair of Sevens)
Chessnok: mucks hand
rastyb87 collected $29.50 from pot
*** SUMMARY ***
Total pot $30 | Rake $0.50
Board [3d 8d 7d Th As]
Seat 9: rastyb87 (big blind) showed [7c 5h] and won ($29.50) with a pair of Sevens
Seat 10: Chessnok (button) (small blind) mucked


PokerStars Hand #145205162555:  Hold'em Limit ($3/$6 USD) - 2015/12/11 20:55:04 ET
Table 'Sycorax' 10-max Seat #9 is the button
Seat 9: rastyb87 ($93.22 in chips)
Seat 10: Chessnok ($118.12 in chips)
rastyb87: posts small blind $1
Chessnok: posts big blind $3
*** HOLE CARDS ***
rastyb87: folds
Uncalled bet ($2) returned to Chessnok
Chessnok collected $2 from pot
Chessnok: doesn't show hand
*** SUMMARY ***
Total pot $2 | Rake $0
Seat 9: rastyb87 (button) (small blind) folded before Flop
Seat 10: Chessnok (big blind) collected ($2)


PokerStars Hand #145205168669:  Hold'em Limit ($3/$6 USD) - 2015/12/11 20:55:16 ET
Table 'Sycorax' 10-max Seat #9 is the button
Seat 9: rastyb87 ($89.22 in chips)
Seat 10: Chessnok ($122.12 in chips)
rastyb87: posts small blind $1
Chessnok: posts big blind $3
*** HOLE CARDS ***
rastyb87: folds
Uncalled bet ($2) returned to Chessnok
Chessnok collected $2 from pot
Chessnok: doesn't show hand
*** SUMMARY ***
Total pot $2 | Rake $0
Seat 9: rastyb87 (button) (small blind) folded before Flop
Seat 10: Chessnok (big blind) collected ($2)


PokerStars Hand #145205165242:  Hold'em Limit ($3/$6 USD) - 2015/12/11 20:55:09 ET
Table 'Sycorax' 10-max Seat #10 is the button
Seat 9: rastyb87 ($92.22 in chips)
Seat 10: Chessnok ($119.12 in chips)
Chessnok: posts small blind $1
rastyb87: posts big blind $3
*** HOLE CARDS ***
Chessnok: raises $3 to $6
rastyb87: folds
Uncalled bet ($3) returned to Chessnok
Chessnok collected $6 from pot
Chessnok: doesn't show hand
*** SUMMARY ***
Total pot $6 | Rake $0
Seat 9: rastyb87 (big blind) folded before Flop
Seat 10: Chessnok (button) (small blind) collected ($6)


PokerStars Hand #145205174623:  Hold'em Limit ($3/$6 USD) - 2015/12/11 20:55:30 ET
Table 'Sycorax' 10-max Seat #9 is the button
Seat 9: rastyb87 ($85.22 in chips)
Seat 10: Chessnok ($126.12 in chips)
rastyb87: posts small blind $1
Chessnok: posts big blind $3
*** HOLE CARDS ***
rastyb87: folds
Uncalled bet ($2) returned to Chessnok
Chessnok collected $2 from pot
Chessnok: doesn't show hand
*** SUMMARY ***
Total pot $2 | Rake $0
Seat 9: rastyb87 (button) (small blind) folded before Flop
Seat 10: Chessnok (big blind) collected ($2)


PokerStars Hand #145205170895:  Hold'em Limit ($3/$6 USD) - 2015/12/11 20:55:21 ET
Table 'Sycorax' 10-max Seat #10 is the button
Seat 9: rastyb87 ($88.22 in chips)
Seat 10: Chessnok ($123.12 in chips)
Chessnok: posts small blind $1
rastyb87: posts big blind $3
*** HOLE CARDS ***
Chessnok: raises $3 to $6
rastyb87: folds
Uncalled bet ($3) returned to Chessnok
Chessnok collected $6 from pot
Chessnok: doesn't show hand
*** SUMMARY ***
Total pot $6 | Rake $0
Seat 9: rastyb87 (big blind) folded before Flop
Seat 10: Chessnok (button) (small blind) collected ($6)


PokerStars Hand #145206040887:  Hold'em Limit ($3/$6 USD) - 2015/12/11 21:25:15 ET
Table 'Sycorax' 10-max Seat #1 is the button
Seat 1: Masqb ($103 in chips)
Seat 6: hot shot2543 ($52.50 in chips)
Masqb: posts small blind $1
hot shot2543: posts big blind $3
*** HOLE CARDS ***
Masqb: folds
Uncalled bet ($2) returned to hot shot2543
hot shot2543 collected $2 from pot
hot shot2543: doesn't show hand
*** SUMMARY ***
Total pot $2 | Rake $0
Seat 1: Masqb (button) (small blind) folded before Flop
Seat 6: hot shot2543 (big blind) collected ($2)


PokerStars Hand #145206034200:  Hold'em Limit ($3/$6 USD) - 2015/12/11 21:25:01 ET
Table 'Sycorax' 10-max Seat #6 is the button
Seat 1: Masqb ($102 in chips)
Seat 6: hot shot2543 ($53.50 in chips)
hot shot2543: posts small blind $1
Masqb: posts big blind $3
*** HOLE CARDS ***
hot shot2543: folds
Uncalled bet ($2) returned to Masqb
Masqb collected $2 from pot
Masqb: doesn't show hand
*** SUMMARY ***
Total pot $2 | Rake $0
Seat 1: Masqb (big blind) collected ($2)
Seat 6: hot shot2543 (button) (small blind) folded before Flop


PokerStars Hand #145206021066:  Hold'em Limit ($3/$6 USD) - 2015/12/11 21:24:34 ET
Table 'Sycorax' 10-max Seat #1 is the button
Seat 1: Masqb ($126 in chips)
Seat 6: hot shot2543 ($30 in chips)
Masqb: posts small blind $1
hot shot2543: posts big blind $3
*** HOLE CARDS ***
Masqb: raises $3 to $6
hot shot2543: raises $3 to $9
Masqb: calls $3
*** FLOP *** [6s 6h 7d]
hot shot2543: bets $3
Masqb: calls $3
*** TURN *** [6s 6h 7d] [4d]
hot shot2543: bets $6
Masqb: calls $6
*** RIVER *** [6s 6h 7d 4d] [7h]
hot shot2543: bets $6
Masqb: calls $6
*** SHOW DOWN ***
hot shot2543: shows [Ac 2c] (two pair, Sevens and Sixes)
Masqb: mucks hand
hot shot2543 collected $47.50 from pot
*** SUMMARY ***
Total pot $48 | Rake $0.50
Board [6s 6h 7d 4d 7h]
Seat 1: Masqb (button) (small blind) mucked
Seat 6: hot shot2543 (big blind) showed [Ac 2c] and won ($47.50) with two pair, Sevens and Sixes


PokerStars Hand #145206044033:  Hold'em Limit ($3/$6 USD) - 2015/12/11 21:25:22 ET
Table 'Sycorax' 10-max Seat #6 is the button
Seat 1: Masqb ($102 in chips)
Seat 6: hot shot2543 ($53.50 in chips)
hot shot2543: posts small blind $1
Masqb: posts big blind $3
*** HOLE CARDS ***
TheU10 joins the table at seat #7
hot shot2543: raises $3 to $6
Masqb: calls $3
*** FLOP *** [4h Qs 4c]
Masqb: checks
hot shot2543: bets $3
Masqb: folds
Uncalled bet ($3) returned to hot shot2543
hot shot2543 collected $11.76 from pot
hot shot2543: doesn't show hand
*** SUMMARY ***
Total pot $12 | Rake $0.24
Board [4h Qs 4c]
Seat 1: Masqb (big blind) folded on the Flop
Seat 6: hot shot2543 (button) (small blind) collected ($11.76)


PokerStars Hand #145206117177:  Hold'em Limit ($3/$6 USD) - 2015/12/11 21:27:56 ET
Table 'Sycorax' 10-max Seat #2 is the button
Seat 2: hot shot2543 ($30 in chips)
Seat 6: Masqb ($126 in chips)
hot shot2543: posts small blind $1
Masqb: posts big blind $3
*** HOLE CARDS ***
hot shot2543: folds
Uncalled bet ($2) returned to Masqb
Masqb collected $2 from pot
Masqb: doesn't show hand
*** SUMMARY ***
Total pot $2 | Rake $0
Seat 2: hot shot2543 (button) (small blind) folded before Flop
Seat 6: Masqb (big blind) collected ($2)


PokerStars Hand #145206121755:  Hold'em Limit ($3/$6 USD) - 2015/12/11 21:28:06 ET
Table 'Sycorax' 10-max Seat #6 is the button
Seat 2: hot shot2543 ($29 in chips)
Seat 6: Masqb ($127 in chips)
Masqb: posts small blind $1
hot shot2543: posts big blind $3
*** HOLE CARDS ***
Masqb: raises $3 to $6
hot shot2543: raises $3 to $9
Masqb: calls $3
*** FLOP *** [6c Tc Ad]
hot shot2543: bets $3
Masqb: calls $3
*** TURN *** [6c Tc Ad] [5c]
hot shot2543: bets $6
Masqb: calls $6
*** RIVER *** [6c Tc Ad 5c] [Qs]
hot shot2543: bets $6
Masqb: raises $6 to $12
hot shot2543: folds
Uncalled bet ($6) returned to Masqb
Masqb collected $47.50 from pot
Masqb: doesn't show hand
*** SUMMARY ***
Total pot $48 | Rake $0.50
Board [6c Tc Ad 5c Qs]
Seat 2: hot shot2543 (big blind) folded on the River
Seat 6: Masqb (button) (small blind) collected ($47.50)


PokerStars Hand #145206135087:  Hold'em Limit ($3/$6 USD) - 2015/12/11 21:28:34 ET
Table 'Sycorax' 10-max Seat #2 is the button
Seat 2: hot shot2543 ($5 in chips)
Seat 6: Masqb ($150.50 in chips)
hot shot2543: posts small blind $1
Masqb: posts big blind $3
*** HOLE CARDS ***
hot shot2543: raises $2 to $5 and is all-in
Masqb: calls $2
*** FLOP *** [Qs Js 9s]
*** TURN *** [Qs Js 9s] [9c]
*** RIVER *** [Qs Js 9s 9c] [2c]
*** SHOW DOWN ***
Masqb: shows [3d 9d] (three of a kind, Nines)
hot shot2543: shows [6s 4s] (a flush, Queen high)
hot shot2543 collected $9.80 from pot
*** SUMMARY ***
Total pot $10 | Rake $0.20
Board [Qs Js 9s 9c 2c]
Seat 2: hot shot2543 (button) (small blind) showed [6s 4s] and won ($9.80) with a flush, Queen high
Seat 6: Masqb (big blind) showed [3d 9d] and lost with three of a kind, Nines


PokerStars Hand #145206142346:  Hold'em Limit ($3/$6 USD) - 2015/12/11 21:28:50 ET
Table 'Sycorax' 10-max Seat #6 is the button
Seat 2: hot shot2543 ($9.80 in chips)
Seat 6: Masqb ($145.50 in chips)
Masqb: posts small blind $1
hot shot2543: posts big blind $3
*** HOLE CARDS ***
Masqb: raises $3 to $6
hot shot2543: raises $3 to $9
Masqb: calls $3
*** FLOP *** [Tc 2c Qs]
hot shot2543: bets $0.80 and is all-in
Masqb: calls $0.80
*** TURN *** [Tc 2c Qs] [6c]
*** RIVER *** [Tc 2c Qs 6c] [Js]
*** SHOW DOWN ***
hot shot2543: shows [Kd 7h] (high card King)
Masqb: shows [9h 8s] (a straight, Eight to Queen)
Masqb collected $19.21 from pot
*** SUMMARY ***
Total pot $19.60 | Rake $0.39
Board [Tc 2c Qs 6c Js]
Seat 2: hot shot2543 (big blind) showed [Kd 7h] and lost with high card King
Seat 6: Masqb (button) (small blind) showed [9h 8s] and won ($19.21) with a straight, Eight to Queen


PokerStars Hand #145206168256:  Hold'em Limit ($3/$6 USD) - 2015/12/11 21:29:45 ET
Table 'Sycorax' 10-max Seat #7 is the button
Seat 6: Masqb ($154.91 in chips)
Seat 7: hot shot2543 ($30 in chips)
hot shot2543: posts small blind $1
Masqb: posts big blind $3
*** HOLE CARDS ***
hot shot2543: calls $2
Masqb: checks
*** FLOP *** [Kd 7d 2h]
Masqb: checks
hot shot2543: bets $3
Masqb: folds
Uncalled bet ($3) returned to hot shot2543
hot shot2543 collected $5.88 from pot
hot shot2543: doesn't show hand
*** SUMMARY ***
Total pot $6 | Rake $0.12
Board [Kd 7d 2h]
Seat 6: Masqb (big blind) folded on the Flop
Seat 7: hot shot2543 (button) (small blind) collected ($5.88)


PokerStars Hand #145206178161:  Hold'em Limit ($3/$6 USD) - 2015/12/11 21:30:07 ET
Table 'Sycorax' 10-max Seat #6 is the button
Seat 6: Masqb ($151.91 in chips)
Seat 7: hot shot2543 ($32.88 in chips)
Masqb: posts small blind $1
hot shot2543: posts big blind $3
*** HOLE CARDS ***
Masqb: raises $3 to $6
hot shot2543: calls $3
*** FLOP *** [Kh Tc 4h]
hot shot2543: checks
Masqb: bets $3
hot shot2543: raises $3 to $6
Masqb: folds
Uncalled bet ($3) returned to hot shot2543
hot shot2543 collected $17.64 from pot
hot shot2543: doesn't show hand
*** SUMMARY ***
Total pot $18 | Rake $0.36
Board [Kh Tc 4h]
Seat 6: Masqb (button) (small blind) folded on the Flop
Seat 7: hot shot2543 (big blind) collected ($17.64)


PokerStars Hand #145206189134:  Hold'em Limit ($3/$6 USD) - 2015/12/11 21:30:30 ET
Table 'Sycorax' 10-max Seat #7 is the button
Seat 6: Masqb ($142.91 in chips)
Seat 7: hot shot2543 ($41.52 in chips)
hot shot2543: posts small blind $1
Masqb: posts big blind $3
*** HOLE CARDS ***
hot shot2543: calls $2
Masqb: checks
*** FLOP *** [Jd 3h 3d]
Masqb: checks
hot shot2543: checks
*** TURN *** [Jd 3h 3d] [6c]
Masqb: checks
hot shot2543: bets $6
Masqb: folds
Uncalled bet ($6) returned to hot shot2543
hot shot2543 collected $5.88 from pot
hot shot2543: doesn't show hand
*** SUMMARY ***
Total pot $6 | Rake $0.12
Board [Jd 3h 3d 6c]
Seat 6: Masqb (big blind) folded on the Turn
Seat 7: hot shot2543 (button) (small blind) collected ($5.88)


PokerStars Hand #145206203203:  Hold'em Limit ($3/$6 USD) - 2015/12/11 21:31:01 ET
Table 'Sycorax' 10-max Seat #6 is the button
Seat 6: Masqb ($139.91 in chips)
Seat 7: hot shot2543 ($44.40 in chips)
Masqb: posts small blind $1
hot shot2543: posts big blind $3
*** HOLE CARDS ***
Masqb: raises $3 to $6
hot shot2543: raises $3 to $9
Masqb: calls $3
*** FLOP *** [Ac 6s Tc]
hot shot2543: bets $3
Masqb: calls $3
*** TURN *** [Ac 6s Tc] [Kh]
hot shot2543: bets $6
Masqb: calls $6
*** RIVER *** [Ac 6s Tc Kh] [6d]
hot shot2543: bets $6
assitoni joins the table at seat #8
Masqb: raises $6 to $12
hot shot2543: calls $6
*** SHOW DOWN ***
Masqb: shows [6h Ts] (a full house, Sixes full of Tens)
hot shot2543: mucks hand
Masqb collected $59.50 from pot
*** SUMMARY ***
Total pot $60 | Rake $0.50
Board [Ac 6s Tc Kh 6d]
Seat 6: Masqb (button) (small blind) showed [6h Ts] and won ($59.50) with a full house, Sixes full of Tens
Seat 7: hot shot2543 (big blind) mucked


