PokerStars Hand #163022067298:  Hold'em Limit ($3/$6 USD) - 2016/12/16 5:25:09 ET
Table 'Sycorax II' 6-max Seat #3 is the button
Seat 3: slavii0o0 ($36.76 in chips)
Seat 4: Agrotait ($65 in chips)
slavii0o0: posts small blind $1
Agrotait: posts big blind $3
*** HOLE CARDS ***
slavii0o0: raises $3 to $6
Agrotait: folds
Uncalled bet ($3) returned to slavii0o0
slavii0o0 collected $6 from pot
*** SUMMARY ***
Total pot $6 | Rake $0
Seat 3: slavii0o0 (button) (small blind) collected ($6)
Seat 4: Agrotait (big blind) folded before Flop


PokerStars Hand #163022072280:  Hold'em Limit ($3/$6 USD) - 2016/12/16 5:25:21 ET
Table 'Sycorax II' 6-max Seat #3 is the button
Seat 3: slavii0o0 ($40.76 in chips)
Seat 4: Agrotait ($61 in chips)
slavii0o0: posts small blind $1
Agrotait: posts big blind $3
*** HOLE CARDS ***
slavii0o0: folds
Uncalled bet ($2) returned to Agrotait
Agrotait collected $2 from pot
Agrotait: doesn't show hand
*** SUMMARY ***
Total pot $2 | Rake $0
Seat 3: slavii0o0 (button) (small blind) folded before Flop
Seat 4: Agrotait (big blind) collected ($2)


PokerStars Hand #163022069730:  Hold'em Limit ($3/$6 USD) - 2016/12/16 5:25:15 ET
Table 'Sycorax II' 6-max Seat #4 is the button
Seat 3: slavii0o0 ($39.76 in chips)
Seat 4: Agrotait ($62 in chips)
Agrotait: posts small blind $1
slavii0o0: posts big blind $3
*** HOLE CARDS ***
Agrotait: folds
Uncalled bet ($2) returned to slavii0o0
slavii0o0 collected $2 from pot
*** SUMMARY ***
Total pot $2 | Rake $0
Seat 3: slavii0o0 (big blind) collected ($2)
Seat 4: Agrotait (button) (small blind) folded before Flop


PokerStars Hand #163022064335:  Hold'em Limit ($3/$6 USD) - 2016/12/16 5:25:02 ET
Table 'Sycorax II' 6-max Seat #4 is the button
Seat 3: slavii0o0 ($35.76 in chips)
Seat 4: Agrotait ($66 in chips)
Agrotait: posts small blind $1
slavii0o0: posts big blind $3
*** HOLE CARDS ***
Agrotait: folds
Uncalled bet ($2) returned to slavii0o0
slavii0o0 collected $2 from pot
*** SUMMARY ***
Total pot $2 | Rake $0
Seat 3: slavii0o0 (big blind) collected ($2)
Seat 4: Agrotait (button) (small blind) folded before Flop


PokerStars Hand #163022045648:  Hold'em Limit ($3/$6 USD) - 2016/12/16 5:24:16 ET
Table 'Sycorax II' 6-max Seat #3 is the button
Seat 3: slavii0o0 ($30 in chips)
Seat 4: Agrotait ($72 in chips)
slavii0o0: posts small blind $1
Agrotait: posts big blind $3
*** HOLE CARDS ***
slavii0o0: raises $3 to $6
Agrotait: calls $3
*** FLOP *** [Ah 3s 6s]
Agrotait: checks
slavii0o0: checks
*** TURN *** [Ah 3s 6s] [Ts]
Agrotait: checks
slavii0o0: bets $6
Agrotait: folds
Uncalled bet ($6) returned to slavii0o0
slavii0o0 collected $11.76 from pot
*** SUMMARY ***
Total pot $12 | Rake $0.24
Board [Ah 3s 6s Ts]
Seat 3: slavii0o0 (button) (small blind) collected ($11.76)
Seat 4: Agrotait (big blind) folded on the Turn


PokerStars Hand #163022085544:  Hold'em Limit ($3/$6 USD) - 2016/12/16 5:25:54 ET
Table 'Sycorax II' 6-max Seat #3 is the button
Seat 3: slavii0o0 ($30.76 in chips)
Seat 4: Agrotait ($70.64 in chips)
slavii0o0: posts small blind $1
Agrotait: posts big blind $3
*** HOLE CARDS ***
slavii0o0: raises $3 to $6
Agrotait: raises $3 to $9
slavii0o0: calls $3
*** FLOP *** [9s 3c 5h]
Agrotait: bets $3
slavii0o0: calls $3
*** TURN *** [9s 3c 5h] [Qs]
Agrotait: checks
slavii0o0: bets $6
Agrotait: calls $6
*** RIVER *** [9s 3c 5h Qs] [Jd]
ToDaFelt joins the table at seat #1
Agrotait: checks
slavii0o0: bets $6
Agrotait: folds
Uncalled bet ($6) returned to slavii0o0
slavii0o0 collected $35.50 from pot
*** SUMMARY ***
Total pot $36 | Rake $0.50
Board [9s 3c 5h Qs Jd]
Seat 3: slavii0o0 (button) (small blind) collected ($35.50)
Seat 4: Agrotait (big blind) folded on the River


PokerStars Hand #163022074577:  Hold'em Limit ($3/$6 USD) - 2016/12/16 5:25:27 ET
Table 'Sycorax II' 6-max Seat #4 is the button
Seat 3: slavii0o0 ($39.76 in chips)
Seat 4: Agrotait ($62 in chips)
Agrotait: posts small blind $1
slavii0o0: posts big blind $3
*** HOLE CARDS ***
sokol-max-PS joins the table at seat #5
Agrotait: raises $3 to $6
slavii0o0: calls $3
*** FLOP *** [Qs Jc Ts]
slavii0o0: checks
Agrotait: bets $3
slavii0o0: calls $3
*** TURN *** [Qs Jc Ts] [7c]
slavii0o0: checks
feilinho joins the table at seat #6
Agrotait: checks
*** RIVER *** [Qs Jc Ts 7c] [4h]
slavii0o0: checks
Agrotait: checks
*** SHOW DOWN ***
slavii0o0: shows [As 8s] (high card Ace)
Agrotait: shows [5d 5s] (a pair of Fives)
Agrotait collected $17.64 from pot
*** SUMMARY ***
Total pot $18 | Rake $0.36
Board [Qs Jc Ts 7c 4h]
Seat 3: slavii0o0 (big blind) showed [As 8s] and lost with high card Ace
Seat 4: Agrotait (button) (small blind) showed [5d 5s] and won ($17.64) with a pair of Fives


PokerStars Hand #163022695465:  Hold'em Limit ($3/$6 USD) - 2016/12/16 5:49:58 ET
Table 'Sycorax II' 6-max Seat #3 is the button
Seat 3: fsreibnitz ($149.93 in chips)
Seat 5: sokol-max-PS ($116 in chips)
fsreibnitz: posts small blind $1
MTails: is sitting out
sokol-max-PS: posts big blind $3
*** HOLE CARDS ***
fsreibnitz: calls $2
sokol-max-PS: checks
*** FLOP *** [Ts Ad 6d]
sokol-max-PS: checks
fsreibnitz: checks
*** TURN *** [Ts Ad 6d] [Js]
sokol-max-PS: bets $6
fsreibnitz: folds
Uncalled bet ($6) returned to sokol-max-PS
sokol-max-PS collected $5.88 from pot
sokol-max-PS: doesn't show hand
*** SUMMARY ***
Total pot $6 | Rake $0.12
Board [Ts Ad 6d Js]
Seat 3: fsreibnitz (button) (small blind) folded on the Turn
Seat 5: sokol-max-PS (big blind) collected ($5.88)


PokerStars Hand #163022702175:  Hold'em Limit ($3/$6 USD) - 2016/12/16 5:50:13 ET
Table 'Sycorax II' 6-max Seat #5 is the button
Seat 3: fsreibnitz ($146.93 in chips)
Seat 5: sokol-max-PS ($118.88 in chips)
sokol-max-PS: posts small blind $1
fsreibnitz: posts big blind $3
*** HOLE CARDS ***
sokol-max-PS: raises $3 to $6
fsreibnitz: folds
Uncalled bet ($3) returned to sokol-max-PS
sokol-max-PS collected $6 from pot
*** SUMMARY ***
Total pot $6 | Rake $0
Seat 3: fsreibnitz (big blind) folded before Flop
Seat 5: sokol-max-PS (button) (small blind) collected ($6)


PokerStars Hand #163022673528:  Hold'em Limit ($3/$6 USD) - 2016/12/16 5:49:07 ET
Table 'Sycorax II' 6-max Seat #3 is the button
Seat 3: fsreibnitz ($120 in chips)
Seat 4: MTails ($120 in chips)
fsreibnitz: posts small blind $1
MTails: posts big blind $3
*** HOLE CARDS ***
sokol-max-PS joins the table at seat #5
fsreibnitz: calls $2
MTails: raises $3 to $6
fsreibnitz: calls $3
*** FLOP *** [Jh 5h 2c]
MTails: bets $3
fsreibnitz: calls $3
*** TURN *** [Jh 5h 2c] [Td]
MTails: bets $6
fsreibnitz: calls $6
*** RIVER *** [Jh 5h 2c Td] [Jd]
MTails: bets $6
fsreibnitz: calls $6
*** SHOW DOWN ***
MTails: shows [8h 4d] (a pair of Jacks)
fsreibnitz: shows [2s 9s] (two pair, Jacks and Deuces)
fsreibnitz collected $41.50 from pot
*** SUMMARY ***
Total pot $42 | Rake $0.50
Board [Jh 5h 2c Td Jd]
Seat 3: fsreibnitz (button) (small blind) showed [2s 9s] and won ($41.50) with two pair, Jacks and Deuces
Seat 4: MTails (big blind) showed [8h 4d] and lost with a pair of Jacks


PokerStars Hand #163022705337:  Hold'em Limit ($3/$6 USD) - 2016/12/16 5:50:20 ET
Table 'Sycorax II' 6-max Seat #3 is the button
Seat 3: fsreibnitz ($143.93 in chips)
Seat 5: sokol-max-PS ($121.88 in chips)
fsreibnitz: posts small blind $1
sokol-max-PS: posts big blind $3
*** HOLE CARDS ***
fsreibnitz: raises $3 to $6
sokol-max-PS: calls $3
*** FLOP *** [7c 4c Kh]
sokol-max-PS: checks
fsreibnitz: bets $3
sokol-max-PS: calls $3
*** TURN *** [7c 4c Kh] [5c]
sokol-max-PS: checks
fsreibnitz: bets $6
sokol-max-PS: calls $6
*** RIVER *** [7c 4c Kh 5c] [6s]
ToDaFelt joins the table at seat #1
sokol-max-PS: checks
fsreibnitz: bets $6
sokol-max-PS: calls $6
*** SHOW DOWN ***
fsreibnitz: shows [Kd 4s] (two pair, Kings and Fours)
sokol-max-PS: mucks hand
fsreibnitz collected $41.50 from pot
*** SUMMARY ***
Total pot $42 | Rake $0.50
Board [7c 4c Kh 5c 6s]
Seat 3: fsreibnitz (button) (small blind) showed [Kd 4s] and won ($41.50) with two pair, Kings and Fours
Seat 5: sokol-max-PS (big blind) mucked


PokerStars Hand #163022884160:  Hold'em Limit ($3/$6 USD) - 2016/12/16 5:57:29 ET
Table 'Sycorax II' 6-max Seat #5 is the button
Seat 2: feilinho ($171.10 in chips)
Seat 5: sokol-max-PS ($113.49 in chips)
sokol-max-PS: posts small blind $1
ToDaFelt: is sitting out
feilinho: posts big blind $3
*** HOLE CARDS ***
sokol-max-PS: raises $3 to $6
ToDaFelt leaves the table
feilinho: calls $3
*** FLOP *** [Td Jh As]
feilinho: checks
sokol-max-PS: bets $3
feilinho: folds
Uncalled bet ($3) returned to sokol-max-PS
sokol-max-PS collected $11.76 from pot
sokol-max-PS: doesn't show hand
*** SUMMARY ***
Total pot $12 | Rake $0.24
Board [Td Jh As]
Seat 2: feilinho (big blind) folded on the Flop
Seat 5: sokol-max-PS (button) (small blind) collected ($11.76)


PokerStars Hand #163022893472:  Hold'em Limit ($3/$6 USD) - 2016/12/16 5:57:53 ET
Table 'Sycorax II' 6-max Seat #2 is the button
Seat 2: feilinho ($165.10 in chips)
Seat 5: sokol-max-PS ($119.25 in chips)
feilinho: posts small blind $1
sokol-max-PS: posts big blind $3
*** HOLE CARDS ***
feilinho: raises $3 to $6
sokol-max-PS: raises $3 to $9
feilinho: calls $3
*** FLOP *** [2d 4c 5h]
sokol-max-PS: bets $3
feilinho: calls $3
*** TURN *** [2d 4c 5h] [5s]
sokol-max-PS: bets $6
feilinho: calls $6
*** RIVER *** [2d 4c 5h 5s] [Jc]
sokol-max-PS: checks
feilinho: bets $6
sokol-max-PS: raises $6 to $12
feilinho: folds
Uncalled bet ($6) returned to sokol-max-PS
sokol-max-PS collected $47.50 from pot
sokol-max-PS: doesn't show hand
*** SUMMARY ***
Total pot $48 | Rake $0.50
Board [2d 4c 5h 5s Jc]
Seat 2: feilinho (button) (small blind) folded on the River
Seat 5: sokol-max-PS (big blind) collected ($47.50)


