PokerStars Hand #165935893533:  Hold'em Limit ($3/$6 USD) - 2017/02/09 10:55:10 ET
Table 'Sycorax' 10-max Seat #6 is the button
Seat 1: Azrarn ($119 in chips)
Seat 6: sim5sim5 ($73 in chips)
sim5sim5: posts small blind $1
Azrarn: posts big blind $3
*** HOLE CARDS ***
sim5sim5: raises $3 to $6
Azrarn: calls $3
*** FLOP *** [Kd 5s 2h]
Azrarn: checks
sim5sim5: bets $3
Azrarn: folds
Uncalled bet ($3) returned to sim5sim5
sim5sim5 collected $11.76 from pot
sim5sim5: doesn't show hand
*** SUMMARY ***
Total pot $12 | Rake $0.24
Board [Kd 5s 2h]
Seat 1: Azrarn (big blind) folded on the Flop
Seat 6: sim5sim5 (button) (small blind) collected ($11.76)


PokerStars Hand #165935931632:  Hold'em Limit ($3/$6 USD) - 2017/02/09 10:56:07 ET
Table 'Sycorax' 10-max Seat #1 is the button
Seat 1: Azrarn ($136.26 in chips)
Seat 6: sim5sim5 ($72 in chips)
Azrarn: posts small blind $1
sim5sim5: posts big blind $3
*** HOLE CARDS ***
Azrarn: raises $3 to $6
sim5sim5: folds
Uncalled bet ($3) returned to Azrarn
Azrarn collected $6 from pot
*** SUMMARY ***
Total pot $6 | Rake $0
Seat 1: Azrarn (button) (small blind) collected ($6)
Seat 6: sim5sim5 (big blind) folded before Flop


PokerStars Hand #165935912256:  Hold'em Limit ($3/$6 USD) - 2017/02/09 10:55:38 ET
Table 'Sycorax' 10-max Seat #6 is the button
Seat 1: Azrarn ($118.76 in chips)
Seat 6: sim5sim5 ($72.76 in chips)
sim5sim5: posts small blind $1
Azrarn: posts big blind $3
*** HOLE CARDS ***
sim5sim5: raises $3 to $6
Azrarn: calls $3
*** FLOP *** [6s Kc 2d]
Azrarn: checks
sim5sim5: bets $3
Azrarn: raises $3 to $6
sim5sim5: calls $3
*** TURN *** [6s Kc 2d] [Qs]
Azrarn: checks
sim5sim5: checks
*** RIVER *** [6s Kc 2d Qs] [2h]
Azrarn: bets $6
sim5sim5: calls $6
*** SHOW DOWN ***
Azrarn: shows [Ks 2s] (a full house, Deuces full of Kings)
sim5sim5: mucks hand
Azrarn collected $35.50 from pot
*** SUMMARY ***
Total pot $36 | Rake $0.50
Board [6s Kc 2d Qs 2h]
Seat 1: Azrarn (big blind) showed [Ks 2s] and won ($35.50) with a full house, Deuces full of Kings
Seat 6: sim5sim5 (button) (small blind) mucked


PokerStars Hand #165935900835:  Hold'em Limit ($3/$6 USD) - 2017/02/09 10:55:20 ET
Table 'Sycorax' 10-max Seat #1 is the button
Seat 1: Azrarn ($113 in chips)
Seat 6: sim5sim5 ($78.76 in chips)
Azrarn: posts small blind $1
sim5sim5: posts big blind $3
*** HOLE CARDS ***
Azrarn: raises $3 to $6
sim5sim5: calls $3
*** FLOP *** [Ks 2d Kc]
sim5sim5: checks
Azrarn: bets $3
sim5sim5: folds
Uncalled bet ($3) returned to Azrarn
Azrarn collected $11.76 from pot
*** SUMMARY ***
Total pot $12 | Rake $0.24
Board [Ks 2d Kc]
Seat 1: Azrarn (button) (small blind) collected ($11.76)
Seat 6: sim5sim5 (big blind) folded on the Flop


PokerStars Hand #165935979330:  Hold'em Limit ($3/$6 USD) - 2017/02/09 10:57:19 ET
Table 'Sycorax' 10-max Seat #1 is the button
Seat 1: Azrarn ($119.78 in chips)
Seat 6: sim5sim5 ($102.04 in chips)
Azrarn: posts small blind $1
sim5sim5: posts big blind $3
*** HOLE CARDS ***
Azrarn: raises $3 to $6
sim5sim5: folds
Uncalled bet ($3) returned to Azrarn
Azrarn collected $6 from pot
*** SUMMARY ***
Total pot $6 | Rake $0
Seat 1: Azrarn (button) (small blind) collected ($6)
Seat 6: sim5sim5 (big blind) folded before Flop


PokerStars Hand #165935975727:  Hold'em Limit ($3/$6 USD) - 2017/02/09 10:57:14 ET
Table 'Sycorax' 10-max Seat #6 is the button
Seat 1: Azrarn ($122.78 in chips)
Seat 6: sim5sim5 ($99.04 in chips)
sim5sim5: posts small blind $1
Azrarn: posts big blind $3
*** HOLE CARDS ***
sim5sim5: raises $3 to $6
Azrarn: folds
Uncalled bet ($3) returned to sim5sim5
sim5sim5 collected $6 from pot
sim5sim5: doesn't show hand
*** SUMMARY ***
Total pot $6 | Rake $0
Seat 1: Azrarn (big blind) folded before Flop
Seat 6: sim5sim5 (button) (small blind) collected ($6)


PokerStars Hand #165935972816:  Hold'em Limit ($3/$6 USD) - 2017/02/09 10:57:09 ET
Table 'Sycorax' 10-max Seat #1 is the button
Seat 1: Azrarn ($123.78 in chips)
Seat 6: sim5sim5 ($98.04 in chips)
Azrarn: posts small blind $1
sim5sim5: posts big blind $3
*** HOLE CARDS ***
Azrarn: folds
Uncalled bet ($2) returned to sim5sim5
sim5sim5 collected $2 from pot
sim5sim5: doesn't show hand
*** SUMMARY ***
Total pot $2 | Rake $0
Seat 1: Azrarn (button) (small blind) folded before Flop
Seat 6: sim5sim5 (big blind) collected ($2)


PokerStars Hand #165935969676:  Hold'em Limit ($3/$6 USD) - 2017/02/09 10:57:05 ET
Table 'Sycorax' 10-max Seat #6 is the button
Seat 1: Azrarn ($126.78 in chips)
Seat 6: sim5sim5 ($95.04 in chips)
sim5sim5: posts small blind $1
Azrarn: posts big blind $3
*** HOLE CARDS ***
sim5sim5: raises $3 to $6
Azrarn: folds
Uncalled bet ($3) returned to sim5sim5
sim5sim5 collected $6 from pot
sim5sim5: doesn't show hand
*** SUMMARY ***
Total pot $6 | Rake $0
Seat 1: Azrarn (big blind) folded before Flop
Seat 6: sim5sim5 (button) (small blind) collected ($6)


PokerStars Hand #165935961435:  Hold'em Limit ($3/$6 USD) - 2017/02/09 10:56:52 ET
Table 'Sycorax' 10-max Seat #1 is the button
Seat 1: Azrarn ($135.78 in chips)
Seat 6: sim5sim5 ($86.40 in chips)
Azrarn: posts small blind $1
sim5sim5: posts big blind $3
*** HOLE CARDS ***
Azrarn: raises $3 to $6
sim5sim5: calls $3
*** FLOP *** [2c 8s 2d]
sim5sim5: checks
Azrarn: bets $3
sim5sim5: raises $3 to $6
Azrarn: folds
Uncalled bet ($3) returned to sim5sim5
sim5sim5 collected $17.64 from pot
sim5sim5: doesn't show hand
*** SUMMARY ***
Total pot $18 | Rake $0.36
Board [2c 8s 2d]
Seat 1: Azrarn (button) (small blind) folded on the Flop
Seat 6: sim5sim5 (big blind) collected ($17.64)


PokerStars Hand #165935955383:  Hold'em Limit ($3/$6 USD) - 2017/02/09 10:56:43 ET
Table 'Sycorax' 10-max Seat #6 is the button
Seat 1: Azrarn ($141.78 in chips)
Seat 6: sim5sim5 ($80.64 in chips)
sim5sim5: posts small blind $1
Azrarn: posts big blind $3
*** HOLE CARDS ***
sim5sim5: raises $3 to $6
Azrarn: calls $3
*** FLOP *** [8s 5s Ks]
Azrarn: checks
sim5sim5: bets $3
Azrarn: folds
Uncalled bet ($3) returned to sim5sim5
sim5sim5 collected $11.76 from pot
sim5sim5: doesn't show hand
*** SUMMARY ***
Total pot $12 | Rake $0.24
Board [8s 5s Ks]
Seat 1: Azrarn (big blind) folded on the Flop
Seat 6: sim5sim5 (button) (small blind) collected ($11.76)


PokerStars Hand #165935949361:  Hold'em Limit ($3/$6 USD) - 2017/02/09 10:56:34 ET
Table 'Sycorax' 10-max Seat #1 is the button
Seat 1: Azrarn ($150.78 in chips)
Seat 6: sim5sim5 ($72 in chips)
Azrarn: posts small blind $1
sim5sim5: posts big blind $3
*** HOLE CARDS ***
Azrarn: raises $3 to $6
sim5sim5: raises $3 to $9
Azrarn: calls $3
*** FLOP *** [8s Th 9c]
sim5sim5: bets $3
Azrarn: folds
Uncalled bet ($3) returned to sim5sim5
sim5sim5 collected $17.64 from pot
sim5sim5: doesn't show hand
*** SUMMARY ***
Total pot $18 | Rake $0.36
Board [8s Th 9c]
Seat 1: Azrarn (button) (small blind) folded on the Flop
Seat 6: sim5sim5 (big blind) collected ($17.64)


PokerStars Hand #165935936040:  Hold'em Limit ($3/$6 USD) - 2017/02/09 10:56:14 ET
Table 'Sycorax' 10-max Seat #6 is the button
Seat 1: Azrarn ($139.26 in chips)
Seat 6: sim5sim5 ($72 in chips)
sim5sim5: posts small blind $1
Azrarn: posts big blind $3
*** HOLE CARDS ***
sim5sim5: raises $3 to $6
Azrarn: calls $3
*** FLOP *** [Td Kc 9h]
Azrarn: checks
sim5sim5: bets $3
Azrarn: raises $3 to $6
sim5sim5: calls $3
*** TURN *** [Td Kc 9h] [2c]
Azrarn: bets $6
sim5sim5: folds
Uncalled bet ($6) returned to Azrarn
Azrarn collected $23.52 from pot
*** SUMMARY ***
Total pot $24 | Rake $0.48
Board [Td Kc 9h 2c]
Seat 1: Azrarn (big blind) collected ($23.52)
Seat 6: sim5sim5 (button) (small blind) folded on the Turn


PokerStars Hand #165936002900:  Hold'em Limit ($3/$6 USD) - 2017/02/09 10:57:55 ET
Table 'Sycorax' 10-max Seat #1 is the button
Seat 1: Azrarn ($134.30 in chips)
Seat 6: sim5sim5 ($87.04 in chips)
Azrarn: posts small blind $1
sim5sim5: posts big blind $3
*** HOLE CARDS ***
Azrarn: raises $3 to $6
sim5sim5: folds
Uncalled bet ($3) returned to Azrarn
Azrarn collected $6 from pot
*** SUMMARY ***
Total pot $6 | Rake $0
Seat 1: Azrarn (button) (small blind) collected ($6)
Seat 6: sim5sim5 (big blind) folded before Flop


PokerStars Hand #165935984008:  Hold'em Limit ($3/$6 USD) - 2017/02/09 10:57:26 ET
Table 'Sycorax' 10-max Seat #6 is the button
Seat 1: Azrarn ($122.78 in chips)
Seat 6: sim5sim5 ($99.04 in chips)
sim5sim5: posts small blind $1
Azrarn: posts big blind $3
*** HOLE CARDS ***
sim5sim5: raises $3 to $6
Azrarn: calls $3
*** FLOP *** [2d Jc 2h]
Azrarn: checks
sim5sim5: checks
*** TURN *** [2d Jc 2h] [7h]
Azrarn: checks
sim5sim5: bets $6
Azrarn: calls $6
*** RIVER *** [2d Jc 2h 7h] [Qh]
Azrarn: checks
sim5sim5: checks
*** SHOW DOWN ***
Azrarn: shows [5c Ks] (a pair of Deuces)
sim5sim5: mucks hand
Azrarn collected $23.52 from pot
*** SUMMARY ***
Total pot $24 | Rake $0.48
Board [2d Jc 2h 7h Qh]
Seat 1: Azrarn (big blind) showed [5c Ks] and won ($23.52) with a pair of Deuces
Seat 6: sim5sim5 (button) (small blind) mucked


PokerStars Hand #165936250064:  Hold'em Limit ($3/$6 USD) - 2017/02/09 11:03:42 ET
Table 'Sycorax' 10-max Seat #6 is the button
Seat 1: Azrarn ($137.30 in chips)
Seat 6: sim5sim5 ($84.04 in chips)
sim5sim5: posts small blind $1
Azrarn: posts big blind $3
*** HOLE CARDS ***
sim5sim5: folds
Uncalled bet ($2) returned to Azrarn
Azrarn collected $2 from pot
*** SUMMARY ***
Total pot $2 | Rake $0
Seat 1: Azrarn (big blind) collected ($2)
Seat 6: sim5sim5 (button) (small blind) folded before Flop


PokerStars Hand #165936268937:  Hold'em Limit ($3/$6 USD) - 2017/02/09 11:04:07 ET
Table 'Sycorax' 10-max Seat #1 is the button
Seat 1: Azrarn ($138.30 in chips)
Seat 6: sim5sim5 ($83.04 in chips)
Azrarn: posts small blind $1
sim5sim5: posts big blind $3
*** HOLE CARDS ***
Azrarn: raises $3 to $6
sim5sim5: calls $3
*** FLOP *** [7h 8d 2d]
sim5sim5: checks
Azrarn: checks
*** TURN *** [7h 8d 2d] [5c]
sim5sim5: bets $6
Azrarn: raises $6 to $12
sim5sim5: raises $6 to $18
Azrarn: calls $6
*** RIVER *** [7h 8d 2d 5c] [9s]
sim5sim5: bets $6
Azrarn: raises $6 to $12
sim5sim5: calls $6
*** SHOW DOWN ***
Azrarn: shows [Kh 6c] (a straight, Five to Nine)
sim5sim5: mucks hand
Azrarn collected $71.50 from pot
*** SUMMARY ***
Total pot $72 | Rake $0.50
Board [7h 8d 2d 5c 9s]
Seat 1: Azrarn (button) (small blind) showed [Kh 6c] and won ($71.50) with a straight, Five to Nine
Seat 6: sim5sim5 (big blind) mucked


PokerStars Hand #165936310855:  Hold'em Limit ($3/$6 USD) - 2017/02/09 11:05:01 ET
Table 'Sycorax' 10-max Seat #6 is the button
Seat 1: Azrarn ($173.80 in chips)
Seat 6: sim5sim5 ($72 in chips)
sim5sim5: posts small blind $1
Azrarn: posts big blind $3
*** HOLE CARDS ***
sim5sim5: raises $3 to $6
Azrarn: folds
Uncalled bet ($3) returned to sim5sim5
sim5sim5 collected $6 from pot
sim5sim5: doesn't show hand
*** SUMMARY ***
Total pot $6 | Rake $0
Seat 1: Azrarn (big blind) folded before Flop
Seat 6: sim5sim5 (button) (small blind) collected ($6)


PokerStars Hand #165936320826:  Hold'em Limit ($3/$6 USD) - 2017/02/09 11:05:14 ET
Table 'Sycorax' 10-max Seat #1 is the button
Seat 1: Azrarn ($170.80 in chips)
Seat 6: sim5sim5 ($75 in chips)
Azrarn: posts small blind $1
sim5sim5: posts big blind $3
*** HOLE CARDS ***
Azrarn: raises $3 to $6
sim5sim5: raises $3 to $9
Azrarn: calls $3
*** FLOP *** [3h Th Jc]
sim5sim5: bets $3
Azrarn: calls $3
*** TURN *** [3h Th Jc] [Qc]
sim5sim5: checks
Azrarn: checks
*** RIVER *** [3h Th Jc Qc] [7h]
sim5sim5: bets $6
Azrarn: folds
Uncalled bet ($6) returned to sim5sim5
sim5sim5 collected $23.52 from pot
sim5sim5: doesn't show hand
*** SUMMARY ***
Total pot $24 | Rake $0.48
Board [3h Th Jc Qc 7h]
Seat 1: Azrarn (button) (small blind) folded on the River
Seat 6: sim5sim5 (big blind) collected ($23.52)


PokerStars Hand #165936343713:  Hold'em Limit ($3/$6 USD) - 2017/02/09 11:05:44 ET
Table 'Sycorax' 10-max Seat #1 is the button
Seat 1: Azrarn ($159.80 in chips)
Seat 6: sim5sim5 ($85.52 in chips)
Azrarn: posts small blind $1
sim5sim5: posts big blind $3
*** HOLE CARDS ***
Azrarn: raises $3 to $6
sim5sim5: raises $3 to $9
Azrarn: calls $3
*** FLOP *** [2c 4d Kd]
sim5sim5: bets $3
Azrarn: folds
Uncalled bet ($3) returned to sim5sim5
sim5sim5 collected $17.64 from pot
sim5sim5: doesn't show hand
*** SUMMARY ***
Total pot $18 | Rake $0.36
Board [2c 4d Kd]
Seat 1: Azrarn (button) (small blind) folded on the Flop
Seat 6: sim5sim5 (big blind) collected ($17.64)


PokerStars Hand #165936355957:  Hold'em Limit ($3/$6 USD) - 2017/02/09 11:06:00 ET
Table 'Sycorax' 10-max Seat #6 is the button
Seat 1: Azrarn ($150.80 in chips)
Seat 6: sim5sim5 ($94.16 in chips)
sim5sim5: posts small blind $1
Azrarn: posts big blind $3
*** HOLE CARDS ***
sim5sim5: raises $3 to $6
Azrarn: calls $3
*** FLOP *** [Ts 8h Ah]
Azrarn: checks
sim5sim5: bets $3
Azrarn: folds
Uncalled bet ($3) returned to sim5sim5
sim5sim5 collected $11.76 from pot
sim5sim5: doesn't show hand
*** SUMMARY ***
Total pot $12 | Rake $0.24
Board [Ts 8h Ah]
Seat 1: Azrarn (big blind) folded on the Flop
Seat 6: sim5sim5 (button) (small blind) collected ($11.76)


PokerStars Hand #165936363565:  Hold'em Limit ($3/$6 USD) - 2017/02/09 11:06:10 ET
Table 'Sycorax' 10-max Seat #1 is the button
Seat 1: Azrarn ($144.80 in chips)
Seat 6: sim5sim5 ($99.92 in chips)
Azrarn: posts small blind $1
sim5sim5: posts big blind $3
*** HOLE CARDS ***
Azrarn: raises $3 to $6
sim5sim5: calls $3
*** FLOP *** [3c As Jc]
sim5sim5: checks
Azrarn: bets $3
sim5sim5: folds
Uncalled bet ($3) returned to Azrarn
Azrarn collected $11.76 from pot
*** SUMMARY ***
Total pot $12 | Rake $0.24
Board [3c As Jc]
Seat 1: Azrarn (button) (small blind) collected ($11.76)
Seat 6: sim5sim5 (big blind) folded on the Flop


PokerStars Hand #165936339592:  Hold'em Limit ($3/$6 USD) - 2017/02/09 11:05:39 ET
Table 'Sycorax' 10-max Seat #6 is the button
Seat 1: Azrarn ($158.80 in chips)
Seat 6: sim5sim5 ($86.52 in chips)
sim5sim5: posts small blind $1
Azrarn: posts big blind $3
*** HOLE CARDS ***
sim5sim5: folds
Uncalled bet ($2) returned to Azrarn
Azrarn collected $2 from pot
*** SUMMARY ***
Total pot $2 | Rake $0
Seat 1: Azrarn (big blind) collected ($2)
Seat 6: sim5sim5 (button) (small blind) folded before Flop


PokerStars Hand #165936373368:  Hold'em Limit ($3/$6 USD) - 2017/02/09 11:06:22 ET
Table 'Sycorax' 10-max Seat #6 is the button
Seat 1: Azrarn ($150.56 in chips)
Seat 6: sim5sim5 ($93.92 in chips)
sim5sim5: posts small blind $1
Azrarn: posts big blind $3
*** HOLE CARDS ***
sim5sim5: raises $3 to $6
Azrarn: calls $3
*** FLOP *** [6c Kd Tc]
Azrarn: checks
sim5sim5: bets $3
Azrarn: calls $3
*** TURN *** [6c Kd Tc] [4s]
Azrarn: checks
sim5sim5: bets $6
Azrarn: calls $6
*** RIVER *** [6c Kd Tc 4s] [8s]
Azrarn: checks
sim5sim5: bets $6
Azrarn: folds
Uncalled bet ($6) returned to sim5sim5
sim5sim5 collected $29.50 from pot
sim5sim5: doesn't show hand
*** SUMMARY ***
Total pot $30 | Rake $0.50
Board [6c Kd Tc 4s 8s]
Seat 1: Azrarn (big blind) folded on the River
Seat 6: sim5sim5 (button) (small blind) collected ($29.50)


PokerStars Hand #165936404861:  Hold'em Limit ($3/$6 USD) - 2017/02/09 11:07:03 ET
Table 'Sycorax' 10-max Seat #1 is the button
Seat 1: Azrarn ($135.56 in chips)
Seat 6: sim5sim5 ($108.42 in chips)
Azrarn: posts small blind $1
sim5sim5: posts big blind $3
*** HOLE CARDS ***
Azrarn: raises $3 to $6
sim5sim5: raises $3 to $9
Azrarn: calls $3
*** FLOP *** [Kd Ts Td]
sim5sim5: bets $3
Azrarn: raises $3 to $6
sim5sim5: calls $3
*** TURN *** [Kd Ts Td] [5s]
sim5sim5: checks
Azrarn: bets $6
sim5sim5: raises $6 to $12
Azrarn: calls $6
*** RIVER *** [Kd Ts Td 5s] [9c]
sim5sim5: bets $6
Azrarn: calls $6
*** SHOW DOWN ***
sim5sim5: shows [7s 6s] (a pair of Tens)
Azrarn: shows [3c Tc] (three of a kind, Tens)
Azrarn collected $65.50 from pot
*** SUMMARY ***
Total pot $66 | Rake $0.50
Board [Kd Ts Td 5s 9c]
Seat 1: Azrarn (button) (small blind) showed [3c Tc] and won ($65.50) with three of a kind, Tens
Seat 6: sim5sim5 (big blind) showed [7s 6s] and lost with a pair of Tens


