PokerStars Hand #167604687513:  Hold'em Limit ($3/$6 USD) - 2017/03/15 2:05:10 ET
Table 'Sycorax' 6-max Seat #5 is the button
Seat 4: Agrotait ($105 in chips)
Seat 5: whu1688 ($381.27 in chips)
whu1688: posts small blind $1
Agrotait: posts big blind $3
*** HOLE CARDS ***
whu1688: folds
Uncalled bet ($2) returned to Agrotait
Agrotait collected $2 from pot
Agrotait: doesn't show hand
*** SUMMARY ***
Total pot $2 | Rake $0
Seat 4: Agrotait (big blind) collected ($2)
Seat 5: whu1688 (button) (small blind) folded before Flop


PokerStars Hand #167604680227:  Hold'em Limit ($3/$6 USD) - 2017/03/15 2:04:42 ET
Table 'Sycorax' 6-max Seat #4 is the button
Seat 4: Agrotait ($87.50 in chips)
Seat 5: whu1688 ($399.27 in chips)
Agrotait: posts small blind $1
whu1688: posts big blind $3
*** HOLE CARDS ***
Agrotait: raises $3 to $6
whu1688: raises $3 to $9
Agrotait: calls $3
*** FLOP *** [6d Ah Qc]
whu1688: bets $3
Agrotait: calls $3
*** TURN *** [6d Ah Qc] [Ts]
whu1688: bets $6
Agrotait: raises $6 to $12
whu1688: folds
Uncalled bet ($6) returned to Agrotait
Agrotait collected $35.50 from pot
Agrotait: doesn't show hand
*** SUMMARY ***
Total pot $36 | Rake $0.50
Board [6d Ah Qc Ts]
Seat 4: Agrotait (button) (small blind) collected ($35.50)
Seat 5: whu1688 (big blind) folded on the Turn


PokerStars Hand #167604668697:  Hold'em Limit ($3/$6 USD) - 2017/03/15 2:03:56 ET
Table 'Sycorax' 6-max Seat #4 is the button
Seat 4: Agrotait ($72 in chips)
Seat 5: whu1688 ($415.27 in chips)
Agrotait: posts small blind $1
whu1688: posts big blind $3
*** HOLE CARDS ***
Agrotait: raises $3 to $6
whu1688: calls $3
*** FLOP *** [9s 5s Td]
whu1688: checks
Agrotait: bets $3
whu1688: calls $3
*** TURN *** [9s 5s Td] [8d]
whu1688: checks
Agrotait: checks
*** RIVER *** [9s 5s Td 8d] [8s]
whu1688: bets $6
Agrotait: calls $6
*** SHOW DOWN ***
whu1688: shows [4s 9d] (two pair, Nines and Eights)
Agrotait: shows [8c Kd] (three of a kind, Eights)
Agrotait collected $29.50 from pot
*** SUMMARY ***
Total pot $30 | Rake $0.50
Board [9s 5s Td 8d 8s]
Seat 4: Agrotait (button) (small blind) showed [8c Kd] and won ($29.50) with three of a kind, Eights
Seat 5: whu1688 (big blind) showed [4s 9d] and lost with two pair, Nines and Eights


PokerStars Hand #167604678748:  Hold'em Limit ($3/$6 USD) - 2017/03/15 2:04:36 ET
Table 'Sycorax' 6-max Seat #5 is the button
Seat 4: Agrotait ($86.50 in chips)
Seat 5: whu1688 ($400.27 in chips)
whu1688: posts small blind $1
Agrotait: posts big blind $3
*** HOLE CARDS ***
whu1688: folds
Uncalled bet ($2) returned to Agrotait
Agrotait collected $2 from pot
Agrotait: doesn't show hand
*** SUMMARY ***
Total pot $2 | Rake $0
Seat 4: Agrotait (big blind) collected ($2)
Seat 5: whu1688 (button) (small blind) folded before Flop


PokerStars Hand #167604696763:  Hold'em Limit ($3/$6 USD) - 2017/03/15 2:05:47 ET
Table 'Sycorax' 6-max Seat #5 is the button
Seat 4: Agrotait ($82 in chips)
Seat 5: whu1688 ($403.77 in chips)
whu1688: posts small blind $1
Agrotait: posts big blind $3
*** HOLE CARDS ***
whu1688: raises $3 to $6
Agrotait: calls $3
*** FLOP *** [Kd Kh 2h]
Agrotait: checks
whu1688: bets $3
Agrotait: raises $3 to $6
whu1688: raises $3 to $9
Agrotait: raises $3 to $12
Betting is capped
whu1688: calls $3
*** TURN *** [Kd Kh 2h] [3h]
Agrotait: bets $6
whu1688: raises $6 to $12
Agrotait: calls $6
*** RIVER *** [Kd Kh 2h 3h] [4c]
Agrotait: checks
whu1688: bets $6
Agrotait: calls $6
*** SHOW DOWN ***
whu1688: shows [Jh 5h] (a flush, King high)
Agrotait: mucks hand
whu1688 collected $71.50 from pot
*** SUMMARY ***
Total pot $72 | Rake $0.50
Board [Kd Kh 2h 3h 4c]
Seat 4: Agrotait (big blind) mucked
Seat 5: whu1688 (button) (small blind) showed [Jh 5h] and won ($71.50) with a flush, King high


PokerStars Hand #167604708411:  Hold'em Limit ($3/$6 USD) - 2017/03/15 2:06:33 ET
Table 'Sycorax' 6-max Seat #5 is the button
Seat 4: Agrotait ($77.76 in chips)
Seat 5: whu1688 ($433.27 in chips)
whu1688: posts small blind $1
Agrotait: posts big blind $3
*** HOLE CARDS ***
whu1688: raises $3 to $6
Agrotait: calls $3
*** FLOP *** [7d Tc Qh]
Agrotait: checks
whu1688: bets $3
Agrotait: folds
Uncalled bet ($3) returned to whu1688
whu1688 collected $11.76 from pot
*** SUMMARY ***
Total pot $12 | Rake $0.24
Board [7d Tc Qh]
Seat 4: Agrotait (big blind) folded on the Flop
Seat 5: whu1688 (button) (small blind) collected ($11.76)


PokerStars Hand #167604704569:  Hold'em Limit ($3/$6 USD) - 2017/03/15 2:06:18 ET
Table 'Sycorax' 6-max Seat #4 is the button
Seat 4: Agrotait ($72 in chips)
Seat 5: whu1688 ($439.27 in chips)
Agrotait: posts small blind $1
whu1688: posts big blind $3
*** HOLE CARDS ***
Agrotait: raises $3 to $6
whu1688: calls $3
*** FLOP *** [Kc Ts 8d]
whu1688: checks
Agrotait: bets $3
whu1688: folds
Uncalled bet ($3) returned to Agrotait
Agrotait collected $11.76 from pot
Agrotait: doesn't show hand
*** SUMMARY ***
Total pot $12 | Rake $0.24
Board [Kc Ts 8d]
Seat 4: Agrotait (button) (small blind) collected ($11.76)
Seat 5: whu1688 (big blind) folded on the Flop


PokerStars Hand #167604720113:  Hold'em Limit ($3/$6 USD) - 2017/03/15 2:07:20 ET
Table 'Sycorax' 6-max Seat #4 is the button
Seat 4: Agrotait ($71.76 in chips)
Seat 5: whu1688 ($439.03 in chips)
Agrotait: posts small blind $1
whu1688: posts big blind $3
*** HOLE CARDS ***
Agrotait: raises $3 to $6
whu1688: calls $3
*** FLOP *** [6d 7d 7h]
whu1688: checks
Agrotait: bets $3
whu1688: raises $3 to $6
Agrotait: calls $3
*** TURN *** [6d 7d 7h] [Qd]
whu1688: bets $6
Agrotait: calls $6
*** RIVER *** [6d 7d 7h Qd] [3h]
whu1688: bets $6
Agrotait: calls $6
*** SHOW DOWN ***
whu1688: shows [6c 2h] (two pair, Sevens and Sixes)
Agrotait: mucks hand
whu1688 collected $47.50 from pot
ELCapitano26 joins the table at seat #3
*** SUMMARY ***
Total pot $48 | Rake $0.50
Board [6d 7d 7h Qd 3h]
Seat 4: Agrotait (button) (small blind) mucked
Seat 5: whu1688 (big blind) showed [6c 2h] and won ($47.50) with two pair, Sevens and Sixes


