PokerStars Hand #145172579725:  Hold'em Limit ($3/$6 USD) - 2015/12/11 9:26:54 ET
Table 'Sycorax' 10-max Seat #8 is the button
Seat 7: TinaTurner72 ($70.01 in chips)
Seat 8: B_loJkl ($121.22 in chips)
B_loJkl: posts small blind $1
baksuzzzzzz: is sitting out
TinaTurner72: posts big blind $3
*** HOLE CARDS ***
baksuzzzzzz leaves the table
B_loJkl: raises $3 to $6
TinaTurner72: folds
Uncalled bet ($3) returned to B_loJkl
B_loJkl collected $6 from pot
B_loJkl: doesn't show hand
*** SUMMARY ***
Total pot $6 | Rake $0
Seat 7: TinaTurner72 (big blind) folded before Flop
Seat 8: B_loJkl (button) (small blind) collected ($6)


PokerStars Hand #145184783513:  Hold'em Limit ($3/$6 USD) - 2015/12/11 13:49:27 ET
Table 'Sycorax' 10-max Seat #2 is the button
Seat 2: balrog25 ($164 in chips)
Seat 5: tomalino1 ($135.50 in chips)
balrog25: posts small blind $1
tomalino1: posts big blind $3
*** HOLE CARDS ***
balrog25: raises $3 to $6
tomalino1: folds
Uncalled bet ($3) returned to balrog25
balrog25 collected $6 from pot
balrog25: doesn't show hand
*** SUMMARY ***
Total pot $6 | Rake $0
Seat 2: balrog25 (button) (small blind) collected ($6)
Seat 5: tomalino1 (big blind) folded before Flop


PokerStars Hand #145184754981:  Hold'em Limit ($3/$6 USD) - 2015/12/11 13:48:55 ET
Table 'Sycorax' 10-max Seat #5 is the button
Seat 2: balrog25 ($179 in chips)
Seat 5: tomalino1 ($121 in chips)
tomalino1: posts small blind $1
balrog25: posts big blind $3
*** HOLE CARDS ***
tomalino1: raises $3 to $6
balrog25: calls $3
*** FLOP *** [3c 4h 8s]
GoliafUa joins the table at seat #6
balrog25: checks
tomalino1: bets $3
PelonCabelao joins the table at seat #7
balrog25: calls $3
*** TURN *** [3c 4h 8s] [2d]
balrog25: checks
tomalino1: checks
*** RIVER *** [3c 4h 8s 2d] [6h]
balrog25: bets $6
tomalino1: calls $6
*** SHOW DOWN ***
balrog25: shows [7h 9c] (high card Nine)
tomalino1: shows [Qh 3d] (a pair of Threes)
tomalino1 collected $29.50 from pot
*** SUMMARY ***
Total pot $30 | Rake $0.50
Board [3c 4h 8s 2d 6h]
Seat 2: balrog25 (big blind) showed [7h 9c] and lost with high card Nine
Seat 5: tomalino1 (button) (small blind) showed [Qh 3d] and won ($29.50) with a pair of Threes


