PokerStars Hand #176181191645:  Hold'em Limit ($3/$6 USD) - 2017/09/27 7:23:34 ET
Table 'Sylvania' 6-max Seat #4 is the button
Seat 2: knas4 ($286.26 in chips)
Seat 4: rastik28 ($179.25 in chips)
rastik28: posts small blind $1
knas4: posts big blind $3
*** HOLE CARDS ***
rastik28: calls $2
knas4: checks
*** FLOP *** [Jd 3h 7c]
Whatze Phuck joins the table at seat #3
knas4: checks
rastik28: checks
*** TURN *** [Jd 3h 7c] [4s]
knas4: checks
rastik28: checks
*** RIVER *** [Jd 3h 7c 4s] [9c]
knas4: bets $6
rastik28: folds
Uncalled bet ($6) returned to knas4
knas4 collected $5.88 from pot
knas4: doesn't show hand
*** SUMMARY ***
Total pot $6 | Rake $0.12
Board [Jd 3h 7c 4s 9c]
Seat 2: knas4 (big blind) collected ($5.88)
Seat 4: rastik28 (button) (small blind) folded on the River


PokerStars Hand #176181368946:  Hold'em Limit ($3/$6 USD) - 2017/09/27 7:30:56 ET
Table 'Sylvania' 6-max Seat #3 is the button
Seat 2: knas4 ($303.32 in chips)
Seat 3: Whatze Phuck ($106.46 in chips)
Whatze Phuck: posts small blind $1
knas4: posts big blind $3
*** HOLE CARDS ***
Whatze Phuck: folds
Uncalled bet ($2) returned to knas4
knas4 collected $2 from pot
knas4: doesn't show hand
*** SUMMARY ***
Total pot $2 | Rake $0
Seat 2: knas4 (big blind) collected ($2)
Seat 3: Whatze Phuck (button) (small blind) folded before Flop


PokerStars Hand #176181356267:  Hold'em Limit ($3/$6 USD) - 2017/09/27 7:30:25 ET
Table 'Sylvania' 6-max Seat #3 is the button
Seat 2: knas4 ($300.68 in chips)
Seat 3: Whatze Phuck ($109.70 in chips)
Whatze Phuck: posts small blind $1
knas4: posts big blind $3
*** HOLE CARDS ***
Whatze Phuck: raises $3 to $6
knas4: calls $3
*** FLOP *** [Qs Tc Qh]
knas4: bets $3
Whatze Phuck: calls $3
*** TURN *** [Qs Tc Qh] [8h]
knas4: bets $6
Whatze Phuck: folds
Uncalled bet ($6) returned to knas4
knas4 collected $17.64 from pot
knas4: doesn't show hand
*** SUMMARY ***
Total pot $18 | Rake $0.36
Board [Qs Tc Qh 8h]
Seat 2: knas4 (big blind) collected ($17.64)
Seat 3: Whatze Phuck (button) (small blind) folded on the Turn


PokerStars Hand #176181361733:  Hold'em Limit ($3/$6 USD) - 2017/09/27 7:30:38 ET
Table 'Sylvania' 6-max Seat #2 is the button
Seat 2: knas4 ($309.32 in chips)
Seat 3: Whatze Phuck ($100.70 in chips)
knas4: posts small blind $1
Whatze Phuck: posts big blind $3
*** HOLE CARDS ***
knas4: raises $3 to $6
Whatze Phuck: calls $3
*** FLOP *** [5d Ad 4c]
rastik28 leaves the table
Whatze Phuck: checks
knas4: checks
*** TURN *** [5d Ad 4c] [Qh]
Whatze Phuck: checks
knas4: checks
*** RIVER *** [5d Ad 4c Qh] [5h]
Whatze Phuck: checks
knas4: checks
*** SHOW DOWN ***
Whatze Phuck: shows [Qc 3s] (two pair, Queens and Fives)
knas4: mucks hand
Whatze Phuck collected $11.76 from pot
*** SUMMARY ***
Total pot $12 | Rake $0.24
Board [5d Ad 4c Qh 5h]
Seat 2: knas4 (button) (small blind) mucked
Seat 3: Whatze Phuck (big blind) showed [Qc 3s] and won ($11.76) with two pair, Queens and Fives


