PokerStars Hand #168607710861:  Hold'em Limit ($3/$6 USD) - 2017/04/05 9:00:32 ET
Table 'Sylvia' 6-max Seat #2 is the button
Seat 2: Mite1981 ($168.82 in chips)
Seat 3: Azrarn ($105 in chips)
Mite1981: posts small blind $1
Azrarn: posts big blind $3
*** HOLE CARDS ***
Mite1981: raises $3 to $6
Azrarn: folds
Uncalled bet ($3) returned to Mite1981
Mite1981 collected $6 from pot
Mite1981: doesn't show hand
*** SUMMARY ***
Total pot $6 | Rake $0
Seat 2: Mite1981 (button) (small blind) collected ($6)
Seat 3: Azrarn (big blind) folded before Flop


PokerStars Hand #168607702541:  Hold'em Limit ($3/$6 USD) - 2017/04/05 9:00:15 ET
Table 'Sylvia' 6-max Seat #3 is the button
Seat 2: Mite1981 ($160.18 in chips)
Seat 3: Azrarn ($114 in chips)
Azrarn: posts small blind $1
Mite1981: posts big blind $3
*** HOLE CARDS ***
Azrarn: raises $3 to $6
Mite1981: calls $3
*** FLOP *** [Qc 9d Qd]
Mite1981: checks
Azrarn: bets $3
Mite1981: calls $3
*** TURN *** [Qc 9d Qd] [2s]
Mite1981: checks
Azrarn: checks
*** RIVER *** [Qc 9d Qd 2s] [7d]
Mite1981: bets $6
Azrarn: folds
Uncalled bet ($6) returned to Mite1981
Mite1981 collected $17.64 from pot
Mite1981: doesn't show hand
*** SUMMARY ***
Total pot $18 | Rake $0.36
Board [Qc 9d Qd 2s 7d]
Seat 2: Mite1981 (big blind) collected ($17.64)
Seat 3: Azrarn (button) (small blind) folded on the River


PokerStars Hand #168607693991:  Hold'em Limit ($3/$6 USD) - 2017/04/05 8:59:57 ET
Table 'Sylvia' 6-max Seat #2 is the button
Seat 2: Mite1981 ($154.42 in chips)
Seat 3: Azrarn ($120 in chips)
Mite1981: posts small blind $1
Azrarn: posts big blind $3
*** HOLE CARDS ***
Mite1981: raises $3 to $6
Azrarn: calls $3
*** FLOP *** [9d 4s 9h]
Azrarn: checks
Mite1981: bets $3
Azrarn: folds
Uncalled bet ($3) returned to Mite1981
Mite1981 collected $11.76 from pot
Mite1981: doesn't show hand
*** SUMMARY ***
Total pot $12 | Rake $0.24
Board [9d 4s 9h]
Seat 2: Mite1981 (button) (small blind) collected ($11.76)
Seat 3: Azrarn (big blind) folded on the Flop


PokerStars Hand #168607731098:  Hold'em Limit ($3/$6 USD) - 2017/04/05 9:01:13 ET
Table 'Sylvia' 6-max Seat #3 is the button
Seat 2: Mite1981 ($126.82 in chips)
Seat 3: Azrarn ($146 in chips)
Azrarn: posts small blind $1
Mite1981: posts big blind $3
*** HOLE CARDS ***
Azrarn: raises $3 to $6
Mite1981: raises $3 to $9
Azrarn: calls $3
*** FLOP *** [3h 4c 2d]
Mite1981: bets $3
Azrarn: calls $3
*** TURN *** [3h 4c 2d] [Qh]
Mite1981: checks
Azrarn: bets $6
Mite1981: calls $6
*** RIVER *** [3h 4c 2d Qh] [5s]
Mite1981: checks
Azrarn: checks
*** SHOW DOWN ***
Mite1981: shows [6c As] (a straight, Deuce to Six)
Azrarn: mucks hand
Mite1981 collected $35.50 from pot
*** SUMMARY ***
Total pot $36 | Rake $0.50
Board [3h 4c 2d Qh 5s]
Seat 2: Mite1981 (big blind) showed [6c As] and won ($35.50) with a straight, Deuce to Six
Seat 3: Azrarn (button) (small blind) mucked


PokerStars Hand #168607741873:  Hold'em Limit ($3/$6 USD) - 2017/04/05 9:01:34 ET
Table 'Sylvia' 6-max Seat #2 is the button
Seat 2: Mite1981 ($144.32 in chips)
Seat 3: Azrarn ($128 in chips)
Mite1981: posts small blind $1
Azrarn: posts big blind $3
*** HOLE CARDS ***
Mite1981: raises $3 to $6
Azrarn: calls $3
*** FLOP *** [Qh Tc 4s]
Azrarn: checks
Mite1981: bets $3
Azrarn: calls $3
*** TURN *** [Qh Tc 4s] [5s]
Azrarn: checks
Mite1981: checks
*** RIVER *** [Qh Tc 4s 5s] [9d]
Azrarn: checks
Mite1981: checks
*** SHOW DOWN ***
Azrarn: shows [Ah 4c] (a pair of Fours)
Mite1981: shows [9c Jh] (a pair of Nines)
Mite1981 collected $17.64 from pot
*** SUMMARY ***
Total pot $18 | Rake $0.36
Board [Qh Tc 4s 5s 9d]
Seat 2: Mite1981 (button) (small blind) showed [9c Jh] and won ($17.64) with a pair of Nines
Seat 3: Azrarn (big blind) showed [Ah 4c] and lost with a pair of Fours


PokerStars Hand #168607721349:  Hold'em Limit ($3/$6 USD) - 2017/04/05 9:00:54 ET
Table 'Sylvia' 6-max Seat #2 is the button
Seat 2: Mite1981 ($147.82 in chips)
Seat 3: Azrarn ($125.50 in chips)
Mite1981: posts small blind $1
Azrarn: posts big blind $3
*** HOLE CARDS ***
Mite1981: raises $3 to $6
Azrarn: calls $3
*** FLOP *** [6h 7s 2h]
Azrarn: checks
Mite1981: bets $3
Azrarn: calls $3
*** TURN *** [6h 7s 2h] [Ah]
Azrarn: checks
Mite1981: bets $6
Azrarn: raises $6 to $12
Mite1981: calls $6
*** RIVER *** [6h 7s 2h Ah] [9s]
Azrarn: checks
Mite1981: checks
*** SHOW DOWN ***
Azrarn: shows [9h 8d] (a pair of Nines)
Mite1981: mucks hand
Azrarn collected $41.50 from pot
*** SUMMARY ***
Total pot $42 | Rake $0.50
Board [6h 7s 2h Ah 9s]
Seat 2: Mite1981 (button) (small blind) mucked
Seat 3: Azrarn (big blind) showed [9h 8d] and won ($41.50) with a pair of Nines


PokerStars Hand #168607713791:  Hold'em Limit ($3/$6 USD) - 2017/04/05 9:00:38 ET
Table 'Sylvia' 6-max Seat #3 is the button
Seat 2: Mite1981 ($171.82 in chips)
Seat 3: Azrarn ($102 in chips)
Azrarn: posts small blind $1
Mite1981: posts big blind $3
*** HOLE CARDS ***
Azrarn: raises $3 to $6
Mite1981: raises $3 to $9
Azrarn: calls $3
*** FLOP *** [8h Tc 8c]
Mite1981: bets $3
GoliafUa joins the table at seat #4
Azrarn: calls $3
*** TURN *** [8h Tc 8c] [Jd]
Mite1981: bets $6
Azrarn: calls $6
*** RIVER *** [8h Tc 8c Jd] [3s]
Mite1981: bets $6
Azrarn: calls $6
*** SHOW DOWN ***
Mite1981: shows [3d 2d] (two pair, Eights and Threes)
Azrarn: shows [Td 5d] (two pair, Tens and Eights)
Azrarn collected $47.50 from pot
*** SUMMARY ***
Total pot $48 | Rake $0.50
Board [8h Tc 8c Jd 3s]
Seat 2: Mite1981 (big blind) showed [3d 2d] and lost with two pair, Eights and Threes
Seat 3: Azrarn (button) (small blind) showed [Td 5d] and won ($47.50) with two pair, Tens and Eights


PokerStars Hand #168607749906:  Hold'em Limit ($3/$6 USD) - 2017/04/05 9:01:49 ET
Table 'Sylvia' 6-max Seat #3 is the button
Seat 2: Mite1981 ($152.96 in chips)
Seat 3: Azrarn ($119 in chips)
Azrarn: posts small blind $1
Mite1981: posts big blind $3
*** HOLE CARDS ***
Azrarn: folds
Uncalled bet ($2) returned to Mite1981
Mite1981 collected $2 from pot
Mite1981: doesn't show hand
*** SUMMARY ***
Total pot $2 | Rake $0
Seat 2: Mite1981 (big blind) collected ($2)
Seat 3: Azrarn (button) (small blind) folded before Flop


PokerStars Hand #168607752435:  Hold'em Limit ($3/$6 USD) - 2017/04/05 9:01:54 ET
Table 'Sylvia' 6-max Seat #2 is the button
Seat 2: Mite1981 ($153.96 in chips)
Seat 3: Azrarn ($118 in chips)
Mite1981: posts small blind $1
Azrarn: posts big blind $3
*** HOLE CARDS ***
Mite1981: raises $3 to $6
Azrarn: calls $3
*** FLOP *** [3s 2d 9d]
Azrarn: checks
Mite1981: bets $3
Azrarn: raises $3 to $6
Mite1981: calls $3
*** TURN *** [3s 2d 9d] [4c]
Azrarn: bets $6
Mite1981: calls $6
*** RIVER *** [3s 2d 9d 4c] [6h]
Azrarn: bets $6
Mite1981: calls $6
*** SHOW DOWN ***
Azrarn: shows [8h 9c] (a pair of Nines)
Mite1981: mucks hand
Azrarn collected $47.50 from pot
hooverr joins the table at seat #6
*** SUMMARY ***
Total pot $48 | Rake $0.50
Board [3s 2d 9d 4c 6h]
Seat 2: Mite1981 (button) (small blind) mucked
Seat 3: Azrarn (big blind) showed [8h 9c] and won ($47.50) with a pair of Nines


PokerStars Hand #168608519785:  Hold'em Limit ($3/$6 USD) - 2017/04/05 9:24:41 ET
Table 'Sylvia' 6-max Seat #1 is the button
Seat 1: Homasapien ($261.74 in chips)
Seat 6: hooverr ($58.56 in chips)
Homasapien: posts small blind $1
hooverr: posts big blind $3
*** HOLE CARDS ***
Homasapien: folds
Uncalled bet ($2) returned to hooverr
hooverr collected $2 from pot
hooverr: doesn't show hand
*** SUMMARY ***
Total pot $2 | Rake $0
Seat 1: Homasapien (button) (small blind) folded before Flop
Seat 6: hooverr (big blind) collected ($2)


PokerStars Hand #168608522568:  Hold'em Limit ($3/$6 USD) - 2017/04/05 9:24:45 ET
Table 'Sylvia' 6-max Seat #6 is the button
Seat 1: Homasapien ($260.74 in chips)
Seat 6: hooverr ($59.56 in chips)
hooverr: posts small blind $1
Homasapien: posts big blind $3
*** HOLE CARDS ***
hooverr: folds
Uncalled bet ($2) returned to Homasapien
Homasapien collected $2 from pot
Homasapien: doesn't show hand
*** SUMMARY ***
Total pot $2 | Rake $0
Seat 1: Homasapien (big blind) collected ($2)
Seat 6: hooverr (button) (small blind) folded before Flop


PokerStars Hand #168608525883:  Hold'em Limit ($3/$6 USD) - 2017/04/05 9:24:51 ET
Table 'Sylvia' 6-max Seat #1 is the button
Seat 1: Homasapien ($261.74 in chips)
Seat 6: hooverr ($58.56 in chips)
Homasapien: posts small blind $1
hooverr: posts big blind $3
*** HOLE CARDS ***
Homasapien: raises $3 to $6
hooverr: calls $3
*** FLOP *** [7c As Qh]
hooverr: checks
Homasapien: bets $3
hooverr: calls $3
*** TURN *** [7c As Qh] [Qs]
hooverr: checks
Homasapien: bets $6
hooverr: calls $6
*** RIVER *** [7c As Qh Qs] [2c]
hooverr: checks
Homasapien: bets $6
hooverr: calls $6
*** SHOW DOWN ***
Homasapien: shows [Qd 8d] (three of a kind, Queens)
hooverr: mucks hand
Homasapien collected $41.50 from pot
*** SUMMARY ***
Total pot $42 | Rake $0.50
Board [7c As Qh Qs 2c]
Seat 1: Homasapien (button) (small blind) showed [Qd 8d] and won ($41.50) with three of a kind, Queens
Seat 6: hooverr (big blind) mucked


PokerStars Hand #168608542670:  Hold'em Limit ($3/$6 USD) - 2017/04/05 9:25:21 ET
Table 'Sylvia' 6-max Seat #6 is the button
Seat 1: Homasapien ($282.24 in chips)
Seat 6: hooverr ($37.56 in chips)
hooverr: posts small blind $1
Homasapien: posts big blind $3
*** HOLE CARDS ***
hooverr: raises $3 to $6
Miegstroem joins the table at seat #2
Homasapien: calls $3
*** FLOP *** [2h Js 8h]
Homasapien: checks
hooverr: bets $3
Homasapien: folds
Uncalled bet ($3) returned to hooverr
hooverr collected $11.76 from pot
hooverr: doesn't show hand
*** SUMMARY ***
Total pot $12 | Rake $0.24
Board [2h Js 8h]
Seat 1: Homasapien (big blind) folded on the Flop
Seat 6: hooverr (button) (small blind) collected ($11.76)


PokerStars Hand #168610069332:  Hold'em Limit ($3/$6 USD) - 2017/04/05 10:10:06 ET
Table 'Sylvia' 6-max Seat #6 is the button
Seat 5: Kikimor1220 ($164.08 in chips)
Seat 6: hooverr ($60.49 in chips)
hooverr: posts small blind $1
B_loJkl: is sitting out
B_loJkl leaves the table
Kikimor1220: posts big blind $3
*** HOLE CARDS ***
B_loJkl joins the table at seat #1
hooverr: calls $2
Kikimor1220: checks
*** FLOP *** [Td 7h 6c]
Kikimor1220: checks
hooverr: checks
*** TURN *** [Td 7h 6c] [2h]
Kikimor1220: checks
hooverr: checks
*** RIVER *** [Td 7h 6c 2h] [6s]
Kikimor1220: bets $6
hooverr: calls $6
*** SHOW DOWN ***
Kikimor1220: shows [Qs 5c] (a pair of Sixes)
hooverr: shows [Ks 3c] (a pair of Sixes - King kicker)
hooverr collected $17.64 from pot
*** SUMMARY ***
Total pot $18 | Rake $0.36
Board [Td 7h 6c 2h 6s]
Seat 5: Kikimor1220 (big blind) showed [Qs 5c] and lost with a pair of Sixes
Seat 6: hooverr (button) (small blind) showed [Ks 3c] and won ($17.64) with a pair of Sixes


PokerStars Hand #168610084126:  Hold'em Limit ($3/$6 USD) - 2017/04/05 10:10:31 ET
Table 'Sylvia' 6-max Seat #5 is the button
Seat 5: Kikimor1220 ($155.08 in chips)
Seat 6: hooverr ($69.13 in chips)
Kikimor1220: posts small blind $1
hooverr: posts big blind $3
*** HOLE CARDS ***
Kikimor1220: raises $3 to $6
hooverr: calls $3
*** FLOP *** [Ks 3c 6c]
hooverr: checks
Kikimor1220: checks
*** TURN *** [Ks 3c 6c] [3d]
hooverr: bets $6
Kikimor1220: folds
Uncalled bet ($6) returned to hooverr
hooverr collected $11.76 from pot
hooverr: doesn't show hand
*** SUMMARY ***
Total pot $12 | Rake $0.24
Board [Ks 3c 6c 3d]
Seat 5: Kikimor1220 (button) (small blind) folded on the Turn
Seat 6: hooverr (big blind) collected ($11.76)


PokerStars Hand #168611554254:  Hold'em Limit ($3/$6 USD) - 2017/04/05 10:50:08 ET
Table 'Sylvia' 6-max Seat #4 is the button
Seat 4: Agniosius ($291.40 in chips)
Seat 6: hooverr ($72.69 in chips)
Agniosius: posts small blind $1
hooverr: posts big blind $3
*** HOLE CARDS ***
Agniosius: raises $3 to $6
hooverr: folds
Uncalled bet ($3) returned to Agniosius
Agniosius collected $6 from pot
*** SUMMARY ***
Total pot $6 | Rake $0
Seat 4: Agniosius (button) (small blind) collected ($6)
Seat 6: hooverr (big blind) folded before Flop


PokerStars Hand #168611566202:  Hold'em Limit ($3/$6 USD) - 2017/04/05 10:50:28 ET
Table 'Sylvia' 6-max Seat #6 is the button
Seat 4: Agniosius ($294.40 in chips)
Seat 6: hooverr ($69.69 in chips)
hooverr: posts small blind $1
Agniosius: posts big blind $3
*** HOLE CARDS ***
hooverr: folds
Uncalled bet ($2) returned to Agniosius
B_loJkl joins the table at seat #5
Agniosius collected $2 from pot
*** SUMMARY ***
Total pot $2 | Rake $0
Seat 4: Agniosius (big blind) collected ($2)
Seat 6: hooverr (button) (small blind) folded before Flop


