PokerStars Hand #147357972614:  Hold'em Limit ($3/$6 USD) - 2016/01/20 6:43:34 ET
Table 'Sylvia' 6-max Seat #1 is the button
Seat 1: Pasalapaka ($120 in chips)
Seat 4: Agrotait ($72 in chips)
Pasalapaka: posts small blind $1
Agrotait: posts big blind $3
*** HOLE CARDS ***
Pasalapaka: raises $3 to $6
Agrotait: calls $3
*** FLOP *** [5s Kh 7s]
Agrotait: checks
Pasalapaka: checks
*** TURN *** [5s Kh 7s] [2h]
B_loJkl joins the table at seat #2
Agrotait: bets $6
Pasalapaka: calls $6
*** RIVER *** [5s Kh 7s 2h] [Qs]
Agrotait: bets $6
Pasalapaka: calls $6
*** SHOW DOWN ***
Agrotait: shows [6s Kc] (a pair of Kings)
Pasalapaka: mucks hand
Agrotait collected $35.50 from pot
*** SUMMARY ***
Total pot $36 | Rake $0.50
Board [5s Kh 7s 2h Qs]
Seat 1: Pasalapaka (button) (small blind) mucked
Seat 4: Agrotait (big blind) showed [6s Kc] and won ($35.50) with a pair of Kings


PokerStars Hand #147358011826:  Hold'em Limit ($3/$6 USD) - 2016/01/20 6:44:45 ET
Table 'Sylvia' 6-max Seat #4 is the button
Seat 1: Pasalapaka ($102 in chips)
Seat 4: Agrotait ($89.50 in chips)
Agrotait: posts small blind $1
Pasalapaka: posts big blind $3
*** HOLE CARDS ***
Agrotait: raises $3 to $6
Pasalapaka: raises $3 to $9
Agrotait: calls $3
*** FLOP *** [7c Kc 8d]
Pasalapaka: bets $3
Agrotait: calls $3
*** TURN *** [7c Kc 8d] [7h]
Pasalapaka: bets $6
Agrotait: calls $6
*** RIVER *** [7c Kc 8d 7h] [4c]
Pasalapaka: bets $6
Agrotait: raises $6 to $12
Pasalapaka: calls $6
*** SHOW DOWN ***
Agrotait: shows [Ks Qc] (two pair, Kings and Sevens)
Pasalapaka: shows [Kh Jc] (two pair, Kings and Sevens - lower kicker)
Agrotait collected $59.50 from pot
*** SUMMARY ***
Total pot $60 | Rake $0.50
Board [7c Kc 8d 7h 4c]
Seat 1: Pasalapaka (big blind) showed [Kh Jc] and lost with two pair, Kings and Sevens
Seat 4: Agrotait (button) (small blind) showed [Ks Qc] and won ($59.50) with two pair, Kings and Sevens


PokerStars Hand #147358117184:  Hold'em Limit ($3/$6 USD) - 2016/01/20 6:47:53 ET
Table 'Sylvia' 6-max Seat #4 is the button
Seat 1: Pasalapaka ($68.92 in chips)
Seat 4: Agrotait ($120.28 in chips)
Agrotait: posts small blind $1
Pasalapaka: posts big blind $3
*** HOLE CARDS ***
Agrotait: folds
Uncalled bet ($2) returned to Pasalapaka
Pasalapaka collected $2 from pot
*** SUMMARY ***
Total pot $2 | Rake $0
Seat 1: Pasalapaka (big blind) collected ($2)
Seat 4: Agrotait (button) (small blind) folded before Flop


PokerStars Hand #147358097765:  Hold'em Limit ($3/$6 USD) - 2016/01/20 6:47:18 ET
Table 'Sylvia' 6-max Seat #1 is the button
Seat 1: Pasalapaka ($74.92 in chips)
Seat 4: Agrotait ($114.52 in chips)
Pasalapaka: posts small blind $1
Agrotait: posts big blind $3
*** HOLE CARDS ***
Pasalapaka: raises $3 to $6
B_loJkl leaves the table
Agrotait: calls $3
*** FLOP *** [Jd 9d 2c]
Agrotait: checks
Pasalapaka: checks
*** TURN *** [Jd 9d 2c] [Kh]
Agrotait: bets $6
Pasalapaka: folds
Uncalled bet ($6) returned to Agrotait
Agrotait collected $11.76 from pot
Agrotait: doesn't show hand
*** SUMMARY ***
Total pot $12 | Rake $0.24
Board [Jd 9d 2c Kh]
Seat 1: Pasalapaka (button) (small blind) folded on the Turn
Seat 4: Agrotait (big blind) collected ($11.76)


PokerStars Hand #147358093502:  Hold'em Limit ($3/$6 USD) - 2016/01/20 6:47:11 ET
Table 'Sylvia' 6-max Seat #4 is the button
Seat 1: Pasalapaka ($77.92 in chips)
Seat 4: Agrotait ($111.52 in chips)
Agrotait: posts small blind $1
Pasalapaka: posts big blind $3
*** HOLE CARDS ***
Agrotait: raises $3 to $6
Pasalapaka: folds
Uncalled bet ($3) returned to Agrotait
Agrotait collected $6 from pot
Agrotait: doesn't show hand
*** SUMMARY ***
Total pot $6 | Rake $0
Seat 1: Pasalapaka (big blind) folded before Flop
Seat 4: Agrotait (button) (small blind) collected ($6)


PokerStars Hand #147358083184:  Hold'em Limit ($3/$6 USD) - 2016/01/20 6:46:52 ET
Table 'Sylvia' 6-max Seat #1 is the button
Seat 1: Pasalapaka ($89.92 in chips)
Seat 4: Agrotait ($100 in chips)
Pasalapaka: posts small blind $1
B_loJkl: is sitting out
Agrotait: posts big blind $3
*** HOLE CARDS ***
Pasalapaka: raises $3 to $6
Agrotait: calls $3
*** FLOP *** [5d Jh 5h]
Agrotait: checks
Pasalapaka: bets $3
Agrotait: raises $3 to $6
Pasalapaka: calls $3
*** TURN *** [5d Jh 5h] [Js]
Agrotait: bets $6
Pasalapaka: folds
Uncalled bet ($6) returned to Agrotait
Agrotait collected $23.52 from pot
Agrotait: doesn't show hand
*** SUMMARY ***
Total pot $24 | Rake $0.48
Board [5d Jh 5h Js]
Seat 1: Pasalapaka (button) (small blind) folded on the Turn
Seat 4: Agrotait (big blind) collected ($23.52)


PokerStars Hand #147358143750:  Hold'em Limit ($3/$6 USD) - 2016/01/20 6:48:41 ET
Table 'Sylvia' 6-max Seat #1 is the button
Seat 1: Pasalapaka ($42.92 in chips)
Seat 4: Agrotait ($145.78 in chips)
Pasalapaka: posts small blind $1
Agrotait: posts big blind $3
*** HOLE CARDS ***
Pasalapaka: raises $3 to $6
Agrotait: calls $3
*** FLOP *** [9d Kh Kc]
Agrotait: checks
Pasalapaka: bets $3
Agrotait: raises $3 to $6
Pasalapaka: calls $3
*** TURN *** [9d Kh Kc] [Ks]
Agrotait: bets $6
Pasalapaka: calls $6
*** RIVER *** [9d Kh Kc Ks] [6d]
Agrotait: bets $6
Pasalapaka: calls $6
*** SHOW DOWN ***
Agrotait: shows [8h 9h] (a full house, Kings full of Nines)
Pasalapaka: mucks hand
Agrotait collected $47.50 from pot
*** SUMMARY ***
Total pot $48 | Rake $0.50
Board [9d Kh Kc Ks 6d]
Seat 1: Pasalapaka (button) (small blind) mucked
Seat 4: Agrotait (big blind) showed [8h 9h] and won ($47.50) with a full house, Kings full of Nines


PokerStars Hand #147358138350:  Hold'em Limit ($3/$6 USD) - 2016/01/20 6:48:31 ET
Table 'Sylvia' 6-max Seat #4 is the button
Seat 1: Pasalapaka ($45.92 in chips)
Seat 4: Agrotait ($142.78 in chips)
Agrotait: posts small blind $1
Pasalapaka: posts big blind $3
*** HOLE CARDS ***
Agrotait: raises $3 to $6
Pasalapaka: folds
Uncalled bet ($3) returned to Agrotait
Agrotait collected $6 from pot
Agrotait: doesn't show hand
*** SUMMARY ***
Total pot $6 | Rake $0
Seat 1: Pasalapaka (big blind) folded before Flop
Seat 4: Agrotait (button) (small blind) collected ($6)


PokerStars Hand #147358122152:  Hold'em Limit ($3/$6 USD) - 2016/01/20 6:48:02 ET
Table 'Sylvia' 6-max Seat #1 is the button
Seat 1: Pasalapaka ($69.92 in chips)
Seat 4: Agrotait ($119.28 in chips)
Pasalapaka: posts small blind $1
Agrotait: posts big blind $3
*** HOLE CARDS ***
Pasalapaka: raises $3 to $6
Agrotait: raises $3 to $9
Pasalapaka: calls $3
*** FLOP *** [Qh Th Qc]
Agrotait: bets $3
Pasalapaka: calls $3
*** TURN *** [Qh Th Qc] [8h]
Agrotait: checks
Pasalapaka: bets $6
Agrotait: calls $6
*** RIVER *** [Qh Th Qc 8h] [3s]
Agrotait: checks
Pasalapaka: bets $6
Agrotait: calls $6
*** SHOW DOWN ***
Pasalapaka: shows [Js 6d] (a pair of Queens)
Agrotait: shows [8s As] (two pair, Queens and Eights)
Agrotait collected $47.50 from pot
*** SUMMARY ***
Total pot $48 | Rake $0.50
Board [Qh Th Qc 8h 3s]
Seat 1: Pasalapaka (button) (small blind) showed [Js 6d] and lost with a pair of Queens
Seat 4: Agrotait (big blind) showed [8s As] and won ($47.50) with two pair, Queens and Eights


PokerStars Hand #147358174046:  Hold'em Limit ($3/$6 USD) - 2016/01/20 6:49:35 ET
Table 'Sylvia' 6-max Seat #4 is the button
Seat 1: Pasalapaka ($24.56 in chips)
Seat 4: Agrotait ($163.28 in chips)
Agrotait: posts small blind $1
Pasalapaka: posts big blind $3
*** HOLE CARDS ***
Agrotait: raises $3 to $6
Pasalapaka: calls $3
*** FLOP *** [8h 6c 5d]
Pasalapaka: checks
Agrotait: bets $3
Pasalapaka: raises $3 to $6
Agrotait: calls $3
*** TURN *** [8h 6c 5d] [2c]
Pasalapaka: bets $6
Agrotait: calls $6
*** RIVER *** [8h 6c 5d 2c] [7s]
Pasalapaka: bets $6
Agrotait: folds
Uncalled bet ($6) returned to Pasalapaka
Pasalapaka collected $35.50 from pot
*** SUMMARY ***
Total pot $36 | Rake $0.50
Board [8h 6c 5d 2c 7s]
Seat 1: Pasalapaka (big blind) collected ($35.50)
Seat 4: Agrotait (button) (small blind) folded on the River


PokerStars Hand #147358164181:  Hold'em Limit ($3/$6 USD) - 2016/01/20 6:49:17 ET
Table 'Sylvia' 6-max Seat #1 is the button
Seat 1: Pasalapaka ($15.92 in chips)
Seat 4: Agrotait ($172.28 in chips)
Pasalapaka: posts small blind $1
Agrotait: posts big blind $3
*** HOLE CARDS ***
Pasalapaka: raises $3 to $6
Agrotait: calls $3
*** FLOP *** [Th 6d 9c]
Agrotait: checks
Pasalapaka: bets $3
Agrotait: calls $3
*** TURN *** [Th 6d 9c] [Kh]
Agrotait: checks
Pasalapaka: bets $6
Agrotait: folds
Uncalled bet ($6) returned to Pasalapaka
Pasalapaka collected $17.64 from pot
*** SUMMARY ***
Total pot $18 | Rake $0.36
Board [Th 6d 9c Kh]
Seat 1: Pasalapaka (button) (small blind) collected ($17.64)
Seat 4: Agrotait (big blind) folded on the Turn


PokerStars Hand #147358157227:  Hold'em Limit ($3/$6 USD) - 2016/01/20 6:49:05 ET
Table 'Sylvia' 6-max Seat #4 is the button
Seat 1: Pasalapaka ($18.92 in chips)
Seat 4: Agrotait ($169.28 in chips)
Agrotait: posts small blind $1
Pasalapaka: posts big blind $3
*** HOLE CARDS ***
Agrotait: raises $3 to $6
Pasalapaka: folds
Uncalled bet ($3) returned to Agrotait
Agrotait collected $6 from pot
Agrotait: doesn't show hand
*** SUMMARY ***
Total pot $6 | Rake $0
Seat 1: Pasalapaka (big blind) folded before Flop
Seat 4: Agrotait (button) (small blind) collected ($6)


PokerStars Hand #147358211178:  Hold'em Limit ($3/$6 USD) - 2016/01/20 6:50:42 ET
Table 'Sylvia' 6-max Seat #4 is the button
Seat 1: Pasalapaka ($61.32 in chips)
Seat 4: Agrotait ($125.28 in chips)
Agrotait: posts small blind $1
Pasalapaka: posts big blind $3
*** HOLE CARDS ***
Agrotait: raises $3 to $6
Pasalapaka: calls $3
*** FLOP *** [Jh Th 5d]
Pasalapaka: checks
Agrotait: bets $3
Pasalapaka: calls $3
*** TURN *** [Jh Th 5d] [5h]
Pasalapaka: checks
Agrotait: bets $6
Pasalapaka: calls $6
*** RIVER *** [Jh Th 5d 5h] [Kd]
Pasalapaka: checks
Agrotait: bets $6
Pasalapaka: calls $6
*** SHOW DOWN ***
Agrotait: shows [Qc 8h] (a pair of Fives)
Pasalapaka: shows [7d Kh] (two pair, Kings and Fives)
Pasalapaka collected $41.50 from pot
*** SUMMARY ***
Total pot $42 | Rake $0.50
Board [Jh Th 5d 5h Kd]
Seat 1: Pasalapaka (big blind) showed [7d Kh] and won ($41.50) with two pair, Kings and Fives
Seat 4: Agrotait (button) (small blind) showed [Qc 8h] and lost with a pair of Fives


PokerStars Hand #147358206027:  Hold'em Limit ($3/$6 USD) - 2016/01/20 6:50:33 ET
Table 'Sylvia' 6-max Seat #1 is the button
Seat 1: Pasalapaka ($62.32 in chips)
Seat 4: Agrotait ($124.28 in chips)
Pasalapaka: posts small blind $1
Agrotait: posts big blind $3
*** HOLE CARDS ***
Pasalapaka: folds
Uncalled bet ($2) returned to Agrotait
Agrotait collected $2 from pot
Agrotait: doesn't show hand
*** SUMMARY ***
Total pot $2 | Rake $0
Seat 1: Pasalapaka (button) (small blind) folded before Flop
Seat 4: Agrotait (big blind) collected ($2)


PokerStars Hand #147358195276:  Hold'em Limit ($3/$6 USD) - 2016/01/20 6:50:13 ET
Table 'Sylvia' 6-max Seat #4 is the button
Seat 1: Pasalapaka ($47.82 in chips)
Seat 4: Agrotait ($139.28 in chips)
Agrotait: posts small blind $1
Pasalapaka: posts big blind $3
*** HOLE CARDS ***
Agrotait: raises $3 to $6
Pasalapaka: calls $3
*** FLOP *** [3s 6c 5s]
Pasalapaka: checks
Agrotait: bets $3
Pasalapaka: calls $3
*** TURN *** [3s 6c 5s] [5c]
Pasalapaka: checks
Agrotait: bets $6
Pasalapaka: calls $6
*** RIVER *** [3s 6c 5s 5c] [2c]
Pasalapaka: checks
Agrotait: checks
*** SHOW DOWN ***
Pasalapaka: shows [2d 2s] (a full house, Deuces full of Fives)
Agrotait: mucks hand
Pasalapaka collected $29.50 from pot
*** SUMMARY ***
Total pot $30 | Rake $0.50
Board [3s 6c 5s 5c 2c]
Seat 1: Pasalapaka (big blind) showed [2d 2s] and won ($29.50) with a full house, Deuces full of Fives
Seat 4: Agrotait (button) (small blind) mucked


PokerStars Hand #147358186629:  Hold'em Limit ($3/$6 USD) - 2016/01/20 6:49:58 ET
Table 'Sylvia' 6-max Seat #1 is the button
Seat 1: Pasalapaka ($42.06 in chips)
Seat 4: Agrotait ($145.28 in chips)
Pasalapaka: posts small blind $1
Agrotait: posts big blind $3
*** HOLE CARDS ***
Pasalapaka: raises $3 to $6
Agrotait: calls $3
*** FLOP *** [2d Ad 6h]
Agrotait: checks
Pasalapaka: checks
*** TURN *** [2d Ad 6h] [4h]
Agrotait: checks
Pasalapaka: bets $6
Agrotait: folds
Uncalled bet ($6) returned to Pasalapaka
Pasalapaka collected $11.76 from pot
*** SUMMARY ***
Total pot $12 | Rake $0.24
Board [2d Ad 6h 4h]
Seat 1: Pasalapaka (button) (small blind) collected ($11.76)
Seat 4: Agrotait (big blind) folded on the Turn


PokerStars Hand #147358240515:  Hold'em Limit ($3/$6 USD) - 2016/01/20 6:51:35 ET
Table 'Sylvia' 6-max Seat #4 is the button
Seat 1: Pasalapaka ($66.82 in chips)
Seat 4: Agrotait ($118.78 in chips)
Agrotait: posts small blind $1
Pasalapaka: posts big blind $3
*** HOLE CARDS ***
Agrotait: raises $3 to $6
Pasalapaka: calls $3
*** FLOP *** [9s 7c 4h]
Pasalapaka: checks
Agrotait: bets $3
Pasalapaka: calls $3
*** TURN *** [9s 7c 4h] [Qc]
Pasalapaka: checks
Agrotait: bets $6
Pasalapaka: folds
Uncalled bet ($6) returned to Agrotait
Agrotait collected $17.64 from pot
Agrotait: doesn't show hand
*** SUMMARY ***
Total pot $18 | Rake $0.36
Board [9s 7c 4h Qc]
Seat 1: Pasalapaka (big blind) folded on the Turn
Seat 4: Agrotait (button) (small blind) collected ($17.64)


PokerStars Hand #147358222530:  Hold'em Limit ($3/$6 USD) - 2016/01/20 6:51:02 ET
Table 'Sylvia' 6-max Seat #1 is the button
Seat 1: Pasalapaka ($81.82 in chips)
Seat 4: Agrotait ($104.28 in chips)
Pasalapaka: posts small blind $1
Agrotait: posts big blind $3
*** HOLE CARDS ***
Pasalapaka: raises $3 to $6
Agrotait: calls $3
*** FLOP *** [8c 7s Js]
Agrotait: checks
Pasalapaka: bets $3
Agrotait: calls $3
*** TURN *** [8c 7s Js] [7c]
Agrotait: checks
Pasalapaka: checks
*** RIVER *** [8c 7s Js 7c] [4d]
Agrotait: bets $6
Pasalapaka: calls $6
*** SHOW DOWN ***
Agrotait: shows [6c 5d] (a straight, Four to Eight)
Pasalapaka: shows [8s Kc] (two pair, Eights and Sevens)
Agrotait collected $29.50 from pot
*** SUMMARY ***
Total pot $30 | Rake $0.50
Board [8c 7s Js 7c 4d]
Seat 1: Pasalapaka (button) (small blind) showed [8s Kc] and lost with two pair, Eights and Sevens
Seat 4: Agrotait (big blind) showed [6c 5d] and won ($29.50) with a straight, Four to Eight


PokerStars Hand #147358271412:  Hold'em Limit ($3/$6 USD) - 2016/01/20 6:52:31 ET
Table 'Sylvia' 6-max Seat #1 is the button
Seat 1: Pasalapaka ($72.07 in chips)
Seat 4: Agrotait ($112.17 in chips)
Pasalapaka: posts small blind $1
Agrotait: posts big blind $3
*** HOLE CARDS ***
Pasalapaka: raises $3 to $6
Agrotait: calls $3
*** FLOP *** [5s 5h 4c]
Agrotait: checks
Pasalapaka: bets $3
Agrotait: calls $3
*** TURN *** [5s 5h 4c] [8h]
Agrotait: checks
Pasalapaka: bets $6
Agrotait: folds
Uncalled bet ($6) returned to Pasalapaka
Pasalapaka collected $17.64 from pot
*** SUMMARY ***
Total pot $18 | Rake $0.36
Board [5s 5h 4c 8h]
Seat 1: Pasalapaka (button) (small blind) collected ($17.64)
Seat 4: Agrotait (big blind) folded on the Turn


PokerStars Hand #147358261132:  Hold'em Limit ($3/$6 USD) - 2016/01/20 6:52:12 ET
Table 'Sylvia' 6-max Seat #4 is the button
Seat 1: Pasalapaka ($72.32 in chips)
Seat 4: Agrotait ($112.42 in chips)
Agrotait: posts small blind $1
Pasalapaka: posts big blind $3
*** HOLE CARDS ***
Agrotait: raises $3 to $6
Pasalapaka: calls $3
*** FLOP *** [Kh 7h 4c]
Pasalapaka: checks
Agrotait: bets $3
Pasalapaka: calls $3
*** TURN *** [Kh 7h 4c] [4h]
Pasalapaka: checks
Agrotait: bets $6
Pasalapaka: calls $6
*** RIVER *** [Kh 7h 4c 4h] [Kd]
Pasalapaka: checks
Agrotait: checks
*** SHOW DOWN ***
Pasalapaka: shows [3h Ad] (two pair, Kings and Fours)
Agrotait: shows [Ah 8c] (two pair, Kings and Fours)
Pasalapaka collected $14.75 from pot
Agrotait collected $14.75 from pot
*** SUMMARY ***
Total pot $30 | Rake $0.50
Board [Kh 7h 4c 4h Kd]
Seat 1: Pasalapaka (big blind) showed [3h Ad] and won ($14.75) with two pair, Kings and Fours
Seat 4: Agrotait (button) (small blind) showed [Ah 8c] and won ($14.75) with two pair, Kings and Fours


PokerStars Hand #147358249436:  Hold'em Limit ($3/$6 USD) - 2016/01/20 6:51:51 ET
Table 'Sylvia' 6-max Seat #1 is the button
Seat 1: Pasalapaka ($57.82 in chips)
Seat 4: Agrotait ($127.42 in chips)
Pasalapaka: posts small blind $1
Agrotait: posts big blind $3
*** HOLE CARDS ***
Pasalapaka: raises $3 to $6
Agrotait: calls $3
*** FLOP *** [6c 3c Ks]
Agrotait: checks
Pasalapaka: bets $3
Agrotait: calls $3
*** TURN *** [6c 3c Ks] [4c]
Agrotait: checks
Pasalapaka: checks
*** RIVER *** [6c 3c Ks 4c] [Qc]
Agrotait: bets $6
Pasalapaka: calls $6
*** SHOW DOWN ***
Agrotait: shows [8h Ts] (high card King)
Pasalapaka: shows [Qh 2s] (a pair of Queens)
Pasalapaka collected $29.50 from pot
*** SUMMARY ***
Total pot $30 | Rake $0.50
Board [6c 3c Ks 4c Qc]
Seat 1: Pasalapaka (button) (small blind) showed [Qh 2s] and won ($29.50) with a pair of Queens
Seat 4: Agrotait (big blind) showed [8h Ts] and lost with high card King


PokerStars Hand #147358312644:  Hold'em Limit ($3/$6 USD) - 2016/01/20 6:53:45 ET
Table 'Sylvia' 6-max Seat #1 is the button
Seat 1: Pasalapaka ($95.21 in chips)
Seat 4: Agrotait ($88.17 in chips)
Pasalapaka: posts small blind $1
Agrotait: posts big blind $3
*** HOLE CARDS ***
Pasalapaka: raises $3 to $6
Agrotait: calls $3
*** FLOP *** [3h 2s 3d]
Agrotait: checks
Pasalapaka: checks
*** TURN *** [3h 2s 3d] [9h]
Agrotait: bets $6
Pasalapaka: raises $6 to $12
Agrotait: calls $6
*** RIVER *** [3h 2s 3d 9h] [7c]
Agrotait: checks
Pasalapaka: bets $6
Agrotait: calls $6
*** SHOW DOWN ***
Pasalapaka: shows [Qs 9s] (two pair, Nines and Threes)
Agrotait: shows [7h 9c] (two pair, Nines and Sevens)
Agrotait collected $47.50 from pot
*** SUMMARY ***
Total pot $48 | Rake $0.50
Board [3h 2s 3d 9h 7c]
Seat 1: Pasalapaka (button) (small blind) showed [Qs 9s] and lost with two pair, Nines and Threes
Seat 4: Agrotait (big blind) showed [7h 9c] and won ($47.50) with two pair, Nines and Sevens


PokerStars Hand #147358285450:  Hold'em Limit ($3/$6 USD) - 2016/01/20 6:52:56 ET
Table 'Sylvia' 6-max Seat #4 is the button
Seat 1: Pasalapaka ($80.71 in chips)
Seat 4: Agrotait ($103.17 in chips)
Agrotait: posts small blind $1
Pasalapaka: posts big blind $3
*** HOLE CARDS ***
Agrotait: raises $3 to $6
Pasalapaka: calls $3
*** FLOP *** [Th 3h 5s]
Pasalapaka: checks
Agrotait: bets $3
Pasalapaka: calls $3
*** TURN *** [Th 3h 5s] [8s]
Pasalapaka: checks
Agrotait: bets $6
Pasalapaka: calls $6
*** RIVER *** [Th 3h 5s 8s] [6d]
Pasalapaka: checks
Agrotait: checks
*** SHOW DOWN ***
Pasalapaka: shows [8h 7s] (a pair of Eights)
Agrotait: mucks hand
Pasalapaka collected $29.50 from pot
*** SUMMARY ***
Total pot $30 | Rake $0.50
Board [Th 3h 5s 8s 6d]
Seat 1: Pasalapaka (big blind) showed [8h 7s] and won ($29.50) with a pair of Eights
Seat 4: Agrotait (button) (small blind) mucked


PokerStars Hand #147358346262:  Hold'em Limit ($3/$6 USD) - 2016/01/20 6:54:45 ET
Table 'Sylvia' 6-max Seat #4 is the button
Seat 1: Pasalapaka ($85.61 in chips)
Seat 4: Agrotait ($96.67 in chips)
Agrotait: posts small blind $1
Pasalapaka: posts big blind $3
*** HOLE CARDS ***
Lucheeo joins the table at seat #2
Frank2Neue joins the table at seat #5
Agrotait: raises $3 to $6
Pasalapaka: folds
Uncalled bet ($3) returned to Agrotait
Agrotait collected $6 from pot
Agrotait: doesn't show hand
*** SUMMARY ***
Total pot $6 | Rake $0
Seat 1: Pasalapaka (big blind) folded before Flop
Seat 4: Agrotait (button) (small blind) collected ($6)


PokerStars Hand #147358340446:  Hold'em Limit ($3/$6 USD) - 2016/01/20 6:54:35 ET
Table 'Sylvia' 6-max Seat #1 is the button
Seat 1: Pasalapaka ($79.85 in chips)
Seat 4: Agrotait ($102.67 in chips)
Pasalapaka: posts small blind $1
Agrotait: posts big blind $3
*** HOLE CARDS ***
Pasalapaka: raises $3 to $6
fire852181 joins the table at seat #3
Agrotait: calls $3
*** FLOP *** [Ac 8h 8s]
Agrotait: checks
Pasalapaka: bets $3
Agrotait: folds
Uncalled bet ($3) returned to Pasalapaka
Pasalapaka collected $11.76 from pot
*** SUMMARY ***
Total pot $12 | Rake $0.24
Board [Ac 8h 8s]
Seat 1: Pasalapaka (button) (small blind) collected ($11.76)
Seat 4: Agrotait (big blind) folded on the Flop


PokerStars Hand #147358322414:  Hold'em Limit ($3/$6 USD) - 2016/01/20 6:54:02 ET
Table 'Sylvia' 6-max Seat #4 is the button
Seat 1: Pasalapaka ($71.21 in chips)
Seat 4: Agrotait ($111.67 in chips)
Agrotait: posts small blind $1
Pasalapaka: posts big blind $3
*** HOLE CARDS ***
Agrotait: raises $3 to $6
Pasalapaka: calls $3
*** FLOP *** [Ks 3s 9h]
Pasalapaka: checks
Agrotait: bets $3
Pasalapaka: calls $3
*** TURN *** [Ks 3s 9h] [As]
Pasalapaka: checks
Agrotait: checks
*** RIVER *** [Ks 3s 9h As] [Ah]
Pasalapaka: bets $6
Agrotait: folds
Uncalled bet ($6) returned to Pasalapaka
Pasalapaka collected $17.64 from pot
*** SUMMARY ***
Total pot $18 | Rake $0.36
Board [Ks 3s 9h As Ah]
Seat 1: Pasalapaka (big blind) collected ($17.64)
Seat 4: Agrotait (button) (small blind) folded on the River


