PokerStars Hand #171033254770:  Hold'em Limit ($3/$6 USD) - 2017/05/28 13:44:18 ET
Table 'Syringa' 10-max Seat #3 is the button
Seat 3: MADEin ($120 in chips)
Seat 6: LifeisagameX ($84 in chips)
MADEin: posts small blind $1
LifeisagameX: posts big blind $3
*** HOLE CARDS ***
MADEin: raises $3 to $6
LifeisagameX: calls $3
*** FLOP *** [7d 2c Qh]
LifeisagameX: checks
MADEin: bets $3
LifeisagameX: calls $3
*** TURN *** [7d 2c Qh] [5h]
LifeisagameX: checks
MADEin: bets $6
LifeisagameX: folds
Uncalled bet ($6) returned to MADEin
MADEin collected $17.64 from pot
MADEin: doesn't show hand
*** SUMMARY ***
Total pot $18 | Rake $0.36
Board [7d 2c Qh 5h]
Seat 3: MADEin (button) (small blind) collected ($17.64)
Seat 6: LifeisagameX (big blind) folded on the Turn


PokerStars Hand #171033309343:  Hold'em Limit ($3/$6 USD) - 2017/05/28 13:45:24 ET
Table 'Syringa' 10-max Seat #6 is the button
Seat 3: MADEin ($128.64 in chips)
Seat 6: LifeisagameX ($84 in chips)
LifeisagameX: posts small blind $1
MADEin: posts big blind $3
*** HOLE CARDS ***
LifeisagameX: raises $3 to $6
MADEin: folds
Uncalled bet ($3) returned to LifeisagameX
LifeisagameX collected $6 from pot
LifeisagameX: doesn't show hand
*** SUMMARY ***
Total pot $6 | Rake $0
Seat 3: MADEin (big blind) folded before Flop
Seat 6: LifeisagameX (button) (small blind) collected ($6)


PokerStars Hand #171033319630:  Hold'em Limit ($3/$6 USD) - 2017/05/28 13:45:37 ET
Table 'Syringa' 10-max Seat #3 is the button
Seat 3: MADEin ($125.64 in chips)
Seat 6: LifeisagameX ($87 in chips)
MADEin: posts small blind $1
LifeisagameX: posts big blind $3
*** HOLE CARDS ***
MADEin: raises $3 to $6
LifeisagameX: raises $3 to $9
MADEin: calls $3
*** FLOP *** [4d Jh 3c]
LifeisagameX: bets $3
MADEin: calls $3
*** TURN *** [4d Jh 3c] [7s]
LifeisagameX: bets $6
MADEin: calls $6
*** RIVER *** [4d Jh 3c 7s] [Ah]
LifeisagameX: checks
MADEin: checks
*** SHOW DOWN ***
LifeisagameX: shows [5c 4c] (a pair of Fours)
MADEin: mucks hand
LifeisagameX collected $35.50 from pot
*** SUMMARY ***
Total pot $36 | Rake $0.50
Board [4d Jh 3c 7s Ah]
Seat 3: MADEin (button) (small blind) mucked
Seat 6: LifeisagameX (big blind) showed [5c 4c] and won ($35.50) with a pair of Fours


PokerStars Hand #171033356768:  Hold'em Limit ($3/$6 USD) - 2017/05/28 13:46:22 ET
Table 'Syringa' 10-max Seat #6 is the button
Seat 3: MADEin ($107.64 in chips)
Seat 6: LifeisagameX ($104.50 in chips)
LifeisagameX: posts small blind $1
MADEin: posts big blind $3
*** HOLE CARDS ***
LifeisagameX: raises $3 to $6
MADEin: calls $3
*** FLOP *** [Qs 4c 9h]
MADEin: checks
LifeisagameX: bets $3
MADEin: raises $3 to $6
LifeisagameX: folds
Uncalled bet ($3) returned to MADEin
MADEin collected $17.64 from pot
MADEin: doesn't show hand
*** SUMMARY ***
Total pot $18 | Rake $0.36
Board [Qs 4c 9h]
Seat 3: MADEin (big blind) collected ($17.64)
Seat 6: LifeisagameX (button) (small blind) folded on the Flop


PokerStars Hand #171033459177:  Hold'em Limit ($3/$6 USD) - 2017/05/28 13:48:27 ET
Table 'Syringa' 10-max Seat #3 is the button
Seat 3: MADEin ($139.78 in chips)
Seat 6: LifeisagameX ($84 in chips)
MADEin: posts small blind $1
LifeisagameX: posts big blind $3
*** HOLE CARDS ***
MADEin: folds
Uncalled bet ($2) returned to LifeisagameX
LifeisagameX collected $2 from pot
LifeisagameX: doesn't show hand
*** SUMMARY ***
Total pot $2 | Rake $0
Seat 3: MADEin (button) (small blind) folded before Flop
Seat 6: LifeisagameX (big blind) collected ($2)


PokerStars Hand #171033391222:  Hold'em Limit ($3/$6 USD) - 2017/05/28 13:47:04 ET
Table 'Syringa' 10-max Seat #6 is the button
Seat 3: MADEin ($119.28 in chips)
Seat 6: LifeisagameX ($92.50 in chips)
LifeisagameX: posts small blind $1
MADEin: posts big blind $3
*** HOLE CARDS ***
LifeisagameX: raises $3 to $6
MADEin: calls $3
*** FLOP *** [8d Kc 4s]
MADEin: checks
LifeisagameX: bets $3
MADEin: calls $3
*** TURN *** [8d Kc 4s] [2s]
MADEin: checks
LifeisagameX: bets $6
MADEin: calls $6
*** RIVER *** [8d Kc 4s 2s] [Js]
MADEin: checks
LifeisagameX: bets $6
MADEin: calls $6
*** SHOW DOWN ***
LifeisagameX: shows [Ts 3d] (high card King)
MADEin: shows [8h 7c] (a pair of Eights)
MADEin collected $41.50 from pot
*** SUMMARY ***
Total pot $42 | Rake $0.50
Board [8d Kc 4s 2s Js]
Seat 3: MADEin (big blind) showed [8h 7c] and won ($41.50) with a pair of Eights
Seat 6: LifeisagameX (button) (small blind) showed [Ts 3d] and lost with high card King


PokerStars Hand #171033464194:  Hold'em Limit ($3/$6 USD) - 2017/05/28 13:48:33 ET
Table 'Syringa' 10-max Seat #6 is the button
Seat 3: MADEin ($138.78 in chips)
Seat 6: LifeisagameX ($85 in chips)
LifeisagameX: posts small blind $1
MADEin: posts big blind $3
*** HOLE CARDS ***
LifeisagameX: raises $3 to $6
MADEin: folds
Uncalled bet ($3) returned to LifeisagameX
LifeisagameX collected $6 from pot
LifeisagameX: doesn't show hand
*** SUMMARY ***
Total pot $6 | Rake $0
Seat 3: MADEin (big blind) folded before Flop
Seat 6: LifeisagameX (button) (small blind) collected ($6)


PokerStars Hand #171033507324:  Hold'em Limit ($3/$6 USD) - 2017/05/28 13:49:26 ET
Table 'Syringa' 10-max Seat #3 is the button
Seat 3: MADEin ($135.78 in chips)
Seat 6: LifeisagameX ($88 in chips)
MADEin: posts small blind $1
LifeisagameX: posts big blind $3
*** HOLE CARDS ***
MADEin: folds
Uncalled bet ($2) returned to LifeisagameX
LifeisagameX collected $2 from pot
LifeisagameX: doesn't show hand
*** SUMMARY ***
Total pot $2 | Rake $0
Seat 3: MADEin (button) (small blind) folded before Flop
Seat 6: LifeisagameX (big blind) collected ($2)


PokerStars Hand #171033483450:  Hold'em Limit ($3/$6 USD) - 2017/05/28 13:48:57 ET
Table 'Syringa' 10-max Seat #6 is the button
Seat 3: MADEin ($138.78 in chips)
Seat 6: LifeisagameX ($85 in chips)
LifeisagameX: posts small blind $1
MADEin: posts big blind $3
*** HOLE CARDS ***
LifeisagameX: raises $3 to $6
MADEin: folds
Uncalled bet ($3) returned to LifeisagameX
LifeisagameX collected $6 from pot
LifeisagameX: doesn't show hand
*** SUMMARY ***
Total pot $6 | Rake $0
Seat 3: MADEin (big blind) folded before Flop
Seat 6: LifeisagameX (button) (small blind) collected ($6)


