PokerStars Hand #160907271434:  Hold'em Limit ($3/$6 USD) - 2016/11/04 17:57:15 ET
Table 'Syrma II' 6-max Seat #1 is the button
Seat 1: grunervelt ($78.02 in chips)
Seat 4: RaisemyNut$ ($307.17 in chips)
grunervelt: posts small blind $1
ToDaFelt: is sitting out
RaisemyNut$: posts big blind $3
*** HOLE CARDS ***
grunervelt: raises $3 to $6
RaisemyNut$: calls $3
*** FLOP *** [Qs 7s 4d]
ToDaFelt leaves the table
RaisemyNut$: checks
grunervelt: bets $3
RaisemyNut$: raises $3 to $6
grunervelt: folds
Uncalled bet ($3) returned to RaisemyNut$
RaisemyNut$ collected $17.64 from pot
RaisemyNut$: doesn't show hand
*** SUMMARY ***
Total pot $18 | Rake $0.36
Board [Qs 7s 4d]
Seat 1: grunervelt (button) (small blind) folded on the Flop
Seat 4: RaisemyNut$ (big blind) collected ($17.64)


PokerStars Hand #160907719526:  Hold'em Limit ($3/$6 USD) - 2016/11/04 18:06:07 ET
Table 'Syrma II' 6-max Seat #5 is the button
Seat 4: RaisemyNut$ ($303.81 in chips)
Seat 5: hairy1961 ($61.52 in chips)
hairy1961: posts small blind $1
RaisemyNut$: posts big blind $3
*** HOLE CARDS ***
hairy1961: raises $3 to $6
RaisemyNut$: calls $3
*** FLOP *** [4c 2h Qc]
RaisemyNut$: checks
hairy1961: bets $3
RaisemyNut$: folds
Uncalled bet ($3) returned to hairy1961
hairy1961 collected $11.76 from pot
*** SUMMARY ***
Total pot $12 | Rake $0.24
Board [4c 2h Qc]
Seat 4: RaisemyNut$ (big blind) folded on the Flop
Seat 5: hairy1961 (button) (small blind) collected ($11.76)


PokerStars Hand #160907693384:  Hold'em Limit ($3/$6 USD) - 2016/11/04 18:05:40 ET
Table 'Syrma II' 6-max Seat #4 is the button
Seat 4: RaisemyNut$ ($315.81 in chips)
Seat 5: hairy1961 ($50 in chips)
RaisemyNut$: posts small blind $1
hairy1961: posts big blind $3
*** HOLE CARDS ***
RaisemyNut$: raises $3 to $6
hairy1961: raises $3 to $9
RaisemyNut$: calls $3
*** FLOP *** [8s 6h 6d]
hairy1961: bets $3
RaisemyNut$: calls $3
*** TURN *** [8s 6h 6d] [8d]
hairy1961: bets $6
RaisemyNut$: folds
Uncalled bet ($6) returned to hairy1961
hairy1961 collected $23.52 from pot
*** SUMMARY ***
Total pot $24 | Rake $0.48
Board [8s 6h 6d 8d]
Seat 4: RaisemyNut$ (button) (small blind) folded on the Turn
Seat 5: hairy1961 (big blind) collected ($23.52)


PokerStars Hand #160907780986:  Hold'em Limit ($3/$6 USD) - 2016/11/04 18:07:13 ET
Table 'Syrma II' 6-max Seat #4 is the button
Seat 4: RaisemyNut$ ($316.31 in chips)
Seat 5: hairy1961 ($48.04 in chips)
RaisemyNut$: posts small blind $1
hairy1961: posts big blind $3
*** HOLE CARDS ***
RaisemyNut$: folds
Uncalled bet ($2) returned to hairy1961
hairy1961 collected $2 from pot
*** SUMMARY ***
Total pot $2 | Rake $0
Seat 4: RaisemyNut$ (button) (small blind) folded before Flop
Seat 5: hairy1961 (big blind) collected ($2)


PokerStars Hand #160907776051:  Hold'em Limit ($3/$6 USD) - 2016/11/04 18:07:08 ET
Table 'Syrma II' 6-max Seat #5 is the button
Seat 4: RaisemyNut$ ($315.31 in chips)
Seat 5: hairy1961 ($49.04 in chips)
hairy1961: posts small blind $1
RaisemyNut$: posts big blind $3
*** HOLE CARDS ***
hairy1961: folds
Uncalled bet ($2) returned to RaisemyNut$
RaisemyNut$ collected $2 from pot
RaisemyNut$: doesn't show hand
*** SUMMARY ***
Total pot $2 | Rake $0
Seat 4: RaisemyNut$ (big blind) collected ($2)
Seat 5: hairy1961 (button) (small blind) folded before Flop


PokerStars Hand #160907751052:  Hold'em Limit ($3/$6 USD) - 2016/11/04 18:06:41 ET
Table 'Syrma II' 6-max Seat #4 is the button
Seat 4: RaisemyNut$ ($294.81 in chips)
Seat 5: hairy1961 ($70.04 in chips)
RaisemyNut$: posts small blind $1
hairy1961: posts big blind $3
*** HOLE CARDS ***
RaisemyNut$: raises $3 to $6
hairy1961: calls $3
*** FLOP *** [7c 3s As]
hairy1961: checks
RaisemyNut$: bets $3
hairy1961: calls $3
*** TURN *** [7c 3s As] [2d]
hairy1961: checks
RaisemyNut$: bets $6
hairy1961: calls $6
*** RIVER *** [7c 3s As 2d] [Ad]
hairy1961: bets $6
RaisemyNut$: raises $6 to $12
hairy1961: folds
Uncalled bet ($6) returned to RaisemyNut$
RaisemyNut$ collected $41.50 from pot
RaisemyNut$: doesn't show hand
*** SUMMARY ***
Total pot $42 | Rake $0.50
Board [7c 3s As 2d Ad]
Seat 4: RaisemyNut$ (button) (small blind) collected ($41.50)
Seat 5: hairy1961 (big blind) folded on the River


PokerStars Hand #160907736274:  Hold'em Limit ($3/$6 USD) - 2016/11/04 18:06:25 ET
Table 'Syrma II' 6-max Seat #5 is the button
Seat 4: RaisemyNut$ ($300.81 in chips)
Seat 5: hairy1961 ($64.28 in chips)
hairy1961: posts small blind $1
RaisemyNut$: posts big blind $3
*** HOLE CARDS ***
hairy1961: raises $3 to $6
RaisemyNut$: calls $3
*** FLOP *** [6c 9c Ac]
RaisemyNut$: checks
hairy1961: bets $3
RaisemyNut$: folds
Uncalled bet ($3) returned to hairy1961
hairy1961 collected $11.76 from pot
*** SUMMARY ***
Total pot $12 | Rake $0.24
Board [6c 9c Ac]
Seat 4: RaisemyNut$ (big blind) folded on the Flop
Seat 5: hairy1961 (button) (small blind) collected ($11.76)


PokerStars Hand #160907731105:  Hold'em Limit ($3/$6 USD) - 2016/11/04 18:06:20 ET
Table 'Syrma II' 6-max Seat #4 is the button
Seat 4: RaisemyNut$ ($297.81 in chips)
Seat 5: hairy1961 ($67.28 in chips)
RaisemyNut$: posts small blind $1
hairy1961: posts big blind $3
*** HOLE CARDS ***
RaisemyNut$: raises $3 to $6
hairy1961: folds
Uncalled bet ($3) returned to RaisemyNut$
RaisemyNut$ collected $6 from pot
RaisemyNut$: doesn't show hand
*** SUMMARY ***
Total pot $6 | Rake $0
Seat 4: RaisemyNut$ (button) (small blind) collected ($6)
Seat 5: hairy1961 (big blind) folded before Flop


PokerStars Hand #160907818622:  Hold'em Limit ($3/$6 USD) - 2016/11/04 18:07:54 ET
Table 'Syrma II' 6-max Seat #4 is the button
Seat 4: RaisemyNut$ ($342.81 in chips)
Seat 5: hairy1961 ($21.04 in chips)
RaisemyNut$: posts small blind $1
hairy1961: posts big blind $3
*** HOLE CARDS ***
RaisemyNut$: raises $3 to $6
hairy1961: calls $3
*** FLOP *** [2h 5h Ad]
hairy1961: checks
RaisemyNut$: bets $3
hairy1961: calls $3
*** TURN *** [2h 5h Ad] [Tc]
hairy1961: checks
RaisemyNut$: bets $6
hairy1961: calls $6
*** RIVER *** [2h 5h Ad Tc] [6d]
hairy1961: checks
RaisemyNut$: checks
*** SHOW DOWN ***
hairy1961: shows [4c Qc] (high card Ace)
RaisemyNut$: shows [4d 4h] (a pair of Fours)
RaisemyNut$ collected $29.50 from pot
*** SUMMARY ***
Total pot $30 | Rake $0.50
Board [2h 5h Ad Tc 6d]
Seat 4: RaisemyNut$ (button) (small blind) showed [4d 4h] and won ($29.50) with a pair of Fours
Seat 5: hairy1961 (big blind) showed [4c Qc] and lost with high card Ace


PokerStars Hand #160907796691:  Hold'em Limit ($3/$6 USD) - 2016/11/04 18:07:30 ET
Table 'Syrma II' 6-max Seat #5 is the button
Seat 4: RaisemyNut$ ($319.31 in chips)
Seat 5: hairy1961 ($45.04 in chips)
hairy1961: posts small blind $1
RaisemyNut$: posts big blind $3
*** HOLE CARDS ***
hairy1961: raises $3 to $6
RaisemyNut$: calls $3
*** FLOP *** [3c 5s 6h]
RaisemyNut$: checks
hairy1961: bets $3
RaisemyNut$: raises $3 to $6
hairy1961: calls $3
*** TURN *** [3c 5s 6h] [2d]
RaisemyNut$: bets $6
hairy1961: raises $6 to $12
RaisemyNut$: raises $6 to $18
hairy1961: folds
Uncalled bet ($6) returned to RaisemyNut$
RaisemyNut$ collected $47.50 from pot
RaisemyNut$: doesn't show hand
*** SUMMARY ***
Total pot $48 | Rake $0.50
Board [3c 5s 6h 2d]
Seat 4: RaisemyNut$ (big blind) collected ($47.50)
Seat 5: hairy1961 (button) (small blind) folded on the Turn


PokerStars Hand #160907791301:  Hold'em Limit ($3/$6 USD) - 2016/11/04 18:07:24 ET
Table 'Syrma II' 6-max Seat #4 is the button
Seat 4: RaisemyNut$ ($316.31 in chips)
Seat 5: hairy1961 ($48.04 in chips)
RaisemyNut$: posts small blind $1
hairy1961: posts big blind $3
*** HOLE CARDS ***
RaisemyNut$: raises $3 to $6
hairy1961: folds
Uncalled bet ($3) returned to RaisemyNut$
RaisemyNut$ collected $6 from pot
RaisemyNut$: doesn't show hand
*** SUMMARY ***
Total pot $6 | Rake $0
Seat 4: RaisemyNut$ (button) (small blind) collected ($6)
Seat 5: hairy1961 (big blind) folded before Flop


PokerStars Hand #160907786308:  Hold'em Limit ($3/$6 USD) - 2016/11/04 18:07:19 ET
Table 'Syrma II' 6-max Seat #5 is the button
Seat 4: RaisemyNut$ ($315.31 in chips)
Seat 5: hairy1961 ($49.04 in chips)
hairy1961: posts small blind $1
RaisemyNut$: posts big blind $3
*** HOLE CARDS ***
hairy1961: folds
Uncalled bet ($2) returned to RaisemyNut$
RaisemyNut$ collected $2 from pot
RaisemyNut$: doesn't show hand
*** SUMMARY ***
Total pot $2 | Rake $0
Seat 4: RaisemyNut$ (big blind) collected ($2)
Seat 5: hairy1961 (button) (small blind) folded before Flop


PokerStars Hand #160907847525:  Hold'em Limit ($3/$6 USD) - 2016/11/04 18:08:25 ET
Table 'Syrma II' 6-max Seat #4 is the button
Seat 4: RaisemyNut$ ($358.31 in chips)
Seat 5: hairy1961 ($5.04 in chips)
RaisemyNut$: posts small blind $1
hairy1961: posts big blind $3
*** HOLE CARDS ***
RaisemyNut$: raises $3 to $6
hairy1961: calls $2.04 and is all-in
Uncalled bet ($0.96) returned to RaisemyNut$
*** FLOP *** [Ts 2d 6h]
*** TURN *** [Ts 2d 6h] [Qd]
*** RIVER *** [Ts 2d 6h Qd] [3d]
*** SHOW DOWN ***
hairy1961: shows [Th 7s] (a pair of Tens)
RaisemyNut$: shows [Kd Ad] (a flush, Ace high)
RaisemyNut$ collected $9.88 from pot
*** SUMMARY ***
Total pot $10.08 | Rake $0.20
Board [Ts 2d 6h Qd 3d]
Seat 4: RaisemyNut$ (button) (small blind) showed [Kd Ad] and won ($9.88) with a flush, Ace high
Seat 5: hairy1961 (big blind) showed [Th 7s] and lost with a pair of Tens


PokerStars Hand #160907842025:  Hold'em Limit ($3/$6 USD) - 2016/11/04 18:08:19 ET
Table 'Syrma II' 6-max Seat #5 is the button
Seat 4: RaisemyNut$ ($357.31 in chips)
Seat 5: hairy1961 ($6.04 in chips)
hairy1961: posts small blind $1
RaisemyNut$: posts big blind $3
*** HOLE CARDS ***
hairy1961: folds
Uncalled bet ($2) returned to RaisemyNut$
RaisemyNut$ collected $2 from pot
RaisemyNut$: doesn't show hand
*** SUMMARY ***
Total pot $2 | Rake $0
Seat 4: RaisemyNut$ (big blind) collected ($2)
Seat 5: hairy1961 (button) (small blind) folded before Flop


PokerStars Hand #160909777795:  Hold'em Limit ($3/$6 USD) - 2016/11/04 18:45:31 ET
Table 'Syrma II' 6-max Seat #4 is the button
Seat 4: RaisemyNut$ ($344.15 in chips)
Seat 5: Kosova1968 ($79.81 in chips)
RaisemyNut$: posts small blind $1
Kosova1968: posts big blind $3
*** HOLE CARDS ***
RaisemyNut$: folds
Uncalled bet ($2) returned to Kosova1968
Kosova1968 collected $2 from pot
*** SUMMARY ***
Total pot $2 | Rake $0
Seat 4: RaisemyNut$ (button) (small blind) folded before Flop
Seat 5: Kosova1968 (big blind) collected ($2)


PokerStars Hand #160909772576:  Hold'em Limit ($3/$6 USD) - 2016/11/04 18:45:25 ET
Table 'Syrma II' 6-max Seat #5 is the button
Seat 4: RaisemyNut$ ($343.15 in chips)
Seat 5: Kosova1968 ($80.81 in chips)
Kosova1968: posts small blind $1
RaisemyNut$: posts big blind $3
*** HOLE CARDS ***
Kosova1968: folds
Uncalled bet ($2) returned to RaisemyNut$
RaisemyNut$ collected $2 from pot
RaisemyNut$: doesn't show hand
*** SUMMARY ***
Total pot $2 | Rake $0
Seat 4: RaisemyNut$ (big blind) collected ($2)
Seat 5: Kosova1968 (button) (small blind) folded before Flop


PokerStars Hand #160909741785:  Hold'em Limit ($3/$6 USD) - 2016/11/04 18:44:48 ET
Table 'Syrma II' 6-max Seat #4 is the button
Seat 4: RaisemyNut$ ($364.15 in chips)
Seat 5: Kosova1968 ($60.31 in chips)
RaisemyNut$: posts small blind $1
Kosova1968: posts big blind $3
*** HOLE CARDS ***
RaisemyNut$: raises $3 to $6
Kosova1968: calls $3
*** FLOP *** [Ah 9s 6s]
Kosova1968: checks
RaisemyNut$: bets $3
Kosova1968: calls $3
*** TURN *** [Ah 9s 6s] [3h]
Kosova1968: checks
RaisemyNut$: bets $6
Kosova1968: calls $6
*** RIVER *** [Ah 9s 6s 3h] [7h]
Kosova1968: bets $6
RaisemyNut$: calls $6
*** SHOW DOWN ***
Kosova1968: shows [Ks Kh] (a pair of Kings)
RaisemyNut$: mucks hand
Kosova1968 collected $41.50 from pot
*** SUMMARY ***
Total pot $42 | Rake $0.50
Board [Ah 9s 6s 3h 7h]
Seat 4: RaisemyNut$ (button) (small blind) mucked
Seat 5: Kosova1968 (big blind) showed [Ks Kh] and won ($41.50) with a pair of Kings


PokerStars Hand #160909861683:  Hold'em Limit ($3/$6 USD) - 2016/11/04 18:47:12 ET
Table 'Syrma II' 6-max Seat #4 is the button
Seat 4: RaisemyNut$ ($360.65 in chips)
Seat 5: Kosova1968 ($62.81 in chips)
RaisemyNut$: posts small blind $1
Kosova1968: posts big blind $3
*** HOLE CARDS ***
RaisemyNut$: folds
Uncalled bet ($2) returned to Kosova1968
Kosova1968 collected $2 from pot
*** SUMMARY ***
Total pot $2 | Rake $0
Seat 4: RaisemyNut$ (button) (small blind) folded before Flop
Seat 5: Kosova1968 (big blind) collected ($2)


PokerStars Hand #160909825072:  Hold'em Limit ($3/$6 USD) - 2016/11/04 18:46:28 ET
Table 'Syrma II' 6-max Seat #5 is the button
Seat 4: RaisemyNut$ ($343.15 in chips)
Seat 5: Kosova1968 ($80.81 in chips)
Kosova1968: posts small blind $1
RaisemyNut$: posts big blind $3
*** HOLE CARDS ***
Kosova1968: calls $2
RaisemyNut$: checks
*** FLOP *** [Td 4h 4s]
RaisemyNut$: bets $3
Kosova1968: calls $3
*** TURN *** [Td 4h 4s] [4c]
RaisemyNut$: bets $6
Kosova1968: calls $6
*** RIVER *** [Td 4h 4s 4c] [9s]
RaisemyNut$: bets $6
Kosova1968: calls $6
*** SHOW DOWN ***
RaisemyNut$: shows [Ts 8h] (a full house, Fours full of Tens)
Kosova1968: mucks hand
RaisemyNut$ collected $35.50 from pot
*** SUMMARY ***
Total pot $36 | Rake $0.50
Board [Td 4h 4s 4c 9s]
Seat 4: RaisemyNut$ (big blind) showed [Ts 8h] and won ($35.50) with a full house, Fours full of Tens
Seat 5: Kosova1968 (button) (small blind) mucked


PokerStars Hand #160909946567:  Hold'em Limit ($3/$6 USD) - 2016/11/04 18:48:54 ET
Table 'Syrma II' 6-max Seat #4 is the button
Seat 4: RaisemyNut$ ($344.65 in chips)
Seat 5: Kosova1968 ($78.31 in chips)
RaisemyNut$: posts small blind $1
Kosova1968: posts big blind $3
*** HOLE CARDS ***
RaisemyNut$: raises $3 to $6
Kosova1968: calls $3
*** FLOP *** [8s 9h 8h]
Kosova1968: checks
RaisemyNut$: bets $3
Kosova1968: calls $3
*** TURN *** [8s 9h 8h] [Jd]
Kosova1968: checks
RaisemyNut$: bets $6
ToDaFelt joins the table at seat #1
Kosova1968: folds
Uncalled bet ($6) returned to RaisemyNut$
RaisemyNut$ collected $17.64 from pot
RaisemyNut$: doesn't show hand
*** SUMMARY ***
Total pot $18 | Rake $0.36
Board [8s 9h 8h Jd]
Seat 4: RaisemyNut$ (button) (small blind) collected ($17.64)
Seat 5: Kosova1968 (big blind) folded on the Turn


PokerStars Hand #160909867359:  Hold'em Limit ($3/$6 USD) - 2016/11/04 18:47:19 ET
Table 'Syrma II' 6-max Seat #5 is the button
Seat 4: RaisemyNut$ ($359.65 in chips)
Seat 5: Kosova1968 ($63.81 in chips)
Kosova1968: posts small blind $1
RaisemyNut$: posts big blind $3
*** HOLE CARDS ***
Kosova1968: raises $3 to $6
RaisemyNut$: calls $3
*** FLOP *** [8h 6c Ad]
RaisemyNut$: checks
aade1ante joins the table at seat #6
Kosova1968 is disconnected
Kosova1968 is connected
Kosova1968: bets $3
RaisemyNut$: calls $3
*** TURN *** [8h 6c Ad] [Kh]
RaisemyNut$: checks
Kosova1968: bets $6
RaisemyNut$: calls $6
*** RIVER *** [8h 6c Ad Kh] [6d]
RaisemyNut$: checks
Kosova1968: bets $6
RaisemyNut$: folds
Uncalled bet ($6) returned to Kosova1968
Kosova1968 collected $29.50 from pot
*** SUMMARY ***
Total pot $30 | Rake $0.50
Board [8h 6c Ad Kh 6d]
Seat 4: RaisemyNut$ (big blind) folded on the River
Seat 5: Kosova1968 (button) (small blind) collected ($29.50)


