PokerStars Hand #160452645952:  Hold'em Limit ($3/$6 USD) - 2016/10/26 3:46:17 ET
Table 'Tabit' 10-max Seat #6 is the button
Seat 1: LifeisagameX ($84 in chips)
Seat 6: Zubrik AnD ($131.52 in chips)
Zubrik AnD: posts small blind $1
LifeisagameX: posts big blind $3
*** HOLE CARDS ***
Zubrik AnD: folds
Uncalled bet ($2) returned to LifeisagameX
LifeisagameX collected $2 from pot
LifeisagameX: doesn't show hand
*** SUMMARY ***
Total pot $2 | Rake $0
Seat 1: LifeisagameX (big blind) collected ($2)
Seat 6: Zubrik AnD (button) (small blind) folded before Flop


PokerStars Hand #160452631463:  Hold'em Limit ($3/$6 USD) - 2016/10/26 3:45:26 ET
Table 'Tabit' 10-max Seat #1 is the button
Seat 1: LifeisagameX ($84 in chips)
Seat 6: Zubrik AnD ($120 in chips)
LifeisagameX: posts small blind $1
Zubrik AnD: posts big blind $3
*** HOLE CARDS ***
LifeisagameX: raises $3 to $6
Zubrik AnD: raises $3 to $9
LifeisagameX: calls $3
*** FLOP *** [Ac 7h 4d]
Zubrik AnD: bets $3
LifeisagameX: calls $3
*** TURN *** [Ac 7h 4d] [Ts]
Zubrik AnD: bets $6
LifeisagameX: folds
Uncalled bet ($6) returned to Zubrik AnD
Zubrik AnD collected $23.52 from pot
Zubrik AnD: doesn't show hand
*** SUMMARY ***
Total pot $24 | Rake $0.48
Board [Ac 7h 4d Ts]
Seat 1: LifeisagameX (button) (small blind) folded on the Turn
Seat 6: Zubrik AnD (big blind) collected ($23.52)


PokerStars Hand #160452658615:  Hold'em Limit ($3/$6 USD) - 2016/10/26 3:47:01 ET
Table 'Tabit' 10-max Seat #6 is the button
Seat 1: LifeisagameX ($84 in chips)
Seat 6: Zubrik AnD ($131.52 in chips)
Zubrik AnD: posts small blind $1
LifeisagameX: posts big blind $3
*** HOLE CARDS ***
Zubrik AnD: raises $3 to $6
LifeisagameX: raises $3 to $9
Zubrik AnD: calls $3
*** FLOP *** [Kc 3h 7c]
LifeisagameX: bets $3
Zubrik AnD: folds
Uncalled bet ($3) returned to LifeisagameX
LifeisagameX collected $17.64 from pot
*** SUMMARY ***
Total pot $18 | Rake $0.36
Board [Kc 3h 7c]
Seat 1: LifeisagameX (big blind) collected ($17.64)
Seat 6: Zubrik AnD (button) (small blind) folded on the Flop


PokerStars Hand #160452647602:  Hold'em Limit ($3/$6 USD) - 2016/10/26 3:46:23 ET
Table 'Tabit' 10-max Seat #1 is the button
Seat 1: LifeisagameX ($85 in chips)
Seat 6: Zubrik AnD ($130.52 in chips)
LifeisagameX: posts small blind $1
Zubrik AnD: posts big blind $3
*** HOLE CARDS ***
LifeisagameX: folds
Uncalled bet ($2) returned to Zubrik AnD
Zubrik AnD collected $2 from pot
Zubrik AnD: doesn't show hand
*** SUMMARY ***
Total pot $2 | Rake $0
Seat 1: LifeisagameX (button) (small blind) folded before Flop
Seat 6: Zubrik AnD (big blind) collected ($2)


PokerStars Hand #160452681963:  Hold'em Limit ($3/$6 USD) - 2016/10/26 3:48:23 ET
Table 'Tabit' 10-max Seat #6 is the button
Seat 1: LifeisagameX ($84 in chips)
Seat 6: Zubrik AnD ($131.16 in chips)
Zubrik AnD: posts small blind $1
LifeisagameX: posts big blind $3
*** HOLE CARDS ***
Zubrik AnD: folds
Uncalled bet ($2) returned to LifeisagameX
LifeisagameX collected $2 from pot
LifeisagameX: doesn't show hand
*** SUMMARY ***
Total pot $2 | Rake $0
Seat 1: LifeisagameX (big blind) collected ($2)
Seat 6: Zubrik AnD (button) (small blind) folded before Flop


PokerStars Hand #160452665174:  Hold'em Limit ($3/$6 USD) - 2016/10/26 3:47:24 ET
Table 'Tabit' 10-max Seat #1 is the button
Seat 1: LifeisagameX ($92.64 in chips)
Seat 6: Zubrik AnD ($122.52 in chips)
LifeisagameX: posts small blind $1
Zubrik AnD: posts big blind $3
*** HOLE CARDS ***
LifeisagameX: raises $3 to $6
Zubrik AnD: calls $3
*** FLOP *** [6h 7h Ts]
Zubrik AnD: checks
LifeisagameX: bets $3
Zubrik AnD: calls $3
*** TURN *** [6h 7h Ts] [Jd]
Zubrik AnD: checks
LifeisagameX: checks
*** RIVER *** [6h 7h Ts Jd] [Js]
Zubrik AnD: bets $6
LifeisagameX: folds
Uncalled bet ($6) returned to Zubrik AnD
Zubrik AnD collected $17.64 from pot
Zubrik AnD: doesn't show hand
*** SUMMARY ***
Total pot $18 | Rake $0.36
Board [6h 7h Ts Jd Js]
Seat 1: LifeisagameX (button) (small blind) folded on the River
Seat 6: Zubrik AnD (big blind) collected ($17.64)


PokerStars Hand #160452683457:  Hold'em Limit ($3/$6 USD) - 2016/10/26 3:48:28 ET
Table 'Tabit' 10-max Seat #1 is the button
Seat 1: LifeisagameX ($85 in chips)
Seat 6: Zubrik AnD ($130.16 in chips)
LifeisagameX: posts small blind $1
Zubrik AnD: posts big blind $3
*** HOLE CARDS ***
LifeisagameX: raises $3 to $6
Zubrik AnD: raises $3 to $9
LifeisagameX: calls $3
*** FLOP *** [Ts Ad 6s]
Zubrik AnD: bets $3
LifeisagameX: calls $3
*** TURN *** [Ts Ad 6s] [Jh]
Zubrik AnD: checks
LifeisagameX: checks
*** RIVER *** [Ts Ad 6s Jh] [6c]
Zubrik AnD: checks
LifeisagameX: bets $6
Zubrik AnD: raises $6 to $12
LifeisagameX: calls $6
*** SHOW DOWN ***
Zubrik AnD: shows [Kh Qs] (a straight, Ten to Ace)
LifeisagameX: mucks hand
Zubrik AnD collected $47.50 from pot
*** SUMMARY ***
Total pot $48 | Rake $0.50
Board [Ts Ad 6s Jh 6c]
Seat 1: LifeisagameX (button) (small blind) mucked
Seat 6: Zubrik AnD (big blind) showed [Kh Qs] and won ($47.50) with a straight, Ten to Ace


PokerStars Hand #160452729114:  Hold'em Limit ($3/$6 USD) - 2016/10/26 3:51:05 ET
Table 'Tabit' 10-max Seat #6 is the button
Seat 1: LifeisagameX ($109.50 in chips)
Seat 6: Zubrik AnD ($127.66 in chips)
Zubrik AnD: posts small blind $1
LifeisagameX: posts big blind $3
*** HOLE CARDS ***
Zubrik AnD: folds
Uncalled bet ($2) returned to LifeisagameX
LifeisagameX collected $2 from pot
*** SUMMARY ***
Total pot $2 | Rake $0
Seat 1: LifeisagameX (big blind) collected ($2)
Seat 6: Zubrik AnD (button) (small blind) folded before Flop


PokerStars Hand #160452724922:  Hold'em Limit ($3/$6 USD) - 2016/10/26 3:50:51 ET
Table 'Tabit' 10-max Seat #1 is the button
Seat 1: LifeisagameX ($110.50 in chips)
Seat 6: Zubrik AnD ($126.66 in chips)
LifeisagameX: posts small blind $1
Zubrik AnD: posts big blind $3
*** HOLE CARDS ***
LifeisagameX: folds
Uncalled bet ($2) returned to Zubrik AnD
Zubrik AnD collected $2 from pot
Zubrik AnD: doesn't show hand
*** SUMMARY ***
Total pot $2 | Rake $0
Seat 1: LifeisagameX (button) (small blind) folded before Flop
Seat 6: Zubrik AnD (big blind) collected ($2)


PokerStars Hand #160452706268:  Hold'em Limit ($3/$6 USD) - 2016/10/26 3:49:47 ET
Table 'Tabit' 10-max Seat #6 is the button
Seat 1: LifeisagameX ($84 in chips)
Seat 6: Zubrik AnD ($153.66 in chips)
Zubrik AnD: posts small blind $1
LifeisagameX: posts big blind $3
*** HOLE CARDS ***
Zubrik AnD: raises $3 to $6
LifeisagameX: calls $3
*** FLOP *** [8c 4h Qd]
LifeisagameX: checks
Zubrik AnD: bets $3
LifeisagameX: calls $3
*** TURN *** [8c 4h Qd] [Kd]
LifeisagameX: checks
Zubrik AnD: bets $6
LifeisagameX: raises $6 to $12
Zubrik AnD: calls $6
*** RIVER *** [8c 4h Qd Kd] [4s]
LifeisagameX: bets $6
Zubrik AnD: calls $6
*** SHOW DOWN ***
LifeisagameX: shows [Kc 8s] (two pair, Kings and Eights)
Zubrik AnD: mucks hand
LifeisagameX collected $53.50 from pot
*** SUMMARY ***
Total pot $54 | Rake $0.50
Board [8c 4h Qd Kd 4s]
Seat 1: LifeisagameX (big blind) showed [Kc 8s] and won ($53.50) with two pair, Kings and Eights
Seat 6: Zubrik AnD (button) (small blind) mucked


PokerStars Hand #160452746364:  Hold'em Limit ($3/$6 USD) - 2016/10/26 3:52:06 ET
Table 'Tabit' 10-max Seat #6 is the button
Seat 1: LifeisagameX ($98.50 in chips)
Seat 6: Zubrik AnD ($138.18 in chips)
Zubrik AnD: posts small blind $1
LifeisagameX: posts big blind $3
*** HOLE CARDS ***
Zubrik AnD: folds
Uncalled bet ($2) returned to LifeisagameX
LifeisagameX collected $2 from pot
LifeisagameX: doesn't show hand
*** SUMMARY ***
Total pot $2 | Rake $0
Seat 1: LifeisagameX (big blind) collected ($2)
Seat 6: Zubrik AnD (button) (small blind) folded before Flop


PokerStars Hand #160452730878:  Hold'em Limit ($3/$6 USD) - 2016/10/26 3:51:12 ET
Table 'Tabit' 10-max Seat #1 is the button
Seat 1: LifeisagameX ($110.50 in chips)
Seat 6: Zubrik AnD ($126.66 in chips)
LifeisagameX: posts small blind $1
Zubrik AnD: posts big blind $3
*** HOLE CARDS ***
LifeisagameX: raises $3 to $6
Zubrik AnD: calls $3
*** FLOP *** [Qd 8d 7d]
Zubrik AnD: checks
LifeisagameX: checks
*** TURN *** [Qd 8d 7d] [6s]
Zubrik AnD: bets $6
LifeisagameX: calls $6
*** RIVER *** [Qd 8d 7d 6s] [Kd]
Zubrik AnD: checks
LifeisagameX: checks
*** SHOW DOWN ***
Zubrik AnD: shows [8s Qc] (two pair, Queens and Eights)
LifeisagameX: mucks hand
Zubrik AnD collected $23.52 from pot
*** SUMMARY ***
Total pot $24 | Rake $0.48
Board [Qd 8d 7d 6s Kd]
Seat 1: LifeisagameX (button) (small blind) mucked
Seat 6: Zubrik AnD (big blind) showed [8s Qc] and won ($23.52) with two pair, Queens and Eights


PokerStars Hand #160452748238:  Hold'em Limit ($3/$6 USD) - 2016/10/26 3:52:12 ET
Table 'Tabit' 10-max Seat #1 is the button
Seat 1: LifeisagameX ($99.50 in chips)
Seat 6: Zubrik AnD ($137.18 in chips)
LifeisagameX: posts small blind $1
Zubrik AnD: posts big blind $3
*** HOLE CARDS ***
LifeisagameX: raises $3 to $6
Zubrik AnD: calls $3
*** FLOP *** [Ts 9c 8s]
Zubrik AnD: checks
LifeisagameX: bets $3
Zubrik AnD: calls $3
*** TURN *** [Ts 9c 8s] [5c]
Zubrik AnD: checks
LifeisagameX: bets $6
Zubrik AnD: calls $6
*** RIVER *** [Ts 9c 8s 5c] [5d]
Zubrik AnD: checks
LifeisagameX: bets $6
Zubrik AnD: folds
Uncalled bet ($6) returned to LifeisagameX
LifeisagameX collected $29.50 from pot
*** SUMMARY ***
Total pot $30 | Rake $0.50
Board [Ts 9c 8s 5c 5d]
Seat 1: LifeisagameX (button) (small blind) collected ($29.50)
Seat 6: Zubrik AnD (big blind) folded on the River


PokerStars Hand #160452756460:  Hold'em Limit ($3/$6 USD) - 2016/10/26 3:52:41 ET
Table 'Tabit' 10-max Seat #6 is the button
Seat 1: LifeisagameX ($114 in chips)
Seat 6: Zubrik AnD ($122.18 in chips)
Zubrik AnD: posts small blind $1
LifeisagameX: posts big blind $3
*** HOLE CARDS ***
Zubrik AnD: raises $3 to $6
LifeisagameX: raises $3 to $9
Zubrik AnD: raises $3 to $12
Betting is capped
LifeisagameX: calls $3
*** FLOP *** [4d Tc 5s]
LifeisagameX: bets $3
Zubrik AnD: calls $3
*** TURN *** [4d Tc 5s] [6c]
LifeisagameX: bets $6
Zubrik AnD: raises $6 to $12
LifeisagameX: calls $6
*** RIVER *** [4d Tc 5s 6c] [8s]
LifeisagameX: checks
Zubrik AnD: bets $6
LifeisagameX: calls $6
*** SHOW DOWN ***
Zubrik AnD: shows [Ks Kd] (a pair of Kings)
LifeisagameX: mucks hand
Zubrik AnD collected $65.50 from pot
*** SUMMARY ***
Total pot $66 | Rake $0.50
Board [4d Tc 5s 6c 8s]
Seat 1: LifeisagameX (big blind) mucked
Seat 6: Zubrik AnD (button) (small blind) showed [Ks Kd] and won ($65.50) with a pair of Kings


PokerStars Hand #160452770678:  Hold'em Limit ($3/$6 USD) - 2016/10/26 3:53:30 ET
Table 'Tabit' 10-max Seat #1 is the button
Seat 1: LifeisagameX ($84 in chips)
Seat 6: Zubrik AnD ($154.68 in chips)
LifeisagameX: posts small blind $1
Zubrik AnD: posts big blind $3
*** HOLE CARDS ***
LifeisagameX: raises $3 to $6
Zubrik AnD: calls $3
*** FLOP *** [8d Ts 4h]
Zubrik AnD: checks
LifeisagameX: bets $3
Zubrik AnD: calls $3
*** TURN *** [8d Ts 4h] [7d]
Zubrik AnD: checks
LifeisagameX: bets $6
Zubrik AnD: raises $6 to $12
LifeisagameX: calls $6
*** RIVER *** [8d Ts 4h 7d] [2d]
Zubrik AnD: bets $6
LifeisagameX: calls $6
*** SHOW DOWN ***
Zubrik AnD: shows [7h Ad] (a pair of Sevens)
LifeisagameX: shows [5h Td] (a pair of Tens)
LifeisagameX collected $53.50 from pot
*** SUMMARY ***
Total pot $54 | Rake $0.50
Board [8d Ts 4h 7d 2d]
Seat 1: LifeisagameX (button) (small blind) showed [5h Td] and won ($53.50) with a pair of Tens
Seat 6: Zubrik AnD (big blind) showed [7h Ad] and lost with a pair of Sevens


PokerStars Hand #160452785325:  Hold'em Limit ($3/$6 USD) - 2016/10/26 3:54:21 ET
Table 'Tabit' 10-max Seat #6 is the button
Seat 1: LifeisagameX ($110.50 in chips)
Seat 6: Zubrik AnD ($127.68 in chips)
Zubrik AnD: posts small blind $1
LifeisagameX: posts big blind $3
*** HOLE CARDS ***
Zubrik AnD: raises $3 to $6
LifeisagameX: raises $3 to $9
Zubrik AnD: calls $3
*** FLOP *** [3s Qs Jd]
LifeisagameX: bets $3
Zubrik AnD: calls $3
*** TURN *** [3s Qs Jd] [7s]
LifeisagameX: bets $6
Zubrik AnD: calls $6
*** RIVER *** [3s Qs Jd 7s] [8s]
LifeisagameX: bets $6
Zubrik AnD: calls $6
*** SHOW DOWN ***
LifeisagameX: shows [9h Th] (a straight, Eight to Queen)
Zubrik AnD: shows [Ts Kh] (a flush, Queen high)
Zubrik AnD collected $47.50 from pot
*** SUMMARY ***
Total pot $48 | Rake $0.50
Board [3s Qs Jd 7s 8s]
Seat 1: LifeisagameX (big blind) showed [9h Th] and lost with a straight, Eight to Queen
Seat 6: Zubrik AnD (button) (small blind) showed [Ts Kh] and won ($47.50) with a flush, Queen high


PokerStars Hand #160452817753:  Hold'em Limit ($3/$6 USD) - 2016/10/26 3:56:21 ET
Table 'Tabit' 10-max Seat #6 is the button
Seat 1: LifeisagameX ($90.76 in chips)
Seat 6: Zubrik AnD ($167.68 in chips)
Zubrik AnD: posts small blind $1
LifeisagameX: posts big blind $3
*** HOLE CARDS ***
Zubrik AnD: folds
Uncalled bet ($2) returned to LifeisagameX
LifeisagameX collected $2 from pot
LifeisagameX: doesn't show hand
*** SUMMARY ***
Total pot $2 | Rake $0
Seat 1: LifeisagameX (big blind) collected ($2)
Seat 6: Zubrik AnD (button) (small blind) folded before Flop


PokerStars Hand #160452811970:  Hold'em Limit ($3/$6 USD) - 2016/10/26 3:55:58 ET
Table 'Tabit' 10-max Seat #1 is the button
Seat 1: LifeisagameX ($85 in chips)
Seat 6: Zubrik AnD ($173.68 in chips)
LifeisagameX: posts small blind $1
Zubrik AnD: posts big blind $3
*** HOLE CARDS ***
LifeisagameX: raises $3 to $6
Zubrik AnD: calls $3
*** FLOP *** [7h Th Ah]
Zubrik AnD: checks
LifeisagameX: bets $3
Zubrik AnD: folds
Uncalled bet ($3) returned to LifeisagameX
LifeisagameX collected $11.76 from pot
*** SUMMARY ***
Total pot $12 | Rake $0.24
Board [7h Th Ah]
Seat 1: LifeisagameX (button) (small blind) collected ($11.76)
Seat 6: Zubrik AnD (big blind) folded on the Flop


PokerStars Hand #160452810526:  Hold'em Limit ($3/$6 USD) - 2016/10/26 3:55:53 ET
Table 'Tabit' 10-max Seat #6 is the button
Seat 1: LifeisagameX ($84 in chips)
Seat 6: Zubrik AnD ($174.68 in chips)
Zubrik AnD: posts small blind $1
LifeisagameX: posts big blind $3
*** HOLE CARDS ***
Zubrik AnD: folds
Uncalled bet ($2) returned to LifeisagameX
LifeisagameX collected $2 from pot
LifeisagameX: doesn't show hand
*** SUMMARY ***
Total pot $2 | Rake $0
Seat 1: LifeisagameX (big blind) collected ($2)
Seat 6: Zubrik AnD (button) (small blind) folded before Flop


PokerStars Hand #160452796904:  Hold'em Limit ($3/$6 USD) - 2016/10/26 3:55:00 ET
Table 'Tabit' 10-max Seat #1 is the button
Seat 1: LifeisagameX ($86.50 in chips)
Seat 6: Zubrik AnD ($151.18 in chips)
LifeisagameX: posts small blind $1
Zubrik AnD: posts big blind $3
*** HOLE CARDS ***
LifeisagameX: raises $3 to $6
Zubrik AnD: calls $3
*** FLOP *** [4h 8c 3s]
Zubrik AnD: checks
LifeisagameX: checks
*** TURN *** [4h 8c 3s] [2h]
Zubrik AnD: bets $6
LifeisagameX: calls $6
*** RIVER *** [4h 8c 3s 2h] [3d]
Zubrik AnD: bets $6
LifeisagameX: raises $6 to $12
Zubrik AnD: calls $6
*** SHOW DOWN ***
LifeisagameX: shows [6h Js] (a pair of Threes)
Zubrik AnD: shows [Td 8s] (two pair, Eights and Threes)
Zubrik AnD collected $47.50 from pot
*** SUMMARY ***
Total pot $48 | Rake $0.50
Board [4h 8c 3s 2h 3d]
Seat 1: LifeisagameX (button) (small blind) showed [6h Js] and lost with a pair of Threes
Seat 6: Zubrik AnD (big blind) showed [Td 8s] and won ($47.50) with two pair, Eights and Threes


PokerStars Hand #160452819536:  Hold'em Limit ($3/$6 USD) - 2016/10/26 3:56:28 ET
Table 'Tabit' 10-max Seat #1 is the button
Seat 1: LifeisagameX ($91.76 in chips)
Seat 6: Zubrik AnD ($166.68 in chips)
LifeisagameX: posts small blind $1
Zubrik AnD: posts big blind $3
*** HOLE CARDS ***
LifeisagameX: raises $3 to $6
Zubrik AnD: calls $3
*** FLOP *** [5s Jc 9c]
Zubrik AnD: checks
LifeisagameX: checks
*** TURN *** [5s Jc 9c] [4h]
Zubrik AnD: bets $6
LifeisagameX: calls $6
*** RIVER *** [5s Jc 9c 4h] [Qd]
Zubrik AnD: checks
LifeisagameX: checks
*** SHOW DOWN ***
Zubrik AnD: shows [5c 3c] (a pair of Fives)
LifeisagameX: mucks hand
Zubrik AnD collected $23.52 from pot
*** SUMMARY ***
Total pot $24 | Rake $0.48
Board [5s Jc 9c 4h Qd]
Seat 1: LifeisagameX (button) (small blind) mucked
Seat 6: Zubrik AnD (big blind) showed [5c 3c] and won ($23.52) with a pair of Fives


PokerStars Hand #160452833734:  Hold'em Limit ($3/$6 USD) - 2016/10/26 3:57:22 ET
Table 'Tabit' 10-max Seat #6 is the button
Seat 1: LifeisagameX ($84 in chips)
Seat 6: Zubrik AnD ($178.20 in chips)
Zubrik AnD: posts small blind $1
LifeisagameX: posts big blind $3
*** HOLE CARDS ***
Zubrik AnD: raises $3 to $6
LifeisagameX: calls $3
*** FLOP *** [3h 8h 3s]
LifeisagameX: checks
Zubrik AnD: checks
*** TURN *** [3h 8h 3s] [2h]
LifeisagameX: checks
Zubrik AnD: checks
*** RIVER *** [3h 8h 3s 2h] [4s]
LifeisagameX: checks
Zubrik AnD: checks
*** SHOW DOWN ***
LifeisagameX: shows [7c Qd] (a pair of Threes)
Zubrik AnD: mucks hand
LifeisagameX collected $11.76 from pot
*** SUMMARY ***
Total pot $12 | Rake $0.24
Board [3h 8h 3s 2h 4s]
Seat 1: LifeisagameX (big blind) showed [7c Qd] and won ($11.76) with a pair of Threes
Seat 6: Zubrik AnD (button) (small blind) mucked


PokerStars Hand #160452842761:  Hold'em Limit ($3/$6 USD) - 2016/10/26 3:57:58 ET
Table 'Tabit' 10-max Seat #1 is the button
Seat 1: LifeisagameX ($89.76 in chips)
Seat 6: Zubrik AnD ($172.20 in chips)
LifeisagameX: posts small blind $1
Zubrik AnD: posts big blind $3
*** HOLE CARDS ***
LifeisagameX: raises $3 to $6
Zubrik AnD: calls $3
*** FLOP *** [4d 5d 5h]
Zubrik AnD: checks
LifeisagameX: bets $3
Zubrik AnD: calls $3
*** TURN *** [4d 5d 5h] [6d]
Zubrik AnD: checks
LifeisagameX: bets $6
Zubrik AnD: calls $6
*** RIVER *** [4d 5d 5h 6d] [As]
Zubrik AnD: checks
LifeisagameX: bets $6
Zubrik AnD: folds
Uncalled bet ($6) returned to LifeisagameX
LifeisagameX collected $29.50 from pot
LifeisagameX: doesn't show hand
*** SUMMARY ***
Total pot $30 | Rake $0.50
Board [4d 5d 5h 6d As]
Seat 1: LifeisagameX (button) (small blind) collected ($29.50)
Seat 6: Zubrik AnD (big blind) folded on the River


PokerStars Hand #160452854040:  Hold'em Limit ($3/$6 USD) - 2016/10/26 3:58:42 ET
Table 'Tabit' 10-max Seat #6 is the button
Seat 1: LifeisagameX ($104.26 in chips)
Seat 6: Zubrik AnD ($157.20 in chips)
Zubrik AnD: posts small blind $1
LifeisagameX: posts big blind $3
*** HOLE CARDS ***
Zubrik AnD: raises $3 to $6
LifeisagameX: raises $3 to $9
Zubrik AnD: calls $3
*** FLOP *** [8h 2d Td]
LifeisagameX: bets $3
Zubrik AnD: calls $3
*** TURN *** [8h 2d Td] [2s]
LifeisagameX: bets $6
Zubrik AnD: calls $6
*** RIVER *** [8h 2d Td 2s] [Kd]
LifeisagameX: checks
Zubrik AnD: checks
*** SHOW DOWN ***
LifeisagameX: shows [8s 5s] (two pair, Eights and Deuces)
Zubrik AnD: mucks hand
LifeisagameX collected $35.50 from pot
*** SUMMARY ***
Total pot $36 | Rake $0.50
Board [8h 2d Td 2s Kd]
Seat 1: LifeisagameX (big blind) showed [8s 5s] and won ($35.50) with two pair, Eights and Deuces
Seat 6: Zubrik AnD (button) (small blind) mucked


PokerStars Hand #160452879242:  Hold'em Limit ($3/$6 USD) - 2016/10/26 4:00:20 ET
Table 'Tabit' 10-max Seat #6 is the button
Seat 1: LifeisagameX ($109.76 in chips)
Seat 6: Zubrik AnD ($150.72 in chips)
Zubrik AnD: posts small blind $1
LifeisagameX: posts big blind $3
*** HOLE CARDS ***
Zubrik AnD: folds
Uncalled bet ($2) returned to LifeisagameX
LifeisagameX collected $2 from pot
LifeisagameX: doesn't show hand
*** SUMMARY ***
Total pot $2 | Rake $0
Seat 1: LifeisagameX (big blind) collected ($2)
Seat 6: Zubrik AnD (button) (small blind) folded before Flop


PokerStars Hand #160452876849:  Hold'em Limit ($3/$6 USD) - 2016/10/26 4:00:11 ET
Table 'Tabit' 10-max Seat #1 is the button
Seat 1: LifeisagameX ($110.76 in chips)
Seat 6: Zubrik AnD ($149.72 in chips)
LifeisagameX: posts small blind $1
Zubrik AnD: posts big blind $3
*** HOLE CARDS ***
LifeisagameX: folds
Uncalled bet ($2) returned to Zubrik AnD
Zubrik AnD collected $2 from pot
Zubrik AnD: doesn't show hand
*** SUMMARY ***
Total pot $2 | Rake $0
Seat 1: LifeisagameX (button) (small blind) folded before Flop
Seat 6: Zubrik AnD (big blind) collected ($2)


PokerStars Hand #160452875433:  Hold'em Limit ($3/$6 USD) - 2016/10/26 4:00:05 ET
Table 'Tabit' 10-max Seat #6 is the button
Seat 1: LifeisagameX ($109.76 in chips)
Seat 6: Zubrik AnD ($150.72 in chips)
Zubrik AnD: posts small blind $1
LifeisagameX: posts big blind $3
*** HOLE CARDS ***
Zubrik AnD: folds
Uncalled bet ($2) returned to LifeisagameX
LifeisagameX collected $2 from pot
LifeisagameX: doesn't show hand
*** SUMMARY ***
Total pot $2 | Rake $0
Seat 1: LifeisagameX (big blind) collected ($2)
Seat 6: Zubrik AnD (button) (small blind) folded before Flop


PokerStars Hand #160452866872:  Hold'em Limit ($3/$6 USD) - 2016/10/26 3:59:32 ET
Table 'Tabit' 10-max Seat #1 is the button
Seat 1: LifeisagameX ($121.76 in chips)
Seat 6: Zubrik AnD ($139.20 in chips)
LifeisagameX: posts small blind $1
Zubrik AnD: posts big blind $3
*** HOLE CARDS ***
LifeisagameX: raises $3 to $6
Zubrik AnD: calls $3
*** FLOP *** [Qd Jd 4c]
Zubrik AnD: checks
LifeisagameX: checks
*** TURN *** [Qd Jd 4c] [4s]
Zubrik AnD: bets $6
LifeisagameX: calls $6
*** RIVER *** [Qd Jd 4c 4s] [As]
Zubrik AnD: checks
LifeisagameX: checks
*** SHOW DOWN ***
Zubrik AnD: shows [8s Jc] (two pair, Jacks and Fours)
LifeisagameX: mucks hand
Zubrik AnD collected $23.52 from pot
*** SUMMARY ***
Total pot $24 | Rake $0.48
Board [Qd Jd 4c 4s As]
Seat 1: LifeisagameX (button) (small blind) mucked
Seat 6: Zubrik AnD (big blind) showed [8s Jc] and won ($23.52) with two pair, Jacks and Fours


PokerStars Hand #160452881094:  Hold'em Limit ($3/$6 USD) - 2016/10/26 4:00:27 ET
Table 'Tabit' 10-max Seat #1 is the button
Seat 1: LifeisagameX ($110.76 in chips)
Seat 6: Zubrik AnD ($149.72 in chips)
LifeisagameX: posts small blind $1
Zubrik AnD: posts big blind $3
*** HOLE CARDS ***
LifeisagameX: raises $3 to $6
Zubrik AnD: calls $3
*** FLOP *** [7d Jd 5s]
Zubrik AnD: bets $3
LifeisagameX: raises $3 to $6
Zubrik AnD: calls $3
*** TURN *** [7d Jd 5s] [8s]
Zubrik AnD: checks
LifeisagameX: bets $6
Zubrik AnD: calls $6
*** RIVER *** [7d Jd 5s 8s] [Ts]
Zubrik AnD: checks
LifeisagameX: checks
*** SHOW DOWN ***
Zubrik AnD: shows [Tc 5d] (two pair, Tens and Fives)
LifeisagameX: mucks hand
Zubrik AnD collected $35.50 from pot
*** SUMMARY ***
Total pot $36 | Rake $0.50
Board [7d Jd 5s 8s Ts]
Seat 1: LifeisagameX (button) (small blind) mucked
Seat 6: Zubrik AnD (big blind) showed [Tc 5d] and won ($35.50) with two pair, Tens and Fives


PokerStars Hand #160452895554:  Hold'em Limit ($3/$6 USD) - 2016/10/26 4:01:19 ET
Table 'Tabit' 10-max Seat #6 is the button
Seat 1: LifeisagameX ($92.76 in chips)
Seat 6: Zubrik AnD ($167.22 in chips)
Zubrik AnD: posts small blind $1
LifeisagameX: posts big blind $3
*** HOLE CARDS ***
Zubrik AnD: raises $3 to $6
LifeisagameX: calls $3
*** FLOP *** [4c Td 2s]
LifeisagameX: checks
Zubrik AnD: bets $3
LifeisagameX: calls $3
*** TURN *** [4c Td 2s] [Qd]
LifeisagameX: checks
Zubrik AnD: bets $6
LifeisagameX: calls $6
*** RIVER *** [4c Td 2s Qd] [Ks]
LifeisagameX: checks
Zubrik AnD: bets $6
LifeisagameX: folds
Uncalled bet ($6) returned to Zubrik AnD
Zubrik AnD collected $29.50 from pot
Zubrik AnD: doesn't show hand
*** SUMMARY ***
Total pot $30 | Rake $0.50
Board [4c Td 2s Qd Ks]
Seat 1: LifeisagameX (big blind) folded on the River
Seat 6: Zubrik AnD (button) (small blind) collected ($29.50)


PokerStars Hand #160452925342:  Hold'em Limit ($3/$6 USD) - 2016/10/26 4:03:01 ET
Table 'Tabit' 10-max Seat #6 is the button
Seat 1: LifeisagameX ($89.76 in chips)
Seat 6: Zubrik AnD ($175.72 in chips)
Zubrik AnD: posts small blind $1
LifeisagameX: posts big blind $3
*** HOLE CARDS ***
Zubrik AnD: folds
Uncalled bet ($2) returned to LifeisagameX
LifeisagameX collected $2 from pot
LifeisagameX: doesn't show hand
*** SUMMARY ***
Total pot $2 | Rake $0
Seat 1: LifeisagameX (big blind) collected ($2)
Seat 6: Zubrik AnD (button) (small blind) folded before Flop


PokerStars Hand #160452917185:  Hold'em Limit ($3/$6 USD) - 2016/10/26 4:02:33 ET
Table 'Tabit' 10-max Seat #1 is the button
Seat 1: LifeisagameX ($84 in chips)
Seat 6: Zubrik AnD ($181.72 in chips)
LifeisagameX: posts small blind $1
Zubrik AnD: posts big blind $3
*** HOLE CARDS ***
LifeisagameX: raises $3 to $6
Zubrik AnD: calls $3
*** FLOP *** [8c Qs 6c]
Zubrik AnD: checks
LifeisagameX: checks
*** TURN *** [8c Qs 6c] [3c]
Zubrik AnD: checks
LifeisagameX: bets $6
Zubrik AnD: folds
Uncalled bet ($6) returned to LifeisagameX
LifeisagameX collected $11.76 from pot
LifeisagameX: doesn't show hand
*** SUMMARY ***
Total pot $12 | Rake $0.24
Board [8c Qs 6c 3c]
Seat 1: LifeisagameX (button) (small blind) collected ($11.76)
Seat 6: Zubrik AnD (big blind) folded on the Turn


PokerStars Hand #160452926851:  Hold'em Limit ($3/$6 USD) - 2016/10/26 4:03:07 ET
Table 'Tabit' 10-max Seat #1 is the button
Seat 1: LifeisagameX ($90.76 in chips)
Seat 6: Zubrik AnD ($174.72 in chips)
LifeisagameX: posts small blind $1
Zubrik AnD: posts big blind $3
*** HOLE CARDS ***
LifeisagameX: raises $3 to $6
Zubrik AnD: calls $3
*** FLOP *** [4h Th 2h]
Zubrik AnD: checks
LifeisagameX: bets $3
Zubrik AnD: folds
Uncalled bet ($3) returned to LifeisagameX
Zubrik AnD leaves the table
LifeisagameX collected $11.76 from pot
LifeisagameX: doesn't show hand
*** SUMMARY ***
Total pot $12 | Rake $0.24
Board [4h Th 2h]
Seat 1: LifeisagameX (button) (small blind) collected ($11.76)
Seat 6: Zubrik AnD (big blind) folded on the Flop


