PokerStars Hand #153244884576:  Hold'em Limit ($3/$6 USD) - 2016/05/13 6:23:28 ET
Table 'Tabit' 6-max Seat #3 is the button
Seat 3: FabronxRJ ($80 in chips)
Seat 5: Agrotait ($91.50 in chips)
FabronxRJ: posts small blind $1
Agrotait: posts big blind $3
*** HOLE CARDS ***
FabronxRJ said, "to take back"
FabronxRJ: raises $3 to $6
Agrotait: folds
Uncalled bet ($3) returned to FabronxRJ
FabronxRJ collected $6 from pot
FabronxRJ said, "filho da puta"
*** SUMMARY ***
Total pot $6 | Rake $0
Seat 3: FabronxRJ (button) (small blind) collected ($6)
Seat 5: Agrotait (big blind) folded before Flop


PokerStars Hand #153244881859:  Hold'em Limit ($3/$6 USD) - 2016/05/13 6:23:21 ET
Table 'Tabit' 6-max Seat #5 is the button
Seat 3: FabronxRJ ($79 in chips)
Seat 5: Agrotait ($92.50 in chips)
Agrotait: posts small blind $1
FabronxRJ: posts big blind $3
*** HOLE CARDS ***
FabronxRJ said, "ty"
Agrotait: folds
Uncalled bet ($2) returned to FabronxRJ
FabronxRJ said, "now i have"
FabronxRJ collected $2 from pot
*** SUMMARY ***
Total pot $2 | Rake $0
Seat 3: FabronxRJ (big blind) collected ($2)
Seat 5: Agrotait (button) (small blind) folded before Flop


PokerStars Hand #153244856456:  Hold'em Limit ($3/$6 USD) - 2016/05/13 6:22:18 ET
Table 'Tabit' 6-max Seat #3 is the button
Seat 3: FabronxRJ ($100 in chips)
Seat 5: Agrotait ($72 in chips)
FabronxRJ: posts small blind $1
Agrotait: posts big blind $3
*** HOLE CARDS ***
FabronxRJ said, "i going sleep let me leave"
FabronxRJ: raises $3 to $6
FabronxRJ said, "please"
Agrotait: calls $3
*** FLOP *** [2s 5h Qd]
Agrotait: checks
FabronxRJ said, "i dont saw you"
FabronxRJ said, "please"
FabronxRJ: bets $3
Agrotait: calls $3
*** TURN *** [2s 5h Qd] [7s]
FabronxRJ said, "i was at cellphone"
FabronxRJ said, "please bro"
FabronxRJ said, "i give ya dolls back"
Agrotait: bets $6
FabronxRJ: calls $6
*** RIVER *** [2s 5h Qd 7s] [5d]
Agrotait: bets $6
FabronxRJ: calls $6
*** SHOW DOWN ***
Agrotait: shows [Qc Jh] (two pair, Queens and Fives)
FabronxRJ: mucks hand
Agrotait collected $41.50 from pot
FabronxRJ said, "ok"
*** SUMMARY ***
Total pot $42 | Rake $0.50
Board [2s 5h Qd 7s 5d]
Seat 3: FabronxRJ (button) (small blind) mucked
Seat 5: Agrotait (big blind) showed [Qc Jh] and won ($41.50) with two pair, Queens and Fives


PokerStars Hand #153244904177:  Hold'em Limit ($3/$6 USD) - 2016/05/13 6:24:16 ET
Table 'Tabit' 6-max Seat #3 is the button
Seat 3: FabronxRJ ($86.75 in chips)
Seat 5: Agrotait ($84.25 in chips)
FabronxRJ: posts small blind $1
Agrotait: posts big blind $3
*** HOLE CARDS ***
FabronxRJ: folds
Uncalled bet ($2) returned to Agrotait
Agrotait collected $2 from pot
Agrotait: doesn't show hand
*** SUMMARY ***
Total pot $2 | Rake $0
Seat 3: FabronxRJ (button) (small blind) folded before Flop
Seat 5: Agrotait (big blind) collected ($2)


PokerStars Hand #153244901375:  Hold'em Limit ($3/$6 USD) - 2016/05/13 6:24:09 ET
Table 'Tabit' 6-max Seat #5 is the button
Seat 3: FabronxRJ ($85.75 in chips)
Seat 5: Agrotait ($85.25 in chips)
Agrotait: posts small blind $1
FabronxRJ: posts big blind $3
*** HOLE CARDS ***
Agrotait: folds
Uncalled bet ($2) returned to FabronxRJ
FabronxRJ said, "youre mtf"
FabronxRJ collected $2 from pot
FabronxRJ: doesn't show hand
*** SUMMARY ***
Total pot $2 | Rake $0
Seat 3: FabronxRJ (big blind) collected ($2)
Seat 5: Agrotait (button) (small blind) folded before Flop


PokerStars Hand #153244897899:  Hold'em Limit ($3/$6 USD) - 2016/05/13 6:24:01 ET
Table 'Tabit' 6-max Seat #3 is the button
Seat 3: FabronxRJ ($82.75 in chips)
Seat 5: Agrotait ($88.25 in chips)
FabronxRJ: posts small blind $1
Agrotait: posts big blind $3
*** HOLE CARDS ***
FabronxRJ: raises $3 to $6
Agrotait: folds
Uncalled bet ($3) returned to FabronxRJ
FabronxRJ collected $6 from pot
FabronxRJ said, "call??"
*** SUMMARY ***
Total pot $6 | Rake $0
Seat 3: FabronxRJ (button) (small blind) collected ($6)
Seat 5: Agrotait (big blind) folded before Flop


PokerStars Hand #153244888885:  Hold'em Limit ($3/$6 USD) - 2016/05/13 6:23:38 ET
Table 'Tabit' 6-max Seat #5 is the button
Seat 3: FabronxRJ ($83 in chips)
Seat 5: Agrotait ($88.50 in chips)
Agrotait: posts small blind $1
FabronxRJ: posts big blind $3
*** HOLE CARDS ***
Agrotait: raises $3 to $6
FabronxRJ: calls $3
*** FLOP *** [Kd Jc 6s]
FabronxRJ: checks
Agrotait: bets $3
FabronxRJ: raises $3 to $6
Agrotait: calls $3
*** TURN *** [Kd Jc 6s] [7h]
FabronxRJ: bets $6
Agrotait: calls $6
*** RIVER *** [Kd Jc 6s 7h] [Kh]
FabronxRJ: bets $6
Agrotait: calls $6
*** SHOW DOWN ***
FabronxRJ: shows [6d 5s] (two pair, Kings and Sixes)
Agrotait: shows [6h 9c] (two pair, Kings and Sixes)
FabronxRJ collected $23.75 from pot
Agrotait collected $23.75 from pot
*** SUMMARY ***
Total pot $48 | Rake $0.50
Board [Kd Jc 6s 7h Kh]
Seat 3: FabronxRJ (big blind) showed [6d 5s] and won ($23.75) with two pair, Kings and Sixes
Seat 5: Agrotait (button) (small blind) showed [6h 9c] and won ($23.75) with two pair, Kings and Sixes


PokerStars Hand #153244930462:  Hold'em Limit ($3/$6 USD) - 2016/05/13 6:25:21 ET
Table 'Tabit' 6-max Seat #5 is the button
Seat 3: FabronxRJ ($91.25 in chips)
Seat 5: Agrotait ($78.75 in chips)
Agrotait: posts small blind $1
FabronxRJ: posts big blind $3
*** HOLE CARDS ***
Agrotait: raises $3 to $6
FabronxRJ: calls $3
*** FLOP *** [Qd 6d 2d]
FabronxRJ: checks
Agrotait: bets $3
FabronxRJ: folds
Uncalled bet ($3) returned to Agrotait
Agrotait collected $11.76 from pot
Agrotait: doesn't show hand
*** SUMMARY ***
Total pot $12 | Rake $0.24
Board [Qd 6d 2d]
Seat 3: FabronxRJ (big blind) folded on the Flop
Seat 5: Agrotait (button) (small blind) collected ($11.76)


PokerStars Hand #153244918690:  Hold'em Limit ($3/$6 USD) - 2016/05/13 6:24:52 ET
Table 'Tabit' 6-max Seat #3 is the button
Seat 3: FabronxRJ ($70.75 in chips)
Seat 5: Agrotait ($99.75 in chips)
FabronxRJ: posts small blind $1
Agrotait: posts big blind $3
*** HOLE CARDS ***
FabronxRJ: raises $3 to $6
Agrotait: raises $3 to $9
FabronxRJ: raises $3 to $12
Betting is capped
Agrotait: calls $3
*** FLOP *** [3c 3s 8h]
Agrotait: checks
FabronxRJ: bets $3
Agrotait: calls $3
*** TURN *** [3c 3s 8h] [Js]
Agrotait: checks
FabronxRJ: checks
*** RIVER *** [3c 3s 8h Js] [6s]
Agrotait: bets $6
FabronxRJ: raises $6 to $12
Agrotait: folds
Uncalled bet ($6) returned to FabronxRJ
FabronxRJ collected $41.50 from pot
FabronxRJ: doesn't show hand
*** SUMMARY ***
Total pot $42 | Rake $0.50
Board [3c 3s 8h Js 6s]
Seat 3: FabronxRJ (button) (small blind) collected ($41.50)
Seat 5: Agrotait (big blind) folded on the River


PokerStars Hand #153244906367:  Hold'em Limit ($3/$6 USD) - 2016/05/13 6:24:22 ET
Table 'Tabit' 6-max Seat #5 is the button
Seat 3: FabronxRJ ($85.75 in chips)
Seat 5: Agrotait ($85.25 in chips)
Agrotait: posts small blind $1
FabronxRJ: posts big blind $3
*** HOLE CARDS ***
Agrotait: raises $3 to $6
FabronxRJ: calls $3
*** FLOP *** [6d 7d 9c]
FabronxRJ: checks
Agrotait: bets $3
FabronxRJ: calls $3
*** TURN *** [6d 7d 9c] [4d]
FabronxRJ: checks
Agrotait: bets $6
FabronxRJ: calls $6
*** RIVER *** [6d 7d 9c 4d] [Th]
FabronxRJ: checks
Agrotait: bets $6
FabronxRJ: folds
Uncalled bet ($6) returned to Agrotait
Agrotait collected $29.50 from pot
Agrotait: doesn't show hand
*** SUMMARY ***
Total pot $30 | Rake $0.50
Board [6d 7d 9c 4d Th]
Seat 3: FabronxRJ (big blind) folded on the River
Seat 5: Agrotait (button) (small blind) collected ($29.50)


PokerStars Hand #153244936406:  Hold'em Limit ($3/$6 USD) - 2016/05/13 6:25:36 ET
Table 'Tabit' 6-max Seat #3 is the button
Seat 3: FabronxRJ ($85.25 in chips)
Seat 5: Agrotait ($84.51 in chips)
FabronxRJ: posts small blind $1
Agrotait: posts big blind $3
*** HOLE CARDS ***
FabronxRJ: calls $2
Agrotait: checks
*** FLOP *** [6c 5c 6h]
Agrotait: checks
FabronxRJ: bets $3
Agrotait: raises $3 to $6
FabronxRJ: raises $3 to $9
Agrotait: calls $3
*** TURN *** [6c 5c 6h] [Jd]
Agrotait: checks
FabronxRJ: bets $6
Agrotait: calls $6
*** RIVER *** [6c 5c 6h Jd] [Td]
Agrotait: checks
FabronxRJ: bets $6
Agrotait: calls $6
*** SHOW DOWN ***
FabronxRJ: shows [Ts 4d] (two pair, Tens and Sixes)
Agrotait: mucks hand
FabronxRJ collected $47.50 from pot
*** SUMMARY ***
Total pot $48 | Rake $0.50
Board [6c 5c 6h Jd Td]
Seat 3: FabronxRJ (button) (small blind) showed [Ts 4d] and won ($47.50) with two pair, Tens and Sixes
Seat 5: Agrotait (big blind) mucked


PokerStars Hand #153244979232:  Hold'em Limit ($3/$6 USD) - 2016/05/13 6:27:22 ET
Table 'Tabit' 6-max Seat #3 is the button
Seat 3: FabronxRJ ($78.35 in chips)
Seat 5: Agrotait ($112.51 in chips)
FabronxRJ: posts small blind $1
Agrotait: posts big blind $3
*** HOLE CARDS ***
FabronxRJ: folds
Uncalled bet ($2) returned to Agrotait
Agrotait collected $2 from pot
Agrotait: doesn't show hand
*** SUMMARY ***
Total pot $2 | Rake $0
Seat 3: FabronxRJ (button) (small blind) folded before Flop
Seat 5: Agrotait (big blind) collected ($2)


PokerStars Hand #153244975093:  Hold'em Limit ($3/$6 USD) - 2016/05/13 6:27:11 ET
Table 'Tabit' 6-max Seat #5 is the button
Seat 3: FabronxRJ ($54.75 in chips)
Seat 5: Agrotait ($113.51 in chips)
Agrotait: posts small blind $1
FabronxRJ: posts big blind $3
*** HOLE CARDS ***
Agrotait: folds
Uncalled bet ($2) returned to FabronxRJ
FabronxRJ collected $2 from pot
FabronxRJ: doesn't show hand
*** SUMMARY ***
Total pot $2 | Rake $0
Seat 3: FabronxRJ (big blind) collected ($2)
Seat 5: Agrotait (button) (small blind) folded before Flop


PokerStars Hand #153244966111:  Hold'em Limit ($3/$6 USD) - 2016/05/13 6:26:49 ET
Table 'Tabit' 6-max Seat #3 is the button
Seat 3: FabronxRJ ($84.75 in chips)
Seat 5: Agrotait ($84.01 in chips)
FabronxRJ: posts small blind $1
Agrotait: posts big blind $3
*** HOLE CARDS ***
FabronxRJ: raises $3 to $6
Agrotait: calls $3
*** FLOP *** [9d 4h 5s]
Agrotait: checks
FabronxRJ: checks
*** TURN *** [9d 4h 5s] [2s]
Agrotait: bets $6
FabronxRJ: raises $6 to $12
Agrotait: raises $6 to $18
FabronxRJ: calls $6
*** RIVER *** [9d 4h 5s 2s] [Qs]
Agrotait: checks
FabronxRJ: bets $6
Agrotait: calls $6
*** SHOW DOWN ***
FabronxRJ: shows [2d Ts] (a pair of Deuces)
Agrotait: shows [7c 9s] (a pair of Nines)
Agrotait collected $59.50 from pot
*** SUMMARY ***
Total pot $60 | Rake $0.50
Board [9d 4h 5s 2s Qs]
Seat 3: FabronxRJ (button) (small blind) showed [2d Ts] and lost with a pair of Deuces
Seat 5: Agrotait (big blind) showed [7c 9s] and won ($59.50) with a pair of Nines


PokerStars Hand #153244951168:  Hold'em Limit ($3/$6 USD) - 2016/05/13 6:26:12 ET
Table 'Tabit' 6-max Seat #5 is the button
Seat 3: FabronxRJ ($108.75 in chips)
Seat 5: Agrotait ($60.51 in chips)
Agrotait: posts small blind $1
FabronxRJ: posts big blind $3
*** HOLE CARDS ***
Agrotait: raises $3 to $6
FabronxRJ: calls $3
*** FLOP *** [3h 8c Tc]
FabronxRJ: checks
Agrotait: bets $3
FabronxRJ: raises $3 to $6
Agrotait: calls $3
*** TURN *** [3h 8c Tc] [Td]
FabronxRJ: bets $6
Agrotait: calls $6
*** RIVER *** [3h 8c Tc Td] [Jd]
FabronxRJ: checks
Agrotait: bets $6
FabronxRJ: calls $6
*** SHOW DOWN ***
Agrotait: shows [Jc Qc] (two pair, Jacks and Tens)
FabronxRJ: mucks hand
Agrotait collected $47.50 from pot
*** SUMMARY ***
Total pot $48 | Rake $0.50
Board [3h 8c Tc Td Jd]
Seat 3: FabronxRJ (big blind) mucked
Seat 5: Agrotait (button) (small blind) showed [Jc Qc] and won ($47.50) with two pair, Jacks and Tens


PokerStars Hand #153244994166:  Hold'em Limit ($3/$6 USD) - 2016/05/13 6:27:59 ET
Table 'Tabit' 6-max Seat #3 is the button
Seat 3: FabronxRJ ($68.35 in chips)
Seat 5: Agrotait ($122.15 in chips)
FabronxRJ: posts small blind $1
Agrotait: posts big blind $3
*** HOLE CARDS ***
FabronxRJ: raises $3 to $6
Agrotait: raises $3 to $9
FabronxRJ: calls $3
*** FLOP *** [5c 3d 2d]
Agrotait: bets $3
FabronxRJ: calls $3
*** TURN *** [5c 3d 2d] [9d]
Agrotait: bets $6
FabronxRJ: calls $6
*** RIVER *** [5c 3d 2d 9d] [Qd]
Agrotait: bets $6
FabronxRJ said, "te odeio"
FabronxRJ said, "filho da puta"
FabronxRJ: raises $6 to $12
Agrotait: calls $6
*** SHOW DOWN ***
FabronxRJ: shows [6h Ad] (a flush, Ace high)
Agrotait: mucks hand
FabronxRJ collected $59.50 from pot
*** SUMMARY ***
Total pot $60 | Rake $0.50
Board [5c 3d 2d 9d Qd]
Seat 3: FabronxRJ (button) (small blind) showed [6h Ad] and won ($59.50) with a flush, Ace high
Seat 5: Agrotait (big blind) mucked


PokerStars Hand #153244981105:  Hold'em Limit ($3/$6 USD) - 2016/05/13 6:27:27 ET
Table 'Tabit' 6-max Seat #5 is the button
Seat 3: FabronxRJ ($77.35 in chips)
Seat 5: Agrotait ($113.51 in chips)
Agrotait: posts small blind $1
FabronxRJ: posts big blind $3
*** HOLE CARDS ***
Agrotait: raises $3 to $6
FabronxRJ: calls $3
*** FLOP *** [As 6c 3s]
FabronxRJ: checks
Agrotait: bets $3
FabronxRJ: calls $3
*** TURN *** [As 6c 3s] [9h]
FabronxRJ: checks
Agrotait: bets $6
FabronxRJ: folds
Uncalled bet ($6) returned to Agrotait
Agrotait collected $17.64 from pot
Agrotait: doesn't show hand
*** SUMMARY ***
Total pot $18 | Rake $0.36
Board [As 6c 3s 9h]
Seat 3: FabronxRJ (big blind) folded on the Turn
Seat 5: Agrotait (button) (small blind) collected ($17.64)


PokerStars Hand #153245018111:  Hold'em Limit ($3/$6 USD) - 2016/05/13 6:28:59 ET
Table 'Tabit' 6-max Seat #3 is the button
Seat 3: FabronxRJ ($97.61 in chips)
Seat 5: Agrotait ($91.91 in chips)
FabronxRJ: posts small blind $1
Agrotait: posts big blind $3
*** HOLE CARDS ***
FabronxRJ: calls $2
Agrotait: checks
*** FLOP *** [7h Th Qs]
Agrotait: checks
FabronxRJ: checks
*** TURN *** [7h Th Qs] [Ts]
Agrotait: checks
FabronxRJ: bets $6
Agrotait: calls $6
*** RIVER *** [7h Th Qs Ts] [6c]
Agrotait: checks
FabronxRJ: checks
*** SHOW DOWN ***
Agrotait: shows [Jd 7c] (two pair, Tens and Sevens)
FabronxRJ: mucks hand
Agrotait collected $17.64 from pot
*** SUMMARY ***
Total pot $18 | Rake $0.36
Board [7h Th Qs Ts 6c]
Seat 3: FabronxRJ (button) (small blind) mucked
Seat 5: Agrotait (big blind) showed [Jd 7c] and won ($17.64) with two pair, Tens and Sevens


PokerStars Hand #153245009637:  Hold'em Limit ($3/$6 USD) - 2016/05/13 6:28:38 ET
Table 'Tabit' 6-max Seat #5 is the button
Seat 3: FabronxRJ ($97.85 in chips)
Seat 5: Agrotait ($92.15 in chips)
Agrotait: posts small blind $1
FabronxRJ: posts big blind $3
*** HOLE CARDS ***
Agrotait: raises $3 to $6
FabronxRJ: calls $3
*** FLOP *** [Jc 7s 4c]
FabronxRJ: checks
Agrotait: checks
*** TURN *** [Jc 7s 4c] [7h]
FabronxRJ: checks
Agrotait: checks
*** RIVER *** [Jc 7s 4c 7h] [5s]
FabronxRJ: checks
Agrotait: bets $6
FabronxRJ: calls $6
*** SHOW DOWN ***
Agrotait: shows [9c 5d] (two pair, Sevens and Fives)
FabronxRJ: shows [5h 6c] (two pair, Sevens and Fives)
FabronxRJ collected $11.76 from pot
Agrotait collected $11.76 from pot
*** SUMMARY ***
Total pot $24 | Rake $0.48
Board [Jc 7s 4c 7h 5s]
Seat 3: FabronxRJ (big blind) showed [5h 6c] and won ($11.76) with two pair, Sevens and Fives
Seat 5: Agrotait (button) (small blind) showed [9c 5d] and won ($11.76) with two pair, Sevens and Fives


PokerStars Hand #153245047190:  Hold'em Limit ($3/$6 USD) - 2016/05/13 6:30:11 ET
Table 'Tabit' 6-max Seat #5 is the button
Seat 3: FabronxRJ ($91.37 in chips)
Seat 5: Agrotait ($97.55 in chips)
Agrotait: posts small blind $1
FabronxRJ: posts big blind $3
*** HOLE CARDS ***
Agrotait: raises $3 to $6
FabronxRJ: calls $3
*** FLOP *** [6h 9h 3d]
FabronxRJ: checks
Agrotait: bets $3
FabronxRJ: raises $3 to $6
Agrotait: calls $3
*** TURN *** [6h 9h 3d] [8h]
FabronxRJ: checks
Agrotait: checks
*** RIVER *** [6h 9h 3d 8h] [7c]
FabronxRJ: checks
Agrotait: checks
*** SHOW DOWN ***
FabronxRJ: shows [2s Ac] (high card Ace)
Agrotait: mucks hand
FabronxRJ collected $23.52 from pot
*** SUMMARY ***
Total pot $24 | Rake $0.48
Board [6h 9h 3d 8h 7c]
Seat 3: FabronxRJ (big blind) showed [2s Ac] and won ($23.52) with high card Ace
Seat 5: Agrotait (button) (small blind) mucked


PokerStars Hand #153245036972:  Hold'em Limit ($3/$6 USD) - 2016/05/13 6:29:46 ET
Table 'Tabit' 6-max Seat #3 is the button
Seat 3: FabronxRJ ($85.61 in chips)
Seat 5: Agrotait ($103.55 in chips)
FabronxRJ: posts small blind $1
Agrotait: posts big blind $3
*** HOLE CARDS ***
FabronxRJ: raises $3 to $6
Agrotait: calls $3
*** FLOP *** [8d 9s 2s]
Agrotait: checks
FabronxRJ: bets $3
Agrotait: folds
Uncalled bet ($3) returned to FabronxRJ
FabronxRJ collected $11.76 from pot
FabronxRJ: doesn't show hand
*** SUMMARY ***
Total pot $12 | Rake $0.24
Board [8d 9s 2s]
Seat 3: FabronxRJ (button) (small blind) collected ($11.76)
Seat 5: Agrotait (big blind) folded on the Flop


PokerStars Hand #153245031779:  Hold'em Limit ($3/$6 USD) - 2016/05/13 6:29:33 ET
Table 'Tabit' 6-max Seat #5 is the button
Seat 3: FabronxRJ ($88.61 in chips)
Seat 5: Agrotait ($100.55 in chips)
Agrotait: posts small blind $1
FabronxRJ: posts big blind $3
*** HOLE CARDS ***
Agrotait: raises $3 to $6
FabronxRJ: folds
Uncalled bet ($3) returned to Agrotait
Agrotait collected $6 from pot
Agrotait: doesn't show hand
*** SUMMARY ***
Total pot $6 | Rake $0
Seat 3: FabronxRJ (big blind) folded before Flop
Seat 5: Agrotait (button) (small blind) collected ($6)


PokerStars Hand #153245057112:  Hold'em Limit ($3/$6 USD) - 2016/05/13 6:30:36 ET
Table 'Tabit' 6-max Seat #3 is the button
Seat 3: FabronxRJ ($102.89 in chips)
Seat 5: Agrotait ($85.55 in chips)
FabronxRJ: posts small blind $1
Agrotait: posts big blind $3
*** HOLE CARDS ***
FabronxRJ: calls $2
Agrotait: raises $3 to $6
FabronxRJ: calls $3
*** FLOP *** [Kc Kh 5c]
Agrotait: bets $3
FabronxRJ: calls $3
*** TURN *** [Kc Kh 5c] [2s]
Agrotait: bets $6
FabronxRJ: folds
Uncalled bet ($6) returned to Agrotait
Agrotait collected $17.64 from pot
Agrotait: doesn't show hand
*** SUMMARY ***
Total pot $18 | Rake $0.36
Board [Kc Kh 5c 2s]
Seat 3: FabronxRJ (button) (small blind) folded on the Turn
Seat 5: Agrotait (big blind) collected ($17.64)


PokerStars Hand #153245067679:  Hold'em Limit ($3/$6 USD) - 2016/05/13 6:31:03 ET
Table 'Tabit' 6-max Seat #5 is the button
Seat 3: FabronxRJ ($93.89 in chips)
Seat 5: Agrotait ($94.19 in chips)
Agrotait: posts small blind $1
FabronxRJ: posts big blind $3
*** HOLE CARDS ***
Agrotait: raises $3 to $6
FabronxRJ: raises $3 to $9
slava1482606 joins the table at seat #2
Agrotait: calls $3
*** FLOP *** [4s 2s 3c]
FabronxRJ: bets $3
Agrotait: calls $3
*** TURN *** [4s 2s 3c] [5c]
FabronxRJ: bets $6
Agrotait: calls $6
*** RIVER *** [4s 2s 3c 5c] [8d]
FabronxRJ: bets $6
sailence joins the table at seat #4
Agrotait: calls $6
*** SHOW DOWN ***
FabronxRJ: shows [Ac Kc] (a straight, Ace to Five)
Agrotait: shows [7s Ah] (a straight, Ace to Five)
FabronxRJ collected $23.75 from pot
Agrotait collected $23.75 from pot
*** SUMMARY ***
Total pot $48 | Rake $0.50
Board [4s 2s 3c 5c 8d]
Seat 3: FabronxRJ (big blind) showed [Ac Kc] and won ($23.75) with a straight, Ace to Five
Seat 5: Agrotait (button) (small blind) showed [7s Ah] and won ($23.75) with a straight, Ace to Five


PokerStars Hand #153247260840:  Hold'em Limit ($3/$6 USD) - 2016/05/13 7:55:40 ET
Table 'Tabit' 6-max Seat #2 is the button
Seat 2: slava1482606 ($221.64 in chips)
Seat 5: Agrotait ($197.91 in chips)
slava1482606: posts small blind $1
Fabulous108: is sitting out
Agrotait: posts big blind $3
*** HOLE CARDS ***
slava1482606: raises $3 to $6
Agrotait: folds
Uncalled bet ($3) returned to slava1482606
slava1482606 collected $6 from pot
slava1482606: doesn't show hand
*** SUMMARY ***
Total pot $6 | Rake $0
Seat 2: slava1482606 (button) (small blind) collected ($6)
Seat 5: Agrotait (big blind) folded before Flop


PokerStars Hand #153247267505:  Hold'em Limit ($3/$6 USD) - 2016/05/13 7:55:57 ET
Table 'Tabit' 6-max Seat #2 is the button
Seat 2: slava1482606 ($221.64 in chips)
Seat 5: Agrotait ($197.91 in chips)
slava1482606: posts small blind $1
Agrotait: posts big blind $3
*** HOLE CARDS ***
slava1482606: calls $2
Agrotait: raises $3 to $6
slava1482606: calls $3
*** FLOP *** [9h 8s Td]
Agrotait: bets $3
slava1482606: calls $3
*** TURN *** [9h 8s Td] [2h]
Agrotait: bets $6
slava1482606: calls $6
*** RIVER *** [9h 8s Td 2h] [Jd]
Agrotait: checks
slava1482606: bets $6
Agrotait: calls $6
*** SHOW DOWN ***
slava1482606: shows [Kh 8d] (a pair of Eights)
Agrotait: shows [Th Kd] (a pair of Tens)
Agrotait collected $41.50 from pot
*** SUMMARY ***
Total pot $42 | Rake $0.50
Board [9h 8s Td 2h Jd]
Seat 2: slava1482606 (button) (small blind) showed [Kh 8d] and lost with a pair of Eights
Seat 5: Agrotait (big blind) showed [Th Kd] and won ($41.50) with a pair of Tens


PokerStars Hand #153247264391:  Hold'em Limit ($3/$6 USD) - 2016/05/13 7:55:49 ET
Table 'Tabit' 6-max Seat #5 is the button
Seat 2: slava1482606 ($224.64 in chips)
Seat 5: Agrotait ($194.91 in chips)
Agrotait: posts small blind $1
slava1482606: posts big blind $3
*** HOLE CARDS ***
Agrotait: raises $3 to $6
slava1482606: folds
Uncalled bet ($3) returned to Agrotait
Agrotait collected $6 from pot
Agrotait: doesn't show hand
*** SUMMARY ***
Total pot $6 | Rake $0
Seat 2: slava1482606 (big blind) folded before Flop
Seat 5: Agrotait (button) (small blind) collected ($6)


PokerStars Hand #153247279492:  Hold'em Limit ($3/$6 USD) - 2016/05/13 7:56:26 ET
Table 'Tabit' 6-max Seat #5 is the button
Seat 2: slava1482606 ($200.64 in chips)
Seat 5: Agrotait ($218.41 in chips)
Agrotait: posts small blind $1
slava1482606: posts big blind $3
*** HOLE CARDS ***
Agrotait: raises $3 to $6
slava1482606: calls $3
*** FLOP *** [Qh Qs 5h]
Fabulous108 leaves the table
slava1482606: checks
Agrotait: bets $3
slava1482606: folds
Uncalled bet ($3) returned to Agrotait
Agrotait collected $11.76 from pot
Agrotait: doesn't show hand
*** SUMMARY ***
Total pot $12 | Rake $0.24
Board [Qh Qs 5h]
Seat 2: slava1482606 (big blind) folded on the Flop
Seat 5: Agrotait (button) (small blind) collected ($11.76)


