PokerStars Hand #158136207217:  Hold'em Limit ($3/$6 USD) - 2016/09/04 4:58:31 ET
Table 'Tabit' 6-max Seat #6 is the button
Seat 3: simper11 ($142.46 in chips)
Seat 6: fwilliams007 ($106.33 in chips)
fwilliams007: posts small blind $1
Apanage: is sitting out
simper11: posts big blind $3
*** HOLE CARDS ***
fwilliams007: raises $3 to $6
simper11: calls $3
*** FLOP *** [Jd 2d 2c]
simper11: checks
fwilliams007: bets $3
simper11: raises $3 to $6
fwilliams007: folds
Uncalled bet ($3) returned to simper11
simper11 collected $17.64 from pot
simper11: doesn't show hand
*** SUMMARY ***
Total pot $18 | Rake $0.36
Board [Jd 2d 2c]
Seat 3: simper11 (big blind) collected ($17.64)
Seat 6: fwilliams007 (button) (small blind) folded on the Flop


PokerStars Hand #158136219655:  Hold'em Limit ($3/$6 USD) - 2016/09/04 4:59:09 ET
Table 'Tabit' 6-max Seat #3 is the button
Seat 3: simper11 ($141.74 in chips)
Seat 6: fwilliams007 ($105.83 in chips)
simper11: posts small blind $1
fwilliams007: posts big blind $3
*** HOLE CARDS ***
simper11: raises $3 to $6
fwilliams007: raises $3 to $9
simper11: calls $3
*** FLOP *** [9s 5c 9h]
fwilliams007: bets $3
simper11: calls $3
*** TURN *** [9s 5c 9h] [3d]
fwilliams007: bets $6
simper11: calls $6
*** RIVER *** [9s 5c 9h 3d] [7d]
fwilliams007: checks
simper11: checks
*** SHOW DOWN ***
fwilliams007: shows [Ks Kc] (two pair, Kings and Nines)
simper11: mucks hand
fwilliams007 collected $35.50 from pot
*** SUMMARY ***
Total pot $36 | Rake $0.50
Board [9s 5c 9h 3d 7d]
Seat 3: simper11 (button) (small blind) mucked
Seat 6: fwilliams007 (big blind) showed [Ks Kc] and won ($35.50) with two pair, Kings and Nines


PokerStars Hand #158136216608:  Hold'em Limit ($3/$6 USD) - 2016/09/04 4:58:59 ET
Table 'Tabit' 6-max Seat #6 is the button
Seat 3: simper11 ($133.10 in chips)
Seat 6: fwilliams007 ($114.83 in chips)
fwilliams007: posts small blind $1
simper11: posts big blind $3
*** HOLE CARDS ***
fwilliams007: raises $3 to $6
simper11: calls $3
*** FLOP *** [Ad Qh 5c]
simper11: checks
Apanage leaves the table
fwilliams007: bets $3
simper11: raises $3 to $6
fwilliams007: folds
Uncalled bet ($3) returned to simper11
simper11 collected $17.64 from pot
simper11: doesn't show hand
*** SUMMARY ***
Total pot $18 | Rake $0.36
Board [Ad Qh 5c]
Seat 3: simper11 (big blind) collected ($17.64)
Seat 6: fwilliams007 (button) (small blind) folded on the Flop


PokerStars Hand #158136211266:  Hold'em Limit ($3/$6 USD) - 2016/09/04 4:58:43 ET
Table 'Tabit' 6-max Seat #3 is the button
Seat 3: simper11 ($151.10 in chips)
Seat 6: fwilliams007 ($97.33 in chips)
simper11: posts small blind $1
fwilliams007: posts big blind $3
*** HOLE CARDS ***
simper11: raises $3 to $6
fwilliams007: raises $3 to $9
simper11: calls $3
*** FLOP *** [3s 2c Ts]
fwilliams007: bets $3
simper11: calls $3
*** TURN *** [3s 2c Ts] [6c]
fwilliams007: bets $6
simper11: calls $6
*** RIVER *** [3s 2c Ts 6c] [7h]
fwilliams007: bets $6
simper11: folds
Uncalled bet ($6) returned to fwilliams007
fwilliams007 collected $35.50 from pot
fwilliams007: doesn't show hand
*** SUMMARY ***
Total pot $36 | Rake $0.50
Board [3s 2c Ts 6c 7h]
Seat 3: simper11 (button) (small blind) folded on the River
Seat 6: fwilliams007 (big blind) collected ($35.50)


PokerStars Hand #158136247133:  Hold'em Limit ($3/$6 USD) - 2016/09/04 5:00:31 ET
Table 'Tabit' 6-max Seat #6 is the button
Seat 3: simper11 ($138.50 in chips)
Seat 6: fwilliams007 ($150.33 in chips)
fwilliams007: posts small blind $1
simper11: posts big blind $3
*** HOLE CARDS ***
fwilliams007: folds
Uncalled bet ($2) returned to simper11
simper11 collected $2 from pot
simper11: doesn't show hand
*** SUMMARY ***
Total pot $2 | Rake $0
Seat 3: simper11 (big blind) collected ($2)
Seat 6: fwilliams007 (button) (small blind) folded before Flop


PokerStars Hand #158136241140:  Hold'em Limit ($3/$6 USD) - 2016/09/04 5:00:14 ET
Table 'Tabit' 6-max Seat #3 is the button
Seat 3: simper11 ($121 in chips)
Seat 6: fwilliams007 ($168.33 in chips)
simper11: posts small blind $1
fwilliams007: posts big blind $3
*** HOLE CARDS ***
simper11: raises $3 to $6
fwilliams007: raises $3 to $9
simper11: calls $3
*** FLOP *** [6h Ah 7s]
fwilliams007: bets $3
simper11: calls $3
*** TURN *** [6h Ah 7s] [Kc]
fwilliams007: checks
simper11: checks
*** RIVER *** [6h Ah 7s Kc] [2d]
fwilliams007: checks
simper11: bets $6
fwilliams007: calls $6
*** SHOW DOWN ***
simper11: shows [5d 6s] (a pair of Sixes)
fwilliams007: mucks hand
simper11 collected $35.50 from pot
*** SUMMARY ***
Total pot $36 | Rake $0.50
Board [6h Ah 7s Kc 2d]
Seat 3: simper11 (button) (small blind) showed [5d 6s] and won ($35.50) with a pair of Sixes
Seat 6: fwilliams007 (big blind) mucked


PokerStars Hand #158136239532:  Hold'em Limit ($3/$6 USD) - 2016/09/04 5:00:09 ET
Table 'Tabit' 6-max Seat #6 is the button
Seat 3: simper11 ($120 in chips)
Seat 6: fwilliams007 ($169.33 in chips)
fwilliams007: posts small blind $1
simper11: posts big blind $3
*** HOLE CARDS ***
fwilliams007: folds
Uncalled bet ($2) returned to simper11
simper11 collected $2 from pot
simper11: doesn't show hand
*** SUMMARY ***
Total pot $2 | Rake $0
Seat 3: simper11 (big blind) collected ($2)
Seat 6: fwilliams007 (button) (small blind) folded before Flop


PokerStars Hand #158136234817:  Hold'em Limit ($3/$6 USD) - 2016/09/04 4:59:55 ET
Table 'Tabit' 6-max Seat #3 is the button
Seat 3: simper11 ($124 in chips)
Seat 6: fwilliams007 ($145.83 in chips)
simper11: posts small blind $1
fwilliams007: posts big blind $3
*** HOLE CARDS ***
simper11: raises $3 to $6
fwilliams007: raises $3 to $9
simper11: calls $3
*** FLOP *** [4d 2h Js]
fwilliams007: bets $3
simper11: calls $3
*** TURN *** [4d 2h Js] [Ac]
fwilliams007: bets $6
simper11: calls $6
*** RIVER *** [4d 2h Js Ac] [7c]
fwilliams007: bets $6
simper11: calls $6
*** SHOW DOWN ***
fwilliams007: shows [9h As] (a pair of Aces)
simper11: mucks hand
fwilliams007 collected $47.50 from pot
*** SUMMARY ***
Total pot $48 | Rake $0.50
Board [4d 2h Js Ac 7c]
Seat 3: simper11 (button) (small blind) mucked
Seat 6: fwilliams007 (big blind) showed [9h As] and won ($47.50) with a pair of Aces


PokerStars Hand #158136232932:  Hold'em Limit ($3/$6 USD) - 2016/09/04 4:59:49 ET
Table 'Tabit' 6-max Seat #6 is the button
Seat 3: simper11 ($123 in chips)
Seat 6: fwilliams007 ($146.83 in chips)
fwilliams007: posts small blind $1
simper11: posts big blind $3
*** HOLE CARDS ***
fwilliams007: folds
Uncalled bet ($2) returned to simper11
simper11 collected $2 from pot
simper11: doesn't show hand
*** SUMMARY ***
Total pot $2 | Rake $0
Seat 3: simper11 (big blind) collected ($2)
Seat 6: fwilliams007 (button) (small blind) folded before Flop


PokerStars Hand #158136230921:  Hold'em Limit ($3/$6 USD) - 2016/09/04 4:59:43 ET
Table 'Tabit' 6-max Seat #3 is the button
Seat 3: simper11 ($120 in chips)
Seat 6: fwilliams007 ($149.83 in chips)
simper11: posts small blind $1
fwilliams007: posts big blind $3
*** HOLE CARDS ***
simper11 said, "ahaha"
simper11: raises $3 to $6
fwilliams007: folds
Uncalled bet ($3) returned to simper11
simper11 said, "haahahah"
simper11 said, "hahahaha"
simper11 collected $6 from pot
simper11: doesn't show hand
simper11 said, "hahah"
*** SUMMARY ***
Total pot $6 | Rake $0
Seat 3: simper11 (button) (small blind) collected ($6)
Seat 6: fwilliams007 (big blind) folded before Flop


PokerStars Hand #158136225418:  Hold'em Limit ($3/$6 USD) - 2016/09/04 4:59:26 ET
Table 'Tabit' 6-max Seat #6 is the button
Seat 3: simper11 ($123.74 in chips)
Seat 6: fwilliams007 ($123.33 in chips)
fwilliams007: posts small blind $1
simper11: posts big blind $3
*** HOLE CARDS ***
fwilliams007: raises $3 to $6
simper11: calls $3
*** FLOP *** [6d 2c 5d]
simper11: checks
fwilliams007: bets $3
simper11: raises $3 to $6
fwilliams007: raises $3 to $9
simper11: calls $3
*** TURN *** [6d 2c 5d] [2s]
simper11: checks
fwilliams007: bets $6
simper11: calls $6
*** RIVER *** [6d 2c 5d 2s] [9c]
simper11: checks
fwilliams007: bets $6
simper11: calls $6
*** SHOW DOWN ***
fwilliams007: shows [2h Kc] (three of a kind, Deuces)
simper11: mucks hand
fwilliams007 collected $53.50 from pot
*** SUMMARY ***
Total pot $54 | Rake $0.50
Board [6d 2c 5d 2s 9c]
Seat 3: simper11 (big blind) mucked
Seat 6: fwilliams007 (button) (small blind) showed [2h Kc] and won ($53.50) with three of a kind, Deuces


PokerStars Hand #158136255540:  Hold'em Limit ($3/$6 USD) - 2016/09/04 5:00:56 ET
Table 'Tabit' 6-max Seat #3 is the button
Seat 3: simper11 ($139.26 in chips)
Seat 6: fwilliams007 ($149.09 in chips)
simper11: posts small blind $1
fwilliams007: posts big blind $3
*** HOLE CARDS ***
simper11: raises $3 to $6
fwilliams007: raises $3 to $9
simper11: calls $3
*** FLOP *** [Td 7d Qs]
fwilliams007: bets $3
simper11: raises $3 to $6
fwilliams007: raises $3 to $9
simper11: raises $3 to $12
Betting is capped
fwilliams007: calls $3
*** TURN *** [Td 7d Qs] [3d]
fwilliams007: checks
simper11: bets $6
fwilliams007: raises $6 to $12
simper11: raises $6 to $18
fwilliams007: raises $6 to $24
Betting is capped
simper11: calls $6
*** RIVER *** [Td 7d Qs 3d] [Ac]
fwilliams007: bets $6
simper11: calls $6
*** SHOW DOWN ***
fwilliams007: shows [6d Ad] (a flush, Ace high)
simper11: mucks hand
fwilliams007 collected $101.50 from pot
*** SUMMARY ***
Total pot $102 | Rake $0.50
Board [Td 7d Qs 3d Ac]
Seat 3: simper11 (button) (small blind) mucked
Seat 6: fwilliams007 (big blind) showed [6d Ad] and won ($101.50) with a flush, Ace high


PokerStars Hand #158136248815:  Hold'em Limit ($3/$6 USD) - 2016/09/04 5:00:36 ET
Table 'Tabit' 6-max Seat #3 is the button
Seat 3: simper11 ($139.50 in chips)
Seat 6: fwilliams007 ($149.33 in chips)
simper11: posts small blind $1
fwilliams007: posts big blind $3
*** HOLE CARDS ***
simper11: raises $3 to $6
fwilliams007: calls $3
*** FLOP *** [2c Th Kd]
fwilliams007: checks
simper11: bets $3
fwilliams007: folds
Uncalled bet ($3) returned to simper11
simper11 collected $11.76 from pot
simper11: doesn't show hand
*** SUMMARY ***
Total pot $12 | Rake $0.24
Board [2c Th Kd]
Seat 3: simper11 (button) (small blind) collected ($11.76)
Seat 6: fwilliams007 (big blind) folded on the Flop


PokerStars Hand #158136252029:  Hold'em Limit ($3/$6 USD) - 2016/09/04 5:00:45 ET
Table 'Tabit' 6-max Seat #6 is the button
Seat 3: simper11 ($145.26 in chips)
Seat 6: fwilliams007 ($143.33 in chips)
fwilliams007: posts small blind $1
simper11: posts big blind $3
*** HOLE CARDS ***
fwilliams007: raises $3 to $6
simper11: calls $3
*** FLOP *** [9s 3s As]
simper11: checks
fwilliams007: checks
*** TURN *** [9s 3s As] [5d]
simper11: checks
fwilliams007: bets $6
simper11: folds
Uncalled bet ($6) returned to fwilliams007
fwilliams007 collected $11.76 from pot
fwilliams007: doesn't show hand
*** SUMMARY ***
Total pot $12 | Rake $0.24
Board [9s 3s As 5d]
Seat 3: simper11 (big blind) folded on the Turn
Seat 6: fwilliams007 (button) (small blind) collected ($11.76)


PokerStars Hand #158136264357:  Hold'em Limit ($3/$6 USD) - 2016/09/04 5:01:20 ET
Table 'Tabit' 6-max Seat #6 is the button
Seat 3: simper11 ($120 in chips)
Seat 6: fwilliams007 ($199.59 in chips)
fwilliams007: posts small blind $1
simper11: posts big blind $3
*** HOLE CARDS ***
fwilliams007: raises $3 to $6
simper11 said, "lolol"
simper11 said, "ololololo"
simper11: calls $3
*** FLOP *** [2d Th Ac]
simper11: checks
fwilliams007: bets $3
simper11: raises $3 to $6
fwilliams007: calls $3
*** TURN *** [2d Th Ac] [As]
simper11: bets $6
fwilliams007: calls $6
*** RIVER *** [2d Th Ac As] [Jc]
simper11: checks
fwilliams007: bets $6
simper11: calls $6
*** SHOW DOWN ***
fwilliams007: shows [Td Jd] (two pair, Aces and Jacks)
simper11: mucks hand
fwilliams007 collected $47.50 from pot
*** SUMMARY ***
Total pot $48 | Rake $0.50
Board [2d Th Ac As Jc]
Seat 3: simper11 (big blind) mucked
Seat 6: fwilliams007 (button) (small blind) showed [Td Jd] and won ($47.50) with two pair, Aces and Jacks


PokerStars Hand #158136272128:  Hold'em Limit ($3/$6 USD) - 2016/09/04 5:01:41 ET
Table 'Tabit' 6-max Seat #3 is the button
Seat 3: simper11 ($120 in chips)
Seat 6: fwilliams007 ($223.09 in chips)
simper11: posts small blind $1
fwilliams007: posts big blind $3
*** HOLE CARDS ***
simper11: raises $3 to $6
fwilliams007: raises $3 to $9
simper11: calls $3
*** FLOP *** [2h 4h Th]
fwilliams007: bets $3
simper11: calls $3
*** TURN *** [2h 4h Th] [As]
fwilliams007: bets $6
simper11: folds
Uncalled bet ($6) returned to fwilliams007
fwilliams007 collected $23.52 from pot
fwilliams007: doesn't show hand
*** SUMMARY ***
Total pot $24 | Rake $0.48
Board [2h 4h Th As]
Seat 3: simper11 (button) (small blind) folded on the Turn
Seat 6: fwilliams007 (big blind) collected ($23.52)


PokerStars Hand #158136277696:  Hold'em Limit ($3/$6 USD) - 2016/09/04 5:01:55 ET
Table 'Tabit' 6-max Seat #6 is the button
Seat 3: simper11 ($120 in chips)
Seat 6: fwilliams007 ($234.61 in chips)
fwilliams007: posts small blind $1
simper11: posts big blind $3
*** HOLE CARDS ***
fwilliams007: folds
Uncalled bet ($2) returned to simper11
simper11 collected $2 from pot
simper11: doesn't show hand
*** SUMMARY ***
Total pot $2 | Rake $0
Seat 3: simper11 (big blind) collected ($2)
Seat 6: fwilliams007 (button) (small blind) folded before Flop


PokerStars Hand #158136283450:  Hold'em Limit ($3/$6 USD) - 2016/09/04 5:02:11 ET
Table 'Tabit' 6-max Seat #6 is the button
Seat 3: simper11 ($120 in chips)
Seat 6: fwilliams007 ($242.25 in chips)
fwilliams007: posts small blind $1
simper11: posts big blind $3
*** HOLE CARDS ***
fwilliams007: folds
Uncalled bet ($2) returned to simper11
simper11 collected $2 from pot
simper11: doesn't show hand
*** SUMMARY ***
Total pot $2 | Rake $0
Seat 3: simper11 (big blind) collected ($2)
Seat 6: fwilliams007 (button) (small blind) folded before Flop


PokerStars Hand #158136279451:  Hold'em Limit ($3/$6 USD) - 2016/09/04 5:02:00 ET
Table 'Tabit' 6-max Seat #3 is the button
Seat 3: simper11 ($121 in chips)
Seat 6: fwilliams007 ($233.61 in chips)
simper11: posts small blind $1
fwilliams007: posts big blind $3
*** HOLE CARDS ***
simper11: raises $3 to $6
fwilliams007: calls $3
*** FLOP *** [6h Ah 8d]
Wurst2000 joins the table at seat #4
fwilliams007: checks
simper11: bets $3
fwilliams007: raises $3 to $6
simper11: folds
Uncalled bet ($3) returned to fwilliams007
fwilliams007 collected $17.64 from pot
fwilliams007: doesn't show hand
*** SUMMARY ***
Total pot $18 | Rake $0.36
Board [6h Ah 8d]
Seat 3: simper11 (button) (small blind) folded on the Flop
Seat 6: fwilliams007 (big blind) collected ($17.64)


