PokerStars Hand #148504370151:  Hold'em Limit ($3/$6 USD) - 2016/02/09 10:29:35 ET
Table 'Tabit III' 2-max Seat #2 is the button
Seat 1: kolaz03 ($103.78 in chips)
Seat 2: las59 ($86.52 in chips)
las59: posts small blind $1
kolaz03: posts big blind $3
*** HOLE CARDS ***
las59: raises $3 to $6
kolaz03: folds
Uncalled bet ($3) returned to las59
las59 collected $6 from pot
*** SUMMARY ***
Total pot $6 | Rake $0
Seat 1: kolaz03 (big blind) folded before Flop
Seat 2: las59 (button) (small blind) collected ($6)


PokerStars Hand #148504418604:  Hold'em Limit ($3/$6 USD) - 2016/02/09 10:30:34 ET
Table 'Tabit III' 2-max Seat #1 is the button
Seat 1: kolaz03 ($108.28 in chips)
Seat 2: las59 ($81.04 in chips)
kolaz03: posts small blind $1
las59: posts big blind $3
*** HOLE CARDS ***
kolaz03: raises $3 to $6
las59: calls $3
*** FLOP *** [7c 2h 4c]
las59: checks
kolaz03: bets $3
las59: calls $3
*** TURN *** [7c 2h 4c] [6h]
las59: checks
kolaz03: bets $6
las59: calls $6
*** RIVER *** [7c 2h 4c 6h] [Jd]
las59: checks
kolaz03: checks
*** SHOW DOWN ***
las59: shows [Tc 9d] (high card Jack)
kolaz03: shows [Qh Ah] (high card Ace)
kolaz03 collected $29.50 from pot
*** SUMMARY ***
Total pot $30 | Rake $0.50
Board [7c 2h 4c 6h Jd]
Seat 1: kolaz03 (button) (small blind) showed [Qh Ah] and won ($29.50) with high card Ace
Seat 2: las59 (big blind) showed [Tc 9d] and lost with high card Jack


PokerStars Hand #148504414965:  Hold'em Limit ($3/$6 USD) - 2016/02/09 10:30:29 ET
Table 'Tabit III' 2-max Seat #2 is the button
Seat 1: kolaz03 ($107.28 in chips)
Seat 2: las59 ($82.04 in chips)
las59: posts small blind $1
kolaz03: posts big blind $3
*** HOLE CARDS ***
las59: folds
Uncalled bet ($2) returned to kolaz03
kolaz03 collected $2 from pot
kolaz03: doesn't show hand
*** SUMMARY ***
Total pot $2 | Rake $0
Seat 1: kolaz03 (big blind) collected ($2)
Seat 2: las59 (button) (small blind) folded before Flop


PokerStars Hand #148504395081:  Hold'em Limit ($3/$6 USD) - 2016/02/09 10:30:05 ET
Table 'Tabit III' 2-max Seat #1 is the button
Seat 1: kolaz03 ($89.78 in chips)
Seat 2: las59 ($100.04 in chips)
kolaz03: posts small blind $1
las59: posts big blind $3
*** HOLE CARDS ***
kolaz03: raises $3 to $6
las59: raises $3 to $9
kolaz03: calls $3
*** FLOP *** [Kc 4c 4d]
las59: bets $3
kolaz03: calls $3
*** TURN *** [Kc 4c 4d] [9d]
las59: checks
kolaz03: bets $6
las59: calls $6
*** RIVER *** [Kc 4c 4d 9d] [7s]
las59: checks
kolaz03: checks
*** SHOW DOWN ***
las59: shows [Qs Jh] (a pair of Fours)
kolaz03: shows [3h Ah] (a pair of Fours - Ace kicker)
kolaz03 collected $35.50 from pot
*** SUMMARY ***
Total pot $36 | Rake $0.50
Board [Kc 4c 4d 9d 7s]
Seat 1: kolaz03 (button) (small blind) showed [3h Ah] and won ($35.50) with a pair of Fours
Seat 2: las59 (big blind) showed [Qs Jh] and lost with a pair of Fours


PokerStars Hand #148504390780:  Hold'em Limit ($3/$6 USD) - 2016/02/09 10:30:00 ET
Table 'Tabit III' 2-max Seat #2 is the button
Seat 1: kolaz03 ($88.78 in chips)
Seat 2: las59 ($101.04 in chips)
las59: posts small blind $1
kolaz03: posts big blind $3
*** HOLE CARDS ***
las59: folds
Uncalled bet ($2) returned to kolaz03
kolaz03 collected $2 from pot
kolaz03: doesn't show hand
*** SUMMARY ***
Total pot $2 | Rake $0
Seat 1: kolaz03 (big blind) collected ($2)
Seat 2: las59 (button) (small blind) folded before Flop


PokerStars Hand #148504375203:  Hold'em Limit ($3/$6 USD) - 2016/02/09 10:29:41 ET
Table 'Tabit III' 2-max Seat #1 is the button
Seat 1: kolaz03 ($100.78 in chips)
Seat 2: las59 ($89.52 in chips)
kolaz03: posts small blind $1
las59: posts big blind $3
*** HOLE CARDS ***
kolaz03: raises $3 to $6
las59: raises $3 to $9
kolaz03: calls $3
*** FLOP *** [3c 3s 7s]
las59: bets $3
kolaz03: calls $3
*** TURN *** [3c 3s 7s] [6s]
las59: bets $6
kolaz03: folds
Uncalled bet ($6) returned to las59
las59 collected $23.52 from pot
*** SUMMARY ***
Total pot $24 | Rake $0.48
Board [3c 3s 7s 6s]
Seat 1: kolaz03 (button) (small blind) folded on the Turn
Seat 2: las59 (big blind) collected ($23.52)


PokerStars Hand #148504431182:  Hold'em Limit ($3/$6 USD) - 2016/02/09 10:30:49 ET
Table 'Tabit III' 2-max Seat #2 is the button
Seat 1: kolaz03 ($122.78 in chips)
Seat 2: las59 ($66.04 in chips)
las59: posts small blind $1
kolaz03: posts big blind $3
*** HOLE CARDS ***
las59: raises $3 to $6
kolaz03: raises $3 to $9
las59: raises $3 to $12
Betting is capped
kolaz03: calls $3
*** FLOP *** [2c Js Kc]
kolaz03: checks
las59: bets $3
kolaz03: calls $3
*** TURN *** [2c Js Kc] [7c]
kolaz03: checks
las59: bets $6
kolaz03: calls $6
*** RIVER *** [2c Js Kc 7c] [4s]
kolaz03: checks
las59: bets $6
kolaz03: calls $6
*** SHOW DOWN ***
las59: shows [9h 4h] (a pair of Fours)
kolaz03: mucks hand
las59 collected $53.50 from pot
*** SUMMARY ***
Total pot $54 | Rake $0.50
Board [2c Js Kc 7c 4s]
Seat 1: kolaz03 (big blind) mucked
Seat 2: las59 (button) (small blind) showed [9h 4h] and won ($53.50) with a pair of Fours


PokerStars Hand #148504471081:  Hold'em Limit ($3/$6 USD) - 2016/02/09 10:31:38 ET
Table 'Tabit III' 2-max Seat #2 is the button
Seat 1: kolaz03 ($72 in chips)
Seat 2: las59 ($140.04 in chips)
las59: posts small blind $1
kolaz03: posts big blind $3
*** HOLE CARDS ***
las59: folds
Uncalled bet ($2) returned to kolaz03
kolaz03 collected $2 from pot
kolaz03: doesn't show hand
*** SUMMARY ***
Total pot $2 | Rake $0
Seat 1: kolaz03 (big blind) collected ($2)
Seat 2: las59 (button) (small blind) folded before Flop


PokerStars Hand #148504450187:  Hold'em Limit ($3/$6 USD) - 2016/02/09 10:31:13 ET
Table 'Tabit III' 2-max Seat #1 is the button
Seat 1: kolaz03 ($95.78 in chips)
Seat 2: las59 ($92.54 in chips)
kolaz03: posts small blind $1
las59: posts big blind $3
*** HOLE CARDS ***
kolaz03: raises $3 to $6
las59: raises $3 to $9
kolaz03: calls $3
*** FLOP *** [5c 8h 9s]
las59: bets $3
kolaz03: calls $3
*** TURN *** [5c 8h 9s] [Jc]
las59: bets $6
kolaz03: raises $6 to $12
las59: raises $6 to $18
kolaz03: raises $6 to $24
Betting is capped
las59: calls $6
*** RIVER *** [5c 8h 9s Jc] [7c]
las59: checks
kolaz03: bets $6
las59: raises $6 to $12
kolaz03: calls $6
*** SHOW DOWN ***
las59: shows [Tc 8c] (a flush, Jack high)
kolaz03: mucks hand
las59 collected $95.50 from pot
*** SUMMARY ***
Total pot $96 | Rake $0.50
Board [5c 8h 9s Jc 7c]
Seat 1: kolaz03 (button) (small blind) mucked
Seat 2: las59 (big blind) showed [Tc 8c] and won ($95.50) with a flush, Jack high


PokerStars Hand #148504515348:  Hold'em Limit ($3/$6 USD) - 2016/02/09 10:32:32 ET
Table 'Tabit III' 2-max Seat #2 is the button
Seat 1: kolaz03 ($81.64 in chips)
Seat 2: las59 ($149.54 in chips)
las59: posts small blind $1
kolaz03: posts big blind $3
*** HOLE CARDS ***
las59: raises $3 to $6
kolaz03: calls $3
*** FLOP *** [Jc Ts 9c]
kolaz03: checks
las59: bets $3
kolaz03: folds
Uncalled bet ($3) returned to las59
las59 collected $11.76 from pot
*** SUMMARY ***
Total pot $12 | Rake $0.24
Board [Jc Ts 9c]
Seat 1: kolaz03 (big blind) folded on the Flop
Seat 2: las59 (button) (small blind) collected ($11.76)


PokerStars Hand #148504498029:  Hold'em Limit ($3/$6 USD) - 2016/02/09 10:32:11 ET
Table 'Tabit III' 2-max Seat #2 is the button
Seat 1: kolaz03 ($72 in chips)
Seat 2: las59 ($159.54 in chips)
las59: posts small blind $1
kolaz03: posts big blind $3
*** HOLE CARDS ***
las59: folds
Uncalled bet ($2) returned to kolaz03
kolaz03 collected $2 from pot
kolaz03: doesn't show hand
*** SUMMARY ***
Total pot $2 | Rake $0
Seat 1: kolaz03 (big blind) collected ($2)
Seat 2: las59 (button) (small blind) folded before Flop


PokerStars Hand #148504501833:  Hold'em Limit ($3/$6 USD) - 2016/02/09 10:32:16 ET
Table 'Tabit III' 2-max Seat #1 is the button
Seat 1: kolaz03 ($73 in chips)
Seat 2: las59 ($158.54 in chips)
kolaz03: posts small blind $1
las59: posts big blind $3
*** HOLE CARDS ***
kolaz03: raises $3 to $6
las59: calls $3
*** FLOP *** [3s Kh Qs]
las59: checks
kolaz03: bets $3
las59: calls $3
*** TURN *** [3s Kh Qs] [8s]
las59: checks
kolaz03: bets $6
las59: folds
Uncalled bet ($6) returned to kolaz03
kolaz03 collected $17.64 from pot
kolaz03: doesn't show hand
*** SUMMARY ***
Total pot $18 | Rake $0.36
Board [3s Kh Qs 8s]
Seat 1: kolaz03 (button) (small blind) collected ($17.64)
Seat 2: las59 (big blind) folded on the Turn


PokerStars Hand #148504550256:  Hold'em Limit ($3/$6 USD) - 2016/02/09 10:33:15 ET
Table 'Tabit III' 2-max Seat #2 is the button
Seat 1: kolaz03 ($72 in chips)
Seat 2: las59 ($175.58 in chips)
las59: posts small blind $1
kolaz03: posts big blind $3
*** HOLE CARDS ***
las59: folds
Uncalled bet ($2) returned to kolaz03
kolaz03 collected $2 from pot
kolaz03: doesn't show hand
*** SUMMARY ***
Total pot $2 | Rake $0
Seat 1: kolaz03 (big blind) collected ($2)
Seat 2: las59 (button) (small blind) folded before Flop


PokerStars Hand #148504540347:  Hold'em Limit ($3/$6 USD) - 2016/02/09 10:33:03 ET
Table 'Tabit III' 2-max Seat #1 is the button
Seat 1: kolaz03 ($72 in chips)
Seat 2: las59 ($166.94 in chips)
kolaz03: posts small blind $1
las59: posts big blind $3
*** HOLE CARDS ***
kolaz03: raises $3 to $6
las59: raises $3 to $9
kolaz03: calls $3
*** FLOP *** [9c As 9d]
las59: checks
kolaz03: checks
*** TURN *** [9c As 9d] [4s]
las59: bets $6
kolaz03: folds
Uncalled bet ($6) returned to las59
las59 collected $17.64 from pot
*** SUMMARY ***
Total pot $18 | Rake $0.36
Board [9c As 9d 4s]
Seat 1: kolaz03 (button) (small blind) folded on the Turn
Seat 2: las59 (big blind) collected ($17.64)


PokerStars Hand #148504534825:  Hold'em Limit ($3/$6 USD) - 2016/02/09 10:32:56 ET
Table 'Tabit III' 2-max Seat #2 is the button
Seat 1: kolaz03 ($72 in chips)
Seat 2: las59 ($163.94 in chips)
las59: posts small blind $1
kolaz03: posts big blind $3
*** HOLE CARDS ***
las59: raises $3 to $6
kolaz03: folds
Uncalled bet ($3) returned to las59
las59 collected $6 from pot
*** SUMMARY ***
Total pot $6 | Rake $0
Seat 1: kolaz03 (big blind) folded before Flop
Seat 2: las59 (button) (small blind) collected ($6)


PokerStars Hand #148504521991:  Hold'em Limit ($3/$6 USD) - 2016/02/09 10:32:40 ET
Table 'Tabit III' 2-max Seat #1 is the button
Seat 1: kolaz03 ($75.64 in chips)
Seat 2: las59 ($155.30 in chips)
kolaz03: posts small blind $1
las59: posts big blind $3
*** HOLE CARDS ***
kolaz03: raises $3 to $6
las59: raises $3 to $9
kolaz03: calls $3
*** FLOP *** [2h 4s Jc]
las59: bets $3
kolaz03: folds
Uncalled bet ($3) returned to las59
las59 collected $17.64 from pot
*** SUMMARY ***
Total pot $18 | Rake $0.36
Board [2h 4s Jc]
Seat 1: kolaz03 (button) (small blind) folded on the Flop
Seat 2: las59 (big blind) collected ($17.64)


PokerStars Hand #148504553799:  Hold'em Limit ($3/$6 USD) - 2016/02/09 10:33:19 ET
Table 'Tabit III' 2-max Seat #1 is the button
Seat 1: kolaz03 ($73 in chips)
Seat 2: las59 ($174.58 in chips)
kolaz03: posts small blind $1
las59: posts big blind $3
*** HOLE CARDS ***
kolaz03: raises $3 to $6
las59: calls $3
*** FLOP *** [Qc 3d 5s]
las59: checks
kolaz03: bets $3
las59: calls $3
*** TURN *** [Qc 3d 5s] [9h]
las59: checks
kolaz03: bets $6
las59: folds
Uncalled bet ($6) returned to kolaz03
kolaz03 collected $17.64 from pot
kolaz03: doesn't show hand
*** SUMMARY ***
Total pot $18 | Rake $0.36
Board [Qc 3d 5s 9h]
Seat 1: kolaz03 (button) (small blind) collected ($17.64)
Seat 2: las59 (big blind) folded on the Turn


PokerStars Hand #148504603256:  Hold'em Limit ($3/$6 USD) - 2016/02/09 10:34:19 ET
Table 'Tabit III' 2-max Seat #2 is the button
Seat 1: kolaz03 ($72 in chips)
Seat 2: las59 ($194.84 in chips)
las59: posts small blind $1
kolaz03: posts big blind $3
*** HOLE CARDS ***
las59: folds
Uncalled bet ($2) returned to kolaz03
kolaz03 collected $2 from pot
kolaz03: doesn't show hand
*** SUMMARY ***
Total pot $2 | Rake $0
Seat 1: kolaz03 (big blind) collected ($2)
Seat 2: las59 (button) (small blind) folded before Flop


PokerStars Hand #148504618096:  Hold'em Limit ($3/$6 USD) - 2016/02/09 10:34:38 ET
Table 'Tabit III' 2-max Seat #2 is the button
Seat 1: kolaz03 ($72 in chips)
Seat 2: las59 ($205.36 in chips)
las59: posts small blind $1
kolaz03: posts big blind $3
*** HOLE CARDS ***
las59: folds
Uncalled bet ($2) returned to kolaz03
kolaz03 collected $2 from pot
kolaz03: doesn't show hand
*** SUMMARY ***
Total pot $2 | Rake $0
Seat 1: kolaz03 (big blind) collected ($2)
Seat 2: las59 (button) (small blind) folded before Flop


PokerStars Hand #148504573558:  Hold'em Limit ($3/$6 USD) - 2016/02/09 10:33:43 ET
Table 'Tabit III' 2-max Seat #2 is the button
Seat 1: kolaz03 ($81.64 in chips)
Seat 2: las59 ($165.58 in chips)
las59: posts small blind $1
kolaz03: posts big blind $3
*** HOLE CARDS ***
las59: raises $3 to $6
kolaz03: calls $3
*** FLOP *** [8d Jc Qs]
kolaz03: bets $3
las59: raises $3 to $6
kolaz03: calls $3
*** TURN *** [8d Jc Qs] [5s]
kolaz03: checks
las59: bets $6
kolaz03: calls $6
*** RIVER *** [8d Jc Qs 5s] [Qc]
kolaz03: checks
las59: bets $6
kolaz03: calls $6
*** SHOW DOWN ***
las59: shows [Kd Jd] (two pair, Queens and Jacks)
kolaz03: mucks hand
las59 collected $47.50 from pot
*** SUMMARY ***
Total pot $48 | Rake $0.50
Board [8d Jc Qs 5s Qc]
Seat 1: kolaz03 (big blind) mucked
Seat 2: las59 (button) (small blind) showed [Kd Jd] and won ($47.50) with two pair, Queens and Jacks


PokerStars Hand #148504607081:  Hold'em Limit ($3/$6 USD) - 2016/02/09 10:34:24 ET
Table 'Tabit III' 2-max Seat #1 is the button
Seat 1: kolaz03 ($73 in chips)
Seat 2: las59 ($193.84 in chips)
kolaz03: posts small blind $1
las59: posts big blind $3
*** HOLE CARDS ***
kolaz03: raises $3 to $6
las59: raises $3 to $9
kolaz03: calls $3
*** FLOP *** [3c 5c 3d]
las59: bets $3
kolaz03: calls $3
*** TURN *** [3c 5c 3d] [2s]
las59: bets $6
kolaz03: folds
Uncalled bet ($6) returned to las59
las59 collected $23.52 from pot
*** SUMMARY ***
Total pot $24 | Rake $0.48
Board [3c 5c 3d 2s]
Seat 1: kolaz03 (button) (small blind) folded on the Turn
Seat 2: las59 (big blind) collected ($23.52)


PokerStars Hand #148504637883:  Hold'em Limit ($3/$6 USD) - 2016/02/09 10:35:02 ET
Table 'Tabit III' 2-max Seat #2 is the button
Seat 1: kolaz03 ($72 in chips)
Seat 2: las59 ($233.86 in chips)
las59: posts small blind $1
kolaz03: posts big blind $3
*** HOLE CARDS ***
las59: raises $3 to $6
kolaz03: folds
Uncalled bet ($3) returned to las59
las59 collected $6 from pot
*** SUMMARY ***
Total pot $6 | Rake $0
Seat 1: kolaz03 (big blind) folded before Flop
Seat 2: las59 (button) (small blind) collected ($6)


PokerStars Hand #148504623247:  Hold'em Limit ($3/$6 USD) - 2016/02/09 10:34:44 ET
Table 'Tabit III' 2-max Seat #1 is the button
Seat 1: kolaz03 ($73 in chips)
Seat 2: las59 ($204.36 in chips)
kolaz03: posts small blind $1
las59: posts big blind $3
*** HOLE CARDS ***
kolaz03: raises $3 to $6
las59: calls $3
*** FLOP *** [5c 3h 6c]
las59: checks
kolaz03: bets $3
las59: raises $3 to $6
kolaz03: calls $3
*** TURN *** [5c 3h 6c] [Th]
las59: checks
kolaz03: bets $6
las59: raises $6 to $12
kolaz03: calls $6
*** RIVER *** [5c 3h 6c Th] [Kc]
las59: bets $6
kolaz03: calls $6
*** SHOW DOWN ***
las59: shows [3s 6h] (two pair, Sixes and Threes)
kolaz03: mucks hand
las59 collected $59.50 from pot
*** SUMMARY ***
Total pot $60 | Rake $0.50
Board [5c 3h 6c Th Kc]
Seat 1: kolaz03 (button) (small blind) mucked
Seat 2: las59 (big blind) showed [3s 6h] and won ($59.50) with two pair, Sixes and Threes


PokerStars Hand #148504642648:  Hold'em Limit ($3/$6 USD) - 2016/02/09 10:35:08 ET
Table 'Tabit III' 2-max Seat #1 is the button
Seat 1: kolaz03 ($72 in chips)
Seat 2: las59 ($236.86 in chips)
kolaz03: posts small blind $1
las59: posts big blind $3
*** HOLE CARDS ***
kolaz03: folds
Uncalled bet ($2) returned to las59
las59 collected $2 from pot
*** SUMMARY ***
Total pot $2 | Rake $0
Seat 1: kolaz03 (button) (small blind) folded before Flop
Seat 2: las59 (big blind) collected ($2)


PokerStars Hand #148504681285:  Hold'em Limit ($3/$6 USD) - 2016/02/09 10:35:55 ET
Table 'Tabit III' 2-max Seat #1 is the button
Seat 1: kolaz03 ($95.26 in chips)
Seat 2: las59 ($213.62 in chips)
kolaz03: posts small blind $1
las59: posts big blind $3
*** HOLE CARDS ***
kolaz03: raises $3 to $6
las59: raises $3 to $9
kolaz03: calls $3
*** FLOP *** [Jd 5s 9s]
las59: bets $3
kolaz03: calls $3
*** TURN *** [Jd 5s 9s] [Ah]
las59: checks
kolaz03: bets $6
las59: calls $6
*** RIVER *** [Jd 5s 9s Ah] [4d]
las59: checks
kolaz03: bets $6
las59: folds
Uncalled bet ($6) returned to kolaz03
kolaz03 collected $35.50 from pot
kolaz03: doesn't show hand
*** SUMMARY ***
Total pot $36 | Rake $0.50
Board [Jd 5s 9s Ah 4d]
Seat 1: kolaz03 (button) (small blind) collected ($35.50)
Seat 2: las59 (big blind) folded on the River


PokerStars Hand #148504702433:  Hold'em Limit ($3/$6 USD) - 2016/02/09 10:36:20 ET
Table 'Tabit III' 2-max Seat #1 is the button
Seat 1: kolaz03 ($109.76 in chips)
Seat 2: las59 ($198.62 in chips)
kolaz03: posts small blind $1
las59: posts big blind $3
*** HOLE CARDS ***
kolaz03: raises $3 to $6
las59: calls $3
*** FLOP *** [Kh 2d Th]
las59: checks
kolaz03: bets $3
las59: folds
Uncalled bet ($3) returned to kolaz03
kolaz03 collected $11.76 from pot
kolaz03: doesn't show hand
*** SUMMARY ***
Total pot $12 | Rake $0.24
Board [Kh 2d Th]
Seat 1: kolaz03 (button) (small blind) collected ($11.76)
Seat 2: las59 (big blind) folded on the Flop


PokerStars Hand #148504697562:  Hold'em Limit ($3/$6 USD) - 2016/02/09 10:36:14 ET
Table 'Tabit III' 2-max Seat #2 is the button
Seat 1: kolaz03 ($112.76 in chips)
Seat 2: las59 ($195.62 in chips)
las59: posts small blind $1
kolaz03: posts big blind $3
*** HOLE CARDS ***
las59: raises $3 to $6
kolaz03: folds
Uncalled bet ($3) returned to las59
las59 collected $6 from pot
*** SUMMARY ***
Total pot $6 | Rake $0
Seat 1: kolaz03 (big blind) folded before Flop
Seat 2: las59 (button) (small blind) collected ($6)


PokerStars Hand #148504667924:  Hold'em Limit ($3/$6 USD) - 2016/02/09 10:35:38 ET
Table 'Tabit III' 2-max Seat #2 is the button
Seat 1: kolaz03 ($101.26 in chips)
Seat 2: las59 ($207.86 in chips)
las59: posts small blind $1
kolaz03: posts big blind $3
*** HOLE CARDS ***
las59: raises $3 to $6
kolaz03: calls $3
*** FLOP *** [2d Ts Jh]
kolaz03: checks
las59: checks
*** TURN *** [2d Ts Jh] [8s]
kolaz03: checks
las59: checks
*** RIVER *** [2d Ts Jh 8s] [Ac]
kolaz03: checks
las59: bets $6
kolaz03: folds
Uncalled bet ($6) returned to las59
las59 collected $11.76 from pot
*** SUMMARY ***
Total pot $12 | Rake $0.24
Board [2d Ts Jh 8s Ac]
Seat 1: kolaz03 (big blind) folded on the River
Seat 2: las59 (button) (small blind) collected ($11.76)


PokerStars Hand #148504710657:  Hold'em Limit ($3/$6 USD) - 2016/02/09 10:36:30 ET
Table 'Tabit III' 2-max Seat #2 is the button
Seat 1: kolaz03 ($115.52 in chips)
Seat 2: las59 ($192.62 in chips)
las59: posts small blind $1
kolaz03: posts big blind $3
*** HOLE CARDS ***
las59: raises $3 to $6
kolaz03: calls $3
*** FLOP *** [6d 2d 9s]
kolaz03: checks
las59: bets $3
kolaz03: calls $3
*** TURN *** [6d 2d 9s] [Td]
kolaz03: checks
las59: checks
*** RIVER *** [6d 2d 9s Td] [6s]
kolaz03: bets $6
las59: folds
Uncalled bet ($6) returned to kolaz03
kolaz03 collected $17.64 from pot
kolaz03: doesn't show hand
*** SUMMARY ***
Total pot $18 | Rake $0.36
Board [6d 2d 9s Td 6s]
Seat 1: kolaz03 (big blind) collected ($17.64)
Seat 2: las59 (button) (small blind) folded on the River


PokerStars Hand #148504733002:  Hold'em Limit ($3/$6 USD) - 2016/02/09 10:36:57 ET
Table 'Tabit III' 2-max Seat #2 is the button
Seat 1: kolaz03 ($129.92 in chips)
Seat 2: las59 ($177.62 in chips)
las59: posts small blind $1
kolaz03: posts big blind $3
*** HOLE CARDS ***
las59: raises $3 to $6
kolaz03: raises $3 to $9
las59: raises $3 to $12
Betting is capped
kolaz03: calls $3
*** FLOP *** [5h 4h 7d]
kolaz03: checks
las59: bets $3
kolaz03: calls $3
*** TURN *** [5h 4h 7d] [6d]
kolaz03: checks
las59: checks
*** RIVER *** [5h 4h 7d 6d] [Kd]
kolaz03: bets $6
las59: raises $6 to $12
kolaz03: folds
Uncalled bet ($6) returned to las59
las59 collected $41.50 from pot
*** SUMMARY ***
Total pot $42 | Rake $0.50
Board [5h 4h 7d 6d Kd]
Seat 1: kolaz03 (big blind) folded on the River
Seat 2: las59 (button) (small blind) collected ($41.50)


PokerStars Hand #148504768643:  Hold'em Limit ($3/$6 USD) - 2016/02/09 10:37:40 ET
Table 'Tabit III' 2-max Seat #2 is the button
Seat 1: kolaz03 ($132.42 in chips)
Seat 2: las59 ($174.12 in chips)
las59: posts small blind $1
kolaz03: posts big blind $3
*** HOLE CARDS ***
las59: folds
Uncalled bet ($2) returned to kolaz03
kolaz03 collected $2 from pot
kolaz03: doesn't show hand
*** SUMMARY ***
Total pot $2 | Rake $0
Seat 1: kolaz03 (big blind) collected ($2)
Seat 2: las59 (button) (small blind) folded before Flop


PokerStars Hand #148504725730:  Hold'em Limit ($3/$6 USD) - 2016/02/09 10:36:48 ET
Table 'Tabit III' 2-max Seat #1 is the button
Seat 1: kolaz03 ($124.16 in chips)
Seat 2: las59 ($183.62 in chips)
kolaz03: posts small blind $1
las59: posts big blind $3
*** HOLE CARDS ***
kolaz03: raises $3 to $6
las59: calls $3
*** FLOP *** [Kc 9d Ks]
las59: checks
kolaz03: bets $3
las59: folds
Uncalled bet ($3) returned to kolaz03
kolaz03 collected $11.76 from pot
kolaz03: doesn't show hand
*** SUMMARY ***
Total pot $12 | Rake $0.24
Board [Kc 9d Ks]
Seat 1: kolaz03 (button) (small blind) collected ($11.76)
Seat 2: las59 (big blind) folded on the Flop


PokerStars Hand #148504772301:  Hold'em Limit ($3/$6 USD) - 2016/02/09 10:37:44 ET
Table 'Tabit III' 2-max Seat #1 is the button
Seat 1: kolaz03 ($133.42 in chips)
Seat 2: las59 ($173.12 in chips)
kolaz03: posts small blind $1
las59: posts big blind $3
*** HOLE CARDS ***
kolaz03: raises $3 to $6
las59: calls $3
*** FLOP *** [Ts 9d Ks]
las59: checks
kolaz03: bets $3
las59: calls $3
*** TURN *** [Ts 9d Ks] [Js]
las59: checks
kolaz03: bets $6
las59: calls $6
*** RIVER *** [Ts 9d Ks Js] [Qs]
las59: checks
kolaz03: checks
*** SHOW DOWN ***
las59: shows [3h Th] (a straight, Nine to King)
kolaz03: shows [Qd 7c] (a straight, Nine to King)
las59 collected $14.75 from pot
kolaz03 collected $14.75 from pot
*** SUMMARY ***
Total pot $30 | Rake $0.50
Board [Ts 9d Ks Js Qs]
Seat 1: kolaz03 (button) (small blind) showed [Qd 7c] and won ($14.75) with a straight, Nine to King
Seat 2: las59 (big blind) showed [3h Th] and won ($14.75) with a straight, Nine to King


PokerStars Hand #148504792158:  Hold'em Limit ($3/$6 USD) - 2016/02/09 10:38:09 ET
Table 'Tabit III' 2-max Seat #2 is the button
Seat 1: kolaz03 ($133.17 in chips)
Seat 2: las59 ($172.87 in chips)
las59: posts small blind $1
kolaz03: posts big blind $3
*** HOLE CARDS ***
las59: folds
Uncalled bet ($2) returned to kolaz03
kolaz03 collected $2 from pot
kolaz03: doesn't show hand
*** SUMMARY ***
Total pot $2 | Rake $0
Seat 1: kolaz03 (big blind) collected ($2)
Seat 2: las59 (button) (small blind) folded before Flop


PokerStars Hand #148504809602:  Hold'em Limit ($3/$6 USD) - 2016/02/09 10:38:30 ET
Table 'Tabit III' 2-max Seat #2 is the button
Seat 1: kolaz03 ($157.67 in chips)
Seat 2: las59 ($147.87 in chips)
las59: posts small blind $1
kolaz03: posts big blind $3
*** HOLE CARDS ***
las59: raises $3 to $6
kolaz03: calls $3
*** FLOP *** [Ts 9c 2c]
kolaz03: checks
las59: checks
*** TURN *** [Ts 9c 2c] [7c]
kolaz03: bets $6
las59: calls $6
*** RIVER *** [Ts 9c 2c 7c] [Js]
kolaz03: bets $6
las59: calls $6
*** SHOW DOWN ***
kolaz03: shows [3h Jc] (a pair of Jacks)
las59: mucks hand
kolaz03 collected $35.50 from pot
*** SUMMARY ***
Total pot $36 | Rake $0.50
Board [Ts 9c 2c 7c Js]
Seat 1: kolaz03 (big blind) showed [3h Jc] and won ($35.50) with a pair of Jacks
Seat 2: las59 (button) (small blind) mucked


PokerStars Hand #148504796138:  Hold'em Limit ($3/$6 USD) - 2016/02/09 10:38:14 ET
Table 'Tabit III' 2-max Seat #1 is the button
Seat 1: kolaz03 ($134.17 in chips)
Seat 2: las59 ($171.87 in chips)
kolaz03: posts small blind $1
las59: posts big blind $3
*** HOLE CARDS ***
kolaz03: raises $3 to $6
las59: raises $3 to $9
kolaz03: calls $3
*** FLOP *** [Kh 4h Qc]
las59: bets $3
kolaz03: calls $3
*** TURN *** [Kh 4h Qc] [9c]
las59: bets $6
kolaz03: calls $6
*** RIVER *** [Kh 4h Qc 9c] [Jd]
las59: bets $6
kolaz03: calls $6
*** SHOW DOWN ***
las59: shows [6h 5h] (high card King)
kolaz03: shows [Qs 8c] (a pair of Queens)
kolaz03 collected $47.50 from pot
*** SUMMARY ***
Total pot $48 | Rake $0.50
Board [Kh 4h Qc 9c Jd]
Seat 1: kolaz03 (button) (small blind) showed [Qs 8c] and won ($47.50) with a pair of Queens
Seat 2: las59 (big blind) showed [6h 5h] and lost with high card King


PokerStars Hand #148504856123:  Hold'em Limit ($3/$6 USD) - 2016/02/09 10:39:26 ET
Table 'Tabit III' 2-max Seat #1 is the button
Seat 1: kolaz03 ($196.43 in chips)
Seat 2: las59 ($107.63 in chips)
kolaz03: posts small blind $1
las59: posts big blind $3
*** HOLE CARDS ***
kolaz03: raises $3 to $6
las59: calls $3
*** FLOP *** [Ts 3d 5s]
las59: checks
kolaz03: bets $3
las59: raises $3 to $6
kolaz03: calls $3
*** TURN *** [Ts 3d 5s] [5d]
las59: checks
kolaz03: bets $6
las59: raises $6 to $12
kolaz03: folds
Uncalled bet ($6) returned to las59
las59 collected $35.50 from pot
*** SUMMARY ***
Total pot $36 | Rake $0.50
Board [Ts 3d 5s 5d]
Seat 1: kolaz03 (button) (small blind) folded on the Turn
Seat 2: las59 (big blind) collected ($35.50)


PokerStars Hand #148504840167:  Hold'em Limit ($3/$6 USD) - 2016/02/09 10:39:07 ET
Table 'Tabit III' 2-max Seat #1 is the button
Seat 1: kolaz03 ($196.67 in chips)
Seat 2: las59 ($107.87 in chips)
kolaz03: posts small blind $1
las59: posts big blind $3
*** HOLE CARDS ***
kolaz03: raises $3 to $6
las59: calls $3
*** FLOP *** [5d Qc 9s]
las59: checks
kolaz03: bets $3
las59: folds
Uncalled bet ($3) returned to kolaz03
kolaz03 collected $11.76 from pot
kolaz03: doesn't show hand
*** SUMMARY ***
Total pot $12 | Rake $0.24
Board [5d Qc 9s]
Seat 1: kolaz03 (button) (small blind) collected ($11.76)
Seat 2: las59 (big blind) folded on the Flop


PokerStars Hand #148504847648:  Hold'em Limit ($3/$6 USD) - 2016/02/09 10:39:16 ET
Table 'Tabit III' 2-max Seat #2 is the button
Seat 1: kolaz03 ($202.43 in chips)
Seat 2: las59 ($101.87 in chips)
las59: posts small blind $1
kolaz03: posts big blind $3
*** HOLE CARDS ***
las59: raises $3 to $6
kolaz03: calls $3
*** FLOP *** [Js 8h Tc]
kolaz03: checks
las59: checks
*** TURN *** [Js 8h Tc] [9c]
kolaz03: checks
las59: bets $6
kolaz03: folds
Uncalled bet ($6) returned to las59
las59 collected $11.76 from pot
*** SUMMARY ***
Total pot $12 | Rake $0.24
Board [Js 8h Tc 9c]
Seat 1: kolaz03 (big blind) folded on the Turn
Seat 2: las59 (button) (small blind) collected ($11.76)


PokerStars Hand #148504836638:  Hold'em Limit ($3/$6 USD) - 2016/02/09 10:39:03 ET
Table 'Tabit III' 2-max Seat #2 is the button
Seat 1: kolaz03 ($195.67 in chips)
Seat 2: las59 ($108.87 in chips)
las59: posts small blind $1
kolaz03: posts big blind $3
*** HOLE CARDS ***
las59: folds
Uncalled bet ($2) returned to kolaz03
kolaz03 collected $2 from pot
kolaz03: doesn't show hand
*** SUMMARY ***
Total pot $2 | Rake $0
Seat 1: kolaz03 (big blind) collected ($2)
Seat 2: las59 (button) (small blind) folded before Flop


PokerStars Hand #148504821801:  Hold'em Limit ($3/$6 USD) - 2016/02/09 10:38:45 ET
Table 'Tabit III' 2-max Seat #1 is the button
Seat 1: kolaz03 ($175.17 in chips)
Seat 2: las59 ($129.87 in chips)
kolaz03: posts small blind $1
las59: posts big blind $3
*** HOLE CARDS ***
kolaz03: raises $3 to $6
las59: calls $3
*** FLOP *** [Qc Jh Kh]
las59: checks
kolaz03: bets $3
las59: calls $3
*** TURN *** [Qc Jh Kh] [5d]
las59: checks
kolaz03: checks
*** RIVER *** [Qc Jh Kh 5d] [Tc]
las59: bets $6
kolaz03: raises $6 to $12
las59: calls $6
*** SHOW DOWN ***
kolaz03: shows [6c Ad] (a straight, Ten to Ace)
las59: mucks hand
kolaz03 collected $41.50 from pot
*** SUMMARY ***
Total pot $42 | Rake $0.50
Board [Qc Jh Kh 5d Tc]
Seat 1: kolaz03 (button) (small blind) showed [6c Ad] and won ($41.50) with a straight, Ten to Ace
Seat 2: las59 (big blind) mucked


PokerStars Hand #148504916594:  Hold'em Limit ($3/$6 USD) - 2016/02/09 10:40:40 ET
Table 'Tabit III' 2-max Seat #2 is the button
Seat 1: kolaz03 ($210.19 in chips)
Seat 2: las59 ($91.77 in chips)
las59: posts small blind $1
kolaz03: posts big blind $3
*** HOLE CARDS ***
las59: folds
Uncalled bet ($2) returned to kolaz03
kolaz03 collected $2 from pot
kolaz03: doesn't show hand
*** SUMMARY ***
Total pot $2 | Rake $0
Seat 1: kolaz03 (big blind) collected ($2)
Seat 2: las59 (button) (small blind) folded before Flop


PokerStars Hand #148504869137:  Hold'em Limit ($3/$6 USD) - 2016/02/09 10:39:42 ET
Table 'Tabit III' 2-max Seat #2 is the button
Seat 1: kolaz03 ($178.43 in chips)
Seat 2: las59 ($125.13 in chips)
las59: posts small blind $1
kolaz03: posts big blind $3
*** HOLE CARDS ***
las59: raises $3 to $6
kolaz03: calls $3
*** FLOP *** [Tc Qh 2d]
kolaz03: checks
las59: bets $3
kolaz03: calls $3
*** TURN *** [Tc Qh 2d] [3s]
kolaz03: checks
las59: bets $6
kolaz03: folds
Uncalled bet ($6) returned to las59
las59 collected $17.64 from pot
*** SUMMARY ***
Total pot $18 | Rake $0.36
Board [Tc Qh 2d 3s]
Seat 1: kolaz03 (big blind) folded on the Turn
Seat 2: las59 (button) (small blind) collected ($17.64)


PokerStars Hand #148504887589:  Hold'em Limit ($3/$6 USD) - 2016/02/09 10:40:05 ET
Table 'Tabit III' 2-max Seat #2 is the button
Seat 1: kolaz03 ($175.19 in chips)
Seat 2: las59 ($127.77 in chips)
las59: posts small blind $1
kolaz03: posts big blind $3
*** HOLE CARDS ***
las59: raises $3 to $6
kolaz03: calls $3
*** FLOP *** [5d Qh 6c]
kolaz03: checks
las59: bets $3
kolaz03: calls $3
*** TURN *** [5d Qh 6c] [Kh]
kolaz03: checks
las59: checks
*** RIVER *** [5d Qh 6c Kh] [Qs]
kolaz03: bets $6
las59: calls $6
*** SHOW DOWN ***
kolaz03: shows [Kd 8s] (two pair, Kings and Queens)
las59: mucks hand
kolaz03 collected $29.50 from pot
*** SUMMARY ***
Total pot $30 | Rake $0.50
Board [5d Qh 6c Kh Qs]
Seat 1: kolaz03 (big blind) showed [Kd 8s] and won ($29.50) with two pair, Kings and Queens
Seat 2: las59 (button) (small blind) mucked


PokerStars Hand #148504879566:  Hold'em Limit ($3/$6 USD) - 2016/02/09 10:39:55 ET
Table 'Tabit III' 2-max Seat #1 is the button
Seat 1: kolaz03 ($169.43 in chips)
Seat 2: las59 ($133.77 in chips)
kolaz03: posts small blind $1
las59: posts big blind $3
*** HOLE CARDS ***
kolaz03: raises $3 to $6
las59: calls $3
*** FLOP *** [Ks 9c 7c]
las59: checks
kolaz03: bets $3
las59: folds
Uncalled bet ($3) returned to kolaz03
kolaz03 collected $11.76 from pot
kolaz03: doesn't show hand
*** SUMMARY ***
Total pot $12 | Rake $0.24
Board [Ks 9c 7c]
Seat 1: kolaz03 (button) (small blind) collected ($11.76)
Seat 2: las59 (big blind) folded on the Flop


PokerStars Hand #148504902026:  Hold'em Limit ($3/$6 USD) - 2016/02/09 10:40:22 ET
Table 'Tabit III' 2-max Seat #1 is the button
Seat 1: kolaz03 ($189.69 in chips)
Seat 2: las59 ($112.77 in chips)
kolaz03: posts small blind $1
las59: posts big blind $3
*** HOLE CARDS ***
kolaz03: raises $3 to $6
las59: calls $3
*** FLOP *** [7h Qd 4d]
las59: checks
kolaz03: bets $3
las59: calls $3
*** TURN *** [7h Qd 4d] [9h]
las59: checks
kolaz03: bets $6
las59: calls $6
*** RIVER *** [7h Qd 4d 9h] [7d]
las59: checks
kolaz03: bets $6
las59: calls $6
*** SHOW DOWN ***
kolaz03: shows [Jh 7c] (three of a kind, Sevens)
las59: mucks hand
kolaz03 collected $41.50 from pot
*** SUMMARY ***
Total pot $42 | Rake $0.50
Board [7h Qd 4d 9h 7d]
Seat 1: kolaz03 (button) (small blind) showed [Jh 7c] and won ($41.50) with three of a kind, Sevens
Seat 2: las59 (big blind) mucked


PokerStars Hand #148504931858:  Hold'em Limit ($3/$6 USD) - 2016/02/09 10:40:58 ET
Table 'Tabit III' 2-max Seat #1 is the button
Seat 1: kolaz03 ($217.95 in chips)
Seat 2: las59 ($83.77 in chips)
kolaz03: posts small blind $1
las59: posts big blind $3
*** HOLE CARDS ***
kolaz03: raises $3 to $6
las59: calls $3
*** FLOP *** [2h Kd 7d]
las59: checks
kolaz03: bets $3
las59: calls $3
*** TURN *** [2h Kd 7d] [8h]
las59: checks
kolaz03: bets $6
las59: folds
Uncalled bet ($6) returned to kolaz03
kolaz03 collected $17.64 from pot
kolaz03: doesn't show hand
*** SUMMARY ***
Total pot $18 | Rake $0.36
Board [2h Kd 7d 8h]
Seat 1: kolaz03 (button) (small blind) collected ($17.64)
Seat 2: las59 (big blind) folded on the Turn


PokerStars Hand #148504927962:  Hold'em Limit ($3/$6 USD) - 2016/02/09 10:40:54 ET
Table 'Tabit III' 2-max Seat #2 is the button
Seat 1: kolaz03 ($216.95 in chips)
Seat 2: las59 ($84.77 in chips)
las59: posts small blind $1
kolaz03: posts big blind $3
*** HOLE CARDS ***
las59: folds
Uncalled bet ($2) returned to kolaz03
kolaz03 collected $2 from pot
kolaz03: doesn't show hand
*** SUMMARY ***
Total pot $2 | Rake $0
Seat 1: kolaz03 (big blind) collected ($2)
Seat 2: las59 (button) (small blind) folded before Flop


PokerStars Hand #148504920511:  Hold'em Limit ($3/$6 USD) - 2016/02/09 10:40:45 ET
Table 'Tabit III' 2-max Seat #1 is the button
Seat 1: kolaz03 ($211.19 in chips)
Seat 2: las59 ($90.77 in chips)
kolaz03: posts small blind $1
las59: posts big blind $3
*** HOLE CARDS ***
kolaz03: raises $3 to $6
las59: calls $3
*** FLOP *** [8c 8s 2s]
las59: checks
kolaz03: bets $3
las59: folds
Uncalled bet ($3) returned to kolaz03
kolaz03 collected $11.76 from pot
kolaz03: doesn't show hand
*** SUMMARY ***
Total pot $12 | Rake $0.24
Board [8c 8s 2s]
Seat 1: kolaz03 (button) (small blind) collected ($11.76)
Seat 2: las59 (big blind) folded on the Flop


PokerStars Hand #148504968290:  Hold'em Limit ($3/$6 USD) - 2016/02/09 10:41:43 ET
Table 'Tabit III' 2-max Seat #1 is the button
Seat 1: kolaz03 ($232.35 in chips)
Seat 2: las59 ($263.77 in chips)
kolaz03: posts small blind $1
las59: posts big blind $3
*** HOLE CARDS ***
kolaz03: raises $3 to $6
las59: calls $3
*** FLOP *** [3s Qh 8d]
las59: checks
kolaz03: bets $3
las59: folds
Uncalled bet ($3) returned to kolaz03
kolaz03 collected $11.76 from pot
kolaz03: doesn't show hand
*** SUMMARY ***
Total pot $12 | Rake $0.24
Board [3s Qh 8d]
Seat 1: kolaz03 (button) (small blind) collected ($11.76)
Seat 2: las59 (big blind) folded on the Flop


PokerStars Hand #148504955876:  Hold'em Limit ($3/$6 USD) - 2016/02/09 10:41:28 ET
Table 'Tabit III' 2-max Seat #2 is the button
Seat 1: kolaz03 ($226.59 in chips)
Seat 2: las59 ($269.77 in chips)
las59: posts small blind $1
kolaz03: posts big blind $3
*** HOLE CARDS ***
las59: raises $3 to $6
kolaz03: calls $3
*** FLOP *** [2c 8h As]
kolaz03: checks
las59: checks
*** TURN *** [2c 8h As] [7d]
kolaz03: checks
las59: checks
*** RIVER *** [2c 8h As 7d] [9h]
kolaz03: bets $6
las59: folds
Uncalled bet ($6) returned to kolaz03
kolaz03 collected $11.76 from pot
kolaz03: doesn't show hand
*** SUMMARY ***
Total pot $12 | Rake $0.24
Board [2c 8h As 7d 9h]
Seat 1: kolaz03 (big blind) collected ($11.76)
Seat 2: las59 (button) (small blind) folded on the River


PokerStars Hand #148504978602:  Hold'em Limit ($3/$6 USD) - 2016/02/09 10:41:55 ET
Table 'Tabit III' 2-max Seat #1 is the button
Seat 1: kolaz03 ($239.11 in chips)
Seat 2: las59 ($256.77 in chips)
kolaz03: posts small blind $1
las59: posts big blind $3
*** HOLE CARDS ***
kolaz03: raises $3 to $6
las59: raises $3 to $9
kolaz03: calls $3
*** FLOP *** [7c 5s 8s]
las59: bets $3
kolaz03: calls $3
*** TURN *** [7c 5s 8s] [3c]
las59: bets $6
kolaz03: raises $6 to $12
las59: calls $6
*** RIVER *** [7c 5s 8s 3c] [6h]
las59: checks
kolaz03: bets $6
las59: calls $6
*** SHOW DOWN ***
kolaz03: shows [5d 7d] (two pair, Sevens and Fives)
las59: mucks hand
kolaz03 collected $59.50 from pot
*** SUMMARY ***
Total pot $60 | Rake $0.50
Board [7c 5s 8s 3c 6h]
Seat 1: kolaz03 (button) (small blind) showed [5d 7d] and won ($59.50) with two pair, Sevens and Fives
Seat 2: las59 (big blind) mucked


PokerStars Hand #148504974816:  Hold'em Limit ($3/$6 USD) - 2016/02/09 10:41:51 ET
Table 'Tabit III' 2-max Seat #2 is the button
Seat 1: kolaz03 ($238.11 in chips)
Seat 2: las59 ($257.77 in chips)
las59: posts small blind $1
kolaz03: posts big blind $3
*** HOLE CARDS ***
las59: folds
Uncalled bet ($2) returned to kolaz03
kolaz03 collected $2 from pot
kolaz03: doesn't show hand
*** SUMMARY ***
Total pot $2 | Rake $0
Seat 1: kolaz03 (big blind) collected ($2)
Seat 2: las59 (button) (small blind) folded before Flop


PokerStars Hand #148504995281:  Hold'em Limit ($3/$6 USD) - 2016/02/09 10:42:14 ET
Table 'Tabit III' 2-max Seat #2 is the button
Seat 1: kolaz03 ($268.61 in chips)
Seat 2: las59 ($226.77 in chips)
las59: posts small blind $1
kolaz03: posts big blind $3
*** HOLE CARDS ***
las59: raises $3 to $6
kolaz03: raises $3 to $9
las59: raises $3 to $12
Betting is capped
kolaz03: calls $3
*** FLOP *** [Ks 5h 4h]
kolaz03: checks
las59: checks
*** TURN *** [Ks 5h 4h] [7h]
kolaz03: bets $6
las59: calls $6
*** RIVER *** [Ks 5h 4h 7h] [4s]
kolaz03: bets $6
las59: calls $6
*** SHOW DOWN ***
kolaz03: shows [Jc Kd] (two pair, Kings and Fours)
las59: mucks hand
kolaz03 collected $47.50 from pot
*** SUMMARY ***
Total pot $48 | Rake $0.50
Board [Ks 5h 4h 7h 4s]
Seat 1: kolaz03 (big blind) showed [Jc Kd] and won ($47.50) with two pair, Kings and Fours
Seat 2: las59 (button) (small blind) mucked


PokerStars Hand #148505031500:  Hold'em Limit ($3/$6 USD) - 2016/02/09 10:42:58 ET
Table 'Tabit III' 2-max Seat #2 is the button
Seat 1: kolaz03 ($312.61 in chips)
Seat 2: las59 ($181.77 in chips)
las59: posts small blind $1
kolaz03: posts big blind $3
*** HOLE CARDS ***
las59: raises $3 to $6
kolaz03: calls $3
*** FLOP *** [Th 4d 8c]
kolaz03: checks
las59: checks
*** TURN *** [Th 4d 8c] [2d]
kolaz03: checks
las59: bets $6
kolaz03: folds
Uncalled bet ($6) returned to las59
las59 collected $11.76 from pot
*** SUMMARY ***
Total pot $12 | Rake $0.24
Board [Th 4d 8c 2d]
Seat 1: kolaz03 (big blind) folded on the Turn
Seat 2: las59 (button) (small blind) collected ($11.76)


PokerStars Hand #148505041087:  Hold'em Limit ($3/$6 USD) - 2016/02/09 10:43:10 ET
Table 'Tabit III' 2-max Seat #1 is the button
Seat 1: kolaz03 ($306.61 in chips)
Seat 2: las59 ($187.53 in chips)
kolaz03: posts small blind $1
las59: posts big blind $3
*** HOLE CARDS ***
kolaz03: folds
Uncalled bet ($2) returned to las59
las59 collected $2 from pot
*** SUMMARY ***
Total pot $2 | Rake $0
Seat 1: kolaz03 (button) (small blind) folded before Flop
Seat 2: las59 (big blind) collected ($2)


PokerStars Hand #148505045966:  Hold'em Limit ($3/$6 USD) - 2016/02/09 10:43:16 ET
Table 'Tabit III' 2-max Seat #2 is the button
Seat 1: kolaz03 ($305.61 in chips)
Seat 2: las59 ($188.53 in chips)
las59: posts small blind $1
kolaz03: posts big blind $3
*** HOLE CARDS ***
las59: raises $3 to $6
kolaz03: calls $3
*** FLOP *** [4c 7h Tc]
kolaz03: checks
las59: checks
*** TURN *** [4c 7h Tc] [7s]
kolaz03: checks
las59: bets $6
kolaz03: folds
Uncalled bet ($6) returned to las59
las59 collected $11.76 from pot
*** SUMMARY ***
Total pot $12 | Rake $0.24
Board [4c 7h Tc 7s]
Seat 1: kolaz03 (big blind) folded on the Turn
Seat 2: las59 (button) (small blind) collected ($11.76)


PokerStars Hand #148505056789:  Hold'em Limit ($3/$6 USD) - 2016/02/09 10:43:29 ET
Table 'Tabit III' 2-max Seat #1 is the button
Seat 1: kolaz03 ($299.61 in chips)
Seat 2: las59 ($194.29 in chips)
kolaz03: posts small blind $1
las59: posts big blind $3
*** HOLE CARDS ***
kolaz03: folds
Uncalled bet ($2) returned to las59
las59 collected $2 from pot
*** SUMMARY ***
Total pot $2 | Rake $0
Seat 1: kolaz03 (button) (small blind) folded before Flop
Seat 2: las59 (big blind) collected ($2)


PokerStars Hand #148505011054:  Hold'em Limit ($3/$6 USD) - 2016/02/09 10:42:33 ET
Table 'Tabit III' 2-max Seat #1 is the button
Seat 1: kolaz03 ($292.11 in chips)
Seat 2: las59 ($202.77 in chips)
kolaz03: posts small blind $1
las59: posts big blind $3
*** HOLE CARDS ***
kolaz03: raises $3 to $6
las59: raises $3 to $9
kolaz03: calls $3
*** FLOP *** [2c Td 9d]
las59: checks
kolaz03: checks
*** TURN *** [2c Td 9d] [Ac]
las59: bets $6
kolaz03: calls $6
*** RIVER *** [2c Td 9d Ac] [3s]
las59: bets $6
kolaz03: calls $6
*** SHOW DOWN ***
las59: shows [5s 8s] (high card Ace)
kolaz03: shows [4h Ks] (high card Ace - King kicker)
kolaz03 collected $41.50 from pot
*** SUMMARY ***
Total pot $42 | Rake $0.50
Board [2c Td 9d Ac 3s]
Seat 1: kolaz03 (button) (small blind) showed [4h Ks] and won ($41.50) with high card Ace
Seat 2: las59 (big blind) showed [5s 8s] and lost with high card Ace


PokerStars Hand #148505077896:  Hold'em Limit ($3/$6 USD) - 2016/02/09 10:43:54 ET
Table 'Tabit III' 2-max Seat #1 is the button
Seat 1: kolaz03 ($304.37 in chips)
Seat 2: las59 ($189.29 in chips)
kolaz03: posts small blind $1
las59: posts big blind $3
*** HOLE CARDS ***
kolaz03: raises $3 to $6
las59: folds
Uncalled bet ($3) returned to kolaz03
kolaz03 collected $6 from pot
kolaz03: doesn't show hand
*** SUMMARY ***
Total pot $6 | Rake $0
Seat 1: kolaz03 (button) (small blind) collected ($6)
Seat 2: las59 (big blind) folded before Flop


PokerStars Hand #148505061370:  Hold'em Limit ($3/$6 USD) - 2016/02/09 10:43:34 ET
Table 'Tabit III' 2-max Seat #2 is the button
Seat 1: kolaz03 ($298.61 in chips)
Seat 2: las59 ($195.29 in chips)
las59: posts small blind $1
kolaz03: posts big blind $3
*** HOLE CARDS ***
las59: raises $3 to $6
kolaz03: calls $3
*** FLOP *** [Qs Qh 5h]
kolaz03: checks
las59: checks
*** TURN *** [Qs Qh 5h] [Ac]
kolaz03: checks
las59: checks
*** RIVER *** [Qs Qh 5h Ac] [7d]
kolaz03: checks
las59: checks
*** SHOW DOWN ***
kolaz03: shows [Kh 9d] (a pair of Queens)
las59: mucks hand
kolaz03 collected $11.76 from pot
*** SUMMARY ***
Total pot $12 | Rake $0.24
Board [Qs Qh 5h Ac 7d]
Seat 1: kolaz03 (big blind) showed [Kh 9d] and won ($11.76) with a pair of Queens
Seat 2: las59 (button) (small blind) mucked


PokerStars Hand #148505082702:  Hold'em Limit ($3/$6 USD) - 2016/02/09 10:43:59 ET
Table 'Tabit III' 2-max Seat #2 is the button
Seat 1: kolaz03 ($307.37 in chips)
Seat 2: las59 ($186.29 in chips)
las59: posts small blind $1
kolaz03: posts big blind $3
*** HOLE CARDS ***
las59: raises $3 to $6
kolaz03: calls $3
*** FLOP *** [As 7s Ts]
kolaz03: bets $3
las59: calls $3
*** TURN *** [As 7s Ts] [4s]
kolaz03: bets $6
las59: raises $6 to $12
kolaz03: folds
Uncalled bet ($6) returned to las59
las59 collected $29.50 from pot
*** SUMMARY ***
Total pot $30 | Rake $0.50
Board [As 7s Ts 4s]
Seat 1: kolaz03 (big blind) folded on the Turn
Seat 2: las59 (button) (small blind) collected ($29.50)


PokerStars Hand #148505103582:  Hold'em Limit ($3/$6 USD) - 2016/02/09 10:44:24 ET
Table 'Tabit III' 2-max Seat #2 is the button
Seat 1: kolaz03 ($315.87 in chips)
Seat 2: las59 ($176.79 in chips)
las59: posts small blind $1
kolaz03: posts big blind $3
*** HOLE CARDS ***
las59: folds
Uncalled bet ($2) returned to kolaz03
kolaz03 collected $2 from pot
kolaz03: doesn't show hand
*** SUMMARY ***
Total pot $2 | Rake $0
Seat 1: kolaz03 (big blind) collected ($2)
Seat 2: las59 (button) (small blind) folded before Flop


PokerStars Hand #148505092000:  Hold'em Limit ($3/$6 USD) - 2016/02/09 10:44:11 ET
Table 'Tabit III' 2-max Seat #1 is the button
Seat 1: kolaz03 ($292.37 in chips)
Seat 2: las59 ($200.79 in chips)
kolaz03: posts small blind $1
las59: posts big blind $3
*** HOLE CARDS ***
kolaz03: raises $3 to $6
las59: raises $3 to $9
kolaz03: calls $3
*** FLOP *** [Td 2h 8c]
las59: bets $3
kolaz03: calls $3
*** TURN *** [Td 2h 8c] [Tc]
las59: bets $6
kolaz03: calls $6
*** RIVER *** [Td 2h 8c Tc] [Jc]
las59: bets $6
kolaz03: calls $6
*** SHOW DOWN ***
las59: shows [Ac 3s] (a pair of Tens)
kolaz03: shows [8h 9h] (two pair, Tens and Eights)
kolaz03 collected $47.50 from pot
*** SUMMARY ***
Total pot $48 | Rake $0.50
Board [Td 2h 8c Tc Jc]
Seat 1: kolaz03 (button) (small blind) showed [8h 9h] and won ($47.50) with two pair, Tens and Eights
Seat 2: las59 (big blind) showed [Ac 3s] and lost with a pair of Tens


PokerStars Hand #148505119892:  Hold'em Limit ($3/$6 USD) - 2016/02/09 10:44:44 ET
Table 'Tabit III' 2-max Seat #2 is the button
Seat 1: kolaz03 ($307.87 in chips)
Seat 2: las59 ($184.43 in chips)
las59: posts small blind $1
kolaz03: posts big blind $3
*** HOLE CARDS ***
las59: folds
Uncalled bet ($2) returned to kolaz03
kolaz03 collected $2 from pot
kolaz03: doesn't show hand
*** SUMMARY ***
Total pot $2 | Rake $0
Seat 1: kolaz03 (big blind) collected ($2)
Seat 2: las59 (button) (small blind) folded before Flop


PokerStars Hand #148505107452:  Hold'em Limit ($3/$6 USD) - 2016/02/09 10:44:29 ET
Table 'Tabit III' 2-max Seat #1 is the button
Seat 1: kolaz03 ($316.87 in chips)
Seat 2: las59 ($175.79 in chips)
kolaz03: posts small blind $1
las59: posts big blind $3
*** HOLE CARDS ***
kolaz03: raises $3 to $6
las59: calls $3
*** FLOP *** [Js 7c Ac]
las59: checks
kolaz03: bets $3
las59: calls $3
*** TURN *** [Js 7c Ac] [Qs]
las59: checks
kolaz03: checks
*** RIVER *** [Js 7c Ac Qs] [7h]
las59: bets $6
kolaz03: folds
Uncalled bet ($6) returned to las59
las59 collected $17.64 from pot
*** SUMMARY ***
Total pot $18 | Rake $0.36
Board [Js 7c Ac Qs 7h]
Seat 1: kolaz03 (button) (small blind) folded on the River
Seat 2: las59 (big blind) collected ($17.64)


PokerStars Hand #148505155741:  Hold'em Limit ($3/$6 USD) - 2016/02/09 10:45:26 ET
Table 'Tabit III' 2-max Seat #2 is the button
Seat 1: kolaz03 ($272.87 in chips)
Seat 2: las59 ($218.09 in chips)
las59: posts small blind $1
kolaz03: posts big blind $3
*** HOLE CARDS ***
las59: raises $3 to $6
kolaz03: raises $3 to $9
las59: calls $3
*** FLOP *** [Js Tc 9d]
kolaz03: bets $3
las59: calls $3
*** TURN *** [Js Tc 9d] [Kc]
kolaz03: bets $6
las59: raises $6 to $12
kolaz03: folds
Uncalled bet ($6) returned to las59
las59 collected $35.50 from pot
*** SUMMARY ***
Total pot $36 | Rake $0.50
Board [Js Tc 9d Kc]
Seat 1: kolaz03 (big blind) folded on the Turn
Seat 2: las59 (button) (small blind) collected ($35.50)


PokerStars Hand #148505123561:  Hold'em Limit ($3/$6 USD) - 2016/02/09 10:44:48 ET
Table 'Tabit III' 2-max Seat #1 is the button
Seat 1: kolaz03 ($308.87 in chips)
Seat 2: las59 ($183.43 in chips)
kolaz03: posts small blind $1
las59: posts big blind $3
*** HOLE CARDS ***
kolaz03: raises $3 to $6
las59: calls $3
*** FLOP *** [7d 3h Jc]
las59: checks
kolaz03: bets $3
las59: calls $3
*** TURN *** [7d 3h Jc] [Kc]
las59: checks
kolaz03: bets $6
las59: calls $6
*** RIVER *** [7d 3h Jc Kc] [Kh]
las59: checks
kolaz03: checks
*** SHOW DOWN ***
las59: shows [9c 3s] (two pair, Kings and Threes)
kolaz03: mucks hand
las59 collected $29.50 from pot
*** SUMMARY ***
Total pot $30 | Rake $0.50
Board [7d 3h Jc Kc Kh]
Seat 1: kolaz03 (button) (small blind) mucked
Seat 2: las59 (big blind) showed [9c 3s] and won ($29.50) with two pair, Kings and Threes


PokerStars Hand #148505137307:  Hold'em Limit ($3/$6 USD) - 2016/02/09 10:45:05 ET
Table 'Tabit III' 2-max Seat #2 is the button
Seat 1: kolaz03 ($293.87 in chips)
Seat 2: las59 ($197.93 in chips)
las59: posts small blind $1
kolaz03: posts big blind $3
*** HOLE CARDS ***
las59: raises $3 to $6
kolaz03: raises $3 to $9
las59: raises $3 to $12
Betting is capped
kolaz03: calls $3
*** FLOP *** [Td Kd 8s]
kolaz03: checks
las59: bets $3
kolaz03: folds
Uncalled bet ($3) returned to las59
las59 collected $23.52 from pot
*** SUMMARY ***
Total pot $24 | Rake $0.48
Board [Td Kd 8s]
Seat 1: kolaz03 (big blind) folded on the Flop
Seat 2: las59 (button) (small blind) collected ($23.52)


PokerStars Hand #148505145495:  Hold'em Limit ($3/$6 USD) - 2016/02/09 10:45:14 ET
Table 'Tabit III' 2-max Seat #1 is the button
Seat 1: kolaz03 ($281.87 in chips)
Seat 2: las59 ($209.45 in chips)
kolaz03: posts small blind $1
las59: posts big blind $3
*** HOLE CARDS ***
kolaz03: raises $3 to $6
las59: calls $3
*** FLOP *** [Jc Ac 2c]
las59: checks
kolaz03: bets $3
las59: calls $3
*** TURN *** [Jc Ac 2c] [7h]
las59: checks
kolaz03: checks
*** RIVER *** [Jc Ac 2c 7h] [Ks]
las59: bets $6
kolaz03: folds
Uncalled bet ($6) returned to las59
las59 collected $17.64 from pot
*** SUMMARY ***
Total pot $18 | Rake $0.36
Board [Jc Ac 2c 7h Ks]
Seat 1: kolaz03 (button) (small blind) folded on the River
Seat 2: las59 (big blind) collected ($17.64)


PokerStars Hand #148505166576:  Hold'em Limit ($3/$6 USD) - 2016/02/09 10:45:39 ET
Table 'Tabit III' 2-max Seat #1 is the button
Seat 1: kolaz03 ($254.87 in chips)
Seat 2: las59 ($235.59 in chips)
kolaz03: posts small blind $1
las59: posts big blind $3
*** HOLE CARDS ***
kolaz03: raises $3 to $6
las59: raises $3 to $9
kolaz03: calls $3
*** FLOP *** [Kc 2h 3d]
las59: checks
kolaz03: checks
*** TURN *** [Kc 2h 3d] [6h]
las59: bets $6
kolaz03: folds
Uncalled bet ($6) returned to las59
las59 collected $17.64 from pot
*** SUMMARY ***
Total pot $18 | Rake $0.36
Board [Kc 2h 3d 6h]
Seat 1: kolaz03 (button) (small blind) folded on the Turn
Seat 2: las59 (big blind) collected ($17.64)


PokerStars Hand #148505245870:  Hold'em Limit ($3/$6 USD) - 2016/02/09 10:47:13 ET
Table 'Tabit III' 2-max Seat #2 is the button
Seat 1: kolaz03 ($202.87 in chips)
Seat 2: las59 ($285.77 in chips)
las59: posts small blind $1
kolaz03: posts big blind $3
*** HOLE CARDS ***
las59: raises $3 to $6
kolaz03: calls $3
*** FLOP *** [3s 5d 4s]
kolaz03: checks
las59: bets $3
kolaz03: raises $3 to $6
las59: raises $3 to $9
kolaz03: raises $3 to $12
Betting is capped
las59: calls $3
*** TURN *** [3s 5d 4s] [7c]
kolaz03: bets $6
las59: calls $6
*** RIVER *** [3s 5d 4s 7c] [4h]
kolaz03: bets $6
las59: calls $6
*** SHOW DOWN ***
kolaz03: shows [6s 2s] (a straight, Three to Seven)
las59: mucks hand
kolaz03 collected $59.50 from pot
*** SUMMARY ***
Total pot $60 | Rake $0.50
Board [3s 5d 4s 7c 4h]
Seat 1: kolaz03 (big blind) showed [6s 2s] and won ($59.50) with a straight, Three to Seven
Seat 2: las59 (button) (small blind) mucked


PokerStars Hand #148505229258:  Hold'em Limit ($3/$6 USD) - 2016/02/09 10:46:53 ET
Table 'Tabit III' 2-max Seat #1 is the button
Seat 1: kolaz03 ($211.87 in chips)
Seat 2: las59 ($277.13 in chips)
kolaz03: posts small blind $1
las59: posts big blind $3
*** HOLE CARDS ***
kolaz03: raises $3 to $6
las59: raises $3 to $9
kolaz03: calls $3
*** FLOP *** [7h 3c Ad]
las59: checks
kolaz03: checks
*** TURN *** [7h 3c Ad] [Jh]
las59: bets $6
kolaz03: folds
Uncalled bet ($6) returned to las59
las59 collected $17.64 from pot
*** SUMMARY ***
Total pot $18 | Rake $0.36
Board [7h 3c Ad Jh]
Seat 1: kolaz03 (button) (small blind) folded on the Turn
Seat 2: las59 (big blind) collected ($17.64)


PokerStars Hand #148505219872:  Hold'em Limit ($3/$6 USD) - 2016/02/09 10:46:42 ET
Table 'Tabit III' 2-max Seat #2 is the button
Seat 1: kolaz03 ($217.87 in chips)
Seat 2: las59 ($271.37 in chips)
las59: posts small blind $1
kolaz03: posts big blind $3
*** HOLE CARDS ***
las59: raises $3 to $6
kolaz03: calls $3
*** FLOP *** [Ac 8c Tc]
kolaz03: checks
las59: bets $3
kolaz03: folds
Uncalled bet ($3) returned to las59
las59 collected $11.76 from pot
*** SUMMARY ***
Total pot $12 | Rake $0.24
Board [Ac 8c Tc]
Seat 1: kolaz03 (big blind) folded on the Flop
Seat 2: las59 (button) (small blind) collected ($11.76)


PokerStars Hand #148505180098:  Hold'em Limit ($3/$6 USD) - 2016/02/09 10:45:55 ET
Table 'Tabit III' 2-max Seat #1 is the button
Seat 1: kolaz03 ($246.87 in chips)
Seat 2: las59 ($243.23 in chips)
kolaz03: posts small blind $1
las59: posts big blind $3
*** HOLE CARDS ***
kolaz03: folds
Uncalled bet ($2) returned to las59
las59 collected $2 from pot
*** SUMMARY ***
Total pot $2 | Rake $0
Seat 1: kolaz03 (button) (small blind) folded before Flop
Seat 2: las59 (big blind) collected ($2)


PokerStars Hand #148505175956:  Hold'em Limit ($3/$6 USD) - 2016/02/09 10:45:50 ET
Table 'Tabit III' 2-max Seat #2 is the button
Seat 1: kolaz03 ($245.87 in chips)
Seat 2: las59 ($244.23 in chips)
las59: posts small blind $1
kolaz03: posts big blind $3
*** HOLE CARDS ***
las59: folds
Uncalled bet ($2) returned to kolaz03
kolaz03 collected $2 from pot
kolaz03: doesn't show hand
*** SUMMARY ***
Total pot $2 | Rake $0
Seat 1: kolaz03 (big blind) collected ($2)
Seat 2: las59 (button) (small blind) folded before Flop


PokerStars Hand #148505184194:  Hold'em Limit ($3/$6 USD) - 2016/02/09 10:46:00 ET
Table 'Tabit III' 2-max Seat #2 is the button
Seat 1: kolaz03 ($245.87 in chips)
Seat 2: las59 ($244.23 in chips)
las59: posts small blind $1
kolaz03: posts big blind $3
*** HOLE CARDS ***
las59: raises $3 to $6
kolaz03: folds
Uncalled bet ($3) returned to las59
las59 collected $6 from pot
*** SUMMARY ***
Total pot $6 | Rake $0
Seat 1: kolaz03 (big blind) folded before Flop
Seat 2: las59 (button) (small blind) collected ($6)


PokerStars Hand #148505190148:  Hold'em Limit ($3/$6 USD) - 2016/02/09 10:46:07 ET
Table 'Tabit III' 2-max Seat #1 is the button
Seat 1: kolaz03 ($242.87 in chips)
Seat 2: las59 ($247.23 in chips)
kolaz03: posts small blind $1
las59: posts big blind $3
*** HOLE CARDS ***
kolaz03: raises $3 to $6
las59: calls $3
*** FLOP *** [5s 6s 7h]
las59: checks
kolaz03: bets $3
las59: calls $3
*** TURN *** [5s 6s 7h] [4h]
las59: checks
kolaz03: bets $6
las59: calls $6
*** RIVER *** [5s 6s 7h 4h] [8h]
las59: checks
kolaz03: checks
*** SHOW DOWN ***
las59: shows [4s 9h] (a straight, Five to Nine)
kolaz03: mucks hand
las59 collected $29.50 from pot
*** SUMMARY ***
Total pot $30 | Rake $0.50
Board [5s 6s 7h 4h 8h]
Seat 1: kolaz03 (button) (small blind) mucked
Seat 2: las59 (big blind) showed [4s 9h] and won ($29.50) with a straight, Five to Nine


PokerStars Hand #148505314428:  Hold'em Limit ($3/$6 USD) - 2016/02/09 10:48:35 ET
Table 'Tabit III' 2-max Seat #2 is the button
Seat 1: kolaz03 ($223.87 in chips)
Seat 2: las59 ($262.77 in chips)
las59: posts small blind $1
kolaz03: posts big blind $3
*** HOLE CARDS ***
las59: raises $3 to $6
kolaz03: raises $3 to $9
las59: calls $3
*** FLOP *** [7h 7s 5c]
kolaz03: bets $3
las59: raises $3 to $6
kolaz03: calls $3
*** TURN *** [7h 7s 5c] [9c]
kolaz03: checks
las59: bets $6
kolaz03: calls $6
*** RIVER *** [7h 7s 5c 9c] [4s]
kolaz03: checks
las59: bets $6
kolaz03: calls $6
*** SHOW DOWN ***
las59: shows [As 5s] (two pair, Sevens and Fives)
kolaz03: mucks hand
las59 collected $53.50 from pot
*** SUMMARY ***
Total pot $54 | Rake $0.50
Board [7h 7s 5c 9c 4s]
Seat 1: kolaz03 (big blind) mucked
Seat 2: las59 (button) (small blind) showed [As 5s] and won ($53.50) with two pair, Sevens and Fives


PokerStars Hand #148505301556:  Hold'em Limit ($3/$6 USD) - 2016/02/09 10:48:19 ET
Table 'Tabit III' 2-max Seat #1 is the button
Seat 1: kolaz03 ($238.87 in chips)
Seat 2: las59 ($248.27 in chips)
kolaz03: posts small blind $1
las59: posts big blind $3
*** HOLE CARDS ***
kolaz03: raises $3 to $6
las59: calls $3
*** FLOP *** [4c Ah 4d]
las59: checks
kolaz03: bets $3
las59: calls $3
*** TURN *** [4c Ah 4d] [9c]
las59: checks
kolaz03: checks
*** RIVER *** [4c Ah 4d 9c] [Js]
las59: bets $6
kolaz03: calls $6
*** SHOW DOWN ***
las59: shows [3h 4s] (three of a kind, Fours)
kolaz03: mucks hand
las59 collected $29.50 from pot
*** SUMMARY ***
Total pot $30 | Rake $0.50
Board [4c Ah 4d 9c Js]
Seat 1: kolaz03 (button) (small blind) mucked
Seat 2: las59 (big blind) showed [3h 4s] and won ($29.50) with three of a kind, Fours


PokerStars Hand #148505297969:  Hold'em Limit ($3/$6 USD) - 2016/02/09 10:48:15 ET
Table 'Tabit III' 2-max Seat #2 is the button
Seat 1: kolaz03 ($237.87 in chips)
Seat 2: las59 ($249.27 in chips)
las59: posts small blind $1
kolaz03: posts big blind $3
*** HOLE CARDS ***
las59: folds
Uncalled bet ($2) returned to kolaz03
kolaz03 collected $2 from pot
kolaz03: doesn't show hand
*** SUMMARY ***
Total pot $2 | Rake $0
Seat 1: kolaz03 (big blind) collected ($2)
Seat 2: las59 (button) (small blind) folded before Flop


PokerStars Hand #148505283471:  Hold'em Limit ($3/$6 USD) - 2016/02/09 10:47:58 ET
Table 'Tabit III' 2-max Seat #1 is the button
Seat 1: kolaz03 ($252.87 in chips)
Seat 2: las59 ($234.77 in chips)
kolaz03: posts small blind $1
las59: posts big blind $3
*** HOLE CARDS ***
kolaz03: raises $3 to $6
las59: calls $3
*** FLOP *** [Qh 3s 6s]
las59: checks
kolaz03: bets $3
las59: calls $3
*** TURN *** [Qh 3s 6s] [Qc]
las59: checks
kolaz03: checks
*** RIVER *** [Qh 3s 6s Qc] [3h]
las59: bets $6
kolaz03: calls $6
*** SHOW DOWN ***
las59: shows [Ks 5h] (two pair, Queens and Threes)
kolaz03: mucks hand
las59 collected $29.50 from pot
*** SUMMARY ***
Total pot $30 | Rake $0.50
Board [Qh 3s 6s Qc 3h]
Seat 1: kolaz03 (button) (small blind) mucked
Seat 2: las59 (big blind) showed [Ks 5h] and won ($29.50) with two pair, Queens and Threes


PokerStars Hand #148505278987:  Hold'em Limit ($3/$6 USD) - 2016/02/09 10:47:52 ET
Table 'Tabit III' 2-max Seat #2 is the button
Seat 1: kolaz03 ($255.87 in chips)
Seat 2: las59 ($231.77 in chips)
las59: posts small blind $1
kolaz03: posts big blind $3
*** HOLE CARDS ***
las59: raises $3 to $6
kolaz03: folds
Uncalled bet ($3) returned to las59
las59 collected $6 from pot
*** SUMMARY ***
Total pot $6 | Rake $0
Seat 1: kolaz03 (big blind) folded before Flop
Seat 2: las59 (button) (small blind) collected ($6)


PokerStars Hand #148505260946:  Hold'em Limit ($3/$6 USD) - 2016/02/09 10:47:31 ET
Table 'Tabit III' 2-max Seat #1 is the button
Seat 1: kolaz03 ($232.37 in chips)
Seat 2: las59 ($255.77 in chips)
kolaz03: posts small blind $1
las59: posts big blind $3
*** HOLE CARDS ***
kolaz03: raises $3 to $6
las59: raises $3 to $9
kolaz03: calls $3
*** FLOP *** [7h Qd Ts]
las59: checks
kolaz03: bets $3
las59: calls $3
*** TURN *** [7h Qd Ts] [Td]
las59: checks
kolaz03: bets $6
las59: calls $6
*** RIVER *** [7h Qd Ts Td] [8c]
las59: checks
kolaz03: bets $6
las59: calls $6
*** SHOW DOWN ***
kolaz03: shows [Kh Qc] (two pair, Queens and Tens)
las59: mucks hand
kolaz03 collected $47.50 from pot
*** SUMMARY ***
Total pot $48 | Rake $0.50
Board [7h Qd Ts Td 8c]
Seat 1: kolaz03 (button) (small blind) showed [Kh Qc] and won ($47.50) with two pair, Queens and Tens
Seat 2: las59 (big blind) mucked


PokerStars Hand #148505364578:  Hold'em Limit ($3/$6 USD) - 2016/02/09 10:49:34 ET
Table 'Tabit III' 2-max Seat #1 is the button
Seat 1: kolaz03 ($196.37 in chips)
Seat 2: las59 ($288.77 in chips)
kolaz03: posts small blind $1
las59: posts big blind $3
*** HOLE CARDS ***
kolaz03: raises $3 to $6
las59: raises $3 to $9
kolaz03: calls $3
*** FLOP *** [Qd Jh 2s]
las59: bets $3
kolaz03: calls $3
*** TURN *** [Qd Jh 2s] [6h]
las59: checks
kolaz03: checks
*** RIVER *** [Qd Jh 2s 6h] [8c]
las59: checks
kolaz03: checks
*** SHOW DOWN ***
las59: shows [Ac 9s] (high card Ace)
kolaz03: mucks hand
las59 collected $23.52 from pot
*** SUMMARY ***
Total pot $24 | Rake $0.48
Board [Qd Jh 2s 6h 8c]
Seat 1: kolaz03 (button) (small blind) mucked
Seat 2: las59 (big blind) showed [Ac 9s] and won ($23.52) with high card Ace


PokerStars Hand #148505349457:  Hold'em Limit ($3/$6 USD) - 2016/02/09 10:49:16 ET
Table 'Tabit III' 2-max Seat #2 is the button
Seat 1: kolaz03 ($175.87 in chips)
Seat 2: las59 ($309.77 in chips)
las59: posts small blind $1
kolaz03: posts big blind $3
*** HOLE CARDS ***
las59: raises $3 to $6
kolaz03: raises $3 to $9
las59: raises $3 to $12
Betting is capped
kolaz03: calls $3
*** FLOP *** [Td Kd Jd]
kolaz03: checks
las59: bets $3
kolaz03: calls $3
*** TURN *** [Td Kd Jd] [5s]
kolaz03: checks
las59: bets $6
kolaz03: calls $6
*** RIVER *** [Td Kd Jd 5s] [Qh]
kolaz03: checks
las59: checks
*** SHOW DOWN ***
kolaz03: shows [Tc Qc] (two pair, Queens and Tens)
las59: mucks hand
kolaz03 collected $41.50 from pot
*** SUMMARY ***
Total pot $42 | Rake $0.50
Board [Td Kd Jd 5s Qh]
Seat 1: kolaz03 (big blind) showed [Tc Qc] and won ($41.50) with two pair, Queens and Tens
Seat 2: las59 (button) (small blind) mucked


PokerStars Hand #148505345322:  Hold'em Limit ($3/$6 USD) - 2016/02/09 10:49:11 ET
Table 'Tabit III' 2-max Seat #1 is the button
Seat 1: kolaz03 ($176.87 in chips)
Seat 2: las59 ($308.77 in chips)
kolaz03: posts small blind $1
las59: posts big blind $3
*** HOLE CARDS ***
kolaz03: folds
Uncalled bet ($2) returned to las59
las59 collected $2 from pot
*** SUMMARY ***
Total pot $2 | Rake $0
Seat 1: kolaz03 (button) (small blind) folded before Flop
Seat 2: las59 (big blind) collected ($2)


PokerStars Hand #148505341452:  Hold'em Limit ($3/$6 USD) - 2016/02/09 10:49:07 ET
Table 'Tabit III' 2-max Seat #2 is the button
Seat 1: kolaz03 ($175.87 in chips)
Seat 2: las59 ($309.77 in chips)
las59: posts small blind $1
kolaz03: posts big blind $3
*** HOLE CARDS ***
las59: folds
Uncalled bet ($2) returned to kolaz03
kolaz03 collected $2 from pot
kolaz03: doesn't show hand
*** SUMMARY ***
Total pot $2 | Rake $0
Seat 1: kolaz03 (big blind) collected ($2)
Seat 2: las59 (button) (small blind) folded before Flop


PokerStars Hand #148505327736:  Hold'em Limit ($3/$6 USD) - 2016/02/09 10:48:50 ET
Table 'Tabit III' 2-max Seat #1 is the button
Seat 1: kolaz03 ($196.87 in chips)
Seat 2: las59 ($289.27 in chips)
kolaz03: posts small blind $1
las59: posts big blind $3
*** HOLE CARDS ***
kolaz03: raises $3 to $6
las59: raises $3 to $9
kolaz03: calls $3
*** FLOP *** [8s Th 4h]
las59: checks
kolaz03: bets $3
las59: raises $3 to $6
kolaz03: calls $3
*** TURN *** [8s Th 4h] [2h]
las59: bets $6
kolaz03: calls $6
*** RIVER *** [8s Th 4h 2h] [Ah]
las59: checks
kolaz03: checks
*** SHOW DOWN ***
las59: shows [Ts Qs] (a pair of Tens)
kolaz03: mucks hand
las59 collected $41.50 from pot
*** SUMMARY ***
Total pot $42 | Rake $0.50
Board [8s Th 4h 2h Ah]
Seat 1: kolaz03 (button) (small blind) mucked
Seat 2: las59 (big blind) showed [Ts Qs] and won ($41.50) with a pair of Tens


PokerStars Hand #148505415456:  Hold'em Limit ($3/$6 USD) - 2016/02/09 10:50:35 ET
Table 'Tabit III' 2-max Seat #1 is the button
Seat 1: kolaz03 ($207.63 in chips)
Seat 2: las59 ($275.81 in chips)
kolaz03: posts small blind $1
las59: posts big blind $3
*** HOLE CARDS ***
kolaz03: raises $3 to $6
las59: folds
Uncalled bet ($3) returned to kolaz03
kolaz03 collected $6 from pot
kolaz03: doesn't show hand
*** SUMMARY ***
Total pot $6 | Rake $0
Seat 1: kolaz03 (button) (small blind) collected ($6)
Seat 2: las59 (big blind) folded before Flop


PokerStars Hand #148505400469:  Hold'em Limit ($3/$6 USD) - 2016/02/09 10:50:17 ET
Table 'Tabit III' 2-max Seat #2 is the button
Seat 1: kolaz03 ($178.13 in chips)
Seat 2: las59 ($305.81 in chips)
las59: posts small blind $1
kolaz03: posts big blind $3
*** HOLE CARDS ***
las59: raises $3 to $6
kolaz03: calls $3
*** FLOP *** [4h Th Ad]
kolaz03: checks
las59: bets $3
kolaz03: raises $3 to $6
las59: raises $3 to $9
kolaz03: raises $3 to $12
Betting is capped
las59: calls $3
*** TURN *** [4h Th Ad] [Ks]
kolaz03: bets $6
las59: calls $6
*** RIVER *** [4h Th Ad Ks] [6d]
kolaz03: bets $6
las59: calls $6
*** SHOW DOWN ***
kolaz03: shows [Ac 7d] (a pair of Aces)
las59: mucks hand
kolaz03 collected $59.50 from pot
*** SUMMARY ***
Total pot $60 | Rake $0.50
Board [4h Th Ad Ks 6d]
Seat 1: kolaz03 (big blind) showed [Ac 7d] and won ($59.50) with a pair of Aces
Seat 2: las59 (button) (small blind) mucked


PokerStars Hand #148505397134:  Hold'em Limit ($3/$6 USD) - 2016/02/09 10:50:13 ET
Table 'Tabit III' 2-max Seat #1 is the button
Seat 1: kolaz03 ($179.13 in chips)
Seat 2: las59 ($304.81 in chips)
kolaz03: posts small blind $1
las59: posts big blind $3
*** HOLE CARDS ***
kolaz03: folds
Uncalled bet ($2) returned to las59
las59 collected $2 from pot
*** SUMMARY ***
Total pot $2 | Rake $0
Seat 1: kolaz03 (button) (small blind) folded before Flop
Seat 2: las59 (big blind) collected ($2)


PokerStars Hand #148505393582:  Hold'em Limit ($3/$6 USD) - 2016/02/09 10:50:09 ET
Table 'Tabit III' 2-max Seat #2 is the button
Seat 1: kolaz03 ($178.13 in chips)
Seat 2: las59 ($305.81 in chips)
las59: posts small blind $1
kolaz03: posts big blind $3
*** HOLE CARDS ***
las59: folds
Uncalled bet ($2) returned to kolaz03
kolaz03 collected $2 from pot
kolaz03: doesn't show hand
*** SUMMARY ***
Total pot $2 | Rake $0
Seat 1: kolaz03 (big blind) collected ($2)
Seat 2: las59 (button) (small blind) folded before Flop


PokerStars Hand #148505386034:  Hold'em Limit ($3/$6 USD) - 2016/02/09 10:50:00 ET
Table 'Tabit III' 2-max Seat #1 is the button
Seat 1: kolaz03 ($172.37 in chips)
Seat 2: las59 ($311.81 in chips)
kolaz03: posts small blind $1
las59: posts big blind $3
*** HOLE CARDS ***
kolaz03: raises $3 to $6
las59: calls $3
*** FLOP *** [Kh 9s 5h]
las59: checks
kolaz03: bets $3
las59: folds
Uncalled bet ($3) returned to kolaz03
kolaz03 collected $11.76 from pot
kolaz03: doesn't show hand
*** SUMMARY ***
Total pot $12 | Rake $0.24
Board [Kh 9s 5h]
Seat 1: kolaz03 (button) (small blind) collected ($11.76)
Seat 2: las59 (big blind) folded on the Flop


PokerStars Hand #148505375892:  Hold'em Limit ($3/$6 USD) - 2016/02/09 10:49:48 ET
Table 'Tabit III' 2-max Seat #2 is the button
Seat 1: kolaz03 ($184.37 in chips)
Seat 2: las59 ($300.29 in chips)
las59: posts small blind $1
kolaz03: posts big blind $3
*** HOLE CARDS ***
las59: raises $3 to $6
kolaz03: raises $3 to $9
las59: calls $3
*** FLOP *** [Qh Ts 9h]
kolaz03: bets $3
las59: raises $3 to $6
kolaz03: folds
Uncalled bet ($3) returned to las59
las59 collected $23.52 from pot
*** SUMMARY ***
Total pot $24 | Rake $0.48
Board [Qh Ts 9h]
Seat 1: kolaz03 (big blind) folded on the Flop
Seat 2: las59 (button) (small blind) collected ($23.52)


PokerStars Hand #148505432418:  Hold'em Limit ($3/$6 USD) - 2016/02/09 10:50:55 ET
Table 'Tabit III' 2-max Seat #1 is the button
Seat 1: kolaz03 ($216.39 in chips)
Seat 2: las59 ($266.81 in chips)
kolaz03: posts small blind $1
las59: posts big blind $3
*** HOLE CARDS ***
kolaz03: raises $3 to $6
las59: calls $3
*** FLOP *** [6h 7h Td]
las59: checks
kolaz03: bets $3
las59: folds
Uncalled bet ($3) returned to kolaz03
kolaz03 collected $11.76 from pot
kolaz03: doesn't show hand
*** SUMMARY ***
Total pot $12 | Rake $0.24
Board [6h 7h Td]
Seat 1: kolaz03 (button) (small blind) collected ($11.76)
Seat 2: las59 (big blind) folded on the Flop


PokerStars Hand #148505419870:  Hold'em Limit ($3/$6 USD) - 2016/02/09 10:50:40 ET
Table 'Tabit III' 2-max Seat #2 is the button
Seat 1: kolaz03 ($210.63 in chips)
Seat 2: las59 ($272.81 in chips)
las59: posts small blind $1
kolaz03: posts big blind $3
*** HOLE CARDS ***
las59: raises $3 to $6
kolaz03: calls $3
*** FLOP *** [2s As Kc]
kolaz03: checks
las59: checks
*** TURN *** [2s As Kc] [9s]
kolaz03: checks
las59: checks
*** RIVER *** [2s As Kc 9s] [6h]
kolaz03: checks
las59: checks
*** SHOW DOWN ***
kolaz03: shows [2h Qd] (a pair of Deuces)
las59: mucks hand
kolaz03 collected $11.76 from pot
*** SUMMARY ***
Total pot $12 | Rake $0.24
Board [2s As Kc 9s 6h]
Seat 1: kolaz03 (big blind) showed [2h Qd] and won ($11.76) with a pair of Deuces
Seat 2: las59 (button) (small blind) mucked


