PokerStars Hand #163330516043:  Hold'em Limit ($3/$6 USD) - 2016/12/22 3:14:35 ET
Table 'Tabit II' 6-max Seat #1 is the button
Seat 1: ToDaFelt ($113.76 in chips)
Seat 2: aremom4e ($125.52 in chips)
ToDaFelt: posts small blind $1
aremom4e: posts big blind $3
*** HOLE CARDS ***
ToDaFelt: raises $3 to $6
aremom4e: folds
Uncalled bet ($3) returned to ToDaFelt
ToDaFelt collected $6 from pot
ToDaFelt: doesn't show hand
*** SUMMARY ***
Total pot $6 | Rake $0
Seat 1: ToDaFelt (button) (small blind) collected ($6)
Seat 2: aremom4e (big blind) folded before Flop


PokerStars Hand #163330509729:  Hold'em Limit ($3/$6 USD) - 2016/12/22 3:14:14 ET
Table 'Tabit II' 6-max Seat #2 is the button
Seat 1: ToDaFelt ($125.76 in chips)
Seat 2: aremom4e ($114 in chips)
aremom4e: posts small blind $1
ToDaFelt: posts big blind $3
*** HOLE CARDS ***
RockKillerTY joins the table at seat #3
aremom4e: raises $3 to $6
ToDaFelt: calls $3
*** FLOP *** [9d 9s 7s]
ToDaFelt: checks
aremom4e: checks
*** TURN *** [9d 9s 7s] [6c]
ToDaFelt: bets $6
aremom4e: calls $6
*** RIVER *** [9d 9s 7s 6c] [7h]
ToDaFelt: checks
aremom4e: checks
*** SHOW DOWN ***
ToDaFelt: shows [4s Qs] (two pair, Nines and Sevens)
aremom4e: shows [Kd 6s] (two pair, Nines and Sevens - King kicker)
aremom4e collected $23.52 from pot
*** SUMMARY ***
Total pot $24 | Rake $0.48
Board [9d 9s 7s 6c 7h]
Seat 1: ToDaFelt (big blind) showed [4s Qs] and lost with two pair, Nines and Sevens
Seat 2: aremom4e (button) (small blind) showed [Kd 6s] and won ($23.52) with two pair, Nines and Sevens


PokerStars Hand #163330500988:  Hold'em Limit ($3/$6 USD) - 2016/12/22 3:13:46 ET
Table 'Tabit II' 6-max Seat #1 is the button
Seat 1: ToDaFelt ($120 in chips)
Seat 2: aremom4e ($120 in chips)
ToDaFelt: posts small blind $1
aremom4e: posts big blind $3
*** HOLE CARDS ***
ToDaFelt: raises $3 to $6
aremom4e: calls $3
*** FLOP *** [Kd 6h 5d]
aremom4e: checks
ToDaFelt: bets $3
aremom4e: folds
Uncalled bet ($3) returned to ToDaFelt
ToDaFelt collected $11.76 from pot
ToDaFelt: doesn't show hand
*** SUMMARY ***
Total pot $12 | Rake $0.24
Board [Kd 6h 5d]
Seat 1: ToDaFelt (button) (small blind) collected ($11.76)
Seat 2: aremom4e (big blind) folded on the Flop


