PokerStars Hand #158679324832:  Hold'em Limit ($3/$6 USD) - 2016/09/16 11:29:05 ET
Table 'Tabit' 6-max Seat #3 is the button
Seat 3: rmbeastrm ($49.76 in chips)
Seat 4: Great_Kang ($120 in chips)
rmbeastrm: posts small blind $1
Great_Kang: posts big blind $3
*** HOLE CARDS ***
rmbeastrm: raises $3 to $6
Great_Kang: calls $3
*** FLOP *** [Td Qd Th]
Great_Kang: checks
rmbeastrm: checks
*** TURN *** [Td Qd Th] [Qh]
Great_Kang: checks
rmbeastrm: checks
*** RIVER *** [Td Qd Th Qh] [3s]
B_loJkl joins the table at seat #5
Great_Kang: bets $6
rmbeastrm: calls $6
*** SHOW DOWN ***
Great_Kang: shows [2h Ac] (two pair, Queens and Tens)
rmbeastrm: mucks hand
Great_Kang collected $23.52 from pot
*** SUMMARY ***
Total pot $24 | Rake $0.48
Board [Td Qd Th Qh 3s]
Seat 3: rmbeastrm (button) (small blind) mucked
Seat 4: Great_Kang (big blind) showed [2h Ac] and won ($23.52) with two pair, Queens and Tens


PokerStars Hand #158679474507:  Hold'em Limit ($3/$6 USD) - 2016/09/16 11:33:11 ET
Table 'Tabit' 6-max Seat #5 is the button
Seat 4: Great_Kang ($143.41 in chips)
Seat 5: B_loJkl ($171.47 in chips)
B_loJkl: posts small blind $1
Great_Kang: posts big blind $3
*** HOLE CARDS ***
B_loJkl: raises $3 to $6
Great_Kang: folds
Uncalled bet ($3) returned to B_loJkl
B_loJkl collected $6 from pot
B_loJkl: doesn't show hand
*** SUMMARY ***
Total pot $6 | Rake $0
Seat 4: Great_Kang (big blind) folded before Flop
Seat 5: B_loJkl (button) (small blind) collected ($6)


PokerStars Hand #158679518850:  Hold'em Limit ($3/$6 USD) - 2016/09/16 11:34:24 ET
Table 'Tabit' 6-max Seat #3 is the button
Seat 3: rmbeastrm ($250.05 in chips)
Seat 4: Great_Kang ($136.93 in chips)
rmbeastrm: posts small blind $1
Great_Kang: posts big blind $3
*** HOLE CARDS ***
rmbeastrm: raises $3 to $6
Great_Kang: calls $3
*** FLOP *** [Kd 2h 7d]
Great_Kang: checks
rmbeastrm: bets $3
Great_Kang: calls $3
*** TURN *** [Kd 2h 7d] [3d]
Great_Kang: checks
rmbeastrm: bets $6
Great_Kang: calls $6
*** RIVER *** [Kd 2h 7d 3d] [8c]
Great_Kang: checks
rmbeastrm: checks
*** SHOW DOWN ***
Great_Kang: shows [Js 2d] (a pair of Deuces)
rmbeastrm: mucks hand
Great_Kang collected $29.50 from pot
*** SUMMARY ***
Total pot $30 | Rake $0.50
Board [Kd 2h 7d 3d 8c]
Seat 3: rmbeastrm (button) (small blind) mucked
Seat 4: Great_Kang (big blind) showed [Js 2d] and won ($29.50) with a pair of Deuces


PokerStars Hand #158679511876:  Hold'em Limit ($3/$6 USD) - 2016/09/16 11:34:12 ET
Table 'Tabit' 6-max Seat #4 is the button
Seat 3: rmbeastrm ($256.05 in chips)
Seat 4: Great_Kang ($131.17 in chips)
Great_Kang: posts small blind $1
rmbeastrm: posts big blind $3
*** HOLE CARDS ***
Great_Kang: raises $3 to $6
rmbeastrm: calls $3
*** FLOP *** [Jd 9c 2h]
rmbeastrm: checks
Great_Kang: bets $3
rmbeastrm: folds
Uncalled bet ($3) returned to Great_Kang
Great_Kang collected $11.76 from pot
Great_Kang: doesn't show hand
*** SUMMARY ***
Total pot $12 | Rake $0.24
Board [Jd 9c 2h]
Seat 3: rmbeastrm (big blind) folded on the Flop
Seat 4: Great_Kang (button) (small blind) collected ($11.76)


PokerStars Hand #158679504939:  Hold'em Limit ($3/$6 USD) - 2016/09/16 11:34:01 ET
Table 'Tabit' 6-max Seat #3 is the button
Seat 3: rmbeastrm ($262.05 in chips)
Seat 4: Great_Kang ($125.41 in chips)
rmbeastrm: posts small blind $1
Great_Kang: posts big blind $3
*** HOLE CARDS ***
rmbeastrm: calls $2
Great_Kang: raises $3 to $6
rmbeastrm: calls $3
*** FLOP *** [Qc Tc 6h]
Great_Kang: bets $3
rmbeastrm: folds
Uncalled bet ($3) returned to Great_Kang
Great_Kang collected $11.76 from pot
Great_Kang: doesn't show hand
*** SUMMARY ***
Total pot $12 | Rake $0.24
Board [Qc Tc 6h]
Seat 3: rmbeastrm (button) (small blind) folded on the Flop
Seat 4: Great_Kang (big blind) collected ($11.76)


PokerStars Hand #158679492414:  Hold'em Limit ($3/$6 USD) - 2016/09/16 11:33:40 ET
Table 'Tabit' 6-max Seat #4 is the button
Seat 3: rmbeastrm ($247.55 in chips)
Seat 4: Great_Kang ($140.41 in chips)
Great_Kang: posts small blind $1
rmbeastrm: posts big blind $3
*** HOLE CARDS ***
Great_Kang: raises $3 to $6
rmbeastrm: calls $3
*** FLOP *** [6s 3c 7c]
rmbeastrm: checks
Great_Kang: bets $3
rmbeastrm: calls $3
*** TURN *** [6s 3c 7c] [Kd]
rmbeastrm: checks
Great_Kang: bets $6
rmbeastrm: calls $6
*** RIVER *** [6s 3c 7c Kd] [Ah]
rmbeastrm: checks
Great_Kang: checks
*** SHOW DOWN ***
rmbeastrm: shows [Ac 4s] (a pair of Aces)
Great_Kang: mucks hand
rmbeastrm collected $29.50 from pot
*** SUMMARY ***
Total pot $30 | Rake $0.50
Board [6s 3c 7c Kd Ah]
Seat 3: rmbeastrm (big blind) showed [Ac 4s] and won ($29.50) with a pair of Aces
Seat 4: Great_Kang (button) (small blind) mucked


PokerStars Hand #158679541722:  Hold'em Limit ($3/$6 USD) - 2016/09/16 11:35:02 ET
Table 'Tabit' 6-max Seat #3 is the button
Seat 3: rmbeastrm ($249.55 in chips)
Seat 4: Great_Kang ($136.43 in chips)
rmbeastrm: posts small blind $1
Great_Kang: posts big blind $3
*** HOLE CARDS ***
rmbeastrm: raises $3 to $6
Great_Kang: calls $3
*** FLOP *** [7c 5s 3c]
Great_Kang: checks
rmbeastrm: bets $3
Great_Kang: calls $3
*** TURN *** [7c 5s 3c] [2d]
Great_Kang: checks
rmbeastrm: bets $6
Great_Kang: folds
Uncalled bet ($6) returned to rmbeastrm
rmbeastrm collected $17.64 from pot
rmbeastrm: doesn't show hand
*** SUMMARY ***
Total pot $18 | Rake $0.36
Board [7c 5s 3c 2d]
Seat 3: rmbeastrm (button) (small blind) collected ($17.64)
Seat 4: Great_Kang (big blind) folded on the Turn


PokerStars Hand #158679530585:  Hold'em Limit ($3/$6 USD) - 2016/09/16 11:34:43 ET
Table 'Tabit' 6-max Seat #4 is the button
Seat 3: rmbeastrm ($235.05 in chips)
Seat 4: Great_Kang ($151.43 in chips)
Great_Kang: posts small blind $1
rmbeastrm: posts big blind $3
*** HOLE CARDS ***
Great_Kang: raises $3 to $6
rmbeastrm: calls $3
*** FLOP *** [Ah 8d 7s]
rmbeastrm: bets $3
Great_Kang: calls $3
*** TURN *** [Ah 8d 7s] [5s]
rmbeastrm: checks
Great_Kang: checks
*** RIVER *** [Ah 8d 7s 5s] [7h]
rmbeastrm: bets $6
Great_Kang: calls $6
*** SHOW DOWN ***
rmbeastrm: shows [3d 7c] (three of a kind, Sevens)
Great_Kang: mucks hand
rmbeastrm collected $29.50 from pot
*** SUMMARY ***
Total pot $30 | Rake $0.50
Board [Ah 8d 7s 5s 7h]
Seat 3: rmbeastrm (big blind) showed [3d 7c] and won ($29.50) with three of a kind, Sevens
Seat 4: Great_Kang (button) (small blind) mucked


PokerStars Hand #158679572290:  Hold'em Limit ($3/$6 USD) - 2016/09/16 11:35:52 ET
Table 'Tabit' 6-max Seat #4 is the button
Seat 3: rmbeastrm ($266.69 in chips)
Seat 4: Great_Kang ($120 in chips)
Great_Kang: posts small blind $1
rmbeastrm: posts big blind $3
*** HOLE CARDS ***
Great_Kang: raises $3 to $6
rmbeastrm: calls $3
*** FLOP *** [7h Kh Ad]
rmbeastrm: bets $3
Great_Kang: raises $3 to $6
rmbeastrm: calls $3
*** TURN *** [7h Kh Ad] [Th]
rmbeastrm: checks
Great_Kang: bets $6
rmbeastrm: calls $6
*** RIVER *** [7h Kh Ad Th] [9d]
rmbeastrm: checks
Great_Kang: bets $6
rmbeastrm: calls $6
*** SHOW DOWN ***
Great_Kang: shows [9h 6h] (a flush, King high)
rmbeastrm: mucks hand
Great_Kang collected $47.50 from pot
*** SUMMARY ***
Total pot $48 | Rake $0.50
Board [7h Kh Ad Th 9d]
Seat 3: rmbeastrm (big blind) mucked
Seat 4: Great_Kang (button) (small blind) showed [9h 6h] and won ($47.50) with a flush, King high


PokerStars Hand #158679549830:  Hold'em Limit ($3/$6 USD) - 2016/09/16 11:35:15 ET
Table 'Tabit' 6-max Seat #4 is the button
Seat 3: rmbeastrm ($258.19 in chips)
Seat 4: Great_Kang ($127.43 in chips)
Great_Kang: posts small blind $1
rmbeastrm: posts big blind $3
*** HOLE CARDS ***
Great_Kang: raises $3 to $6
rmbeastrm: calls $3
*** FLOP *** [8c Ad 2s]
rmbeastrm: checks
Great_Kang: bets $3
rmbeastrm: folds
Uncalled bet ($3) returned to Great_Kang
Great_Kang collected $11.76 from pot
Great_Kang: doesn't show hand
*** SUMMARY ***
Total pot $12 | Rake $0.24
Board [8c Ad 2s]
Seat 3: rmbeastrm (big blind) folded on the Flop
Seat 4: Great_Kang (button) (small blind) collected ($11.76)


PokerStars Hand #158679558119:  Hold'em Limit ($3/$6 USD) - 2016/09/16 11:35:29 ET
Table 'Tabit' 6-max Seat #3 is the button
Seat 3: rmbeastrm ($252.19 in chips)
Seat 4: Great_Kang ($133.19 in chips)
rmbeastrm: posts small blind $1
Great_Kang: posts big blind $3
*** HOLE CARDS ***
rmbeastrm: calls $2
Great_Kang: raises $3 to $6
rmbeastrm: calls $3
*** FLOP *** [7s 4d Qh]
Great_Kang: bets $3
rmbeastrm: calls $3
*** TURN *** [7s 4d Qh] [8h]
Great_Kang: checks
rmbeastrm: bets $6
Great_Kang: calls $6
*** RIVER *** [7s 4d Qh 8h] [2c]
Great_Kang: checks
rmbeastrm: checks
*** SHOW DOWN ***
Great_Kang: shows [As 4c] (a pair of Fours)
rmbeastrm: shows [Jd 7c] (a pair of Sevens)
rmbeastrm collected $29.50 from pot
*** SUMMARY ***
Total pot $30 | Rake $0.50
Board [7s 4d Qh 8h 2c]
Seat 3: rmbeastrm (button) (small blind) showed [Jd 7c] and won ($29.50) with a pair of Sevens
Seat 4: Great_Kang (big blind) showed [As 4c] and lost with a pair of Fours


PokerStars Hand #158679587185:  Hold'em Limit ($3/$6 USD) - 2016/09/16 11:36:17 ET
Table 'Tabit' 6-max Seat #3 is the button
Seat 3: rmbeastrm ($242.69 in chips)
Seat 4: Great_Kang ($143.50 in chips)
rmbeastrm: posts small blind $1
Great_Kang: posts big blind $3
*** HOLE CARDS ***
rmbeastrm: calls $2
Great_Kang: raises $3 to $6
rmbeastrm: calls $3
*** FLOP *** [8s 2d 5d]
Great_Kang: bets $3
rmbeastrm: folds
Uncalled bet ($3) returned to Great_Kang
Great_Kang collected $11.76 from pot
Great_Kang: doesn't show hand
*** SUMMARY ***
Total pot $12 | Rake $0.24
Board [8s 2d 5d]
Seat 3: rmbeastrm (button) (small blind) folded on the Flop
Seat 4: Great_Kang (big blind) collected ($11.76)


PokerStars Hand #158679610149:  Hold'em Limit ($3/$6 USD) - 2016/09/16 11:36:54 ET
Table 'Tabit' 6-max Seat #3 is the button
Seat 3: rmbeastrm ($230.69 in chips)
Seat 4: Great_Kang ($155.02 in chips)
rmbeastrm: posts small blind $1
Great_Kang: posts big blind $3
*** HOLE CARDS ***
rmbeastrm: raises $3 to $6
Great_Kang: calls $3
*** FLOP *** [4d Ts 4h]
Great_Kang: checks
rmbeastrm: bets $3
Great_Kang: calls $3
*** TURN *** [4d Ts 4h] [6s]
Great_Kang: checks
rmbeastrm: bets $6
Great_Kang: calls $6
*** RIVER *** [4d Ts 4h 6s] [8s]
Great_Kang: checks
rmbeastrm: checks
*** SHOW DOWN ***
Great_Kang: shows [As 7c] (a pair of Fours)
rmbeastrm: mucks hand
Great_Kang collected $29.50 from pot
*** SUMMARY ***
Total pot $30 | Rake $0.50
Board [4d Ts 4h 6s 8s]
Seat 3: rmbeastrm (button) (small blind) mucked
Seat 4: Great_Kang (big blind) showed [As 7c] and won ($29.50) with a pair of Fours


PokerStars Hand #158679603572:  Hold'em Limit ($3/$6 USD) - 2016/09/16 11:36:43 ET
Table 'Tabit' 6-max Seat #4 is the button
Seat 3: rmbeastrm ($236.69 in chips)
Seat 4: Great_Kang ($149.26 in chips)
Great_Kang: posts small blind $1
rmbeastrm: posts big blind $3
*** HOLE CARDS ***
Great_Kang: raises $3 to $6
rmbeastrm: calls $3
*** FLOP *** [9h 7s 7c]
rmbeastrm: checks
Great_Kang: bets $3
rmbeastrm: folds
Uncalled bet ($3) returned to Great_Kang
Great_Kang collected $11.76 from pot
Great_Kang: doesn't show hand
*** SUMMARY ***
Total pot $12 | Rake $0.24
Board [9h 7s 7c]
Seat 3: rmbeastrm (big blind) folded on the Flop
Seat 4: Great_Kang (button) (small blind) collected ($11.76)


PokerStars Hand #158679681792:  Hold'em Limit ($3/$6 USD) - 2016/09/16 11:38:52 ET
Table 'Tabit' 6-max Seat #3 is the button
Seat 3: rmbeastrm ($257.69 in chips)
Seat 4: Great_Kang ($126.52 in chips)
rmbeastrm: posts small blind $1
Great_Kang: posts big blind $3
*** HOLE CARDS ***
rmbeastrm: raises $3 to $6
Great_Kang: raises $3 to $9
rmbeastrm: calls $3
*** FLOP *** [7h 9h 7c]
Great_Kang: bets $3
rmbeastrm: calls $3
*** TURN *** [7h 9h 7c] [6h]
Great_Kang: bets $6
rmbeastrm: calls $6
*** RIVER *** [7h 9h 7c 6h] [Ks]
Great_Kang: checks
rmbeastrm: checks
*** SHOW DOWN ***
Great_Kang: shows [Ac Qs] (a pair of Sevens)
rmbeastrm: shows [Kh Qd] (two pair, Kings and Sevens)
rmbeastrm collected $35.50 from pot
*** SUMMARY ***
Total pot $36 | Rake $0.50
Board [7h 9h 7c 6h Ks]
Seat 3: rmbeastrm (button) (small blind) showed [Kh Qd] and won ($35.50) with two pair, Kings and Sevens
Seat 4: Great_Kang (big blind) showed [Ac Qs] and lost with a pair of Sevens


PokerStars Hand #158679677064:  Hold'em Limit ($3/$6 USD) - 2016/09/16 11:38:44 ET
Table 'Tabit' 6-max Seat #4 is the button
Seat 3: rmbeastrm ($260.69 in chips)
Seat 4: Great_Kang ($123.52 in chips)
Great_Kang: posts small blind $1
rmbeastrm: posts big blind $3
*** HOLE CARDS ***
Great_Kang: raises $3 to $6
rmbeastrm: folds
Uncalled bet ($3) returned to Great_Kang
Great_Kang collected $6 from pot
Great_Kang: doesn't show hand
*** SUMMARY ***
Total pot $6 | Rake $0
Seat 3: rmbeastrm (big blind) folded before Flop
Seat 4: Great_Kang (button) (small blind) collected ($6)


PokerStars Hand #158679671873:  Hold'em Limit ($3/$6 USD) - 2016/09/16 11:38:36 ET
Table 'Tabit' 6-max Seat #3 is the button
Seat 3: rmbeastrm ($261.69 in chips)
Seat 4: Great_Kang ($122.52 in chips)
rmbeastrm: posts small blind $1
Great_Kang: posts big blind $3
*** HOLE CARDS ***
rmbeastrm: folds
Uncalled bet ($2) returned to Great_Kang
Great_Kang collected $2 from pot
Great_Kang: doesn't show hand
*** SUMMARY ***
Total pot $2 | Rake $0
Seat 3: rmbeastrm (button) (small blind) folded before Flop
Seat 4: Great_Kang (big blind) collected ($2)


PokerStars Hand #158679645929:  Hold'em Limit ($3/$6 USD) - 2016/09/16 11:37:54 ET
Table 'Tabit' 6-max Seat #4 is the button
Seat 3: rmbeastrm ($241.19 in chips)
Seat 4: Great_Kang ($143.52 in chips)
Great_Kang: posts small blind $1
rmbeastrm: posts big blind $3
*** HOLE CARDS ***
Great_Kang: raises $3 to $6
rmbeastrm: calls $3
*** FLOP *** [Td As 9h]
rmbeastrm: bets $3
Great_Kang: calls $3
*** TURN *** [Td As 9h] [Ac]
rmbeastrm: bets $6
Great_Kang: calls $6
*** RIVER *** [Td As 9h Ac] [3d]
rmbeastrm: bets $6
Great_Kang: calls $6
*** SHOW DOWN ***
rmbeastrm: shows [Js Th] (two pair, Aces and Tens)
Great_Kang: mucks hand
rmbeastrm collected $41.50 from pot
*** SUMMARY ***
Total pot $42 | Rake $0.50
Board [Td As 9h Ac 3d]
Seat 3: rmbeastrm (big blind) showed [Js Th] and won ($41.50) with two pair, Aces and Tens
Seat 4: Great_Kang (button) (small blind) mucked


PokerStars Hand #158679642716:  Hold'em Limit ($3/$6 USD) - 2016/09/16 11:37:48 ET
Table 'Tabit' 6-max Seat #3 is the button
Seat 3: rmbeastrm ($242.19 in chips)
Seat 4: Great_Kang ($142.52 in chips)
rmbeastrm: posts small blind $1
Great_Kang: posts big blind $3
*** HOLE CARDS ***
rmbeastrm: folds
Uncalled bet ($2) returned to Great_Kang
Great_Kang collected $2 from pot
Great_Kang: doesn't show hand
*** SUMMARY ***
Total pot $2 | Rake $0
Seat 3: rmbeastrm (button) (small blind) folded before Flop
Seat 4: Great_Kang (big blind) collected ($2)


PokerStars Hand #158679623161:  Hold'em Limit ($3/$6 USD) - 2016/09/16 11:37:16 ET
Table 'Tabit' 6-max Seat #4 is the button
Seat 3: rmbeastrm ($215.69 in chips)
Seat 4: Great_Kang ($169.52 in chips)
Great_Kang: posts small blind $1
rmbeastrm: posts big blind $3
*** HOLE CARDS ***
Great_Kang: raises $3 to $6
rmbeastrm: calls $3
*** FLOP *** [Jc 5c 7h]
rmbeastrm: bets $3
Great_Kang: calls $3
*** TURN *** [Jc 5c 7h] [Tc]
rmbeastrm: bets $6
Great_Kang: raises $6 to $12
rmbeastrm: calls $6
*** RIVER *** [Jc 5c 7h Tc] [2c]
rmbeastrm: bets $6
Great_Kang: calls $6
*** SHOW DOWN ***
rmbeastrm: shows [Kc 5d] (a flush, King high)
Great_Kang: mucks hand
rmbeastrm collected $53.50 from pot
*** SUMMARY ***
Total pot $54 | Rake $0.50
Board [Jc 5c 7h Tc 2c]
Seat 3: rmbeastrm (big blind) showed [Kc 5d] and won ($53.50) with a flush, King high
Seat 4: Great_Kang (button) (small blind) mucked


PokerStars Hand #158684805525:  Hold'em Limit ($3/$6 USD) - 2016/09/16 13:48:27 ET
Table 'Tabit' 6-max Seat #1 is the button
Seat 1: Kieren16 ($253.87 in chips)
Seat 3: Ihategambler ($108.06 in chips)
Kieren16: posts small blind $1
Ihategambler: posts big blind $3
*** HOLE CARDS ***
Kieren16: folds
Uncalled bet ($2) returned to Ihategambler
Ihategambler collected $2 from pot
Ihategambler: doesn't show hand
*** SUMMARY ***
Total pot $2 | Rake $0
Seat 1: Kieren16 (button) (small blind) folded before Flop
Seat 3: Ihategambler (big blind) collected ($2)


PokerStars Hand #158684795923:  Hold'em Limit ($3/$6 USD) - 2016/09/16 13:48:14 ET
Table 'Tabit' 6-max Seat #3 is the button
Seat 1: Kieren16 ($248.11 in chips)
Seat 3: Ihategambler ($114.06 in chips)
Ihategambler: posts small blind $1
wobetting: is sitting out
Kieren16: posts big blind $3
*** HOLE CARDS ***
Ihategambler: raises $3 to $6
Kieren16: calls $3
*** FLOP *** [3s 5c Ts]
Kieren16: bets $3
wobetting leaves the table
Ihategambler: folds
Uncalled bet ($3) returned to Kieren16
Kieren16 collected $11.76 from pot
Kieren16: doesn't show hand
*** SUMMARY ***
Total pot $12 | Rake $0.24
Board [3s 5c Ts]
Seat 1: Kieren16 (big blind) collected ($11.76)
Seat 3: Ihategambler (button) (small blind) folded on the Flop


PokerStars Hand #158684810056:  Hold'em Limit ($3/$6 USD) - 2016/09/16 13:48:34 ET
Table 'Tabit' 6-max Seat #3 is the button
Seat 1: Kieren16 ($252.87 in chips)
Seat 3: Ihategambler ($109.06 in chips)
Ihategambler: posts small blind $1
Kieren16: posts big blind $3
*** HOLE CARDS ***
Ihategambler: folds
Uncalled bet ($2) returned to Kieren16
Ihategambler leaves the table
Kieren16 collected $2 from pot
Kieren16: doesn't show hand
*** SUMMARY ***
Total pot $2 | Rake $0
Seat 1: Kieren16 (big blind) collected ($2)
Seat 3: Ihategambler (button) (small blind) folded before Flop


