PokerStars Hand #169318661786:  Hold'em Limit ($3/$6 USD) - 2017/04/20 15:24:02 ET
Table 'Tabora' 6-max Seat #3 is the button
Seat 1: hubschi ($148.07 in chips)
Seat 3: zxkz ($72 in chips)
zxkz: posts small blind $1
hubschi: posts big blind $3
*** HOLE CARDS ***
zxkz: raises $3 to $6
hubschi: folds
Uncalled bet ($3) returned to zxkz
zxkz collected $6 from pot
zxkz: doesn't show hand
*** SUMMARY ***
Total pot $6 | Rake $0
Seat 1: hubschi (big blind) folded before Flop
Seat 3: zxkz (button) (small blind) collected ($6)


PokerStars Hand #169318683610:  Hold'em Limit ($3/$6 USD) - 2017/04/20 15:24:27 ET
Table 'Tabora' 6-max Seat #3 is the button
Seat 1: hubschi ($162.57 in chips)
Seat 3: zxkz ($72 in chips)
zxkz: posts small blind $1
hubschi: posts big blind $3
*** HOLE CARDS ***
zxkz: raises $3 to $6
hubschi: folds
Uncalled bet ($3) returned to zxkz
zxkz collected $6 from pot
zxkz: doesn't show hand
*** SUMMARY ***
Total pot $6 | Rake $0
Seat 1: hubschi (big blind) folded before Flop
Seat 3: zxkz (button) (small blind) collected ($6)


PokerStars Hand #169318667129:  Hold'em Limit ($3/$6 USD) - 2017/04/20 15:24:08 ET
Table 'Tabora' 6-max Seat #1 is the button
Seat 1: hubschi ($145.07 in chips)
Seat 3: zxkz ($75 in chips)
hubschi: posts small blind $1
zxkz: posts big blind $3
*** HOLE CARDS ***
hubschi: raises $3 to $6
zxkz: raises $3 to $9
hubschi: calls $3
*** FLOP *** [Jh 9h 3h]
zxkz: bets $3
hubschi: calls $3
*** TURN *** [Jh 9h 3h] [8c]
zxkz: bets $6
hubschi: calls $6
*** RIVER *** [Jh 9h 3h 8c] [Jc]
zxkz: checks
hubschi: checks
*** SHOW DOWN ***
zxkz: shows [Th Kd] (a pair of Jacks)
hubschi: shows [Tc Ts] (two pair, Jacks and Tens)
hubschi collected $35.50 from pot
*** SUMMARY ***
Total pot $36 | Rake $0.50
Board [Jh 9h 3h 8c Jc]
Seat 1: hubschi (button) (small blind) showed [Tc Ts] and won ($35.50) with two pair, Jacks and Tens
Seat 3: zxkz (big blind) showed [Th Kd] and lost with a pair of Jacks


PokerStars Hand #169318693527:  Hold'em Limit ($3/$6 USD) - 2017/04/20 15:24:38 ET
Table 'Tabora' 6-max Seat #3 is the button
Seat 1: hubschi ($158.57 in chips)
Seat 3: zxkz ($76 in chips)
zxkz: posts small blind $1
hubschi: posts big blind $3
*** HOLE CARDS ***
zxkz: raises $3 to $6
hubschi: folds
Uncalled bet ($3) returned to zxkz
zxkz collected $6 from pot
zxkz: doesn't show hand
*** SUMMARY ***
Total pot $6 | Rake $0
Seat 1: hubschi (big blind) folded before Flop
Seat 3: zxkz (button) (small blind) collected ($6)


PokerStars Hand #169318689079:  Hold'em Limit ($3/$6 USD) - 2017/04/20 15:24:33 ET
Table 'Tabora' 6-max Seat #1 is the button
Seat 1: hubschi ($159.57 in chips)
Seat 3: zxkz ($75 in chips)
hubschi: posts small blind $1
zxkz: posts big blind $3
*** HOLE CARDS ***
hubschi: folds
Uncalled bet ($2) returned to zxkz
zxkz collected $2 from pot
zxkz: doesn't show hand
*** SUMMARY ***
Total pot $2 | Rake $0
Seat 1: hubschi (button) (small blind) folded before Flop
Seat 3: zxkz (big blind) collected ($2)


PokerStars Hand #169318700106:  Hold'em Limit ($3/$6 USD) - 2017/04/20 15:24:46 ET
Table 'Tabora' 6-max Seat #1 is the button
Seat 1: hubschi ($155.57 in chips)
Seat 3: zxkz ($79 in chips)
hubschi: posts small blind $1
zxkz: posts big blind $3
*** HOLE CARDS ***
hubschi: folds
Uncalled bet ($2) returned to zxkz
zxkz collected $2 from pot
zxkz: doesn't show hand
*** SUMMARY ***
Total pot $2 | Rake $0
Seat 1: hubschi (button) (small blind) folded before Flop
Seat 3: zxkz (big blind) collected ($2)


PokerStars Hand #169318719401:  Hold'em Limit ($3/$6 USD) - 2017/04/20 15:25:08 ET
Table 'Tabora' 6-max Seat #1 is the button
Seat 1: hubschi ($151.57 in chips)
Seat 3: zxkz ($83 in chips)
hubschi: posts small blind $1
zxkz: posts big blind $3
*** HOLE CARDS ***
hubschi: folds
Uncalled bet ($2) returned to zxkz
zxkz collected $2 from pot
zxkz: doesn't show hand
*** SUMMARY ***
Total pot $2 | Rake $0
Seat 1: hubschi (button) (small blind) folded before Flop
Seat 3: zxkz (big blind) collected ($2)


PokerStars Hand #169318714050:  Hold'em Limit ($3/$6 USD) - 2017/04/20 15:25:02 ET
Table 'Tabora' 6-max Seat #3 is the button
Seat 1: hubschi ($154.57 in chips)
Seat 3: zxkz ($80 in chips)
zxkz: posts small blind $1
hubschi: posts big blind $3
*** HOLE CARDS ***
zxkz: raises $3 to $6
hubschi: folds
Uncalled bet ($3) returned to zxkz
zxkz collected $6 from pot
zxkz: doesn't show hand
*** SUMMARY ***
Total pot $6 | Rake $0
Seat 1: hubschi (big blind) folded before Flop
Seat 3: zxkz (button) (small blind) collected ($6)


PokerStars Hand #169318723919:  Hold'em Limit ($3/$6 USD) - 2017/04/20 15:25:14 ET
Table 'Tabora' 6-max Seat #3 is the button
Seat 1: hubschi ($150.57 in chips)
Seat 3: zxkz ($84 in chips)
zxkz: posts small blind $1
hubschi: posts big blind $3
*** HOLE CARDS ***
zxkz: raises $3 to $6
hubschi: calls $3
*** FLOP *** [7c Jd Jh]
hubschi: checks
zxkz: bets $3
hubschi: folds
Uncalled bet ($3) returned to zxkz
zxkz collected $11.76 from pot
zxkz: doesn't show hand
*** SUMMARY ***
Total pot $12 | Rake $0.24
Board [7c Jd Jh]
Seat 1: hubschi (big blind) folded on the Flop
Seat 3: zxkz (button) (small blind) collected ($11.76)


PokerStars Hand #169318744086:  Hold'em Limit ($3/$6 USD) - 2017/04/20 15:25:37 ET
Table 'Tabora' 6-max Seat #3 is the button
Seat 1: hubschi ($143.57 in chips)
Seat 3: zxkz ($90.76 in chips)
zxkz: posts small blind $1
hubschi: posts big blind $3
*** HOLE CARDS ***
zxkz: raises $3 to $6
hubschi: folds
Uncalled bet ($3) returned to zxkz
zxkz collected $6 from pot
zxkz: doesn't show hand
*** SUMMARY ***
Total pot $6 | Rake $0
Seat 1: hubschi (big blind) folded before Flop
Seat 3: zxkz (button) (small blind) collected ($6)


PokerStars Hand #169318739854:  Hold'em Limit ($3/$6 USD) - 2017/04/20 15:25:32 ET
Table 'Tabora' 6-max Seat #1 is the button
Seat 1: hubschi ($144.57 in chips)
Seat 3: zxkz ($89.76 in chips)
hubschi: posts small blind $1
zxkz: posts big blind $3
*** HOLE CARDS ***
hubschi: folds
Uncalled bet ($2) returned to zxkz
DismasX leaves the table
zxkz collected $2 from pot
zxkz: doesn't show hand
*** SUMMARY ***
Total pot $2 | Rake $0
Seat 1: hubschi (button) (small blind) folded before Flop
Seat 3: zxkz (big blind) collected ($2)


PokerStars Hand #169318749082:  Hold'em Limit ($3/$6 USD) - 2017/04/20 15:25:43 ET
Table 'Tabora' 6-max Seat #1 is the button
Seat 1: hubschi ($140.57 in chips)
Seat 3: zxkz ($93.76 in chips)
hubschi: posts small blind $1
zxkz: posts big blind $3
*** HOLE CARDS ***
hubschi: calls $2
zxkz: checks
*** FLOP *** [Kh Ad 8h]
zxkz: bets $3
vestimokrec joins the table at seat #2
hubschi: folds
Uncalled bet ($3) returned to zxkz
zxkz collected $5.88 from pot
zxkz: doesn't show hand
*** SUMMARY ***
Total pot $6 | Rake $0.12
Board [Kh Ad 8h]
Seat 1: hubschi (button) (small blind) folded on the Flop
Seat 3: zxkz (big blind) collected ($5.88)


PokerStars Hand #169318759159:  Hold'em Limit ($3/$6 USD) - 2017/04/20 15:25:55 ET
Table 'Tabora' 6-max Seat #3 is the button
Seat 1: hubschi ($137.57 in chips)
Seat 3: zxkz ($96.64 in chips)
zxkz: posts small blind $1
hubschi: posts big blind $3
*** HOLE CARDS ***
zxkz: raises $3 to $6
hubschi: folds
Uncalled bet ($3) returned to zxkz
zxkz collected $6 from pot
zxkz: doesn't show hand
*** SUMMARY ***
Total pot $6 | Rake $0
Seat 1: hubschi (big blind) folded before Flop
Seat 3: zxkz (button) (small blind) collected ($6)


PokerStars Hand #169318764935:  Hold'em Limit ($3/$6 USD) - 2017/04/20 15:26:01 ET
Table 'Tabora' 6-max Seat #1 is the button
Seat 1: hubschi ($134.57 in chips)
Seat 3: zxkz ($99.64 in chips)
hubschi: posts small blind $1
zxkz: posts big blind $3
*** HOLE CARDS ***
hubschi: folds
Uncalled bet ($2) returned to zxkz
zxkz collected $2 from pot
zxkz: doesn't show hand
*** SUMMARY ***
Total pot $2 | Rake $0
Seat 1: hubschi (button) (small blind) folded before Flop
Seat 3: zxkz (big blind) collected ($2)


PokerStars Hand #169318781670:  Hold'em Limit ($3/$6 USD) - 2017/04/20 15:26:21 ET
Table 'Tabora' 6-max Seat #3 is the button
Seat 1: hubschi ($129.57 in chips)
Seat 3: zxkz ($104.64 in chips)
zxkz: posts small blind $1
hubschi: posts big blind $3
*** HOLE CARDS ***
zxkz: raises $3 to $6
hubschi: folds
Uncalled bet ($3) returned to zxkz
zxkz collected $6 from pot
zxkz: doesn't show hand
*** SUMMARY ***
Total pot $6 | Rake $0
Seat 1: hubschi (big blind) folded before Flop
Seat 3: zxkz (button) (small blind) collected ($6)


PokerStars Hand #169318777324:  Hold'em Limit ($3/$6 USD) - 2017/04/20 15:26:16 ET
Table 'Tabora' 6-max Seat #1 is the button
Seat 1: hubschi ($130.57 in chips)
Seat 3: zxkz ($103.64 in chips)
hubschi: posts small blind $1
zxkz: posts big blind $3
*** HOLE CARDS ***
hubschi: folds
Uncalled bet ($2) returned to zxkz
zxkz collected $2 from pot
zxkz: doesn't show hand
*** SUMMARY ***
Total pot $2 | Rake $0
Seat 1: hubschi (button) (small blind) folded before Flop
Seat 3: zxkz (big blind) collected ($2)


PokerStars Hand #169318803971:  Hold'em Limit ($3/$6 USD) - 2017/04/20 15:26:47 ET
Table 'Tabora' 6-max Seat #3 is the button
Seat 1: hubschi ($105.57 in chips)
Seat 3: zxkz ($128.14 in chips)
zxkz: posts small blind $1
hubschi: posts big blind $3
*** HOLE CARDS ***
zxkz: raises $3 to $6
hubschi: folds
Uncalled bet ($3) returned to zxkz
zxkz collected $6 from pot
zxkz: doesn't show hand
*** SUMMARY ***
Total pot $6 | Rake $0
Seat 1: hubschi (big blind) folded before Flop
Seat 3: zxkz (button) (small blind) collected ($6)


PokerStars Hand #169318786207:  Hold'em Limit ($3/$6 USD) - 2017/04/20 15:26:26 ET
Table 'Tabora' 6-max Seat #1 is the button
Seat 1: hubschi ($126.57 in chips)
Seat 3: zxkz ($107.64 in chips)
hubschi: posts small blind $1
zxkz: posts big blind $3
*** HOLE CARDS ***
hubschi: raises $3 to $6
zxkz: calls $3
*** FLOP *** [3d 8h Tc]
zxkz: bets $3
hubschi: calls $3
*** TURN *** [3d 8h Tc] [6d]
zxkz: bets $6
hubschi: calls $6
*** RIVER *** [3d 8h Tc 6d] [Kh]
zxkz: bets $6
hubschi: calls $6
*** SHOW DOWN ***
zxkz: shows [Js Th] (a pair of Tens)
hubschi: mucks hand
zxkz collected $41.50 from pot
*** SUMMARY ***
Total pot $42 | Rake $0.50
Board [3d 8h Tc 6d Kh]
Seat 1: hubschi (button) (small blind) mucked
Seat 3: zxkz (big blind) showed [Js Th] and won ($41.50) with a pair of Tens


PokerStars Hand #169318813168:  Hold'em Limit ($3/$6 USD) - 2017/04/20 15:26:58 ET
Table 'Tabora' 6-max Seat #3 is the button
Seat 1: hubschi ($101.57 in chips)
Seat 3: zxkz ($132.14 in chips)
zxkz: posts small blind $1
hubschi: posts big blind $3
*** HOLE CARDS ***
zxkz: raises $3 to $6
hubschi: folds
Uncalled bet ($3) returned to zxkz
zxkz collected $6 from pot
zxkz: doesn't show hand
*** SUMMARY ***
Total pot $6 | Rake $0
Seat 1: hubschi (big blind) folded before Flop
Seat 3: zxkz (button) (small blind) collected ($6)


PokerStars Hand #169318808566:  Hold'em Limit ($3/$6 USD) - 2017/04/20 15:26:53 ET
Table 'Tabora' 6-max Seat #1 is the button
Seat 1: hubschi ($102.57 in chips)
Seat 3: zxkz ($131.14 in chips)
hubschi: posts small blind $1
zxkz: posts big blind $3
*** HOLE CARDS ***
hubschi: folds
Uncalled bet ($2) returned to zxkz
zxkz collected $2 from pot
zxkz: doesn't show hand
*** SUMMARY ***
Total pot $2 | Rake $0
Seat 1: hubschi (button) (small blind) folded before Flop
Seat 3: zxkz (big blind) collected ($2)


PokerStars Hand #169318840097:  Hold'em Limit ($3/$6 USD) - 2017/04/20 15:27:30 ET
Table 'Tabora' 6-max Seat #3 is the button
Seat 1: hubschi ($113.07 in chips)
Seat 3: zxkz ($120.14 in chips)
zxkz: posts small blind $1
hubschi: posts big blind $3
*** HOLE CARDS ***
zxkz: raises $3 to $6
hubschi: folds
Uncalled bet ($3) returned to zxkz
zxkz collected $6 from pot
zxkz: doesn't show hand
*** SUMMARY ***
Total pot $6 | Rake $0
Seat 1: hubschi (big blind) folded before Flop
Seat 3: zxkz (button) (small blind) collected ($6)


PokerStars Hand #169318817652:  Hold'em Limit ($3/$6 USD) - 2017/04/20 15:27:03 ET
Table 'Tabora' 6-max Seat #1 is the button
Seat 1: hubschi ($98.57 in chips)
Seat 3: zxkz ($135.14 in chips)
hubschi: posts small blind $1
zxkz: posts big blind $3
*** HOLE CARDS ***
hubschi: raises $3 to $6
zxkz: calls $3
*** FLOP *** [4h 5c 8d]
zxkz: checks
hubschi: bets $3
zxkz: calls $3
*** TURN *** [4h 5c 8d] [2s]
zxkz: checks
hubschi: bets $6
zxkz: calls $6
*** RIVER *** [4h 5c 8d 2s] [Jh]
zxkz: checks
hubschi: checks
*** SHOW DOWN ***
zxkz: shows [6s Qs] (high card Queen)
hubschi: shows [Ah 4d] (a pair of Fours)
hubschi collected $29.50 from pot
*** SUMMARY ***
Total pot $30 | Rake $0.50
Board [4h 5c 8d 2s Jh]
Seat 1: hubschi (button) (small blind) showed [Ah 4d] and won ($29.50) with a pair of Fours
Seat 3: zxkz (big blind) showed [6s Qs] and lost with high card Queen


PokerStars Hand #169318845993:  Hold'em Limit ($3/$6 USD) - 2017/04/20 15:27:37 ET
Table 'Tabora' 6-max Seat #1 is the button
Seat 1: hubschi ($110.07 in chips)
Seat 3: zxkz ($123.14 in chips)
hubschi: posts small blind $1
zxkz: posts big blind $3
*** HOLE CARDS ***
hubschi: calls $2
zxkz: checks
*** FLOP *** [Td 8c Th]
zxkz: bets $3
hubschi: folds
Uncalled bet ($3) returned to zxkz
zxkz collected $5.88 from pot
zxkz: doesn't show hand
*** SUMMARY ***
Total pot $6 | Rake $0.12
Board [Td 8c Th]
Seat 1: hubschi (button) (small blind) folded on the Flop
Seat 3: zxkz (big blind) collected ($5.88)


PokerStars Hand #169318873325:  Hold'em Limit ($3/$6 USD) - 2017/04/20 15:28:08 ET
Table 'Tabora' 6-max Seat #1 is the button
Seat 1: hubschi ($101.07 in chips)
Seat 3: zxkz ($131.78 in chips)
hubschi: posts small blind $1
zxkz: posts big blind $3
*** HOLE CARDS ***
hubschi: folds
Uncalled bet ($2) returned to zxkz
zxkz collected $2 from pot
zxkz: doesn't show hand
*** SUMMARY ***
Total pot $2 | Rake $0
Seat 1: hubschi (button) (small blind) folded before Flop
Seat 3: zxkz (big blind) collected ($2)


PokerStars Hand #169318856479:  Hold'em Limit ($3/$6 USD) - 2017/04/20 15:27:49 ET
Table 'Tabora' 6-max Seat #3 is the button
Seat 1: hubschi ($107.07 in chips)
Seat 3: zxkz ($126.02 in chips)
zxkz: posts small blind $1
hubschi: posts big blind $3
*** HOLE CARDS ***
zxkz: raises $3 to $6
hubschi: calls $3
*** FLOP *** [4h Ac 6s]
hubschi: checks
zxkz: bets $3
hubschi: folds
Uncalled bet ($3) returned to zxkz
zxkz collected $11.76 from pot
zxkz: doesn't show hand
*** SUMMARY ***
Total pot $12 | Rake $0.24
Board [4h Ac 6s]
Seat 1: hubschi (big blind) folded on the Flop
Seat 3: zxkz (button) (small blind) collected ($11.76)


PokerStars Hand #169318877958:  Hold'em Limit ($3/$6 USD) - 2017/04/20 15:28:14 ET
Table 'Tabora' 6-max Seat #3 is the button
Seat 1: hubschi ($100.07 in chips)
Seat 3: zxkz ($132.78 in chips)
zxkz: posts small blind $1
hubschi: posts big blind $3
*** HOLE CARDS ***
zxkz: raises $3 to $6
hubschi: calls $3
*** FLOP *** [2c Qh 3s]
hubschi: checks
zxkz: bets $3
hubschi: folds
Uncalled bet ($3) returned to zxkz
zxkz collected $11.76 from pot
zxkz: doesn't show hand
*** SUMMARY ***
Total pot $12 | Rake $0.24
Board [2c Qh 3s]
Seat 1: hubschi (big blind) folded on the Flop
Seat 3: zxkz (button) (small blind) collected ($11.76)


PokerStars Hand #169318898193:  Hold'em Limit ($3/$6 USD) - 2017/04/20 15:28:38 ET
Table 'Tabora' 6-max Seat #3 is the button
Seat 1: hubschi ($99.83 in chips)
Seat 3: zxkz ($132.54 in chips)
zxkz: posts small blind $1
hubschi: posts big blind $3
*** HOLE CARDS ***
zxkz: raises $3 to $6
hubschi: folds
Uncalled bet ($3) returned to zxkz
zxkz collected $6 from pot
zxkz: doesn't show hand
*** SUMMARY ***
Total pot $6 | Rake $0
Seat 1: hubschi (big blind) folded before Flop
Seat 3: zxkz (button) (small blind) collected ($6)


PokerStars Hand #169318886893:  Hold'em Limit ($3/$6 USD) - 2017/04/20 15:28:25 ET
Table 'Tabora' 6-max Seat #1 is the button
Seat 1: hubschi ($94.07 in chips)
Seat 3: zxkz ($138.54 in chips)
hubschi: posts small blind $1
zxkz: posts big blind $3
*** HOLE CARDS ***
hubschi: raises $3 to $6
zxkz: calls $3
*** FLOP *** [6s Ad Jh]
zxkz: checks
hubschi: bets $3
zxkz: folds
Uncalled bet ($3) returned to hubschi
hubschi collected $11.76 from pot
hubschi: doesn't show hand
*** SUMMARY ***
Total pot $12 | Rake $0.24
Board [6s Ad Jh]
Seat 1: hubschi (button) (small blind) collected ($11.76)
Seat 3: zxkz (big blind) folded on the Flop


PokerStars Hand #169318903663:  Hold'em Limit ($3/$6 USD) - 2017/04/20 15:28:44 ET
Table 'Tabora' 6-max Seat #1 is the button
Seat 1: hubschi ($96.83 in chips)
Seat 3: zxkz ($135.54 in chips)
hubschi: posts small blind $1
zxkz: posts big blind $3
*** HOLE CARDS ***
hubschi: raises $3 to $6
zxkz: calls $3
*** FLOP *** [Kd Jc Td]
zxkz: checks
hubschi: bets $3
zxkz: calls $3
*** TURN *** [Kd Jc Td] [Ah]
zxkz: checks
hubschi: bets $6
zxkz: folds
Uncalled bet ($6) returned to hubschi
hubschi collected $17.64 from pot
hubschi: doesn't show hand
*** SUMMARY ***
Total pot $18 | Rake $0.36
Board [Kd Jc Td Ah]
Seat 1: hubschi (button) (small blind) collected ($17.64)
Seat 3: zxkz (big blind) folded on the Turn


PokerStars Hand #169318919281:  Hold'em Limit ($3/$6 USD) - 2017/04/20 15:29:02 ET
Table 'Tabora' 6-max Seat #3 is the button
Seat 1: hubschi ($105.47 in chips)
Seat 3: zxkz ($126.54 in chips)
zxkz: posts small blind $1
hubschi: posts big blind $3
*** HOLE CARDS ***
zxkz: raises $3 to $6
hubschi: calls $3
*** FLOP *** [Jh Ks Th]
hubschi: checks
zxkz: bets $3
hubschi: calls $3
*** TURN *** [Jh Ks Th] [6d]
hubschi: checks
zxkz: bets $6
hubschi: calls $6
*** RIVER *** [Jh Ks Th 6d] [Qh]
hubschi: checks
zxkz: checks
*** SHOW DOWN ***
hubschi: shows [Kc 5c] (a pair of Kings)
zxkz: shows [6c Tc] (two pair, Tens and Sixes)
zxkz collected $29.50 from pot
*** SUMMARY ***
Total pot $30 | Rake $0.50
Board [Jh Ks Th 6d Qh]
Seat 1: hubschi (big blind) showed [Kc 5c] and lost with a pair of Kings
Seat 3: zxkz (button) (small blind) showed [6c Tc] and won ($29.50) with two pair, Tens and Sixes


PokerStars Hand #169318936247:  Hold'em Limit ($3/$6 USD) - 2017/04/20 15:29:22 ET
Table 'Tabora' 6-max Seat #1 is the button
Seat 1: hubschi ($90.47 in chips)
Seat 3: zxkz ($141.04 in chips)
hubschi: posts small blind $1
zxkz: posts big blind $3
*** HOLE CARDS ***
yamaxerm joins the table at seat #5
hubschi: raises $3 to $6
zxkz: raises $3 to $9
hubschi: calls $3
*** FLOP *** [Qs 5h Tc]
zxkz: bets $3
hubschi: calls $3
*** TURN *** [Qs 5h Tc] [Jd]
zxkz: checks
hubschi: bets $6
zxkz: calls $6
*** RIVER *** [Qs 5h Tc Jd] [6s]
zxkz: checks
hubschi: bets $6
zxkz: calls $6
*** SHOW DOWN ***
hubschi: shows [6h 6c] (three of a kind, Sixes)
zxkz: mucks hand
hubschi collected $47.50 from pot
*** SUMMARY ***
Total pot $48 | Rake $0.50
Board [Qs 5h Tc Jd 6s]
Seat 1: hubschi (button) (small blind) showed [6h 6c] and won ($47.50) with three of a kind, Sixes
Seat 3: zxkz (big blind) mucked


PokerStars Hand #169325020062:  Hold'em Limit ($3/$6 USD) - 2017/04/20 17:32:09 ET
Table 'Tabora' 6-max Seat #2 is the button
Seat 1: hubschi ($312.08 in chips)
Seat 2: B_loJkl ($92.15 in chips)
B_loJkl: posts small blind $1
hubschi: posts big blind $3
*** HOLE CARDS ***
B_loJkl: raises $3 to $6
hubschi: calls $3
*** FLOP *** [Qh 3c Ac]
hubschi: checks
B_loJkl: bets $3
hubschi: folds
Uncalled bet ($3) returned to B_loJkl
B_loJkl collected $11.76 from pot
B_loJkl: doesn't show hand
*** SUMMARY ***
Total pot $12 | Rake $0.24
Board [Qh 3c Ac]
Seat 1: hubschi (big blind) folded on the Flop
Seat 2: B_loJkl (button) (small blind) collected ($11.76)


PokerStars Hand #169325035315:  Hold'em Limit ($3/$6 USD) - 2017/04/20 17:32:29 ET
Table 'Tabora' 6-max Seat #1 is the button
Seat 1: hubschi ($306.08 in chips)
Seat 2: B_loJkl ($97.91 in chips)
hubschi: posts small blind $1
B_loJkl: posts big blind $3
*** HOLE CARDS ***
hubschi: raises $3 to $6
B_loJkl: calls $3
*** FLOP *** [Tc As 4d]
B_loJkl: checks
hubschi: bets $3
B_loJkl: folds
Uncalled bet ($3) returned to hubschi
hubschi collected $11.76 from pot
hubschi: doesn't show hand
*** SUMMARY ***
Total pot $12 | Rake $0.24
Board [Tc As 4d]
Seat 1: hubschi (button) (small blind) collected ($11.76)
Seat 2: B_loJkl (big blind) folded on the Flop


PokerStars Hand #169325016194:  Hold'em Limit ($3/$6 USD) - 2017/04/20 17:32:04 ET
Table 'Tabora' 6-max Seat #1 is the button
Seat 1: hubschi ($313.08 in chips)
Seat 2: B_loJkl ($91.15 in chips)
hubschi: posts small blind $1
B_loJkl: posts big blind $3
*** HOLE CARDS ***
hubschi: folds
Uncalled bet ($2) returned to B_loJkl
B_loJkl collected $2 from pot
B_loJkl: doesn't show hand
*** SUMMARY ***
Total pot $2 | Rake $0
Seat 1: hubschi (button) (small blind) folded before Flop
Seat 2: B_loJkl (big blind) collected ($2)


PokerStars Hand #169325000386:  Hold'em Limit ($3/$6 USD) - 2017/04/20 17:31:44 ET
Table 'Tabora' 6-max Seat #2 is the button
Seat 1: hubschi ($319.08 in chips)
Seat 2: B_loJkl ($85.39 in chips)
B_loJkl: posts small blind $1
Zubasa07: is sitting out
hubschi: posts big blind $3
*** HOLE CARDS ***
B_loJkl: raises $3 to $6
hubschi: calls $3
*** FLOP *** [9s Ac 5h]
Zubasa07 leaves the table
hubschi: checks
B_loJkl: bets $3
hubschi: folds
Uncalled bet ($3) returned to B_loJkl
B_loJkl collected $11.76 from pot
B_loJkl: doesn't show hand
*** SUMMARY ***
Total pot $12 | Rake $0.24
Board [9s Ac 5h]
Seat 1: hubschi (big blind) folded on the Flop
Seat 2: B_loJkl (button) (small blind) collected ($11.76)


PokerStars Hand #169325065463:  Hold'em Limit ($3/$6 USD) - 2017/04/20 17:33:08 ET
Table 'Tabora' 6-max Seat #1 is the button
Seat 1: hubschi ($304.84 in chips)
Seat 2: B_loJkl ($98.91 in chips)
hubschi: posts small blind $1
B_loJkl: posts big blind $3
*** HOLE CARDS ***
hubschi: folds
Uncalled bet ($2) returned to B_loJkl
B_loJkl collected $2 from pot
B_loJkl: doesn't show hand
*** SUMMARY ***
Total pot $2 | Rake $0
Seat 1: hubschi (button) (small blind) folded before Flop
Seat 2: B_loJkl (big blind) collected ($2)


PokerStars Hand #169325054277:  Hold'em Limit ($3/$6 USD) - 2017/04/20 17:32:53 ET
Table 'Tabora' 6-max Seat #2 is the button
Seat 1: hubschi ($307.84 in chips)
Seat 2: B_loJkl ($95.91 in chips)
B_loJkl: posts small blind $1
hubschi: posts big blind $3
*** HOLE CARDS ***
B_loJkl: raises $3 to $6
hubschi: folds
Uncalled bet ($3) returned to B_loJkl
B_loJkl collected $6 from pot
B_loJkl: doesn't show hand
*** SUMMARY ***
Total pot $6 | Rake $0
Seat 1: hubschi (big blind) folded before Flop
Seat 2: B_loJkl (button) (small blind) collected ($6)


PokerStars Hand #169325044003:  Hold'em Limit ($3/$6 USD) - 2017/04/20 17:32:40 ET
Table 'Tabora' 6-max Seat #2 is the button
Seat 1: hubschi ($311.84 in chips)
Seat 2: B_loJkl ($91.91 in chips)
B_loJkl: posts small blind $1
hubschi: posts big blind $3
*** HOLE CARDS ***
B_loJkl: raises $3 to $6
hubschi: folds
Uncalled bet ($3) returned to B_loJkl
B_loJkl collected $6 from pot
B_loJkl: doesn't show hand
*** SUMMARY ***
Total pot $6 | Rake $0
Seat 1: hubschi (big blind) folded before Flop
Seat 2: B_loJkl (button) (small blind) collected ($6)


PokerStars Hand #169325050377:  Hold'em Limit ($3/$6 USD) - 2017/04/20 17:32:48 ET
Table 'Tabora' 6-max Seat #1 is the button
Seat 1: hubschi ($308.84 in chips)
Seat 2: B_loJkl ($94.91 in chips)
hubschi: posts small blind $1
B_loJkl: posts big blind $3
*** HOLE CARDS ***
hubschi: folds
Uncalled bet ($2) returned to B_loJkl
B_loJkl collected $2 from pot
B_loJkl: doesn't show hand
*** SUMMARY ***
Total pot $2 | Rake $0
Seat 1: hubschi (button) (small blind) folded before Flop
Seat 2: B_loJkl (big blind) collected ($2)


PokerStars Hand #169325085195:  Hold'em Limit ($3/$6 USD) - 2017/04/20 17:33:34 ET
Table 'Tabora' 6-max Seat #1 is the button
Seat 1: hubschi ($300.84 in chips)
Seat 2: B_loJkl ($102.91 in chips)
hubschi: posts small blind $1
B_loJkl: posts big blind $3
*** HOLE CARDS ***
hubschi: folds
Uncalled bet ($2) returned to B_loJkl
B_loJkl collected $2 from pot
B_loJkl: doesn't show hand
*** SUMMARY ***
Total pot $2 | Rake $0
Seat 1: hubschi (button) (small blind) folded before Flop
Seat 2: B_loJkl (big blind) collected ($2)


PokerStars Hand #169325068892:  Hold'em Limit ($3/$6 USD) - 2017/04/20 17:33:12 ET
Table 'Tabora' 6-max Seat #2 is the button
Seat 1: hubschi ($303.84 in chips)
Seat 2: B_loJkl ($99.91 in chips)
B_loJkl: posts small blind $1
hubschi: posts big blind $3
*** HOLE CARDS ***
B_loJkl: raises $3 to $6
hubschi: folds
Uncalled bet ($3) returned to B_loJkl
B_loJkl collected $6 from pot
B_loJkl: doesn't show hand
*** SUMMARY ***
Total pot $6 | Rake $0
Seat 1: hubschi (big blind) folded before Flop
Seat 2: B_loJkl (button) (small blind) collected ($6)


PokerStars Hand #169325089215:  Hold'em Limit ($3/$6 USD) - 2017/04/20 17:33:39 ET
Table 'Tabora' 6-max Seat #2 is the button
Seat 1: hubschi ($299.84 in chips)
Seat 2: B_loJkl ($103.91 in chips)
B_loJkl: posts small blind $1
hubschi: posts big blind $3
*** HOLE CARDS ***
patrikskjold joins the table at seat #3
B_loJkl: folds
Uncalled bet ($2) returned to hubschi
hubschi collected $2 from pot
hubschi: doesn't show hand
*** SUMMARY ***
Total pot $2 | Rake $0
Seat 1: hubschi (big blind) collected ($2)
Seat 2: B_loJkl (button) (small blind) folded before Flop


PokerStars Hand #169325096512:  Hold'em Limit ($3/$6 USD) - 2017/04/20 17:33:49 ET
Table 'Tabora' 6-max Seat #1 is the button
Seat 1: hubschi ($300.84 in chips)
Seat 2: B_loJkl ($102.91 in chips)
hubschi: posts small blind $1
B_loJkl: posts big blind $3
*** HOLE CARDS ***
hubschi: raises $3 to $6
B_loJkl: folds
Uncalled bet ($3) returned to hubschi
hubschi collected $6 from pot
hubschi: doesn't show hand
*** SUMMARY ***
Total pot $6 | Rake $0
Seat 1: hubschi (button) (small blind) collected ($6)
Seat 2: B_loJkl (big blind) folded before Flop


PokerStars Hand #169325165992:  Hold'em Limit ($3/$6 USD) - 2017/04/20 17:35:18 ET
Table 'Tabora' 6-max Seat #3 is the button
Seat 1: hubschi ($258.84 in chips)
Seat 3: patrikskjold ($79.77 in chips)
patrikskjold: posts small blind $1
hubschi: posts big blind $3
*** HOLE CARDS ***
patrikskjold: raises $3 to $6
hubschi: folds
Uncalled bet ($3) returned to patrikskjold
patrikskjold collected $6 from pot
patrikskjold: doesn't show hand
*** SUMMARY ***
Total pot $6 | Rake $0
Seat 1: hubschi (big blind) folded before Flop
Seat 3: patrikskjold (button) (small blind) collected ($6)


PokerStars Hand #169325154117:  Hold'em Limit ($3/$6 USD) - 2017/04/20 17:35:03 ET
Table 'Tabora' 6-max Seat #1 is the button
Seat 1: hubschi ($261.84 in chips)
Seat 3: patrikskjold ($76.89 in chips)
hubschi: posts small blind $1
B_loJkl: is sitting out
patrikskjold: posts big blind $3
*** HOLE CARDS ***
hubschi: calls $2
patrikskjold: checks
*** FLOP *** [4s 8h 2c]
patrikskjold: bets $3
hubschi: folds
Uncalled bet ($3) returned to patrikskjold
patrikskjold collected $5.88 from pot
patrikskjold: doesn't show hand
*** SUMMARY ***
Total pot $6 | Rake $0.12
Board [4s 8h 2c]
Seat 1: hubschi (button) (small blind) folded on the Flop
Seat 3: patrikskjold (big blind) collected ($5.88)


