PokerStars Hand #162909033855:  Hold'em Limit ($3/$6 USD) - 2016/12/13 19:50:15 ET
Table 'Tabora' 6-max Seat #1 is the button
Seat 1: LifeisagameX ($104.50 in chips)
Seat 2: hairy1961 ($29 in chips)
LifeisagameX: posts small blind $1
hairy1961: posts big blind $3
*** HOLE CARDS ***
LifeisagameX: raises $3 to $6
hairy1961: folds
Uncalled bet ($3) returned to LifeisagameX
LifeisagameX collected $6 from pot
LifeisagameX: doesn't show hand
*** SUMMARY ***
Total pot $6 | Rake $0
Seat 1: LifeisagameX (button) (small blind) collected ($6)
Seat 2: hairy1961 (big blind) folded before Flop


PokerStars Hand #162909070518:  Hold'em Limit ($3/$6 USD) - 2016/12/13 19:51:15 ET
Table 'Tabora' 6-max Seat #1 is the button
Seat 1: LifeisagameX ($84 in chips)
Seat 2: hairy1961 ($51.50 in chips)
LifeisagameX: posts small blind $1
hairy1961: posts big blind $3
*** HOLE CARDS ***
LifeisagameX: raises $3 to $6
ToDaFelt joins the table at seat #3
hairy1961: folds
Uncalled bet ($3) returned to LifeisagameX
LifeisagameX collected $6 from pot
LifeisagameX: doesn't show hand
*** SUMMARY ***
Total pot $6 | Rake $0
Seat 1: LifeisagameX (button) (small blind) collected ($6)
Seat 2: hairy1961 (big blind) folded before Flop


PokerStars Hand #162909039593:  Hold'em Limit ($3/$6 USD) - 2016/12/13 19:50:25 ET
Table 'Tabora' 6-max Seat #2 is the button
Seat 1: LifeisagameX ($107.50 in chips)
Seat 2: hairy1961 ($26 in chips)
hairy1961: posts small blind $1
LifeisagameX: posts big blind $3
*** HOLE CARDS ***
hairy1961: raises $3 to $6
LifeisagameX: raises $3 to $9
hairy1961: raises $3 to $12
Betting is capped
LifeisagameX: calls $3
*** FLOP *** [8h 8s Kd]
LifeisagameX: checks
hairy1961: checks
*** TURN *** [8h 8s Kd] [4d]
LifeisagameX: bets $6
hairy1961: raises $6 to $12
LifeisagameX: calls $6
*** RIVER *** [8h 8s Kd 4d] [4h]
LifeisagameX: checks
hairy1961: bets $2 and is all-in
LifeisagameX: calls $2
*** SHOW DOWN ***
hairy1961: shows [7c 7d] (two pair, Eights and Sevens)
LifeisagameX: shows [Ah Qc] (two pair, Eights and Fours)
hairy1961 collected $51.50 from pot
*** SUMMARY ***
Total pot $52 | Rake $0.50
Board [8h 8s Kd 4d 4h]
Seat 1: LifeisagameX (big blind) showed [Ah Qc] and lost with two pair, Eights and Fours
Seat 2: hairy1961 (button) (small blind) showed [7c 7d] and won ($51.50) with two pair, Eights and Sevens


PokerStars Hand #162909132242:  Hold'em Limit ($3/$6 USD) - 2016/12/13 19:52:57 ET
Table 'Tabora' 6-max Seat #2 is the button
Seat 2: hairy1961 ($63.03 in chips)
Seat 3: ToDaFelt ($113.28 in chips)
hairy1961: posts small blind $1
ToDaFelt: posts big blind $3
*** HOLE CARDS ***
hairy1961: calls $2
ToDaFelt: raises $3 to $6
hairy1961: calls $3
*** FLOP *** [2s 5s 6d]
ToDaFelt: bets $3
hairy1961: calls $3
*** TURN *** [2s 5s 6d] [6c]
ToDaFelt: bets $6
hairy1961: folds
Uncalled bet ($6) returned to ToDaFelt
ToDaFelt collected $17.64 from pot
ToDaFelt: doesn't show hand
*** SUMMARY ***
Total pot $18 | Rake $0.36
Board [2s 5s 6d 6c]
Seat 2: hairy1961 (button) (small blind) folded on the Turn
Seat 3: ToDaFelt (big blind) collected ($17.64)


PokerStars Hand #162909151586:  Hold'em Limit ($3/$6 USD) - 2016/12/13 19:53:29 ET
Table 'Tabora' 6-max Seat #2 is the button
Seat 2: hairy1961 ($55.03 in chips)
Seat 3: ToDaFelt ($120.92 in chips)
hairy1961: posts small blind $1
ToDaFelt: posts big blind $3
*** HOLE CARDS ***
hairy1961: folds
Uncalled bet ($2) returned to ToDaFelt
ToDaFelt collected $2 from pot
ToDaFelt: doesn't show hand
*** SUMMARY ***
Total pot $2 | Rake $0
Seat 2: hairy1961 (button) (small blind) folded before Flop
Seat 3: ToDaFelt (big blind) collected ($2)


PokerStars Hand #162909145551:  Hold'em Limit ($3/$6 USD) - 2016/12/13 19:53:19 ET
Table 'Tabora' 6-max Seat #3 is the button
Seat 2: hairy1961 ($54.03 in chips)
Seat 3: ToDaFelt ($121.92 in chips)
ToDaFelt: posts small blind $1
hairy1961: posts big blind $3
*** HOLE CARDS ***
ToDaFelt: folds
Uncalled bet ($2) returned to hairy1961
hairy1961 collected $2 from pot
*** SUMMARY ***
Total pot $2 | Rake $0
Seat 2: hairy1961 (big blind) collected ($2)
Seat 3: ToDaFelt (button) (small blind) folded before Flop


