PokerStars Hand #146781367026:  Hold'em Limit ($3/$6 USD) - 2016/01/10 2:17:14 ET
Table 'Tabora' 2-max Seat #2 is the button
Seat 1: ct-650 ($150 in chips)
Seat 2: jl45259071 ($103.76 in chips)
jl45259071: posts small blind $1
ct-650: posts big blind $3
*** HOLE CARDS ***
jl45259071: raises $3 to $6
ct-650: raises $3 to $9
jl45259071: raises $3 to $12
Betting is capped
ct-650: calls $3
*** FLOP *** [Th 3h 4c]
ct-650: checks
jl45259071: checks
*** TURN *** [Th 3h 4c] [Ad]
ct-650: bets $6
jl45259071: calls $6
*** RIVER *** [Th 3h 4c Ad] [Tc]
ct-650: bets $6
jl45259071: folds
Uncalled bet ($6) returned to ct-650
ct-650 collected $35.50 from pot
*** SUMMARY ***
Total pot $36 | Rake $0.50
Board [Th 3h 4c Ad Tc]
Seat 1: ct-650 (big blind) collected ($35.50)
Seat 2: jl45259071 (button) (small blind) folded on the River


PokerStars Hand #146781398675:  Hold'em Limit ($3/$6 USD) - 2016/01/10 2:18:55 ET
Table 'Tabora' 2-max Seat #2 is the button
Seat 1: ct-650 ($193.76 in chips)
Seat 2: jl45259071 ($58.76 in chips)
jl45259071: posts small blind $1
ct-650: posts big blind $3
*** HOLE CARDS ***
jl45259071: raises $3 to $6
ct-650: folds
Uncalled bet ($3) returned to jl45259071
jl45259071 collected $6 from pot
*** SUMMARY ***
Total pot $6 | Rake $0
Seat 1: ct-650 (big blind) folded before Flop
Seat 2: jl45259071 (button) (small blind) collected ($6)


PokerStars Hand #146781390565:  Hold'em Limit ($3/$6 USD) - 2016/01/10 2:18:29 ET
Table 'Tabora' 2-max Seat #1 is the button
Seat 1: ct-650 ($170.26 in chips)
Seat 2: jl45259071 ($82.76 in chips)
ct-650: posts small blind $1
jl45259071: posts big blind $3
*** HOLE CARDS ***
ct-650: raises $3 to $6
jl45259071: calls $3
*** FLOP *** [3h 3d Qs]
jl45259071: checks
ct-650: bets $3
jl45259071: raises $3 to $6
ct-650: calls $3
*** TURN *** [3h 3d Qs] [9c]
jl45259071: bets $6
ct-650: calls $6
*** RIVER *** [3h 3d Qs 9c] [Kd]
jl45259071: bets $6
ct-650: calls $6
*** SHOW DOWN ***
jl45259071: shows [Jc 5c] (a pair of Threes)
ct-650: shows [7d Ad] (a pair of Threes - Ace kicker)
ct-650 collected $47.50 from pot
*** SUMMARY ***
Total pot $48 | Rake $0.50
Board [3h 3d Qs 9c Kd]
Seat 1: ct-650 (button) (small blind) showed [7d Ad] and won ($47.50) with a pair of Threes
Seat 2: jl45259071 (big blind) showed [Jc 5c] and lost with a pair of Threes


PokerStars Hand #146781385543:  Hold'em Limit ($3/$6 USD) - 2016/01/10 2:18:13 ET
Table 'Tabora' 2-max Seat #2 is the button
Seat 1: ct-650 ($173.26 in chips)
Seat 2: jl45259071 ($79.76 in chips)
jl45259071: posts small blind $1
ct-650: posts big blind $3
*** HOLE CARDS ***
jl45259071: raises $3 to $6
ct-650: folds
Uncalled bet ($3) returned to jl45259071
jl45259071 collected $6 from pot
jl45259071: doesn't show hand
*** SUMMARY ***
Total pot $6 | Rake $0
Seat 1: ct-650 (big blind) folded before Flop
Seat 2: jl45259071 (button) (small blind) collected ($6)


PokerStars Hand #146781378269:  Hold'em Limit ($3/$6 USD) - 2016/01/10 2:17:49 ET
Table 'Tabora' 2-max Seat #1 is the button
Seat 1: ct-650 ($167.50 in chips)
Seat 2: jl45259071 ($85.76 in chips)
ct-650: posts small blind $1
jl45259071: posts big blind $3
*** HOLE CARDS ***
ct-650: raises $3 to $6
jl45259071: calls $3
*** FLOP *** [Th Qs Kc]
jl45259071: checks
ct-650: bets $3
jl45259071: folds
Uncalled bet ($3) returned to ct-650
ct-650 collected $11.76 from pot
*** SUMMARY ***
Total pot $12 | Rake $0.24
Board [Th Qs Kc]
Seat 1: ct-650 (button) (small blind) collected ($11.76)
Seat 2: jl45259071 (big blind) folded on the Flop


PokerStars Hand #146781409403:  Hold'em Limit ($3/$6 USD) - 2016/01/10 2:19:29 ET
Table 'Tabora' 2-max Seat #2 is the button
Seat 1: ct-650 ($214.26 in chips)
Seat 2: jl45259071 ($37.76 in chips)
jl45259071: posts small blind $1
ct-650: posts big blind $3
*** HOLE CARDS ***
jl45259071: calls $2
ct-650: checks
*** FLOP *** [4c Td As]
ct-650: checks
jl45259071: bets $3
ct-650: folds
Uncalled bet ($3) returned to jl45259071
jl45259071 collected $5.88 from pot
jl45259071: doesn't show hand
*** SUMMARY ***
Total pot $6 | Rake $0.12
Board [4c Td As]
Seat 1: ct-650 (big blind) folded on the Flop
Seat 2: jl45259071 (button) (small blind) collected ($5.88)


PokerStars Hand #146781401276:  Hold'em Limit ($3/$6 USD) - 2016/01/10 2:19:03 ET
Table 'Tabora' 2-max Seat #1 is the button
Seat 1: ct-650 ($190.76 in chips)
Seat 2: jl45259071 ($61.76 in chips)
ct-650: posts small blind $1
jl45259071: posts big blind $3
*** HOLE CARDS ***
ct-650: raises $3 to $6
jl45259071: raises $3 to $9
ct-650: calls $3
*** FLOP *** [5c 7d 9h]
jl45259071: bets $3
ct-650: calls $3
*** TURN *** [5c 7d 9h] [7h]
jl45259071: bets $6
ct-650: calls $6
*** RIVER *** [5c 7d 9h 7h] [8d]
jl45259071: bets $6
ct-650: calls $6
*** SHOW DOWN ***
jl45259071: shows [3s Ad] (a pair of Sevens)
ct-650: shows [9d 4d] (two pair, Nines and Sevens)
ct-650 collected $47.50 from pot
*** SUMMARY ***
Total pot $48 | Rake $0.50
Board [5c 7d 9h 7h 8d]
Seat 1: ct-650 (button) (small blind) showed [9d 4d] and won ($47.50) with two pair, Nines and Sevens
Seat 2: jl45259071 (big blind) showed [3s Ad] and lost with a pair of Sevens


PokerStars Hand #146781416196:  Hold'em Limit ($3/$6 USD) - 2016/01/10 2:19:51 ET
Table 'Tabora' 2-max Seat #1 is the button
Seat 1: ct-650 ($211.26 in chips)
Seat 2: jl45259071 ($40.64 in chips)
ct-650: posts small blind $1
jl45259071: posts big blind $3
*** HOLE CARDS ***
ct-650: raises $3 to $6
jl45259071: calls $3
*** FLOP *** [2h 4s Qd]
jl45259071: checks
ct-650: bets $3
jl45259071: calls $3
*** TURN *** [2h 4s Qd] [2c]
jl45259071: checks
ct-650: checks
*** RIVER *** [2h 4s Qd 2c] [Qh]
jl45259071: bets $6
ct-650: folds
Uncalled bet ($6) returned to jl45259071
jl45259071 collected $17.64 from pot
jl45259071: doesn't show hand
*** SUMMARY ***
Total pot $18 | Rake $0.36
Board [2h 4s Qd 2c Qh]
Seat 1: ct-650 (button) (small blind) folded on the River
Seat 2: jl45259071 (big blind) collected ($17.64)


PokerStars Hand #146781432374:  Hold'em Limit ($3/$6 USD) - 2016/01/10 2:20:42 ET
Table 'Tabora' 2-max Seat #2 is the button
Seat 1: ct-650 ($202.26 in chips)
Seat 2: jl45259071 ($49.28 in chips)
jl45259071: posts small blind $1
ct-650: posts big blind $3
*** HOLE CARDS ***
jl45259071: raises $3 to $6
ct-650: calls $3
*** FLOP *** [As 6c 4c]
ct-650: checks
jl45259071: bets $3
ct-650: calls $3
*** TURN *** [As 6c 4c] [4h]
ct-650: checks
jl45259071: checks
*** RIVER *** [As 6c 4c 4h] [Ad]
ct-650: checks
jl45259071: bets $6
ct-650: folds
Uncalled bet ($6) returned to jl45259071
jl45259071 collected $17.64 from pot
*** SUMMARY ***
Total pot $18 | Rake $0.36
Board [As 6c 4c 4h Ad]
Seat 1: ct-650 (big blind) folded on the River
Seat 2: jl45259071 (button) (small blind) collected ($17.64)


PokerStars Hand #146781470480:  Hold'em Limit ($3/$6 USD) - 2016/01/10 2:22:44 ET
Table 'Tabora' 2-max Seat #1 is the button
Seat 1: ct-650 ($192.76 in chips)
Seat 2: jl45259071 ($57.42 in chips)
ct-650: posts small blind $1
jl45259071: posts big blind $3
*** HOLE CARDS ***
ct-650: raises $3 to $6
jl45259071: calls $3
*** FLOP *** [Tc 2d Qd]
jl45259071: checks
ct-650: bets $3
jl45259071: folds
Uncalled bet ($3) returned to ct-650
ct-650 collected $11.76 from pot
*** SUMMARY ***
Total pot $12 | Rake $0.24
Board [Tc 2d Qd]
Seat 1: ct-650 (button) (small blind) collected ($11.76)
Seat 2: jl45259071 (big blind) folded on the Flop


PokerStars Hand #146781460504:  Hold'em Limit ($3/$6 USD) - 2016/01/10 2:22:12 ET
Table 'Tabora' 2-max Seat #2 is the button
Seat 1: ct-650 ($207.76 in chips)
Seat 2: jl45259071 ($42.92 in chips)
jl45259071: posts small blind $1
ct-650: posts big blind $3
*** HOLE CARDS ***
jl45259071: raises $3 to $6
ct-650: calls $3
*** FLOP *** [7c Ts Ac]
ct-650: checks
jl45259071: bets $3
ct-650: calls $3
*** TURN *** [7c Ts Ac] [4c]
ct-650: checks
jl45259071: bets $6
ct-650: calls $6
*** RIVER *** [7c Ts Ac 4c] [Th]
ct-650: checks
jl45259071: bets $6
ct-650: folds
Uncalled bet ($6) returned to jl45259071
jl45259071 collected $29.50 from pot
jl45259071: doesn't show hand
*** SUMMARY ***
Total pot $30 | Rake $0.50
Board [7c Ts Ac 4c Th]
Seat 1: ct-650 (big blind) folded on the River
Seat 2: jl45259071 (button) (small blind) collected ($29.50)


PokerStars Hand #146781451600:  Hold'em Limit ($3/$6 USD) - 2016/01/10 2:21:44 ET
Table 'Tabora' 2-max Seat #1 is the button
Seat 1: ct-650 ($193.26 in chips)
Seat 2: jl45259071 ($57.92 in chips)
ct-650: posts small blind $1
jl45259071: posts big blind $3
*** HOLE CARDS ***
ct-650: raises $3 to $6
jl45259071: calls $3
*** FLOP *** [Kh 4d 7d]
jl45259071: checks
ct-650: bets $3
jl45259071: calls $3
*** TURN *** [Kh 4d 7d] [Ad]
jl45259071: checks
ct-650: bets $6
jl45259071: calls $6
*** RIVER *** [Kh 4d 7d Ad] [Ts]
jl45259071: checks
ct-650: bets $6
jl45259071: folds
Uncalled bet ($6) returned to ct-650
ct-650 collected $29.50 from pot
*** SUMMARY ***
Total pot $30 | Rake $0.50
Board [Kh 4d 7d Ad Ts]
Seat 1: ct-650 (button) (small blind) collected ($29.50)
Seat 2: jl45259071 (big blind) folded on the River


PokerStars Hand #146781476041:  Hold'em Limit ($3/$6 USD) - 2016/01/10 2:23:02 ET
Table 'Tabora' 2-max Seat #2 is the button
Seat 1: ct-650 ($198.52 in chips)
Seat 2: jl45259071 ($51.42 in chips)
jl45259071: posts small blind $1
ct-650: posts big blind $3
*** HOLE CARDS ***
jl45259071: calls $2
ct-650: checks
*** FLOP *** [8s 7s 2h]
ct-650: checks
jl45259071: bets $3
ct-650: folds
Uncalled bet ($3) returned to jl45259071
jl45259071 collected $5.88 from pot
jl45259071: doesn't show hand
*** SUMMARY ***
Total pot $6 | Rake $0.12
Board [8s 7s 2h]
Seat 1: ct-650 (big blind) folded on the Flop
Seat 2: jl45259071 (button) (small blind) collected ($5.88)


PokerStars Hand #146781504273:  Hold'em Limit ($3/$6 USD) - 2016/01/10 2:24:31 ET
Table 'Tabora' 2-max Seat #1 is the button
Seat 1: ct-650 ($172.52 in chips)
Seat 2: jl45259071 ($76.80 in chips)
ct-650: posts small blind $1
jl45259071: posts big blind $3
*** HOLE CARDS ***
ct-650: raises $3 to $6
jl45259071: calls $3
*** FLOP *** [7c 6c 2d]
jl45259071: checks
ct-650: bets $3
jl45259071: calls $3
*** TURN *** [7c 6c 2d] [3h]
jl45259071: checks
ct-650: bets $6
jl45259071: calls $6
*** RIVER *** [7c 6c 2d 3h] [8s]
jl45259071: checks
ct-650: checks
*** SHOW DOWN ***
jl45259071: shows [4d Th] (high card Ten)
ct-650: shows [Jh 6s] (a pair of Sixes)
ct-650 collected $29.50 from pot
*** SUMMARY ***
Total pot $30 | Rake $0.50
Board [7c 6c 2d 3h 8s]
Seat 1: ct-650 (button) (small blind) showed [Jh 6s] and won ($29.50) with a pair of Sixes
Seat 2: jl45259071 (big blind) showed [4d Th] and lost with high card Ten


PokerStars Hand #146781500328:  Hold'em Limit ($3/$6 USD) - 2016/01/10 2:24:19 ET
Table 'Tabora' 2-max Seat #2 is the button
Seat 1: ct-650 ($171.52 in chips)
Seat 2: jl45259071 ($77.80 in chips)
jl45259071: posts small blind $1
ct-650: posts big blind $3
*** HOLE CARDS ***
jl45259071: folds
Uncalled bet ($2) returned to ct-650
ct-650 collected $2 from pot
*** SUMMARY ***
Total pot $2 | Rake $0
Seat 1: ct-650 (big blind) collected ($2)
Seat 2: jl45259071 (button) (small blind) folded before Flop


PokerStars Hand #146781480382:  Hold'em Limit ($3/$6 USD) - 2016/01/10 2:23:16 ET
Table 'Tabora' 2-max Seat #1 is the button
Seat 1: ct-650 ($195.52 in chips)
Seat 2: jl45259071 ($54.30 in chips)
ct-650: posts small blind $1
jl45259071: posts big blind $3
*** HOLE CARDS ***
ct-650: raises $3 to $6
jl45259071: raises $3 to $9
ct-650: calls $3
*** FLOP *** [Js 5d Qc]
jl45259071: bets $3
ct-650: calls $3
*** TURN *** [Js 5d Qc] [2s]
jl45259071: bets $6
ct-650: calls $6
*** RIVER *** [Js 5d Qc 2s] [4s]
jl45259071: bets $6
ct-650: calls $6
*** SHOW DOWN ***
jl45259071: shows [Ts 3s] (a flush, Jack high)
ct-650: mucks hand
jl45259071 collected $47.50 from pot
*** SUMMARY ***
Total pot $48 | Rake $0.50
Board [Js 5d Qc 2s 4s]
Seat 1: ct-650 (button) (small blind) mucked
Seat 2: jl45259071 (big blind) showed [Ts 3s] and won ($47.50) with a flush, Jack high


PokerStars Hand #146781522294:  Hold'em Limit ($3/$6 USD) - 2016/01/10 2:25:28 ET
Table 'Tabora' 2-max Seat #2 is the button
Seat 1: ct-650 ($172.02 in chips)
Seat 2: jl45259071 ($76.20 in chips)
jl45259071: posts small blind $1
ct-650: posts big blind $3
*** HOLE CARDS ***
jl45259071: calls $2
ct-650: raises $3 to $6
jl45259071: calls $3
*** FLOP *** [8d 2s 9s]
ct-650: bets $3
jl45259071: calls $3
*** TURN *** [8d 2s 9s] [9c]
ct-650: bets $6
jl45259071: calls $6
*** RIVER *** [8d 2s 9s 9c] [6c]
ct-650: checks
jl45259071: bets $6
ct-650: calls $6
*** SHOW DOWN ***
jl45259071: shows [8c Qs] (two pair, Nines and Eights)
ct-650: mucks hand
jl45259071 collected $41.50 from pot
*** SUMMARY ***
Total pot $42 | Rake $0.50
Board [8d 2s 9s 9c 6c]
Seat 1: ct-650 (big blind) mucked
Seat 2: jl45259071 (button) (small blind) showed [8c Qs] and won ($41.50) with two pair, Nines and Eights


PokerStars Hand #146781511942:  Hold'em Limit ($3/$6 USD) - 2016/01/10 2:24:55 ET
Table 'Tabora' 2-max Seat #2 is the button
Seat 1: ct-650 ($187.02 in chips)
Seat 2: jl45259071 ($61.80 in chips)
jl45259071: posts small blind $1
ct-650: posts big blind $3
*** HOLE CARDS ***
jl45259071: calls $2
ct-650: checks
*** FLOP *** [3c 2h Ad]
ct-650: checks
jl45259071: bets $3
ct-650: folds
Uncalled bet ($3) returned to jl45259071
jl45259071 collected $5.88 from pot
jl45259071: doesn't show hand
*** SUMMARY ***
Total pot $6 | Rake $0.12
Board [3c 2h Ad]
Seat 1: ct-650 (big blind) folded on the Flop
Seat 2: jl45259071 (button) (small blind) collected ($5.88)


PokerStars Hand #146781533239:  Hold'em Limit ($3/$6 USD) - 2016/01/10 2:26:02 ET
Table 'Tabora' 2-max Seat #1 is the button
Seat 1: ct-650 ($151.02 in chips)
Seat 2: jl45259071 ($96.70 in chips)
ct-650: posts small blind $1
jl45259071: posts big blind $3
*** HOLE CARDS ***
ct-650: raises $3 to $6
jl45259071: folds
Uncalled bet ($3) returned to ct-650
ct-650 collected $6 from pot
*** SUMMARY ***
Total pot $6 | Rake $0
Seat 1: ct-650 (button) (small blind) collected ($6)
Seat 2: jl45259071 (big blind) folded before Flop


