PokerStars Hand #165825901802:  Hold'em Limit ($3/$6 USD) - 2017/02/07 8:35:42 ET
Table 'Tabora II' 6-max Seat #3 is the button
Seat 3: sim5sim5 ($72 in chips)
Seat 4: fire852181 ($67 in chips)
sim5sim5: posts small blind $1
fire852181: posts big blind $3
*** HOLE CARDS ***
sim5sim5: raises $3 to $6
fire852181: calls $3
*** FLOP *** [Jd 7c 5s]
fire852181: checks
sim5sim5: bets $3
fire852181: calls $3
*** TURN *** [Jd 7c 5s] [Qh]
fire852181: checks
sim5sim5: bets $6
fire852181: calls $6
*** RIVER *** [Jd 7c 5s Qh] [Jc]
fire852181: bets $6
RaisemyNut$ joins the table at seat #5
sim5sim5: folds
Uncalled bet ($6) returned to fire852181
fire852181 collected $29.50 from pot
fire852181: doesn't show hand
*** SUMMARY ***
Total pot $30 | Rake $0.50
Board [Jd 7c 5s Qh Jc]
Seat 3: sim5sim5 (button) (small blind) folded on the River
Seat 4: fire852181 (big blind) collected ($29.50)


PokerStars Hand #165827232651:  Hold'em Limit ($3/$6 USD) - 2017/02/07 9:10:40 ET
Table 'Tabora II' 6-max Seat #1 is the button
Seat 1: DePokeraap ($115.73 in chips)
Seat 5: RaisemyNut$ ($60 in chips)
DePokeraap: posts small blind $1
vestimokrec: is sitting out
belik555: is sitting out
RaisemyNut$: posts big blind $3
*** HOLE CARDS ***
DePokeraap: raises $3 to $6
belik555 leaves the table
RaisemyNut$: calls $3
*** FLOP *** [5h 8d 2s]
RaisemyNut$: checks
DePokeraap: checks
*** TURN *** [5h 8d 2s] [5d]
RaisemyNut$: checks
DePokeraap: bets $6
vestimokrec leaves the table
RaisemyNut$: folds
Uncalled bet ($6) returned to DePokeraap
DePokeraap collected $11.76 from pot
*** SUMMARY ***
Total pot $12 | Rake $0.24
Board [5h 8d 2s 5d]
Seat 1: DePokeraap (button) (small blind) collected ($11.76)
Seat 5: RaisemyNut$ (big blind) folded on the Turn


