PokerStars Hand #158127954155:  Hold'em Limit ($3/$6 USD) - 2016/09/03 21:12:08 ET
Table 'Tabora' 6-max Seat #4 is the button
Seat 2: libaikang ($172.88 in chips)
Seat 4: AzureCaper ($74.88 in chips)
AzureCaper: posts small blind $1
libaikang: posts big blind $3
*** HOLE CARDS ***
AzureCaper: folds
Uncalled bet ($2) returned to libaikang
libaikang collected $2 from pot
libaikang: doesn't show hand
*** SUMMARY ***
Total pot $2 | Rake $0
Seat 2: libaikang (big blind) collected ($2)
Seat 4: AzureCaper (button) (small blind) folded before Flop


PokerStars Hand #158127941716:  Hold'em Limit ($3/$6 USD) - 2016/09/03 21:11:55 ET
Table 'Tabora' 6-max Seat #2 is the button
Seat 2: libaikang ($170 in chips)
Seat 4: AzureCaper ($77.88 in chips)
libaikang: posts small blind $1
AzureCaper: posts big blind $3
*** HOLE CARDS ***
libaikang: calls $2
AzureCaper: checks
*** FLOP *** [Qs 5d 7h]
AzureCaper: checks
libaikang: bets $3
AzureCaper: folds
Uncalled bet ($3) returned to libaikang
libaikang collected $5.88 from pot
libaikang: doesn't show hand
*** SUMMARY ***
Total pot $6 | Rake $0.12
Board [Qs 5d 7h]
Seat 2: libaikang (button) (small blind) collected ($5.88)
Seat 4: AzureCaper (big blind) folded on the Flop


PokerStars Hand #158127939684:  Hold'em Limit ($3/$6 USD) - 2016/09/03 21:11:50 ET
Table 'Tabora' 6-max Seat #4 is the button
Seat 2: libaikang ($169 in chips)
Seat 4: AzureCaper ($78.88 in chips)
AzureCaper: posts small blind $1
libaikang: posts big blind $3
*** HOLE CARDS ***
AzureCaper: folds
Uncalled bet ($2) returned to libaikang
libaikang collected $2 from pot
libaikang: doesn't show hand
*** SUMMARY ***
Total pot $2 | Rake $0
Seat 2: libaikang (big blind) collected ($2)
Seat 4: AzureCaper (button) (small blind) folded before Flop


PokerStars Hand #158127937632:  Hold'em Limit ($3/$6 USD) - 2016/09/03 21:11:45 ET
Table 'Tabora' 6-max Seat #2 is the button
Seat 2: libaikang ($170 in chips)
Seat 4: AzureCaper ($77.88 in chips)
libaikang: posts small blind $1
AzureCaper: posts big blind $3
*** HOLE CARDS ***
libaikang: folds
Uncalled bet ($2) returned to AzureCaper
AzureCaper collected $2 from pot
AzureCaper: doesn't show hand
*** SUMMARY ***
Total pot $2 | Rake $0
Seat 2: libaikang (button) (small blind) folded before Flop
Seat 4: AzureCaper (big blind) collected ($2)


PokerStars Hand #158127935511:  Hold'em Limit ($3/$6 USD) - 2016/09/03 21:11:40 ET
Table 'Tabora' 6-max Seat #4 is the button
Seat 2: libaikang ($169 in chips)
Seat 4: AzureCaper ($78.88 in chips)
AzureCaper: posts small blind $1
libaikang: posts big blind $3
*** HOLE CARDS ***
AzureCaper: folds
Uncalled bet ($2) returned to libaikang
libaikang collected $2 from pot
libaikang: doesn't show hand
*** SUMMARY ***
Total pot $2 | Rake $0
Seat 2: libaikang (big blind) collected ($2)
Seat 4: AzureCaper (button) (small blind) folded before Flop


PokerStars Hand #158127956134:  Hold'em Limit ($3/$6 USD) - 2016/09/03 21:12:13 ET
Table 'Tabora' 6-max Seat #2 is the button
Seat 2: libaikang ($173.88 in chips)
Seat 4: AzureCaper ($73.88 in chips)
libaikang: posts small blind $1
AzureCaper: posts big blind $3
*** HOLE CARDS ***
libaikang: folds
Uncalled bet ($2) returned to AzureCaper
AzureCaper collected $2 from pot
AzureCaper: doesn't show hand
*** SUMMARY ***
Total pot $2 | Rake $0
Seat 2: libaikang (button) (small blind) folded before Flop
Seat 4: AzureCaper (big blind) collected ($2)


PokerStars Hand #158127920620:  Hold'em Limit ($3/$6 USD) - 2016/09/03 21:11:03 ET
Table 'Tabora' 6-max Seat #2 is the button
Seat 2: libaikang ($176 in chips)
Seat 4: AzureCaper ($72 in chips)
libaikang: posts small blind $1
AzureCaper: posts big blind $3
*** HOLE CARDS ***
libaikang: calls $2
AzureCaper: checks
*** FLOP *** [Qs 5c 2c]
AzureCaper: checks
libaikang: checks
*** TURN *** [Qs 5c 2c] [Th]
AzureCaper: bets $6
libaikang: folds
Uncalled bet ($6) returned to AzureCaper
AzureCaper collected $5.88 from pot
AzureCaper: doesn't show hand
*** SUMMARY ***
Total pot $6 | Rake $0.12
Board [Qs 5c 2c Th]
Seat 2: libaikang (button) (small blind) folded on the Turn
Seat 4: AzureCaper (big blind) collected ($5.88)


PokerStars Hand #158127933412:  Hold'em Limit ($3/$6 USD) - 2016/09/03 21:11:35 ET
Table 'Tabora' 6-max Seat #2 is the button
Seat 2: libaikang ($170 in chips)
Seat 4: AzureCaper ($77.88 in chips)
libaikang: posts small blind $1
AzureCaper: posts big blind $3
*** HOLE CARDS ***
libaikang: folds
Uncalled bet ($2) returned to AzureCaper
AzureCaper collected $2 from pot
AzureCaper: doesn't show hand
*** SUMMARY ***
Total pot $2 | Rake $0
Seat 2: libaikang (button) (small blind) folded before Flop
Seat 4: AzureCaper (big blind) collected ($2)


PokerStars Hand #158127931055:  Hold'em Limit ($3/$6 USD) - 2016/09/03 21:11:29 ET
Table 'Tabora' 6-max Seat #4 is the button
Seat 2: libaikang ($173 in chips)
Seat 4: AzureCaper ($74.88 in chips)
AzureCaper: posts small blind $1
libaikang: posts big blind $3
*** HOLE CARDS ***
AzureCaper: raises $3 to $6
libaikang: folds
Uncalled bet ($3) returned to AzureCaper
AzureCaper collected $6 from pot
AzureCaper: doesn't show hand
*** SUMMARY ***
Total pot $6 | Rake $0
Seat 2: libaikang (big blind) folded before Flop
Seat 4: AzureCaper (button) (small blind) collected ($6)


PokerStars Hand #158127958330:  Hold'em Limit ($3/$6 USD) - 2016/09/03 21:12:18 ET
Table 'Tabora' 6-max Seat #4 is the button
Seat 2: libaikang ($172.88 in chips)
Seat 4: AzureCaper ($74.88 in chips)
AzureCaper: posts small blind $1
libaikang: posts big blind $3
*** HOLE CARDS ***
AzureCaper: folds
Uncalled bet ($2) returned to libaikang
libaikang collected $2 from pot
libaikang: doesn't show hand
*** SUMMARY ***
Total pot $2 | Rake $0
Seat 2: libaikang (big blind) collected ($2)
Seat 4: AzureCaper (button) (small blind) folded before Flop


PokerStars Hand #158127960726:  Hold'em Limit ($3/$6 USD) - 2016/09/03 21:12:24 ET
Table 'Tabora' 6-max Seat #2 is the button
Seat 2: libaikang ($173.88 in chips)
Seat 4: AzureCaper ($73.88 in chips)
libaikang: posts small blind $1
AzureCaper: posts big blind $3
*** HOLE CARDS ***
libaikang: calls $2
AzureCaper: raises $3 to $6
libaikang: raises $3 to $9
AzureCaper: raises $3 to $12
Betting is capped
libaikang: calls $3
*** FLOP *** [3d 7c 8c]
AzureCaper: bets $3
libaikang: raises $3 to $6
AzureCaper: raises $3 to $9
libaikang: calls $3
*** TURN *** [3d 7c 8c] [5c]
AzureCaper: bets $6
libaikang: raises $6 to $12
AzureCaper: calls $6
*** RIVER *** [3d 7c 8c 5c] [Kd]
AzureCaper: checks
libaikang: bets $6
AzureCaper: calls $6
*** SHOW DOWN ***
libaikang: shows [4c Jc] (a flush, Jack high)
AzureCaper: mucks hand
libaikang collected $77.50 from pot
*** SUMMARY ***
Total pot $78 | Rake $0.50
Board [3d 7c 8c 5c Kd]
Seat 2: libaikang (button) (small blind) showed [4c Jc] and won ($77.50) with a flush, Jack high
Seat 4: AzureCaper (big blind) mucked


PokerStars Hand #158127970725:  Hold'em Limit ($3/$6 USD) - 2016/09/03 21:12:48 ET
Table 'Tabora' 6-max Seat #4 is the button
Seat 2: libaikang ($212.38 in chips)
Seat 4: AzureCaper ($72 in chips)
AzureCaper: posts small blind $1
libaikang: posts big blind $3
*** HOLE CARDS ***
AzureCaper: folds
Uncalled bet ($2) returned to libaikang
libaikang collected $2 from pot
libaikang: doesn't show hand
*** SUMMARY ***
Total pot $2 | Rake $0
Seat 2: libaikang (big blind) collected ($2)
Seat 4: AzureCaper (button) (small blind) folded before Flop


PokerStars Hand #158127978840:  Hold'em Limit ($3/$6 USD) - 2016/09/03 21:13:08 ET
Table 'Tabora' 6-max Seat #4 is the button
Seat 2: libaikang ($216.26 in chips)
Seat 4: AzureCaper ($72 in chips)
AzureCaper: posts small blind $1
libaikang: posts big blind $3
*** HOLE CARDS ***
AzureCaper: raises $3 to $6
libaikang: folds
Uncalled bet ($3) returned to AzureCaper
AzureCaper collected $6 from pot
AzureCaper: doesn't show hand
*** SUMMARY ***
Total pot $6 | Rake $0
Seat 2: libaikang (big blind) folded before Flop
Seat 4: AzureCaper (button) (small blind) collected ($6)


PokerStars Hand #158127973162:  Hold'em Limit ($3/$6 USD) - 2016/09/03 21:12:54 ET
Table 'Tabora' 6-max Seat #2 is the button
Seat 2: libaikang ($213.38 in chips)
Seat 4: AzureCaper ($72 in chips)
libaikang: posts small blind $1
AzureCaper: posts big blind $3
*** HOLE CARDS ***
libaikang: calls $2
AzureCaper: checks
*** FLOP *** [4d 8d 4c]
AzureCaper: checks
libaikang: bets $3
AzureCaper: folds
Uncalled bet ($3) returned to libaikang
libaikang collected $5.88 from pot
libaikang: doesn't show hand
*** SUMMARY ***
Total pot $6 | Rake $0.12
Board [4d 8d 4c]
Seat 2: libaikang (button) (small blind) collected ($5.88)
Seat 4: AzureCaper (big blind) folded on the Flop


PokerStars Hand #158127981532:  Hold'em Limit ($3/$6 USD) - 2016/09/03 21:13:15 ET
Table 'Tabora' 6-max Seat #2 is the button
Seat 2: libaikang ($213.26 in chips)
Seat 4: AzureCaper ($75 in chips)
libaikang: posts small blind $1
AzureCaper: posts big blind $3
*** HOLE CARDS ***
libaikang: calls $2
degal76 joins the table at seat #1
AzureCaper: raises $3 to $6
libaikang: calls $3
*** FLOP *** [8c Th 9s]
AzureCaper: bets $3
libaikang: raises $3 to $6
AzureCaper: calls $3
*** TURN *** [8c Th 9s] [Ts]
AzureCaper: checks
libaikang: checks
*** RIVER *** [8c Th 9s Ts] [Jh]
AzureCaper: bets $6
libaikang: raises $6 to $12
AzureCaper: calls $6
*** SHOW DOWN ***
libaikang: shows [Jc 6h] (two pair, Jacks and Tens)
AzureCaper: shows [Ac 7h] (a straight, Seven to Jack)
AzureCaper collected $47.50 from pot
*** SUMMARY ***
Total pot $48 | Rake $0.50
Board [8c Th 9s Ts Jh]
Seat 2: libaikang (button) (small blind) showed [Jc 6h] and lost with two pair, Jacks and Tens
Seat 4: AzureCaper (big blind) showed [Ac 7h] and won ($47.50) with a straight, Seven to Jack


PokerStars Hand #158128022797:  Hold'em Limit ($3/$6 USD) - 2016/09/03 21:14:58 ET
Table 'Tabora' 6-max Seat #2 is the button
Seat 2: libaikang ($197.93 in chips)
Seat 4: AzureCaper ($93.50 in chips)
libaikang: posts small blind $1
AzureCaper: posts big blind $3
*** HOLE CARDS ***
libaikang: calls $2
AzureCaper: checks
*** FLOP *** [Jd 9c 4h]
AzureCaper: checks
libaikang: checks
*** TURN *** [Jd 9c 4h] [Qd]
AzureCaper: checks
libaikang: bets $6
AzureCaper: calls $6
*** RIVER *** [Jd 9c 4h Qd] [Kc]
AzureCaper: bets $6
libaikang: calls $6
*** SHOW DOWN ***
AzureCaper: shows [Ks 4c] (two pair, Kings and Fours)
libaikang: mucks hand
AzureCaper collected $29.50 from pot
*** SUMMARY ***
Total pot $30 | Rake $0.50
Board [Jd 9c 4h Qd Kc]
Seat 2: libaikang (button) (small blind) mucked
Seat 4: AzureCaper (big blind) showed [Ks 4c] and won ($29.50) with two pair, Kings and Fours


PokerStars Hand #158128009840:  Hold'em Limit ($3/$6 USD) - 2016/09/03 21:14:25 ET
Table 'Tabora' 6-max Seat #4 is the button
Seat 2: libaikang ($193.05 in chips)
Seat 4: AzureCaper ($98.50 in chips)
AzureCaper: posts small blind $1
libaikang: posts big blind $3
*** HOLE CARDS ***
AzureCaper: folds
Uncalled bet ($2) returned to libaikang
libaikang collected $2 from pot
libaikang: doesn't show hand
*** SUMMARY ***
Total pot $2 | Rake $0
Seat 2: libaikang (big blind) collected ($2)
Seat 4: AzureCaper (button) (small blind) folded before Flop


PokerStars Hand #158128012464:  Hold'em Limit ($3/$6 USD) - 2016/09/03 21:14:32 ET
Table 'Tabora' 6-max Seat #2 is the button
Seat 2: libaikang ($194.05 in chips)
Seat 4: AzureCaper ($97.50 in chips)
libaikang: posts small blind $1
AzureCaper: posts big blind $3
*** HOLE CARDS ***
libaikang: calls $2
AzureCaper: checks
*** FLOP *** [Qd Ts 8h]
AzureCaper: checks
libaikang: checks
*** TURN *** [Qd Ts 8h] [Ac]
AzureCaper: checks
libaikang: checks
*** RIVER *** [Qd Ts 8h Ac] [7s]
AzureCaper: checks
libaikang: bets $6
AzureCaper: folds
Uncalled bet ($6) returned to libaikang
libaikang collected $5.88 from pot
libaikang: doesn't show hand
*** SUMMARY ***
Total pot $6 | Rake $0.12
Board [Qd Ts 8h Ac 7s]
Seat 2: libaikang (button) (small blind) collected ($5.88)
Seat 4: AzureCaper (big blind) folded on the River


PokerStars Hand #158128019903:  Hold'em Limit ($3/$6 USD) - 2016/09/03 21:14:50 ET
Table 'Tabora' 6-max Seat #4 is the button
Seat 2: libaikang ($196.93 in chips)
Seat 4: AzureCaper ($94.50 in chips)
AzureCaper: posts small blind $1
libaikang: posts big blind $3
*** HOLE CARDS ***
AzureCaper: folds
Uncalled bet ($2) returned to libaikang
libaikang collected $2 from pot
libaikang: doesn't show hand
*** SUMMARY ***
Total pot $2 | Rake $0
Seat 2: libaikang (big blind) collected ($2)
Seat 4: AzureCaper (button) (small blind) folded before Flop


PokerStars Hand #158128029771:  Hold'em Limit ($3/$6 USD) - 2016/09/03 21:15:15 ET
Table 'Tabora' 6-max Seat #4 is the button
Seat 2: libaikang ($182.93 in chips)
Seat 4: AzureCaper ($108 in chips)
AzureCaper: posts small blind $1
libaikang: posts big blind $3
*** HOLE CARDS ***
AzureCaper: raises $3 to $6
libaikang: raises $3 to $9
AzureCaper: calls $3
*** FLOP *** [Kh 5c 2d]
libaikang: checks
AzureCaper: checks
*** TURN *** [Kh 5c 2d] [6d]
libaikang: bets $6
AzureCaper: folds
Uncalled bet ($6) returned to libaikang
libaikang collected $17.64 from pot
libaikang: doesn't show hand
*** SUMMARY ***
Total pot $18 | Rake $0.36
Board [Kh 5c 2d 6d]
Seat 2: libaikang (big blind) collected ($17.64)
Seat 4: AzureCaper (button) (small blind) folded on the Turn


PokerStars Hand #158128038211:  Hold'em Limit ($3/$6 USD) - 2016/09/03 21:15:36 ET
Table 'Tabora' 6-max Seat #2 is the button
Seat 2: libaikang ($191.57 in chips)
Seat 4: AzureCaper ($99 in chips)
libaikang: posts small blind $1
AzureCaper: posts big blind $3
*** HOLE CARDS ***
libaikang: calls $2
AzureCaper: checks
*** FLOP *** [6d Ad 3s]
AzureCaper: checks
libaikang: checks
*** TURN *** [6d Ad 3s] [Qs]
AzureCaper: checks
libaikang: checks
*** RIVER *** [6d Ad 3s Qs] [6h]
AzureCaper: checks
libaikang: checks
*** SHOW DOWN ***
AzureCaper: shows [5d 5c] (two pair, Sixes and Fives)
libaikang: mucks hand
AzureCaper collected $5.88 from pot
*** SUMMARY ***
Total pot $6 | Rake $0.12
Board [6d Ad 3s Qs 6h]
Seat 2: libaikang (button) (small blind) mucked
Seat 4: AzureCaper (big blind) showed [5d 5c] and won ($5.88) with two pair, Sixes and Fives


PokerStars Hand #158128045766:  Hold'em Limit ($3/$6 USD) - 2016/09/03 21:15:55 ET
Table 'Tabora' 6-max Seat #4 is the button
Seat 2: libaikang ($188.57 in chips)
Seat 4: AzureCaper ($101.88 in chips)
AzureCaper: posts small blind $1
libaikang: posts big blind $3
*** HOLE CARDS ***
AzureCaper: raises $3 to $6
libaikang: raises $3 to $9
AzureCaper: calls $3
*** FLOP *** [2h 3c 2d]
libaikang: checks
AzureCaper: checks
*** TURN *** [2h 3c 2d] [Ah]
libaikang: bets $6
AzureCaper: folds
Uncalled bet ($6) returned to libaikang
libaikang collected $17.64 from pot
libaikang: doesn't show hand
*** SUMMARY ***
Total pot $18 | Rake $0.36
Board [2h 3c 2d Ah]
Seat 2: libaikang (big blind) collected ($17.64)
Seat 4: AzureCaper (button) (small blind) folded on the Turn


PokerStars Hand #158128051404:  Hold'em Limit ($3/$6 USD) - 2016/09/03 21:16:09 ET
Table 'Tabora' 6-max Seat #2 is the button
Seat 2: libaikang ($197.21 in chips)
Seat 4: AzureCaper ($92.88 in chips)
libaikang: posts small blind $1
AzureCaper: posts big blind $3
*** HOLE CARDS ***
libaikang: calls $2
AzureCaper: checks
*** FLOP *** [8h 7h Qh]
AzureCaper: checks
libaikang: bets $3
AzureCaper: calls $3
*** TURN *** [8h 7h Qh] [5c]
AzureCaper: checks
libaikang: bets $6
AzureCaper: calls $6
*** RIVER *** [8h 7h Qh 5c] [Js]
AzureCaper: checks
libaikang: bets $6
AzureCaper: folds
Uncalled bet ($6) returned to libaikang
libaikang collected $23.52 from pot
libaikang: doesn't show hand
*** SUMMARY ***
Total pot $24 | Rake $0.48
Board [8h 7h Qh 5c Js]
Seat 2: libaikang (button) (small blind) collected ($23.52)
Seat 4: AzureCaper (big blind) folded on the River


PokerStars Hand #158128060645:  Hold'em Limit ($3/$6 USD) - 2016/09/03 21:16:32 ET
Table 'Tabora' 6-max Seat #4 is the button
Seat 2: libaikang ($208.73 in chips)
Seat 4: AzureCaper ($80.88 in chips)
AzureCaper: posts small blind $1
libaikang: posts big blind $3
*** HOLE CARDS ***
AzureCaper: folds
Uncalled bet ($2) returned to libaikang
libaikang collected $2 from pot
libaikang: doesn't show hand
*** SUMMARY ***
Total pot $2 | Rake $0
Seat 2: libaikang (big blind) collected ($2)
Seat 4: AzureCaper (button) (small blind) folded before Flop


PokerStars Hand #158128064393:  Hold'em Limit ($3/$6 USD) - 2016/09/03 21:16:41 ET
Table 'Tabora' 6-max Seat #2 is the button
Seat 2: libaikang ($209.73 in chips)
Seat 4: AzureCaper ($79.88 in chips)
libaikang: posts small blind $1
AzureCaper: posts big blind $3
*** HOLE CARDS ***
libaikang: calls $2
AzureCaper: checks
*** FLOP *** [5d Td 7h]
AzureCaper: checks
libaikang: checks
*** TURN *** [5d Td 7h] [4c]
AzureCaper: checks
libaikang: checks
*** RIVER *** [5d Td 7h 4c] [2d]
AzureCaper: checks
libaikang: checks
*** SHOW DOWN ***
AzureCaper: shows [8h Qc] (high card Queen)
libaikang: shows [Kc 9d] (high card King)
libaikang collected $5.88 from pot
*** SUMMARY ***
Total pot $6 | Rake $0.12
Board [5d Td 7h 4c 2d]
Seat 2: libaikang (button) (small blind) showed [Kc 9d] and won ($5.88) with high card King
Seat 4: AzureCaper (big blind) showed [8h Qc] and lost with high card Queen


PokerStars Hand #158128083380:  Hold'em Limit ($3/$6 USD) - 2016/09/03 21:17:29 ET
Table 'Tabora' 6-max Seat #2 is the button
Seat 2: libaikang ($233.11 in chips)
Seat 4: AzureCaper ($72 in chips)
libaikang: posts small blind $1
AzureCaper: posts big blind $3
*** HOLE CARDS ***
libaikang: folds
Uncalled bet ($2) returned to AzureCaper
AzureCaper collected $2 from pot
AzureCaper: doesn't show hand
*** SUMMARY ***
Total pot $2 | Rake $0
Seat 2: libaikang (button) (small blind) folded before Flop
Seat 4: AzureCaper (big blind) collected ($2)


PokerStars Hand #158128075270:  Hold'em Limit ($3/$6 USD) - 2016/09/03 21:17:09 ET
Table 'Tabora' 6-max Seat #4 is the button
Seat 2: libaikang ($212.61 in chips)
Seat 4: AzureCaper ($76.88 in chips)
AzureCaper: posts small blind $1
libaikang: posts big blind $3
*** HOLE CARDS ***
AzureCaper: raises $3 to $6
libaikang: raises $3 to $9
AzureCaper: calls $3
*** FLOP *** [4s 3d Ts]
libaikang: checks
AzureCaper: checks
*** TURN *** [4s 3d Ts] [Kd]
libaikang: checks
AzureCaper: bets $6
libaikang: calls $6
*** RIVER *** [4s 3d Ts Kd] [9d]
libaikang: checks
AzureCaper: bets $6
libaikang: calls $6
*** SHOW DOWN ***
AzureCaper: shows [6h 5s] (high card King)
libaikang: shows [Jd Jh] (a pair of Jacks)
libaikang collected $41.50 from pot
*** SUMMARY ***
Total pot $42 | Rake $0.50
Board [4s 3d Ts Kd 9d]
Seat 2: libaikang (big blind) showed [Jd Jh] and won ($41.50) with a pair of Jacks
Seat 4: AzureCaper (button) (small blind) showed [6h 5s] and lost with high card King


PokerStars Hand #158128085474:  Hold'em Limit ($3/$6 USD) - 2016/09/03 21:17:34 ET
Table 'Tabora' 6-max Seat #4 is the button
Seat 2: libaikang ($232.11 in chips)
Seat 4: AzureCaper ($73 in chips)
AzureCaper: posts small blind $1
libaikang: posts big blind $3
*** HOLE CARDS ***
AzureCaper: raises $3 to $6
libaikang: calls $3
*** FLOP *** [Jc 4c 9h]
libaikang: checks
AzureCaper: bets $3
libaikang: calls $3
*** TURN *** [Jc 4c 9h] [Td]
libaikang: checks
AzureCaper: bets $6
libaikang: folds
Uncalled bet ($6) returned to AzureCaper
AzureCaper collected $17.64 from pot
AzureCaper: doesn't show hand
*** SUMMARY ***
Total pot $18 | Rake $0.36
Board [Jc 4c 9h Td]
Seat 2: libaikang (big blind) folded on the Turn
Seat 4: AzureCaper (button) (small blind) collected ($17.64)


PokerStars Hand #158128097777:  Hold'em Limit ($3/$6 USD) - 2016/09/03 21:18:05 ET
Table 'Tabora' 6-max Seat #4 is the button
Seat 2: libaikang ($223.05 in chips)
Seat 4: AzureCaper ($81.58 in chips)
AzureCaper: posts small blind $1
libaikang: posts big blind $3
*** HOLE CARDS ***
AzureCaper: folds
Uncalled bet ($2) returned to libaikang
libaikang collected $2 from pot
libaikang: doesn't show hand
*** SUMMARY ***
Total pot $2 | Rake $0
Seat 2: libaikang (big blind) collected ($2)
Seat 4: AzureCaper (button) (small blind) folded before Flop


PokerStars Hand #158128091129:  Hold'em Limit ($3/$6 USD) - 2016/09/03 21:17:48 ET
Table 'Tabora' 6-max Seat #2 is the button
Seat 2: libaikang ($223.11 in chips)
Seat 4: AzureCaper ($81.64 in chips)
libaikang: posts small blind $1
AzureCaper: posts big blind $3
*** HOLE CARDS ***
libaikang: calls $2
AzureCaper: checks
*** FLOP *** [Tc Kc Ah]
AzureCaper: checks
libaikang: checks
*** TURN *** [Tc Kc Ah] [2d]
AzureCaper: checks
libaikang: checks
*** RIVER *** [Tc Kc Ah 2d] [9d]
AzureCaper: checks
libaikang: checks
*** SHOW DOWN ***
AzureCaper: shows [8s 7d] (high card Ace)
libaikang: shows [5d 8d] (high card Ace)
AzureCaper collected $2.94 from pot
libaikang collected $2.94 from pot
*** SUMMARY ***
Total pot $6 | Rake $0.12
Board [Tc Kc Ah 2d 9d]
Seat 2: libaikang (button) (small blind) showed [5d 8d] and won ($2.94) with high card Ace
Seat 4: AzureCaper (big blind) showed [8s 7d] and won ($2.94) with high card Ace


PokerStars Hand #158128105958:  Hold'em Limit ($3/$6 USD) - 2016/09/03 21:18:25 ET
Table 'Tabora' 6-max Seat #4 is the button
Seat 2: libaikang ($221.05 in chips)
Seat 4: AzureCaper ($83.46 in chips)
AzureCaper: posts small blind $1
libaikang: posts big blind $3
*** HOLE CARDS ***
AzureCaper: raises $3 to $6
libaikang: folds
Uncalled bet ($3) returned to AzureCaper
AzureCaper collected $6 from pot
AzureCaper: doesn't show hand
*** SUMMARY ***
Total pot $6 | Rake $0
Seat 2: libaikang (big blind) folded before Flop
Seat 4: AzureCaper (button) (small blind) collected ($6)


PokerStars Hand #158128100309:  Hold'em Limit ($3/$6 USD) - 2016/09/03 21:18:11 ET
Table 'Tabora' 6-max Seat #2 is the button
Seat 2: libaikang ($224.05 in chips)
Seat 4: AzureCaper ($80.58 in chips)
libaikang: posts small blind $1
AzureCaper: posts big blind $3
*** HOLE CARDS ***
libaikang: calls $2
AzureCaper: checks
*** FLOP *** [Tc 7d Ts]
AzureCaper: checks
libaikang: checks
*** TURN *** [Tc 7d Ts] [5c]
AzureCaper: bets $6
libaikang: folds
Uncalled bet ($6) returned to AzureCaper
AzureCaper collected $5.88 from pot
AzureCaper: doesn't show hand
*** SUMMARY ***
Total pot $6 | Rake $0.12
Board [Tc 7d Ts 5c]
Seat 2: libaikang (button) (small blind) folded on the Turn
Seat 4: AzureCaper (big blind) collected ($5.88)


PokerStars Hand #158128119650:  Hold'em Limit ($3/$6 USD) - 2016/09/03 21:18:59 ET
Table 'Tabora' 6-max Seat #4 is the button
Seat 2: libaikang ($220.93 in chips)
Seat 4: AzureCaper ($83.46 in chips)
AzureCaper: posts small blind $1
libaikang: posts big blind $3
*** HOLE CARDS ***
AzureCaper: folds
Uncalled bet ($2) returned to libaikang
libaikang collected $2 from pot
libaikang: doesn't show hand
*** SUMMARY ***
Total pot $2 | Rake $0
Seat 2: libaikang (big blind) collected ($2)
Seat 4: AzureCaper (button) (small blind) folded before Flop


PokerStars Hand #158128108228:  Hold'em Limit ($3/$6 USD) - 2016/09/03 21:18:31 ET
Table 'Tabora' 6-max Seat #2 is the button
Seat 2: libaikang ($218.05 in chips)
Seat 4: AzureCaper ($86.46 in chips)
libaikang: posts small blind $1
AzureCaper: posts big blind $3
*** HOLE CARDS ***
libaikang: calls $2
AzureCaper: checks
*** FLOP *** [9d 3c 7s]
AzureCaper: checks
libaikang: checks
*** TURN *** [9d 3c 7s] [6h]
AzureCaper: checks
libaikang: checks
*** RIVER *** [9d 3c 7s 6h] [Js]
AzureCaper: checks
libaikang: bets $6
AzureCaper: folds
Uncalled bet ($6) returned to libaikang
libaikang collected $5.88 from pot
libaikang: doesn't show hand
*** SUMMARY ***
Total pot $6 | Rake $0.12
Board [9d 3c 7s 6h Js]
Seat 2: libaikang (button) (small blind) collected ($5.88)
Seat 4: AzureCaper (big blind) folded on the River


PokerStars Hand #158128121594:  Hold'em Limit ($3/$6 USD) - 2016/09/03 21:19:04 ET
Table 'Tabora' 6-max Seat #2 is the button
Seat 2: libaikang ($221.93 in chips)
Seat 4: AzureCaper ($82.46 in chips)
libaikang: posts small blind $1
AzureCaper: posts big blind $3
*** HOLE CARDS ***
libaikang: folds
Uncalled bet ($2) returned to AzureCaper
AzureCaper collected $2 from pot
AzureCaper: doesn't show hand
*** SUMMARY ***
Total pot $2 | Rake $0
Seat 2: libaikang (button) (small blind) folded before Flop
Seat 4: AzureCaper (big blind) collected ($2)


PokerStars Hand #158128123739:  Hold'em Limit ($3/$6 USD) - 2016/09/03 21:19:09 ET
Table 'Tabora' 6-max Seat #4 is the button
Seat 2: libaikang ($220.93 in chips)
Seat 4: AzureCaper ($83.46 in chips)
AzureCaper: posts small blind $1
libaikang: posts big blind $3
*** HOLE CARDS ***
AzureCaper: raises $3 to $6
libaikang: folds
Uncalled bet ($3) returned to AzureCaper
AzureCaper collected $6 from pot
AzureCaper: doesn't show hand
*** SUMMARY ***
Total pot $6 | Rake $0
Seat 2: libaikang (big blind) folded before Flop
Seat 4: AzureCaper (button) (small blind) collected ($6)


PokerStars Hand #158128126060:  Hold'em Limit ($3/$6 USD) - 2016/09/03 21:19:15 ET
Table 'Tabora' 6-max Seat #2 is the button
Seat 2: libaikang ($217.93 in chips)
Seat 4: AzureCaper ($86.46 in chips)
libaikang: posts small blind $1
AzureCaper: posts big blind $3
*** HOLE CARDS ***
libaikang: calls $2
AzureCaper: checks
*** FLOP *** [4s Qs 6h]
AzureCaper: checks
libaikang: checks
*** TURN *** [4s Qs 6h] [7c]
AzureCaper: bets $6
libaikang: calls $6
*** RIVER *** [4s Qs 6h 7c] [Qc]
AzureCaper: bets $6
libaikang: calls $6
*** SHOW DOWN ***
AzureCaper: shows [Th 8s] (a pair of Queens)
libaikang: shows [Ah 7s] (two pair, Queens and Sevens)
libaikang collected $29.50 from pot
*** SUMMARY ***
Total pot $30 | Rake $0.50
Board [4s Qs 6h 7c Qc]
Seat 2: libaikang (button) (small blind) showed [Ah 7s] and won ($29.50) with two pair, Queens and Sevens
Seat 4: AzureCaper (big blind) showed [Th 8s] and lost with a pair of Queens


PokerStars Hand #158128135745:  Hold'em Limit ($3/$6 USD) - 2016/09/03 21:19:39 ET
Table 'Tabora' 6-max Seat #4 is the button
Seat 2: libaikang ($232.43 in chips)
Seat 4: AzureCaper ($72 in chips)
AzureCaper: posts small blind $1
libaikang: posts big blind $3
*** HOLE CARDS ***
AzureCaper: raises $3 to $6
libaikang: calls $3
*** FLOP *** [5h 7s Ts]
libaikang: checks
AzureCaper: bets $3
libaikang: calls $3
*** TURN *** [5h 7s Ts] [Ks]
libaikang: checks
AzureCaper: checks
*** RIVER *** [5h 7s Ts Ks] [4h]
libaikang: checks
AzureCaper: checks
*** SHOW DOWN ***
libaikang: shows [Ah Ad] (a pair of Aces)
AzureCaper: mucks hand
libaikang collected $17.64 from pot
*** SUMMARY ***
Total pot $18 | Rake $0.36
Board [5h 7s Ts Ks 4h]
Seat 2: libaikang (big blind) showed [Ah Ad] and won ($17.64) with a pair of Aces
Seat 4: AzureCaper (button) (small blind) mucked


PokerStars Hand #158128143874:  Hold'em Limit ($3/$6 USD) - 2016/09/03 21:19:59 ET
Table 'Tabora' 6-max Seat #2 is the button
Seat 2: libaikang ($241.07 in chips)
Seat 4: AzureCaper ($72 in chips)
libaikang: posts small blind $1
AzureCaper: posts big blind $3
*** HOLE CARDS ***
libaikang: calls $2
AzureCaper: raises $3 to $6
libaikang: calls $3
*** FLOP *** [8h 9h 8d]
AzureCaper: bets $3
libaikang: raises $3 to $6
AzureCaper: raises $3 to $9
libaikang: calls $3
*** TURN *** [8h 9h 8d] [Ts]
AzureCaper: bets $6
libaikang: calls $6
*** RIVER *** [8h 9h 8d Ts] [9c]
AzureCaper: checks
libaikang: checks
*** SHOW DOWN ***
AzureCaper: shows [6s 6h] (two pair, Nines and Eights)
libaikang: shows [Jh Ah] (two pair, Nines and Eights - Ace kicker)
libaikang collected $41.50 from pot
*** SUMMARY ***
Total pot $42 | Rake $0.50
Board [8h 9h 8d Ts 9c]
Seat 2: libaikang (button) (small blind) showed [Jh Ah] and won ($41.50) with two pair, Nines and Eights
Seat 4: AzureCaper (big blind) showed [6s 6h] and lost with two pair, Nines and Eights


PokerStars Hand #158128151976:  Hold'em Limit ($3/$6 USD) - 2016/09/03 21:20:20 ET
Table 'Tabora' 6-max Seat #4 is the button
Seat 2: libaikang ($261.57 in chips)
Seat 4: AzureCaper ($72 in chips)
AzureCaper: posts small blind $1
libaikang: posts big blind $3
*** HOLE CARDS ***
AzureCaper: raises $3 to $6
libaikang: folds
Uncalled bet ($3) returned to AzureCaper
AzureCaper collected $6 from pot
AzureCaper: doesn't show hand
*** SUMMARY ***
Total pot $6 | Rake $0
Seat 2: libaikang (big blind) folded before Flop
Seat 4: AzureCaper (button) (small blind) collected ($6)


PokerStars Hand #158128155882:  Hold'em Limit ($3/$6 USD) - 2016/09/03 21:20:30 ET
Table 'Tabora' 6-max Seat #2 is the button
Seat 2: libaikang ($258.57 in chips)
Seat 4: AzureCaper ($75 in chips)
libaikang: posts small blind $1
AzureCaper: posts big blind $3
*** HOLE CARDS ***
libaikang: calls $2
AzureCaper: raises $3 to $6
libaikang: calls $3
*** FLOP *** [Ah Ks 8d]
AzureCaper: bets $3
libaikang: calls $3
*** TURN *** [Ah Ks 8d] [8c]
AzureCaper: bets $6
libaikang: raises $6 to $12
AzureCaper: folds
Uncalled bet ($6) returned to libaikang
libaikang collected $29.50 from pot
libaikang: doesn't show hand
*** SUMMARY ***
Total pot $30 | Rake $0.50
Board [Ah Ks 8d 8c]
Seat 2: libaikang (button) (small blind) collected ($29.50)
Seat 4: AzureCaper (big blind) folded on the Turn


PokerStars Hand #158128162633:  Hold'em Limit ($3/$6 USD) - 2016/09/03 21:20:47 ET
Table 'Tabora' 6-max Seat #4 is the button
Seat 2: libaikang ($273.07 in chips)
Seat 4: AzureCaper ($72 in chips)
AzureCaper: posts small blind $1
libaikang: posts big blind $3
*** HOLE CARDS ***
AzureCaper: raises $3 to $6
libaikang: calls $3
*** FLOP *** [9h 3c 3d]
libaikang: checks
AzureCaper: bets $3
libaikang: folds
Uncalled bet ($3) returned to AzureCaper
AzureCaper collected $11.76 from pot
AzureCaper: doesn't show hand
*** SUMMARY ***
Total pot $12 | Rake $0.24
Board [9h 3c 3d]
Seat 2: libaikang (big blind) folded on the Flop
Seat 4: AzureCaper (button) (small blind) collected ($11.76)


PokerStars Hand #158128168650:  Hold'em Limit ($3/$6 USD) - 2016/09/03 21:21:02 ET
Table 'Tabora' 6-max Seat #2 is the button
Seat 2: libaikang ($267.07 in chips)
Seat 4: AzureCaper ($77.76 in chips)
libaikang: posts small blind $1
AzureCaper: posts big blind $3
*** HOLE CARDS ***
libaikang: calls $2
AzureCaper: checks
*** FLOP *** [8d Kd 3s]
AzureCaper: bets $3
libaikang: folds
Uncalled bet ($3) returned to AzureCaper
AzureCaper collected $5.88 from pot
AzureCaper: doesn't show hand
*** SUMMARY ***
Total pot $6 | Rake $0.12
Board [8d Kd 3s]
Seat 2: libaikang (button) (small blind) folded on the Flop
Seat 4: AzureCaper (big blind) collected ($5.88)


PokerStars Hand #158128173144:  Hold'em Limit ($3/$6 USD) - 2016/09/03 21:21:14 ET
Table 'Tabora' 6-max Seat #4 is the button
Seat 2: libaikang ($264.07 in chips)
Seat 4: AzureCaper ($80.64 in chips)
AzureCaper: posts small blind $1
libaikang: posts big blind $3
*** HOLE CARDS ***
AzureCaper: folds
Uncalled bet ($2) returned to libaikang
libaikang collected $2 from pot
libaikang: doesn't show hand
*** SUMMARY ***
Total pot $2 | Rake $0
Seat 2: libaikang (big blind) collected ($2)
Seat 4: AzureCaper (button) (small blind) folded before Flop


PokerStars Hand #158128178566:  Hold'em Limit ($3/$6 USD) - 2016/09/03 21:21:28 ET
Table 'Tabora' 6-max Seat #4 is the button
Seat 2: libaikang ($268.07 in chips)
Seat 4: AzureCaper ($76.64 in chips)
AzureCaper: posts small blind $1
libaikang: posts big blind $3
*** HOLE CARDS ***
AzureCaper: raises $3 to $6
libaikang: calls $3
*** FLOP *** [6d Td Js]
libaikang: checks
AzureCaper: bets $3
libaikang: calls $3
*** TURN *** [6d Td Js] [Qc]
libaikang: checks
AzureCaper: bets $6
libaikang: folds
Uncalled bet ($6) returned to AzureCaper
AzureCaper collected $17.64 from pot
AzureCaper: doesn't show hand
*** SUMMARY ***
Total pot $18 | Rake $0.36
Board [6d Td Js Qc]
Seat 2: libaikang (big blind) folded on the Turn
Seat 4: AzureCaper (button) (small blind) collected ($17.64)


PokerStars Hand #158128191126:  Hold'em Limit ($3/$6 USD) - 2016/09/03 21:21:59 ET
Table 'Tabora' 6-max Seat #4 is the button
Seat 2: libaikang ($250.07 in chips)
Seat 4: AzureCaper ($93.92 in chips)
AzureCaper: posts small blind $1
libaikang: posts big blind $3
*** HOLE CARDS ***
AzureCaper: raises $3 to $6
libaikang: folds
Uncalled bet ($3) returned to AzureCaper
AzureCaper collected $6 from pot
AzureCaper: doesn't show hand
*** SUMMARY ***
Total pot $6 | Rake $0
Seat 2: libaikang (big blind) folded before Flop
Seat 4: AzureCaper (button) (small blind) collected ($6)


PokerStars Hand #158128184692:  Hold'em Limit ($3/$6 USD) - 2016/09/03 21:21:43 ET
Table 'Tabora' 6-max Seat #2 is the button
Seat 2: libaikang ($259.07 in chips)
Seat 4: AzureCaper ($85.28 in chips)
libaikang: posts small blind $1
AzureCaper: posts big blind $3
*** HOLE CARDS ***
libaikang: raises $3 to $6
AzureCaper: calls $3
*** FLOP *** [5s As 5h]
AzureCaper: checks
libaikang: bets $3
AzureCaper: calls $3
*** TURN *** [5s As 5h] [4c]
AzureCaper: checks
libaikang: checks
*** RIVER *** [5s As 5h 4c] [Kc]
AzureCaper: checks
libaikang: checks
*** SHOW DOWN ***
AzureCaper: shows [Js Kh] (two pair, Kings and Fives)
libaikang: mucks hand
AzureCaper collected $17.64 from pot
*** SUMMARY ***
Total pot $18 | Rake $0.36
Board [5s As 5h 4c Kc]
Seat 2: libaikang (button) (small blind) mucked
Seat 4: AzureCaper (big blind) showed [Js Kh] and won ($17.64) with two pair, Kings and Fives


PokerStars Hand #158128193274:  Hold'em Limit ($3/$6 USD) - 2016/09/03 21:22:05 ET
Table 'Tabora' 6-max Seat #2 is the button
Seat 2: libaikang ($247.07 in chips)
Seat 4: AzureCaper ($96.92 in chips)
libaikang: posts small blind $1
AzureCaper: posts big blind $3
*** HOLE CARDS ***
libaikang: folds
Uncalled bet ($2) returned to AzureCaper
AzureCaper collected $2 from pot
AzureCaper: doesn't show hand
*** SUMMARY ***
Total pot $2 | Rake $0
Seat 2: libaikang (button) (small blind) folded before Flop
Seat 4: AzureCaper (big blind) collected ($2)


PokerStars Hand #158128175296:  Hold'em Limit ($3/$6 USD) - 2016/09/03 21:21:19 ET
Table 'Tabora' 6-max Seat #2 is the button
Seat 2: libaikang ($265.07 in chips)
Seat 4: AzureCaper ($79.64 in chips)
libaikang: posts small blind $1
AzureCaper: posts big blind $3
*** HOLE CARDS ***
libaikang: raises $3 to $6
AzureCaper: folds
Uncalled bet ($3) returned to libaikang
libaikang collected $6 from pot
libaikang: doesn't show hand
*** SUMMARY ***
Total pot $6 | Rake $0
Seat 2: libaikang (button) (small blind) collected ($6)
Seat 4: AzureCaper (big blind) folded before Flop


PokerStars Hand #158128195301:  Hold'em Limit ($3/$6 USD) - 2016/09/03 21:22:10 ET
Table 'Tabora' 6-max Seat #4 is the button
Seat 2: libaikang ($246.07 in chips)
Seat 4: AzureCaper ($97.92 in chips)
AzureCaper: posts small blind $1
libaikang: posts big blind $3
*** HOLE CARDS ***
AzureCaper: raises $3 to $6
libaikang: calls $3
*** FLOP *** [6s 5c 7d]
libaikang: checks
AzureCaper: bets $3
libaikang: raises $3 to $6
AzureCaper: calls $3
*** TURN *** [6s 5c 7d] [Qd]
libaikang: bets $6
AzureCaper: raises $6 to $12
libaikang: calls $6
*** RIVER *** [6s 5c 7d Qd] [6c]
libaikang: checks
AzureCaper: bets $6
libaikang: folds
Uncalled bet ($6) returned to AzureCaper
AzureCaper collected $47.50 from pot
AzureCaper: doesn't show hand
*** SUMMARY ***
Total pot $48 | Rake $0.50
Board [6s 5c 7d Qd 6c]
Seat 2: libaikang (big blind) folded on the River
Seat 4: AzureCaper (button) (small blind) collected ($47.50)


