PokerStars Hand #169556810783:  Hold'em Limit ($3/$6 USD) - 2017/04/25 17:18:53 ET
Table 'Tabora' 10-max Seat #4 is the button
Seat 4: Auge72 ($127.64 in chips)
Seat 6: Voldemaras50 ($42.63 in chips)
Auge72: posts small blind $1
Voldemaras50: posts big blind $3
*** HOLE CARDS ***
simper11 said, "go play hu?"
Auge72: raises $3 to $6
Voldemaras50: calls $3
*** FLOP *** [7c Qh 5h]
Voldemaras50: checks
Auge72: bets $3
Voldemaras50: raises $3 to $6
Auge72: calls $3
*** TURN *** [7c Qh 5h] [3s]
Voldemaras50: bets $6
Auge72: raises $6 to $12
Voldemaras50: calls $6
*** RIVER *** [7c Qh 5h 3s] [8h]
Voldemaras50: checks
Auge72: bets $6
Voldemaras50: folds
Uncalled bet ($6) returned to Auge72
Auge72 collected $47.50 from pot
*** SUMMARY ***
Total pot $48 | Rake $0.50
Board [7c Qh 5h 3s 8h]
Seat 4: Auge72 (button) (small blind) collected ($47.50)
Seat 6: Voldemaras50 (big blind) folded on the River


PokerStars Hand #169556795931:  Hold'em Limit ($3/$6 USD) - 2017/04/25 17:18:35 ET
Table 'Tabora' 10-max Seat #6 is the button
Seat 4: Auge72 ($119 in chips)
Seat 6: Voldemaras50 ($51.63 in chips)
Voldemaras50: posts small blind $1
Auge72: posts big blind $3
*** HOLE CARDS ***
Voldemaras50: raises $3 to $6
Auge72: calls $3
*** FLOP *** [8h Jc Kd]
simper11 said, "hey"
Auge72: checks
Voldemaras50: bets $3
Auge72: calls $3
*** TURN *** [8h Jc Kd] [9c]
Auge72: checks
Voldemaras50: checks
*** RIVER *** [8h Jc Kd 9c] [6h]
Auge72: checks
Voldemaras50: checks
*** SHOW DOWN ***
Auge72: shows [Td 9h] (a pair of Nines)
simper11 said, "gemany"
TinaTurner72 joins the table at seat #7
Voldemaras50: mucks hand
Auge72 collected $17.64 from pot
*** SUMMARY ***
Total pot $18 | Rake $0.36
Board [8h Jc Kd 9c 6h]
Seat 4: Auge72 (big blind) showed [Td 9h] and won ($17.64) with a pair of Nines
Seat 6: Voldemaras50 (button) (small blind) mucked


PokerStars Hand #169556933000:  Hold'em Limit ($3/$6 USD) - 2017/04/25 17:21:20 ET
Table 'Tabora' 10-max Seat #6 is the button
Seat 6: Voldemaras50 ($24.76 in chips)
Seat 7: TinaTurner72 ($94.37 in chips)
Voldemaras50: posts small blind $1
TinaTurner72: posts big blind $3
*** HOLE CARDS ***
Voldemaras50: folds
Uncalled bet ($2) returned to TinaTurner72
TinaTurner72 collected $2 from pot
TinaTurner72: doesn't show hand
*** SUMMARY ***
Total pot $2 | Rake $0
Seat 6: Voldemaras50 (button) (small blind) folded before Flop
Seat 7: TinaTurner72 (big blind) collected ($2)


PokerStars Hand #169556913387:  Hold'em Limit ($3/$6 USD) - 2017/04/25 17:20:57 ET
Table 'Tabora' 10-max Seat #7 is the button
Seat 6: Voldemaras50 ($12.63 in chips)
Seat 7: TinaTurner72 ($107 in chips)
TinaTurner72: posts small blind $1
Zubasa07: is sitting out
Voldemaras50: posts big blind $3
*** HOLE CARDS ***
Zubasa07 leaves the table
TinaTurner72: raises $3 to $6
Auge72 joins the table at seat #5
Voldemaras50: calls $3
*** FLOP *** [Ks 7h 3c]
Voldemaras50: checks
TinaTurner72: bets $3
Voldemaras50: raises $3 to $6
TinaTurner72: calls $3
*** TURN *** [Ks 7h 3c] [8h]
Voldemaras50: bets $0.63 and is all-in
TinaTurner72: calls $0.63
*** RIVER *** [Ks 7h 3c 8h] [8c]
*** SHOW DOWN ***
Voldemaras50: shows [Td Kd] (two pair, Kings and Eights)
TinaTurner72: shows [7d Kh] (two pair, Kings and Eights - lower kicker)
Voldemaras50 collected $24.76 from pot
*** SUMMARY ***
Total pot $25.26 | Rake $0.50
Board [Ks 7h 3c 8h 8c]
Seat 6: Voldemaras50 (big blind) showed [Td Kd] and won ($24.76) with two pair, Kings and Eights
Seat 7: TinaTurner72 (button) (small blind) showed [7d Kh] and lost with two pair, Kings and Eights


PokerStars Hand #169557984945:  Hold'em Limit ($3/$6 USD) - 2017/04/25 17:43:00 ET
Table 'Tabora' 10-max Seat #8 is the button
Seat 7: vestimokrec ($80 in chips)
Seat 8: Chessnok ($152.04 in chips)
Chessnok: posts small blind $1
NAV_SERGG: is sitting out
vestimokrec: posts big blind $3
*** HOLE CARDS ***
Chessnok: raises $3 to $6
vestimokrec: calls $3
*** FLOP *** [Qc Ks As]
vestimokrec: checks
Chessnok: checks
*** TURN *** [Qc Ks As] [3h]
vestimokrec: checks
Chessnok: checks
*** RIVER *** [Qc Ks As 3h] [Ad]
vestimokrec: checks
Chessnok: checks
*** SHOW DOWN ***
vestimokrec: shows [8s Tc] (a pair of Aces)
Chessnok: shows [4c Jd] (a pair of Aces - King+Queen+Jack kicker)
Chessnok collected $11.76 from pot
*** SUMMARY ***
Total pot $12 | Rake $0.24
Board [Qc Ks As 3h Ad]
Seat 7: vestimokrec (big blind) showed [8s Tc] and lost with a pair of Aces
Seat 8: Chessnok (button) (small blind) showed [4c Jd] and won ($11.76) with a pair of Aces


