PokerStars Hand #171417805195:  Hold'em Limit ($3/$6 USD) - 2017/06/06 9:55:18 ET
Table 'Taiyuan' 6-max Seat #6 is the button
Seat 5: MTails ($120 in chips)
Seat 6: RSA53 ($64.29 in chips)
RSA53: posts small blind $1
MTails: posts big blind $3
*** HOLE CARDS ***
RSA53: raises $3 to $6
MTails: raises $3 to $9
RSA53: raises $3 to $12
Betting is capped
MTails: calls $3
*** FLOP *** [9d Qc 7c]
MTails: checks
RSA53: checks
*** TURN *** [9d Qc 7c] [5s]
kolaz03 joins the table at seat #1
MTails: bets $6
RSA53: calls $6
*** RIVER *** [9d Qc 7c 5s] [2c]
MTails: checks
RSA53: checks
*** SHOW DOWN ***
MTails: shows [Kd Tc] (high card King)
RSA53: shows [4h Ac] (high card Ace)
RSA53 collected $35.50 from pot
*** SUMMARY ***
Total pot $36 | Rake $0.50
Board [9d Qc 7c 5s 2c]
Seat 5: MTails (big blind) showed [Kd Tc] and lost with high card King
Seat 6: RSA53 (button) (small blind) showed [4h Ac] and won ($35.50) with high card Ace


PokerStars Hand #171417814450:  Hold'em Limit ($3/$6 USD) - 2017/06/06 9:55:37 ET
Table 'Taiyuan' 6-max Seat #5 is the button
Seat 5: MTails ($102 in chips)
Seat 6: RSA53 ($81.79 in chips)
MTails: posts small blind $1
RSA53: posts big blind $3
*** HOLE CARDS ***
MTails: raises $3 to $6
RSA53: raises $3 to $9
MTails: calls $3
*** FLOP *** [4c 6h 9h]
andyrr joins the table at seat #2
RSA53: bets $3
MTails: raises $3 to $6
RSA53: raises $3 to $9
MTails: calls $3
*** TURN *** [4c 6h 9h] [Ad]
RSA53: bets $6
MTails: calls $6
*** RIVER *** [4c 6h 9h Ad] [Js]
RSA53: bets $6
MTails: raises $6 to $12
RSA53: calls $6
*** SHOW DOWN ***
MTails: shows [Qh 9d] (a pair of Nines)
RSA53: mucks hand
MTails collected $71.50 from pot
*** SUMMARY ***
Total pot $72 | Rake $0.50
Board [4c 6h 9h Ad Js]
Seat 5: MTails (button) (small blind) showed [Qh 9d] and won ($71.50) with a pair of Nines
Seat 6: RSA53 (big blind) mucked


PokerStars Hand #171418799435:  Hold'em Limit ($3/$6 USD) - 2017/06/06 10:24:57 ET
Table 'Taiyuan' 6-max Seat #6 is the button
Seat 1: kolaz03 ($101.61 in chips)
Seat 6: RSA53 ($149.38 in chips)
RSA53: posts small blind $1
kolaz03: posts big blind $3
*** HOLE CARDS ***
RSA53: raises $3 to $6
makimaki leaves the table
kolaz03: folds
Uncalled bet ($3) returned to RSA53
sanman07 joins the table at seat #2
makimaki joins the table at seat #3
RSA53 collected $6 from pot
*** SUMMARY ***
Total pot $6 | Rake $0
Seat 1: kolaz03 (big blind) folded before Flop
Seat 6: RSA53 (button) (small blind) collected ($6)


PokerStars Hand #171421228053:  Hold'em Limit ($3/$6 USD) - 2017/06/06 11:32:31 ET
Table 'Taiyuan' 6-max Seat #4 is the button
Seat 4: bAAchi ($143.42 in chips)
Seat 6: kikiriki ($133.56 in chips)
bAAchi: posts small blind $1
kikiriki: posts big blind $3
*** HOLE CARDS ***
DismasX leaves the table
bAAchi: folds
Uncalled bet ($2) returned to kikiriki
kikiriki collected $2 from pot
kikiriki: doesn't show hand
*** SUMMARY ***
Total pot $2 | Rake $0
Seat 4: bAAchi (button) (small blind) folded before Flop
Seat 6: kikiriki (big blind) collected ($2)


PokerStars Hand #171421217327:  Hold'em Limit ($3/$6 USD) - 2017/06/06 11:32:14 ET
Table 'Taiyuan' 6-max Seat #6 is the button
Seat 4: bAAchi ($152.42 in chips)
Seat 6: kikiriki ($124.92 in chips)
kikiriki: posts small blind $1
vestimokrec: is sitting out
bAAchi: posts big blind $3
*** HOLE CARDS ***
vestimokrec leaves the table
kikiriki: raises $3 to $6
bAAchi: calls $3
*** FLOP *** [9c 7h Kh]
bAAchi: checks
kikiriki: bets $3
bAAchi: calls $3
*** TURN *** [9c 7h Kh] [8h]
bAAchi: checks
kikiriki: checks
*** RIVER *** [9c 7h Kh 8h] [6c]
bAAchi: checks
kikiriki: checks
*** SHOW DOWN ***
bAAchi: shows [2d 2s] (a pair of Deuces)
kikiriki: shows [7c Qd] (a pair of Sevens)
kikiriki collected $17.64 from pot
*** SUMMARY ***
Total pot $18 | Rake $0.36
Board [9c 7h Kh 8h 6c]
Seat 4: bAAchi (big blind) showed [2d 2s] and lost with a pair of Deuces
Seat 6: kikiriki (button) (small blind) showed [7c Qd] and won ($17.64) with a pair of Sevens


PokerStars Hand #171421231199:  Hold'em Limit ($3/$6 USD) - 2017/06/06 11:32:36 ET
Table 'Taiyuan' 6-max Seat #6 is the button
Seat 4: bAAchi ($142.42 in chips)
Seat 6: kikiriki ($134.56 in chips)
kikiriki: posts small blind $1
bAAchi: posts big blind $3
*** HOLE CARDS ***
kikiriki: folds
Uncalled bet ($2) returned to bAAchi
bAAchi collected $2 from pot
bAAchi: doesn't show hand
*** SUMMARY ***
Total pot $2 | Rake $0
Seat 4: bAAchi (big blind) collected ($2)
Seat 6: kikiriki (button) (small blind) folded before Flop


PokerStars Hand #171421241812:  Hold'em Limit ($3/$6 USD) - 2017/06/06 11:32:53 ET
Table 'Taiyuan' 6-max Seat #4 is the button
Seat 1: B_loJkl ($150 in chips)
Seat 4: bAAchi ($143.42 in chips)
bAAchi: posts small blind $1
B_loJkl: posts big blind $3
*** HOLE CARDS ***
bAAchi: folds
Uncalled bet ($2) returned to B_loJkl
B_loJkl collected $2 from pot
B_loJkl: doesn't show hand
*** SUMMARY ***
Total pot $2 | Rake $0
Seat 1: B_loJkl (big blind) collected ($2)
Seat 4: bAAchi (button) (small blind) folded before Flop


PokerStars Hand #171421248482:  Hold'em Limit ($3/$6 USD) - 2017/06/06 11:33:04 ET
Table 'Taiyuan' 6-max Seat #1 is the button
Seat 1: B_loJkl ($151 in chips)
Seat 4: bAAchi ($142.42 in chips)
B_loJkl: posts small blind $1
bAAchi: posts big blind $3
*** HOLE CARDS ***
B_loJkl: raises $3 to $6
bAAchi: folds
Uncalled bet ($3) returned to B_loJkl
B_loJkl collected $6 from pot
B_loJkl: doesn't show hand
*** SUMMARY ***
Total pot $6 | Rake $0
Seat 1: B_loJkl (button) (small blind) collected ($6)
Seat 4: bAAchi (big blind) folded before Flop


PokerStars Hand #171421256044:  Hold'em Limit ($3/$6 USD) - 2017/06/06 11:33:16 ET
Table 'Taiyuan' 6-max Seat #4 is the button
Seat 1: B_loJkl ($154 in chips)
Seat 4: bAAchi ($139.42 in chips)
bAAchi: posts small blind $1
B_loJkl: posts big blind $3
*** HOLE CARDS ***
kikiriki leaves the table
bAAchi: raises $3 to $6
B_loJkl: calls $3
*** FLOP *** [6s Ks 4c]
B_loJkl: checks
bAAchi: bets $3
B_loJkl: calls $3
*** TURN *** [6s Ks 4c] [3d]
B_loJkl: checks
bAAchi: checks
*** RIVER *** [6s Ks 4c 3d] [8c]
B_loJkl: bets $6
bAAchi: folds
Uncalled bet ($6) returned to B_loJkl
B_loJkl collected $17.64 from pot
B_loJkl: doesn't show hand
*** SUMMARY ***
Total pot $18 | Rake $0.36
Board [6s Ks 4c 3d 8c]
Seat 1: B_loJkl (big blind) collected ($17.64)
Seat 4: bAAchi (button) (small blind) folded on the River


