PokerStars Hand #165838424195:  Hold'em Limit ($3/$6 USD) - 2017/02/07 13:11:40 ET
Table 'Tamara III' 6-max Seat #1 is the button
Seat 1: laubes04 ($116.64 in chips)
Seat 2: belik555 ($92.52 in chips)
laubes04: posts small blind $1
belik555: posts big blind $3
*** HOLE CARDS ***
laubes04: folds
Uncalled bet ($2) returned to belik555
belik555 collected $2 from pot
belik555: doesn't show hand
*** SUMMARY ***
Total pot $2 | Rake $0
Seat 1: laubes04 (button) (small blind) folded before Flop
Seat 2: belik555 (big blind) collected ($2)


PokerStars Hand #165838403854:  Hold'em Limit ($3/$6 USD) - 2017/02/07 13:11:18 ET
Table 'Tamara III' 6-max Seat #2 is the button
Seat 1: laubes04 ($108 in chips)
Seat 2: belik555 ($101.52 in chips)
belik555: posts small blind $1
laubes04: posts big blind $3
*** HOLE CARDS ***
belik555: raises $3 to $6
laubes04: raises $3 to $9
belik555: calls $3
*** FLOP *** [Ah Tc 4s]
laubes04: bets $3
belik555: folds
Uncalled bet ($3) returned to laubes04
laubes04 collected $17.64 from pot
laubes04: doesn't show hand
*** SUMMARY ***
Total pot $18 | Rake $0.36
Board [Ah Tc 4s]
Seat 1: laubes04 (big blind) collected ($17.64)
Seat 2: belik555 (button) (small blind) folded on the Flop


PokerStars Hand #165838369819:  Hold'em Limit ($3/$6 USD) - 2017/02/07 13:10:41 ET
Table 'Tamara III' 6-max Seat #1 is the button
Seat 1: laubes04 ($120 in chips)
Seat 2: belik555 ($90 in chips)
laubes04: posts small blind $1
belik555: posts big blind $3
*** HOLE CARDS ***
laubes04: raises $3 to $6
belik555: raises $3 to $9
laubes04: calls $3
*** FLOP *** [5h 8s 2d]
belik555: bets $3
laubes04: calls $3
*** TURN *** [5h 8s 2d] [Tc]
belik555: bets $6
laubes04: folds
Uncalled bet ($6) returned to belik555
belik555 collected $23.52 from pot
belik555: doesn't show hand
*** SUMMARY ***
Total pot $24 | Rake $0.48
Board [5h 8s 2d Tc]
Seat 1: laubes04 (button) (small blind) folded on the Turn
Seat 2: belik555 (big blind) collected ($23.52)


PokerStars Hand #165838428754:  Hold'em Limit ($3/$6 USD) - 2017/02/07 13:11:45 ET
Table 'Tamara III' 6-max Seat #2 is the button
Seat 1: laubes04 ($115.64 in chips)
Seat 2: belik555 ($93.52 in chips)
belik555: posts small blind $1
laubes04: posts big blind $3
*** HOLE CARDS ***
belik555: raises $3 to $6
laubes04: raises $3 to $9
belik555: calls $3
*** FLOP *** [6c 7s 3c]
laubes04: bets $3
belik555: calls $3
*** TURN *** [6c 7s 3c] [4c]
laubes04: bets $6
belik555: raises $6 to $12
laubes04: calls $6
*** RIVER *** [6c 7s 3c 4c] [Ts]
laubes04: checks
belik555: bets $6
laubes04: calls $6
*** SHOW DOWN ***
belik555: shows [4d Td] (two pair, Tens and Fours)
laubes04: mucks hand
belik555 collected $59.50 from pot
*** SUMMARY ***
Total pot $60 | Rake $0.50
Board [6c 7s 3c 4c Ts]
Seat 1: laubes04 (big blind) mucked
Seat 2: belik555 (button) (small blind) showed [4d Td] and won ($59.50) with two pair, Tens and Fours


PokerStars Hand #165838725204:  Hold'em Limit ($3/$6 USD) - 2017/02/07 13:16:59 ET
Table 'Tamara III' 6-max Seat #2 is the button
Seat 1: laubes04 ($90.93 in chips)
Seat 2: belik555 ($110.26 in chips)
belik555: posts small blind $1
laubes04: posts big blind $3
*** HOLE CARDS ***
belik555: raises $3 to $6
laubes04: folds
Uncalled bet ($3) returned to belik555
belik555 collected $6 from pot
belik555: doesn't show hand
*** SUMMARY ***
Total pot $6 | Rake $0
Seat 1: laubes04 (big blind) folded before Flop
Seat 2: belik555 (button) (small blind) collected ($6)


PokerStars Hand #165852125936:  Hold'em Limit ($3/$6 USD) - 2017/02/07 17:07:42 ET
Table 'Tamara III' 6-max Seat #5 is the button
Seat 3: LouisB ($147.02 in chips)
Seat 5: RaisemyNut$ ($353.75 in chips)
RaisemyNut$: posts small blind $1
threeeyejack: is sitting out
LouisB: posts big blind $3
*** HOLE CARDS ***
RaisemyNut$: raises $3 to $6
LouisB: raises $3 to $9
RaisemyNut$: calls $3
*** FLOP *** [Jd Qs Tc]
LouisB: bets $3
RaisemyNut$: calls $3
*** TURN *** [Jd Qs Tc] [8c]
LouisB: checks
RaisemyNut$: checks
*** RIVER *** [Jd Qs Tc 8c] [Kd]
LouisB: checks
RaisemyNut$: checks
*** SHOW DOWN ***
LouisB: shows [3s 3c] (a pair of Threes)
RaisemyNut$: shows [6d 8s] (a pair of Eights)
RaisemyNut$ collected $23.52 from pot
*** SUMMARY ***
Total pot $24 | Rake $0.48
Board [Jd Qs Tc 8c Kd]
Seat 3: LouisB (big blind) showed [3s 3c] and lost with a pair of Threes
Seat 5: RaisemyNut$ (button) (small blind) showed [6d 8s] and won ($23.52) with a pair of Eights


