PokerStars Hand #146956431663:  Hold'em Limit ($3/$6 USD) - 2016/01/13 4:12:35 ET
Table 'Tamara II' 2-max Seat #1 is the button
Seat 1: MAGER911 ($72 in chips)
Seat 2: mallmpa ($82.21 in chips)
MAGER911: posts small blind $1
mallmpa: posts big blind $3
*** HOLE CARDS ***
MAGER911: raises $3 to $6
mallmpa: folds
Uncalled bet ($3) returned to MAGER911
MAGER911 collected $6 from pot
MAGER911: doesn't show hand
*** SUMMARY ***
Total pot $6 | Rake $0
Seat 1: MAGER911 (button) (small blind) collected ($6)
Seat 2: mallmpa (big blind) folded before Flop


PokerStars Hand #146956423985:  Hold'em Limit ($3/$6 USD) - 2016/01/13 4:12:15 ET
Table 'Tamara II' 2-max Seat #2 is the button
Seat 1: MAGER911 ($72 in chips)
Seat 2: mallmpa ($76.45 in chips)
mallmpa: posts small blind $1
MAGER911: posts big blind $3
*** HOLE CARDS ***
mallmpa: calls $2
MAGER911: checks
*** FLOP *** [6h Qh 2h]
MAGER911: bets $3
mallmpa: calls $3
*** TURN *** [6h Qh 2h] [4d]
MAGER911: checks
mallmpa: checks
*** RIVER *** [6h Qh 2h 4d] [3s]
MAGER911: checks
mallmpa: checks
*** SHOW DOWN ***
MAGER911: shows [2d 9c] (a pair of Deuces)
mallmpa: shows [4c 7h] (a pair of Fours)
mallmpa collected $11.76 from pot
*** SUMMARY ***
Total pot $12 | Rake $0.24
Board [6h Qh 2h 4d 3s]
Seat 1: MAGER911 (big blind) showed [2d 9c] and lost with a pair of Deuces
Seat 2: mallmpa (button) (small blind) showed [4c 7h] and won ($11.76) with a pair of Fours


PokerStars Hand #146956441491:  Hold'em Limit ($3/$6 USD) - 2016/01/13 4:13:01 ET
Table 'Tamara II' 2-max Seat #1 is the button
Seat 1: MAGER911 ($89.50 in chips)
Seat 2: mallmpa ($64.21 in chips)
MAGER911: posts small blind $1
mallmpa: posts big blind $3
*** HOLE CARDS ***
MAGER911: raises $3 to $6
mallmpa: calls $3
*** FLOP *** [Kd 7d 3h]
mallmpa: checks
MAGER911: bets $3
mallmpa: folds
Uncalled bet ($3) returned to MAGER911
MAGER911 collected $11.76 from pot
MAGER911: doesn't show hand
*** SUMMARY ***
Total pot $12 | Rake $0.24
Board [Kd 7d 3h]
Seat 1: MAGER911 (button) (small blind) collected ($11.76)
Seat 2: mallmpa (big blind) folded on the Flop


PokerStars Hand #146956435133:  Hold'em Limit ($3/$6 USD) - 2016/01/13 4:12:44 ET
Table 'Tamara II' 2-max Seat #2 is the button
Seat 1: MAGER911 ($75 in chips)
Seat 2: mallmpa ($79.21 in chips)
mallmpa: posts small blind $1
MAGER911: posts big blind $3
*** HOLE CARDS ***
mallmpa: calls $2
MAGER911: checks
*** FLOP *** [2s 3d Js]
MAGER911: checks
mallmpa: checks
*** TURN *** [2s 3d Js] [Ts]
MAGER911: bets $6
mallmpa: calls $6
*** RIVER *** [2s 3d Js Ts] [Kc]
MAGER911: bets $6
mallmpa: calls $6
*** SHOW DOWN ***
MAGER911: shows [Qc 9d] (a straight, Nine to King)
mallmpa: mucks hand
MAGER911 collected $29.50 from pot
*** SUMMARY ***
Total pot $30 | Rake $0.50
Board [2s 3d Js Ts Kc]
Seat 1: MAGER911 (big blind) showed [Qc 9d] and won ($29.50) with a straight, Nine to King
Seat 2: mallmpa (button) (small blind) mucked


PokerStars Hand #146956455865:  Hold'em Limit ($3/$6 USD) - 2016/01/13 4:13:39 ET
Table 'Tamara II' 2-max Seat #1 is the button
Seat 1: MAGER911 ($98.14 in chips)
Seat 2: mallmpa ($55.21 in chips)
MAGER911: posts small blind $1
mallmpa: posts big blind $3
*** HOLE CARDS ***
MAGER911: raises $3 to $6
mallmpa: calls $3
*** FLOP *** [Ah 6s 8c]
mallmpa: checks
MAGER911: bets $3
mallmpa: folds
Uncalled bet ($3) returned to MAGER911
MAGER911 collected $11.76 from pot
MAGER911: doesn't show hand
*** SUMMARY ***
Total pot $12 | Rake $0.24
Board [Ah 6s 8c]
Seat 1: MAGER911 (button) (small blind) collected ($11.76)
Seat 2: mallmpa (big blind) folded on the Flop


PokerStars Hand #146956449413:  Hold'em Limit ($3/$6 USD) - 2016/01/13 4:13:22 ET
Table 'Tamara II' 2-max Seat #2 is the button
Seat 1: MAGER911 ($95.26 in chips)
Seat 2: mallmpa ($58.21 in chips)
mallmpa: posts small blind $1
MAGER911: posts big blind $3
*** HOLE CARDS ***
mallmpa: calls $2
MAGER911: checks
*** FLOP *** [2h Qs 4d]
MAGER911: checks
mallmpa: checks
*** TURN *** [2h Qs 4d] [2d]
MAGER911: checks
mallmpa: checks
*** RIVER *** [2h Qs 4d 2d] [5d]
MAGER911: checks
mallmpa: checks
*** SHOW DOWN ***
MAGER911: shows [Js 7s] (a pair of Deuces)
mallmpa: mucks hand
MAGER911 collected $5.88 from pot
*** SUMMARY ***
Total pot $6 | Rake $0.12
Board [2h Qs 4d 2d 5d]
Seat 1: MAGER911 (big blind) showed [Js 7s] and won ($5.88) with a pair of Deuces
Seat 2: mallmpa (button) (small blind) mucked


PokerStars Hand #146956459957:  Hold'em Limit ($3/$6 USD) - 2016/01/13 4:13:49 ET
Table 'Tamara II' 2-max Seat #2 is the button
Seat 1: MAGER911 ($103.90 in chips)
Seat 2: mallmpa ($49.21 in chips)
mallmpa: posts small blind $1
MAGER911: posts big blind $3
*** HOLE CARDS ***
mallmpa: raises $3 to $6
MAGER911: folds
Uncalled bet ($3) returned to mallmpa
mallmpa collected $6 from pot
mallmpa: doesn't show hand
*** SUMMARY ***
Total pot $6 | Rake $0
Seat 1: MAGER911 (big blind) folded before Flop
Seat 2: mallmpa (button) (small blind) collected ($6)


PokerStars Hand #146956471578:  Hold'em Limit ($3/$6 USD) - 2016/01/13 4:14:20 ET
Table 'Tamara II' 2-max Seat #2 is the button
Seat 1: MAGER911 ($105.78 in chips)
Seat 2: mallmpa ($47.21 in chips)
mallmpa: posts small blind $1
MAGER911: posts big blind $3
*** HOLE CARDS ***
mallmpa: calls $2
MAGER911: checks
*** FLOP *** [5c Td 2h]
MAGER911: bets $3
mallmpa: calls $3
*** TURN *** [5c Td 2h] [4d]
MAGER911: checks
mallmpa: checks
*** RIVER *** [5c Td 2h 4d] [Qs]
MAGER911: bets $6
mallmpa: raises $6 to $12
MAGER911: calls $6
*** SHOW DOWN ***
mallmpa: shows [2s Kh] (a pair of Deuces)
MAGER911: shows [2d Qc] (two pair, Queens and Deuces)
MAGER911 collected $35.50 from pot
*** SUMMARY ***
Total pot $36 | Rake $0.50
Board [5c Td 2h 4d Qs]
Seat 1: MAGER911 (big blind) showed [2d Qc] and won ($35.50) with two pair, Queens and Deuces
Seat 2: mallmpa (button) (small blind) showed [2s Kh] and lost with a pair of Deuces


PokerStars Hand #146956469433:  Hold'em Limit ($3/$6 USD) - 2016/01/13 4:14:15 ET
Table 'Tamara II' 2-max Seat #1 is the button
Seat 1: MAGER911 ($102.78 in chips)
Seat 2: mallmpa ($50.21 in chips)
MAGER911: posts small blind $1
mallmpa: posts big blind $3
*** HOLE CARDS ***
MAGER911: raises $3 to $6
mallmpa: folds
Uncalled bet ($3) returned to MAGER911
MAGER911 collected $6 from pot
MAGER911: doesn't show hand
*** SUMMARY ***
Total pot $6 | Rake $0
Seat 1: MAGER911 (button) (small blind) collected ($6)
Seat 2: mallmpa (big blind) folded before Flop


PokerStars Hand #146956465670:  Hold'em Limit ($3/$6 USD) - 2016/01/13 4:14:05 ET
Table 'Tamara II' 2-max Seat #2 is the button
Seat 1: MAGER911 ($99.90 in chips)
Seat 2: mallmpa ($53.21 in chips)
mallmpa: posts small blind $1
MAGER911: posts big blind $3
*** HOLE CARDS ***
mallmpa: calls $2
MAGER911: checks
*** FLOP *** [Qd 5d 7h]
MAGER911: bets $3
mallmpa: folds
Uncalled bet ($3) returned to MAGER911
MAGER911 collected $5.88 from pot
MAGER911: doesn't show hand
*** SUMMARY ***
Total pot $6 | Rake $0.12
Board [Qd 5d 7h]
Seat 1: MAGER911 (big blind) collected ($5.88)
Seat 2: mallmpa (button) (small blind) folded on the Flop


PokerStars Hand #146956479549:  Hold'em Limit ($3/$6 USD) - 2016/01/13 4:14:41 ET
Table 'Tamara II' 2-max Seat #2 is the button
Seat 1: MAGER911 ($122.28 in chips)
Seat 2: mallmpa ($30.21 in chips)
mallmpa: posts small blind $1
MAGER911: posts big blind $3
*** HOLE CARDS ***
mallmpa: raises $3 to $6
MAGER911: raises $3 to $9
mallmpa: raises $3 to $12
Betting is capped
MAGER911: calls $3
*** FLOP *** [8d Qc Kc]
MAGER911: checks
mallmpa: bets $3
MAGER911: raises $3 to $6
mallmpa: raises $3 to $9
MAGER911: raises $3 to $12
Betting is capped
mallmpa: calls $3
*** TURN *** [8d Qc Kc] [9d]
MAGER911: bets $6
mallmpa: raises $0.21 to $6.21 and is all-in
MAGER911: calls $0.21
*** RIVER *** [8d Qc Kc 9d] [3d]
*** SHOW DOWN ***
MAGER911: shows [As Ks] (a pair of Kings)
mallmpa: shows [Jc 6c] (high card King)
MAGER911 collected $59.92 from pot
*** SUMMARY ***
Total pot $60.42 | Rake $0.50
Board [8d Qc Kc 9d 3d]
Seat 1: MAGER911 (big blind) showed [As Ks] and won ($59.92) with a pair of Kings
Seat 2: mallmpa (button) (small blind) showed [Jc 6c] and lost with high card King


PokerStars Hand #146956585956:  Hold'em Limit ($3/$6 USD) - 2016/01/13 4:19:18 ET
Table 'Tamara II' 2-max Seat #1 is the button
Seat 1: MAGER911 ($151.99 in chips)
Seat 2: dodge658 ($48.04 in chips)
MAGER911: posts small blind $1
dodge658: posts big blind $3
*** HOLE CARDS ***
MAGER911: raises $3 to $6
dodge658: calls $3
*** FLOP *** [Ac 3h Kc]
dodge658: checks
MAGER911: bets $3
dodge658: calls $3
*** TURN *** [Ac 3h Kc] [Td]
dodge658: checks
MAGER911: bets $6
dodge658: calls $6
*** RIVER *** [Ac 3h Kc Td] [3s]
dodge658: bets $6
MAGER911: calls $6
*** SHOW DOWN ***
dodge658: shows [Qh Ts] (two pair, Tens and Threes)
MAGER911: shows [Tc Ah] (two pair, Aces and Tens)
MAGER911 collected $41.50 from pot
*** SUMMARY ***
Total pot $42 | Rake $0.50
Board [Ac 3h Kc Td 3s]
Seat 1: MAGER911 (button) (small blind) showed [Tc Ah] and won ($41.50) with two pair, Aces and Tens
Seat 2: dodge658 (big blind) showed [Qh Ts] and lost with two pair, Tens and Threes


PokerStars Hand #146956600921:  Hold'em Limit ($3/$6 USD) - 2016/01/13 4:19:56 ET
Table 'Tamara II' 2-max Seat #2 is the button
Seat 1: MAGER911 ($172.49 in chips)
Seat 2: dodge658 ($27.04 in chips)
dodge658: posts small blind $1
MAGER911: posts big blind $3
*** HOLE CARDS ***
dodge658: calls $2
MAGER911: checks
*** FLOP *** [8d Ks 4s]
MAGER911: checks
dodge658: bets $3
MAGER911: folds
Uncalled bet ($3) returned to dodge658
dodge658 collected $5.88 from pot
dodge658: doesn't show hand
*** SUMMARY ***
Total pot $6 | Rake $0.12
Board [8d Ks 4s]
Seat 1: MAGER911 (big blind) folded on the Flop
Seat 2: dodge658 (button) (small blind) collected ($5.88)


PokerStars Hand #146956625671:  Hold'em Limit ($3/$6 USD) - 2016/01/13 4:20:59 ET
Table 'Tamara II' 2-max Seat #2 is the button
Seat 1: MAGER911 ($165.24 in chips)
Seat 2: dodge658 ($33.55 in chips)
dodge658: posts small blind $1
MAGER911: posts big blind $3
*** HOLE CARDS ***
dodge658: calls $2
MAGER911: checks
*** FLOP *** [Qc 6d Tc]
MAGER911: checks
dodge658: bets $3
MAGER911: raises $3 to $6
dodge658: calls $3
*** TURN *** [Qc 6d Tc] [8d]
MAGER911: bets $6
dodge658: calls $6
*** RIVER *** [Qc 6d Tc 8d] [Kh]
MAGER911: bets $6
dodge658: calls $6
*** SHOW DOWN ***
MAGER911: shows [8s Qh] (two pair, Queens and Eights)
dodge658: mucks hand
MAGER911 collected $41.50 from pot
*** SUMMARY ***
Total pot $42 | Rake $0.50
Board [Qc 6d Tc 8d Kh]
Seat 1: MAGER911 (big blind) showed [8s Qh] and won ($41.50) with two pair, Queens and Eights
Seat 2: dodge658 (button) (small blind) mucked


PokerStars Hand #146956623872:  Hold'em Limit ($3/$6 USD) - 2016/01/13 4:20:55 ET
Table 'Tamara II' 2-max Seat #1 is the button
Seat 1: MAGER911 ($166.24 in chips)
Seat 2: dodge658 ($32.55 in chips)
MAGER911: posts small blind $1
dodge658: posts big blind $3
*** HOLE CARDS ***
MAGER911: folds
Uncalled bet ($2) returned to dodge658
dodge658 collected $2 from pot
dodge658: doesn't show hand
*** SUMMARY ***
Total pot $2 | Rake $0
Seat 1: MAGER911 (button) (small blind) folded before Flop
Seat 2: dodge658 (big blind) collected ($2)


PokerStars Hand #146956617165:  Hold'em Limit ($3/$6 USD) - 2016/01/13 4:20:38 ET
Table 'Tamara II' 2-max Seat #2 is the button
Seat 1: MAGER911 ($169.24 in chips)
Seat 2: dodge658 ($29.67 in chips)
dodge658: posts small blind $1
MAGER911: posts big blind $3
*** HOLE CARDS ***
dodge658: calls $2
MAGER911: checks
*** FLOP *** [As Ah Qh]
MAGER911: checks
dodge658: checks
*** TURN *** [As Ah Qh] [8d]
MAGER911: checks
dodge658: checks
*** RIVER *** [As Ah Qh 8d] [4h]
MAGER911: checks
dodge658: checks
*** SHOW DOWN ***
MAGER911: shows [5s 3s] (a pair of Aces)
dodge658: shows [Jc 3d] (a pair of Aces - Queen+Jack kicker)
dodge658 collected $5.88 from pot
*** SUMMARY ***
Total pot $6 | Rake $0.12
Board [As Ah Qh 8d 4h]
Seat 1: MAGER911 (big blind) showed [5s 3s] and lost with a pair of Aces
Seat 2: dodge658 (button) (small blind) showed [Jc 3d] and won ($5.88) with a pair of Aces


PokerStars Hand #146956633543:  Hold'em Limit ($3/$6 USD) - 2016/01/13 4:21:19 ET
Table 'Tamara II' 2-max Seat #1 is the button
Seat 1: MAGER911 ($185.74 in chips)
Seat 2: dodge658 ($12.55 in chips)
MAGER911: posts small blind $1
dodge658: posts big blind $3
*** HOLE CARDS ***
MAGER911: folds
Uncalled bet ($2) returned to dodge658
dodge658 collected $2 from pot
dodge658: doesn't show hand
*** SUMMARY ***
Total pot $2 | Rake $0
Seat 1: MAGER911 (button) (small blind) folded before Flop
Seat 2: dodge658 (big blind) collected ($2)


PokerStars Hand #146956608089:  Hold'em Limit ($3/$6 USD) - 2016/01/13 4:20:14 ET
Table 'Tamara II' 2-max Seat #1 is the button
Seat 1: MAGER911 ($169.49 in chips)
Seat 2: dodge658 ($29.92 in chips)
MAGER911: posts small blind $1
dodge658: posts big blind $3
*** HOLE CARDS ***
MAGER911: raises $3 to $6
dodge658: calls $3
*** FLOP *** [8c Kd 8h]
dodge658: bets $3
MAGER911: calls $3
*** TURN *** [8c Kd 8h] [Ah]
dodge658: bets $6
MAGER911: calls $6
*** RIVER *** [8c Kd 8h Ah] [8d]
dodge658: bets $6
MAGER911: calls $6
*** SHOW DOWN ***
dodge658: shows [Kh Ts] (a full house, Eights full of Kings)
MAGER911: shows [Kc 9s] (a full house, Eights full of Kings)
dodge658 collected $20.75 from pot
MAGER911 collected $20.75 from pot
*** SUMMARY ***
Total pot $42 | Rake $0.50
Board [8c Kd 8h Ah 8d]
Seat 1: MAGER911 (button) (small blind) showed [Kc 9s] and won ($20.75) with a full house, Eights full of Kings
Seat 2: dodge658 (big blind) showed [Kh Ts] and won ($20.75) with a full house, Eights full of Kings


PokerStars Hand #146956638177:  Hold'em Limit ($3/$6 USD) - 2016/01/13 4:21:31 ET
Table 'Tamara II' 2-max Seat #2 is the button
Seat 1: MAGER911 ($184.74 in chips)
Seat 2: dodge658 ($13.55 in chips)
dodge658: posts small blind $1
MAGER911: posts big blind $3
*** HOLE CARDS ***
dodge658: folds
Uncalled bet ($2) returned to MAGER911
MAGER911 collected $2 from pot
MAGER911: doesn't show hand
*** SUMMARY ***
Total pot $2 | Rake $0
Seat 1: MAGER911 (big blind) collected ($2)
Seat 2: dodge658 (button) (small blind) folded before Flop


PokerStars Hand #146956640327:  Hold'em Limit ($3/$6 USD) - 2016/01/13 4:21:37 ET
Table 'Tamara II' 2-max Seat #1 is the button
Seat 1: MAGER911 ($185.74 in chips)
Seat 2: dodge658 ($12.55 in chips)
MAGER911: posts small blind $1
dodge658: posts big blind $3
*** HOLE CARDS ***
MAGER911: folds
Uncalled bet ($2) returned to dodge658
dodge658 collected $2 from pot
dodge658: doesn't show hand
*** SUMMARY ***
Total pot $2 | Rake $0
Seat 1: MAGER911 (button) (small blind) folded before Flop
Seat 2: dodge658 (big blind) collected ($2)


PokerStars Hand #146956642141:  Hold'em Limit ($3/$6 USD) - 2016/01/13 4:21:41 ET
Table 'Tamara II' 2-max Seat #2 is the button
Seat 1: MAGER911 ($184.74 in chips)
Seat 2: dodge658 ($13.55 in chips)
dodge658: posts small blind $1
MAGER911: posts big blind $3
*** HOLE CARDS ***
dodge658: calls $2
MAGER911: raises $3 to $6
dodge658: calls $3
*** FLOP *** [Jd 5s 7s]
MAGER911: bets $3
dodge658: calls $3
*** TURN *** [Jd 5s 7s] [Td]
MAGER911: bets $6
dodge658: calls $4.55 and is all-in
Uncalled bet ($1.45) returned to MAGER911
*** RIVER *** [Jd 5s 7s Td] [Jc]
*** SHOW DOWN ***
MAGER911: shows [Ah Th] (two pair, Jacks and Tens)
dodge658: shows [Ac 6c] (a pair of Jacks)
MAGER911 collected $26.60 from pot
*** SUMMARY ***
Total pot $27.10 | Rake $0.50
Board [Jd 5s 7s Td Jc]
Seat 1: MAGER911 (big blind) showed [Ah Th] and won ($26.60) with two pair, Jacks and Tens
Seat 2: dodge658 (button) (small blind) showed [Ac 6c] and lost with a pair of Jacks


