PokerStars Hand #170343479876:  Hold'em Limit ($3/$6 USD) - 2017/05/12 23:50:28 ET
Table 'Tamariwa' 6-max Seat #4 is the button
Seat 1: habari786 ($30.70 in chips)
Seat 4: Willijabo ($18.95 in chips)
Willijabo: posts small blind $1
pecs680: is sitting out
habari786: posts big blind $3
*** HOLE CARDS ***
pecs680 leaves the table
Willijabo: raises $3 to $6
habari786: folds
Uncalled bet ($3) returned to Willijabo
Willijabo collected $6 from pot
Willijabo: doesn't show hand
*** SUMMARY ***
Total pot $6 | Rake $0
Seat 1: habari786 (big blind) folded before Flop
Seat 4: Willijabo (button) (small blind) collected ($6)


PokerStars Hand #170343482755:  Hold'em Limit ($3/$6 USD) - 2017/05/12 23:50:37 ET
Table 'Tamariwa' 6-max Seat #1 is the button
Seat 1: habari786 ($27.70 in chips)
Seat 4: Willijabo ($21.95 in chips)
habari786: posts small blind $1
Willijabo: posts big blind $3
*** HOLE CARDS ***
habari786: raises $3 to $6
Willijabo: folds
Uncalled bet ($3) returned to habari786
habari786 collected $6 from pot
habari786: doesn't show hand
*** SUMMARY ***
Total pot $6 | Rake $0
Seat 1: habari786 (button) (small blind) collected ($6)
Seat 4: Willijabo (big blind) folded before Flop


PokerStars Hand #170343490665:  Hold'em Limit ($3/$6 USD) - 2017/05/12 23:51:04 ET
Table 'Tamariwa' 6-max Seat #1 is the button
Seat 1: habari786 ($35.70 in chips)
Seat 4: Willijabo ($13.95 in chips)
habari786: posts small blind $1
Willijabo: posts big blind $3
*** HOLE CARDS ***
habari786: raises $3 to $6
Willijabo: calls $3
*** FLOP *** [7s Ts Qc]
Willijabo: checks
habari786: bets $3
Willijabo: calls $3
*** TURN *** [7s Ts Qc] [3h]
Willijabo: checks
habari786: bets $6
Willijabo: calls $4.95 and is all-in
Uncalled bet ($1.05) returned to habari786
*** RIVER *** [7s Ts Qc 3h] [4h]
*** SHOW DOWN ***
Willijabo: shows [7d Qs] (two pair, Queens and Sevens)
habari786: shows [8c 9s] (high card Queen)
Willijabo collected $27.40 from pot
*** SUMMARY ***
Total pot $27.90 | Rake $0.50
Board [7s Ts Qc 3h 4h]
Seat 1: habari786 (button) (small blind) showed [8c 9s] and lost with high card Queen
Seat 4: Willijabo (big blind) showed [7d Qs] and won ($27.40) with two pair, Queens and Sevens


PokerStars Hand #170343487007:  Hold'em Limit ($3/$6 USD) - 2017/05/12 23:50:51 ET
Table 'Tamariwa' 6-max Seat #1 is the button
Seat 1: habari786 ($31.70 in chips)
Seat 4: Willijabo ($17.95 in chips)
habari786: posts small blind $1
Willijabo: posts big blind $3
*** HOLE CARDS ***
habari786: raises $3 to $6
Willijabo: folds
Uncalled bet ($3) returned to habari786
habari786 collected $6 from pot
habari786: doesn't show hand
*** SUMMARY ***
Total pot $6 | Rake $0
Seat 1: habari786 (button) (small blind) collected ($6)
Seat 4: Willijabo (big blind) folded before Flop


PokerStars Hand #170343485403:  Hold'em Limit ($3/$6 USD) - 2017/05/12 23:50:46 ET
Table 'Tamariwa' 6-max Seat #4 is the button
Seat 1: habari786 ($30.70 in chips)
Seat 4: Willijabo ($18.95 in chips)
Willijabo: posts small blind $1
habari786: posts big blind $3
*** HOLE CARDS ***
Willijabo: folds
Uncalled bet ($2) returned to habari786
habari786 collected $2 from pot
habari786: doesn't show hand
*** SUMMARY ***
Total pot $2 | Rake $0
Seat 1: habari786 (big blind) collected ($2)
Seat 4: Willijabo (button) (small blind) folded before Flop


PokerStars Hand #170343489294:  Hold'em Limit ($3/$6 USD) - 2017/05/12 23:50:59 ET
Table 'Tamariwa' 6-max Seat #4 is the button
Seat 1: habari786 ($34.70 in chips)
Seat 4: Willijabo ($14.95 in chips)
Willijabo: posts small blind $1
habari786: posts big blind $3
*** HOLE CARDS ***
Willijabo: folds
Uncalled bet ($2) returned to habari786
habari786 collected $2 from pot
habari786: doesn't show hand
*** SUMMARY ***
Total pot $2 | Rake $0
Seat 1: habari786 (big blind) collected ($2)
Seat 4: Willijabo (button) (small blind) folded before Flop


PokerStars Hand #170343515393:  Hold'em Limit ($3/$6 USD) - 2017/05/12 23:52:24 ET
Table 'Tamariwa' 6-max Seat #1 is the button
Seat 1: habari786 ($29.51 in chips)
Seat 4: Willijabo ($19.40 in chips)
habari786: posts small blind $1
Willijabo: posts big blind $3
*** HOLE CARDS ***
habari786: raises $3 to $6
Willijabo: folds
Uncalled bet ($3) returned to habari786
habari786 collected $6 from pot
habari786: doesn't show hand
*** SUMMARY ***
Total pot $6 | Rake $0
Seat 1: habari786 (button) (small blind) collected ($6)
Seat 4: Willijabo (big blind) folded before Flop


PokerStars Hand #170343502120:  Hold'em Limit ($3/$6 USD) - 2017/05/12 23:51:41 ET
Table 'Tamariwa' 6-max Seat #4 is the button
Seat 1: habari786 ($21.75 in chips)
Seat 4: Willijabo ($27.40 in chips)
Willijabo: posts small blind $1
habari786: posts big blind $3
*** HOLE CARDS ***
Willijabo: folds
Uncalled bet ($2) returned to habari786
habari786 collected $2 from pot
habari786: doesn't show hand
*** SUMMARY ***
Total pot $2 | Rake $0
Seat 1: habari786 (big blind) collected ($2)
Seat 4: Willijabo (button) (small blind) folded before Flop


PokerStars Hand #170343513799:  Hold'em Limit ($3/$6 USD) - 2017/05/12 23:52:19 ET
Table 'Tamariwa' 6-max Seat #4 is the button
Seat 1: habari786 ($28.51 in chips)
Seat 4: Willijabo ($20.40 in chips)
Willijabo: posts small blind $1
habari786: posts big blind $3
*** HOLE CARDS ***
Willijabo: folds
Uncalled bet ($2) returned to habari786
habari786 collected $2 from pot
habari786: doesn't show hand
*** SUMMARY ***
Total pot $2 | Rake $0
Seat 1: habari786 (big blind) collected ($2)
Seat 4: Willijabo (button) (small blind) folded before Flop


PokerStars Hand #170343505882:  Hold'em Limit ($3/$6 USD) - 2017/05/12 23:51:53 ET
Table 'Tamariwa' 6-max Seat #1 is the button
Seat 1: habari786 ($22.75 in chips)
Seat 4: Willijabo ($26.40 in chips)
habari786: posts small blind $1
Willijabo: posts big blind $3
*** HOLE CARDS ***
habari786: raises $3 to $6
Willijabo: calls $3
*** FLOP *** [Ah 3h Jc]
Willijabo: checks
habari786: bets $3
Willijabo: folds
Uncalled bet ($3) returned to habari786
habari786 collected $11.76 from pot
habari786: doesn't show hand
*** SUMMARY ***
Total pot $12 | Rake $0.24
Board [Ah 3h Jc]
Seat 1: habari786 (button) (small blind) collected ($11.76)
Seat 4: Willijabo (big blind) folded on the Flop


PokerStars Hand #170343530091:  Hold'em Limit ($3/$6 USD) - 2017/05/12 23:53:12 ET
Table 'Tamariwa' 6-max Seat #1 is the button
Seat 1: habari786 ($23.51 in chips)
Seat 4: Willijabo ($25.04 in chips)
habari786: posts small blind $1
Willijabo: posts big blind $3
*** HOLE CARDS ***
habari786: folds
Uncalled bet ($2) returned to Willijabo
Willijabo collected $2 from pot
Willijabo: doesn't show hand
*** SUMMARY ***
Total pot $2 | Rake $0
Seat 1: habari786 (button) (small blind) folded before Flop
Seat 4: Willijabo (big blind) collected ($2)


PokerStars Hand #170343517492:  Hold'em Limit ($3/$6 USD) - 2017/05/12 23:52:31 ET
Table 'Tamariwa' 6-max Seat #4 is the button
Seat 1: habari786 ($32.51 in chips)
Seat 4: Willijabo ($16.40 in chips)
Willijabo: posts small blind $1
habari786: posts big blind $3
*** HOLE CARDS ***
Willijabo: raises $3 to $6
habari786: calls $3
*** FLOP *** [4c 5s Th]
habari786: checks
Willijabo: bets $3
habari786: calls $3
*** TURN *** [4c 5s Th] [9d]
habari786: checks
Willijabo: bets $6
habari786: folds
Uncalled bet ($6) returned to Willijabo
Willijabo collected $17.64 from pot
Willijabo: doesn't show hand
*** SUMMARY ***
Total pot $18 | Rake $0.36
Board [4c 5s Th 9d]
Seat 1: habari786 (big blind) folded on the Turn
Seat 4: Willijabo (button) (small blind) collected ($17.64)


PokerStars Hand #170343531508:  Hold'em Limit ($3/$6 USD) - 2017/05/12 23:53:17 ET
Table 'Tamariwa' 6-max Seat #4 is the button
Seat 1: habari786 ($22.51 in chips)
Seat 4: Willijabo ($26.04 in chips)
Willijabo: posts small blind $1
habari786: posts big blind $3
*** HOLE CARDS ***
Willijabo: raises $3 to $6
habari786: raises $3 to $9
Willijabo: calls $3
*** FLOP *** [8c 6s Qh]
habari786: bets $3
Willijabo: calls $3
*** TURN *** [8c 6s Qh] [Ac]
habari786: bets $6
Willijabo: folds
Uncalled bet ($6) returned to habari786
habari786 collected $23.52 from pot
habari786: doesn't show hand
*** SUMMARY ***
Total pot $24 | Rake $0.48
Board [8c 6s Qh Ac]
Seat 1: habari786 (big blind) collected ($23.52)
Seat 4: Willijabo (button) (small blind) folded on the Turn


PokerStars Hand #170343537295:  Hold'em Limit ($3/$6 USD) - 2017/05/12 23:53:36 ET
Table 'Tamariwa' 6-max Seat #1 is the button
Seat 1: habari786 ($34.03 in chips)
Seat 4: Willijabo ($14.04 in chips)
habari786: posts small blind $1
Willijabo: posts big blind $3
*** HOLE CARDS ***
habari786: raises $3 to $6
Willijabo: raises $3 to $9
habari786: calls $3
*** FLOP *** [7c 9h Th]
Willijabo: bets $3
habari786: raises $3 to $6
Willijabo: calls $2.04 and is all-in
Uncalled bet ($0.96) returned to habari786
*** TURN *** [7c 9h Th] [4h]
*** RIVER *** [7c 9h Th 4h] [2h]
*** SHOW DOWN ***
Willijabo: shows [Qs Kc] (high card King)
habari786: shows [8s 6s] (a straight, Six to Ten)
habari786 collected $27.58 from pot
*** SUMMARY ***
Total pot $28.08 | Rake $0.50
Board [7c 9h Th 4h 2h]
Seat 1: habari786 (button) (small blind) showed [8s 6s] and won ($27.58) with a straight, Six to Ten
Seat 4: Willijabo (big blind) showed [Qs Kc] and lost with high card King


