PokerStars Hand #172932906538:  Hold'em Limit ($3/$6 USD) - 2017/07/12 9:11:41 ET
Table 'Tamara' 6-max Seat #3 is the button
Seat 3: Aragorn ll ($46.76 in chips)
Seat 4: Anchig ($101.38 in chips)
Aragorn ll: posts small blind $1
Anchig: posts big blind $3
*** HOLE CARDS ***
andyrr leaves the table
Aragorn ll: folds
Uncalled bet ($2) returned to Anchig
Anchig collected $2 from pot
Anchig: doesn't show hand
*** SUMMARY ***
Total pot $2 | Rake $0
Seat 3: Aragorn ll (button) (small blind) folded before Flop
Seat 4: Anchig (big blind) collected ($2)


PokerStars Hand #172932899959:  Hold'em Limit ($3/$6 USD) - 2017/07/12 9:11:28 ET
Table 'Tamara' 6-max Seat #4 is the button
Seat 3: Aragorn ll ($26.26 in chips)
Seat 4: Anchig ($122.38 in chips)
Anchig: posts small blind $1
Aragorn ll: posts big blind $3
*** HOLE CARDS ***
Anchig: raises $3 to $6
Aragorn ll: calls $3
*** FLOP *** [5h 3s 5c]
Aragorn ll: bets $3
Anchig: calls $3
*** TURN *** [5h 3s 5c] [Kh]
Aragorn ll: bets $6
Anchig: calls $6
*** RIVER *** [5h 3s 5c Kh] [Kc]
Aragorn ll: bets $6
Anchig: calls $6
*** SHOW DOWN ***
Aragorn ll: shows [Ks Tc] (a full house, Kings full of Fives)
Anchig: mucks hand
Aragorn ll collected $41.50 from pot
*** SUMMARY ***
Total pot $42 | Rake $0.50
Board [5h 3s 5c Kh Kc]
Seat 3: Aragorn ll (big blind) showed [Ks Tc] and won ($41.50) with a full house, Kings full of Fives
Seat 4: Anchig (button) (small blind) mucked


PokerStars Hand #172932893944:  Hold'em Limit ($3/$6 USD) - 2017/07/12 9:11:17 ET
Table 'Tamara' 6-max Seat #3 is the button
Seat 3: Aragorn ll ($29.26 in chips)
Seat 4: Anchig ($119.50 in chips)
Aragorn ll: posts small blind $1
Anchig: posts big blind $3
*** HOLE CARDS ***
Aragorn ll: calls $2
Anchig: checks
*** FLOP *** [5c 6s Th]
Anchig: checks
Aragorn ll: checks
*** TURN *** [5c 6s Th] [As]
Anchig: checks
Aragorn ll: checks
*** RIVER *** [5c 6s Th As] [9s]
Anchig: checks
Aragorn ll: checks
*** SHOW DOWN ***
Anchig: shows [5s 3d] (a pair of Fives)
Aragorn ll: mucks hand
Anchig collected $5.88 from pot
*** SUMMARY ***
Total pot $6 | Rake $0.12
Board [5c 6s Th As 9s]
Seat 3: Aragorn ll (button) (small blind) mucked
Seat 4: Anchig (big blind) showed [5s 3d] and won ($5.88) with a pair of Fives


PokerStars Hand #172932884988:  Hold'em Limit ($3/$6 USD) - 2017/07/12 9:11:00 ET
Table 'Tamara' 6-max Seat #4 is the button
Seat 3: Aragorn ll ($53.26 in chips)
Seat 4: Anchig ($96 in chips)
Anchig: posts small blind $1
Aragorn ll: posts big blind $3
*** HOLE CARDS ***
Anchig: raises $3 to $6
Aragorn ll: calls $3
*** FLOP *** [4h Ad 6s]
Aragorn ll: checks
Anchig: checks
*** TURN *** [4h Ad 6s] [6c]
Aragorn ll: bets $6
Anchig: calls $6
*** RIVER *** [4h Ad 6s 6c] [9d]
Aragorn ll: bets $6
Anchig: raises $6 to $12
Aragorn ll: calls $6
*** SHOW DOWN ***
Anchig: shows [Ac Jd] (two pair, Aces and Sixes)
Aragorn ll: mucks hand
Anchig collected $47.50 from pot
*** SUMMARY ***
Total pot $48 | Rake $0.50
Board [4h Ad 6s 6c 9d]
Seat 3: Aragorn ll (big blind) mucked
Seat 4: Anchig (button) (small blind) showed [Ac Jd] and won ($47.50) with two pair, Aces and Sixes


PokerStars Hand #172932877302:  Hold'em Limit ($3/$6 USD) - 2017/07/12 9:10:45 ET
Table 'Tamara' 6-max Seat #3 is the button
Seat 3: Aragorn ll ($47.50 in chips)
Seat 4: Anchig ($102 in chips)
Aragorn ll: posts small blind $1
Anchig: posts big blind $3
*** HOLE CARDS ***
Aragorn ll: calls $2
Anchig: checks
*** FLOP *** [5c Tc As]
Anchig: bets $3
Aragorn ll: calls $3
*** TURN *** [5c Tc As] [2h]
Anchig: checks
Aragorn ll: checks
*** RIVER *** [5c Tc As 2h] [9c]
Anchig: checks
Aragorn ll: checks
*** SHOW DOWN ***
Anchig: shows [Qd 4d] (high card Ace)
Aragorn ll: shows [8c Qh] (high card Ace - Queen+Ten+Nine+Eight kicker)
Aragorn ll collected $11.76 from pot
*** SUMMARY ***
Total pot $12 | Rake $0.24
Board [5c Tc As 2h 9c]
Seat 3: Aragorn ll (button) (small blind) showed [8c Qh] and won ($11.76) with high card Ace
Seat 4: Anchig (big blind) showed [Qd 4d] and lost with high card Ace


PokerStars Hand #172932928878:  Hold'em Limit ($3/$6 USD) - 2017/07/12 9:12:24 ET
Table 'Tamara' 6-max Seat #3 is the button
Seat 3: Aragorn ll ($15.76 in chips)
Seat 4: Anchig ($131.40 in chips)
Aragorn ll: posts small blind $1
Anchig: posts big blind $3
*** HOLE CARDS ***
Aragorn ll: raises $3 to $6
Anchig: calls $3
*** FLOP *** [3h Qs 8s]
Anchig: checks
Aragorn ll: bets $3
Anchig: raises $3 to $6
Aragorn ll: raises $3 to $9
Anchig: raises $3 to $12
Betting is capped
Aragorn ll: calls $0.76 and is all-in
Uncalled bet ($2.24) returned to Anchig
*** TURN *** [3h Qs 8s] [4c]
*** RIVER *** [3h Qs 8s 4c] [5d]
*** SHOW DOWN ***
Anchig: shows [2h Qh] (a pair of Queens)
Aragorn ll: shows [3s Qc] (two pair, Queens and Threes)
Aragorn ll collected $31.02 from pot
*** SUMMARY ***
Total pot $31.52 | Rake $0.50
Board [3h Qs 8s 4c 5d]
Seat 3: Aragorn ll (button) (small blind) showed [3s Qc] and won ($31.02) with two pair, Queens and Threes
Seat 4: Anchig (big blind) showed [2h Qh] and lost with a pair of Queens


PokerStars Hand #172932920531:  Hold'em Limit ($3/$6 USD) - 2017/07/12 9:12:08 ET
Table 'Tamara' 6-max Seat #4 is the button
Seat 3: Aragorn ll ($27.76 in chips)
Seat 4: Anchig ($119.88 in chips)
Anchig: posts small blind $1
Aragorn ll: posts big blind $3
*** HOLE CARDS ***
Anchig: raises $3 to $6
Aragorn ll: calls $3
*** FLOP *** [7c 2c 9d]
Aragorn ll: checks
Anchig: checks
*** TURN *** [7c 2c 9d] [Ad]
Aragorn ll: checks
Anchig: checks
*** RIVER *** [7c 2c 9d Ad] [As]
Aragorn ll: bets $6
Anchig: calls $6
*** SHOW DOWN ***
Aragorn ll: shows [Qc 5s] (a pair of Aces)
Anchig: shows [3c Kh] (a pair of Aces - King kicker)
Anchig collected $23.52 from pot
*** SUMMARY ***
Total pot $24 | Rake $0.48
Board [7c 2c 9d Ad As]
Seat 3: Aragorn ll (big blind) showed [Qc 5s] and lost with a pair of Aces
Seat 4: Anchig (button) (small blind) showed [3c Kh] and won ($23.52) with a pair of Aces


PokerStars Hand #172932917841:  Hold'em Limit ($3/$6 USD) - 2017/07/12 9:12:02 ET
Table 'Tamara' 6-max Seat #3 is the button
Seat 3: Aragorn ll ($24.76 in chips)
Seat 4: Anchig ($122.88 in chips)
Aragorn ll: posts small blind $1
Anchig: posts big blind $3
*** HOLE CARDS ***
Aragorn ll: raises $3 to $6
Anchig: folds
Uncalled bet ($3) returned to Aragorn ll
Aragorn ll collected $6 from pot
Aragorn ll: doesn't show hand
*** SUMMARY ***
Total pot $6 | Rake $0
Seat 3: Aragorn ll (button) (small blind) collected ($6)
Seat 4: Anchig (big blind) folded before Flop


PokerStars Hand #172932908774:  Hold'em Limit ($3/$6 USD) - 2017/07/12 9:11:45 ET
Table 'Tamara' 6-max Seat #4 is the button
Seat 3: Aragorn ll ($45.76 in chips)
Seat 4: Anchig ($102.38 in chips)
Anchig: posts small blind $1
Aragorn ll: posts big blind $3
*** HOLE CARDS ***
Anchig: raises $3 to $6
Aragorn ll: calls $3
*** FLOP *** [Ac 2s 6c]
Aragorn ll: bets $3
Anchig: calls $3
*** TURN *** [Ac 2s 6c] [2c]
Aragorn ll: bets $6
Anchig: calls $6
*** RIVER *** [Ac 2s 6c 2c] [3c]
Aragorn ll: bets $6
Anchig: raises $6 to $12
Aragorn ll: folds
Uncalled bet ($6) returned to Anchig
Anchig collected $41.50 from pot
Anchig: doesn't show hand
*** SUMMARY ***
Total pot $42 | Rake $0.50
Board [Ac 2s 6c 2c 3c]
Seat 3: Aragorn ll (big blind) folded on the River
Seat 4: Anchig (button) (small blind) collected ($41.50)


PokerStars Hand #172932956793:  Hold'em Limit ($3/$6 USD) - 2017/07/12 9:13:17 ET
Table 'Tamara' 6-max Seat #3 is the button
Seat 3: Aragorn ll ($18.02 in chips)
Seat 4: Anchig ($128.16 in chips)
Aragorn ll: posts small blind $1
Anchig: posts big blind $3
*** HOLE CARDS ***
Aragorn ll: raises $3 to $6
Anchig: raises $3 to $9
Aragorn ll: raises $3 to $12
Betting is capped
Anchig: calls $3
*** FLOP *** [7c Tc Jc]
Anchig: bets $3
Aragorn ll: raises $3 to $6
Anchig: raises $3 to $9
Aragorn ll: calls $0.02 and is all-in
Uncalled bet ($2.98) returned to Anchig
*** TURN *** [7c Tc Jc] [Kc]
*** RIVER *** [7c Tc Jc Kc] [Js]
*** SHOW DOWN ***
Anchig: shows [6c 6d] (a flush, King high)
Aragorn ll: shows [9d Qs] (a straight, Nine to King)
Anchig collected $35.54 from pot
*** SUMMARY ***
Total pot $36.04 | Rake $0.50
Board [7c Tc Jc Kc Js]
Seat 3: Aragorn ll (button) (small blind) showed [9d Qs] and lost with a straight, Nine to King
Seat 4: Anchig (big blind) showed [6c 6d] and won ($35.54) with a flush, King high


PokerStars Hand #172932949307:  Hold'em Limit ($3/$6 USD) - 2017/07/12 9:13:03 ET
Table 'Tamara' 6-max Seat #3 is the button
Seat 3: Aragorn ll ($25.02 in chips)
Seat 4: Anchig ($121.40 in chips)
Aragorn ll: posts small blind $1
Anchig: posts big blind $3
*** HOLE CARDS ***
Aragorn ll: folds
Uncalled bet ($2) returned to Anchig
Anchig collected $2 from pot
Anchig: doesn't show hand
*** SUMMARY ***
Total pot $2 | Rake $0
Seat 3: Aragorn ll (button) (small blind) folded before Flop
Seat 4: Anchig (big blind) collected ($2)


PokerStars Hand #172932940619:  Hold'em Limit ($3/$6 USD) - 2017/07/12 9:12:46 ET
Table 'Tamara' 6-max Seat #4 is the button
Seat 3: Aragorn ll ($31.02 in chips)
Seat 4: Anchig ($115.64 in chips)
Anchig: posts small blind $1
Aragorn ll: posts big blind $3
*** HOLE CARDS ***
Anchig: raises $3 to $6
Aragorn ll: calls $3
*** FLOP *** [Qh 7h Kc]
Aragorn ll: checks
Anchig: checks
*** TURN *** [Qh 7h Kc] [4c]
Aragorn ll: checks
Anchig: bets $6
Aragorn ll: folds
Uncalled bet ($6) returned to Anchig
Anchig collected $11.76 from pot
Anchig: doesn't show hand
*** SUMMARY ***
Total pot $12 | Rake $0.24
Board [Qh 7h Kc 4c]
Seat 3: Aragorn ll (big blind) folded on the Turn
Seat 4: Anchig (button) (small blind) collected ($11.76)


PokerStars Hand #172932951852:  Hold'em Limit ($3/$6 USD) - 2017/07/12 9:13:08 ET
Table 'Tamara' 6-max Seat #4 is the button
Seat 3: Aragorn ll ($24.02 in chips)
Seat 4: Anchig ($122.40 in chips)
Anchig: posts small blind $1
Aragorn ll: posts big blind $3
*** HOLE CARDS ***
Anchig: raises $3 to $6
Aragorn ll: calls $3
*** FLOP *** [Ah As Kc]
Aragorn ll: checks
Anchig: bets $3
Aragorn ll: folds
Uncalled bet ($3) returned to Anchig
Anchig collected $11.76 from pot
Anchig: doesn't show hand
*** SUMMARY ***
Total pot $12 | Rake $0.24
Board [Ah As Kc]
Seat 3: Aragorn ll (big blind) folded on the Flop
Seat 4: Anchig (button) (small blind) collected ($11.76)


PokerStars Hand #172932974400:  Hold'em Limit ($3/$6 USD) - 2017/07/12 9:13:51 ET
Table 'Tamara' 6-max Seat #4 is the button
Seat 3: Aragorn ll ($98.29 in chips)
Seat 4: Anchig ($145.68 in chips)
Anchig: posts small blind $1
Aragorn ll: posts big blind $3
*** HOLE CARDS ***
Anchig: raises $3 to $6
Aragorn ll: calls $3
*** FLOP *** [Js Qs Qd]
Aragorn ll: bets $3
Anchig: calls $3
*** TURN *** [Js Qs Qd] [8c]
Aragorn ll: checks
Anchig: bets $6
Aragorn ll: calls $6
*** RIVER *** [Js Qs Qd 8c] [As]
Aragorn ll: checks
Anchig: bets $6
Aragorn ll: calls $6
*** SHOW DOWN ***
Anchig: shows [9d Ad] (two pair, Aces and Queens)
Aragorn ll: mucks hand
Anchig collected $41.50 from pot
*** SUMMARY ***
Total pot $42 | Rake $0.50
Board [Js Qs Qd 8c As]
Seat 3: Aragorn ll (big blind) mucked
Seat 4: Anchig (button) (small blind) showed [9d Ad] and won ($41.50) with two pair, Aces and Queens


PokerStars Hand #172932984903:  Hold'em Limit ($3/$6 USD) - 2017/07/12 9:14:11 ET
Table 'Tamara' 6-max Seat #3 is the button
Seat 3: Aragorn ll ($77.29 in chips)
Seat 4: Anchig ($166.18 in chips)
Aragorn ll: posts small blind $1
Anchig: posts big blind $3
*** HOLE CARDS ***
Aragorn ll: raises $3 to $6
Anchig: calls $3
*** FLOP *** [Kd 2h 5d]
Anchig: checks
Aragorn ll: bets $3
Anchig: calls $3
*** TURN *** [Kd 2h 5d] [7s]
Anchig: checks
Aragorn ll: checks
*** RIVER *** [Kd 2h 5d 7s] [9d]
Anchig: checks
Aragorn ll: bets $6
Anchig: calls $6
*** SHOW DOWN ***
Aragorn ll: shows [Js 3s] (high card King)
Anchig: shows [Ad 3h] (high card Ace)
Anchig collected $29.50 from pot
*** SUMMARY ***
Total pot $30 | Rake $0.50
Board [Kd 2h 5d 7s 9d]
Seat 3: Aragorn ll (button) (small blind) showed [Js 3s] and lost with high card King
Seat 4: Anchig (big blind) showed [Ad 3h] and won ($29.50) with high card Ace


PokerStars Hand #172932992723:  Hold'em Limit ($3/$6 USD) - 2017/07/12 9:14:27 ET
Table 'Tamara' 6-max Seat #4 is the button
Seat 3: Aragorn ll ($62.29 in chips)
Seat 4: Anchig ($180.68 in chips)
Anchig: posts small blind $1
Aragorn ll: posts big blind $3
*** HOLE CARDS ***
Anchig: raises $3 to $6
Aragorn ll: raises $3 to $9
Anchig: calls $3
*** FLOP *** [8d Jc 4h]
Aragorn ll: bets $3
Anchig: calls $3
*** TURN *** [8d Jc 4h] [As]
Aragorn ll: bets $6
Anchig: folds
Uncalled bet ($6) returned to Aragorn ll
Aragorn ll collected $23.52 from pot
Aragorn ll: doesn't show hand
*** SUMMARY ***
Total pot $24 | Rake $0.48
Board [8d Jc 4h As]
Seat 3: Aragorn ll (big blind) collected ($23.52)
Seat 4: Anchig (button) (small blind) folded on the Turn


PokerStars Hand #172933025788:  Hold'em Limit ($3/$6 USD) - 2017/07/12 9:15:30 ET
Table 'Tamara' 6-max Seat #3 is the button
Seat 3: Aragorn ll ($111.81 in chips)
Seat 4: Anchig ($129.68 in chips)
Aragorn ll: posts small blind $1
Anchig: posts big blind $3
*** HOLE CARDS ***
Aragorn ll: raises $3 to $6
Anchig: calls $3
*** FLOP *** [Ts 7h Kd]
Anchig: checks
Aragorn ll: checks
*** TURN *** [Ts 7h Kd] [4d]
Anchig: bets $6
Aragorn ll: calls $6
*** RIVER *** [Ts 7h Kd 4d] [2h]
Anchig: bets $6
Aragorn ll: calls $6
*** SHOW DOWN ***
Anchig: shows [3h 6h] (high card King)
Aragorn ll: shows [5c 5s] (a pair of Fives)
Aragorn ll collected $35.50 from pot
*** SUMMARY ***
Total pot $36 | Rake $0.50
Board [Ts 7h Kd 4d 2h]
Seat 3: Aragorn ll (button) (small blind) showed [5c 5s] and won ($35.50) with a pair of Fives
Seat 4: Anchig (big blind) showed [3h 6h] and lost with high card King


PokerStars Hand #172933022558:  Hold'em Limit ($3/$6 USD) - 2017/07/12 9:15:24 ET
Table 'Tamara' 6-max Seat #4 is the button
Seat 3: Aragorn ll ($110.81 in chips)
Seat 4: Anchig ($130.68 in chips)
Anchig: posts small blind $1
Aragorn ll: posts big blind $3
*** HOLE CARDS ***
Anchig: folds
Uncalled bet ($2) returned to Aragorn ll
Aragorn ll collected $2 from pot
Aragorn ll: doesn't show hand
*** SUMMARY ***
Total pot $2 | Rake $0
Seat 3: Aragorn ll (big blind) collected ($2)
Seat 4: Anchig (button) (small blind) folded before Flop


PokerStars Hand #172932998149:  Hold'em Limit ($3/$6 USD) - 2017/07/12 9:14:37 ET
Table 'Tamara' 6-max Seat #3 is the button
Seat 3: Aragorn ll ($73.81 in chips)
Seat 4: Anchig ($168.68 in chips)
Aragorn ll: posts small blind $1
Anchig: posts big blind $3
*** HOLE CARDS ***
Aragorn ll: raises $3 to $6
Anchig: calls $3
*** FLOP *** [3h 9d 8s]
Anchig: checks
Aragorn ll: checks
*** TURN *** [3h 9d 8s] [2s]
Anchig: bets $6
Aragorn ll: calls $6
*** RIVER *** [3h 9d 8s 2s] [7c]
Anchig: bets $6
Aragorn ll: raises $6 to $12
Anchig: calls $6
*** SHOW DOWN ***
Aragorn ll: shows [5d 6d] (a straight, Five to Nine)
Anchig: mucks hand
Aragorn ll collected $47.50 from pot
*** SUMMARY ***
Total pot $48 | Rake $0.50
Board [3h 9d 8s 2s 7c]
Seat 3: Aragorn ll (button) (small blind) showed [5d 6d] and won ($47.50) with a straight, Five to Nine
Seat 4: Anchig (big blind) mucked


PokerStars Hand #172933020263:  Hold'em Limit ($3/$6 USD) - 2017/07/12 9:15:20 ET
Table 'Tamara' 6-max Seat #3 is the button
Seat 3: Aragorn ll ($111.81 in chips)
Seat 4: Anchig ($129.68 in chips)
Aragorn ll: posts small blind $1
Anchig: posts big blind $3
*** HOLE CARDS ***
Aragorn ll: folds
Uncalled bet ($2) returned to Anchig
Anchig collected $2 from pot
Anchig: doesn't show hand
*** SUMMARY ***
Total pot $2 | Rake $0
Seat 3: Aragorn ll (button) (small blind) folded before Flop
Seat 4: Anchig (big blind) collected ($2)


PokerStars Hand #172933009436:  Hold'em Limit ($3/$6 USD) - 2017/07/12 9:14:59 ET
Table 'Tamara' 6-max Seat #4 is the button
Seat 3: Aragorn ll ($97.31 in chips)
Seat 4: Anchig ($144.68 in chips)
Anchig: posts small blind $1
Aragorn ll: posts big blind $3
*** HOLE CARDS ***
Anchig: raises $3 to $6
Aragorn ll: calls $3
*** FLOP *** [8s 9d 4c]
Aragorn ll: checks
Anchig: bets $3
Aragorn ll: calls $3
*** TURN *** [8s 9d 4c] [Qc]
Aragorn ll: checks
Anchig: bets $6
Aragorn ll: raises $6 to $12
Anchig: folds
Uncalled bet ($6) returned to Aragorn ll
Aragorn ll collected $29.50 from pot
Aragorn ll: doesn't show hand
*** SUMMARY ***
Total pot $30 | Rake $0.50
Board [8s 9d 4c Qc]
Seat 3: Aragorn ll (big blind) collected ($29.50)
Seat 4: Anchig (button) (small blind) folded on the Turn


PokerStars Hand #172933054528:  Hold'em Limit ($3/$6 USD) - 2017/07/12 9:16:25 ET
Table 'Tamara' 6-max Seat #3 is the button
Seat 3: Aragorn ll ($104.31 in chips)
Seat 4: Anchig ($135.94 in chips)
Aragorn ll: posts small blind $1
Anchig: posts big blind $3
*** HOLE CARDS ***
Aragorn ll: raises $3 to $6
Anchig: calls $3
*** FLOP *** [6d As Qh]
Anchig: checks
Aragorn ll: bets $3
Anchig: calls $3
*** TURN *** [6d As Qh] [Qc]
Anchig: checks
Aragorn ll: bets $6
Anchig: calls $6
*** RIVER *** [6d As Qh Qc] [6c]
Anchig: checks
Aragorn ll: bets $6
Anchig: calls $6
*** SHOW DOWN ***
Aragorn ll: shows [Js 2s] (two pair, Queens and Sixes)
Anchig: shows [6s 5h] (a full house, Sixes full of Queens)
Anchig collected $41.50 from pot
*** SUMMARY ***
Total pot $42 | Rake $0.50
Board [6d As Qh Qc 6c]
Seat 3: Aragorn ll (button) (small blind) showed [Js 2s] and lost with two pair, Queens and Sixes
Seat 4: Anchig (big blind) showed [6s 5h] and won ($41.50) with a full house, Sixes full of Queens


PokerStars Hand #172933041699:  Hold'em Limit ($3/$6 USD) - 2017/07/12 9:16:01 ET
Table 'Tamara' 6-max Seat #3 is the button
Seat 3: Aragorn ll ($111.31 in chips)
Seat 4: Anchig ($129.18 in chips)
Aragorn ll: posts small blind $1
Anchig: posts big blind $3
*** HOLE CARDS ***
Aragorn ll: folds
Uncalled bet ($2) returned to Anchig
Anchig collected $2 from pot
Anchig: doesn't show hand
*** SUMMARY ***
Total pot $2 | Rake $0
Seat 3: Aragorn ll (button) (small blind) folded before Flop
Seat 4: Anchig (big blind) collected ($2)


PokerStars Hand #172933032606:  Hold'em Limit ($3/$6 USD) - 2017/07/12 9:15:43 ET
Table 'Tamara' 6-max Seat #4 is the button
Seat 3: Aragorn ll ($129.31 in chips)
Seat 4: Anchig ($111.68 in chips)
Anchig: posts small blind $1
Aragorn ll: posts big blind $3
*** HOLE CARDS ***
Anchig: raises $3 to $6
Aragorn ll: calls $3
*** FLOP *** [As 7c 7d]
Aragorn ll: checks
Anchig: checks
*** TURN *** [As 7c 7d] [3s]
Aragorn ll: bets $6
Anchig: calls $6
*** RIVER *** [As 7c 7d 3s] [7s]
Aragorn ll: checks
Anchig: bets $6
Aragorn ll: calls $6
*** SHOW DOWN ***
Anchig: shows [Td 7h] (four of a kind, Sevens)
Aragorn ll: mucks hand
Anchig collected $35.50 from pot
*** SUMMARY ***
Total pot $36 | Rake $0.50
Board [As 7c 7d 3s 7s]
Seat 3: Aragorn ll (big blind) mucked
Seat 4: Anchig (button) (small blind) showed [Td 7h] and won ($35.50) with four of a kind, Sevens


PokerStars Hand #172933047875:  Hold'em Limit ($3/$6 USD) - 2017/07/12 9:16:13 ET
Table 'Tamara' 6-max Seat #3 is the button
Seat 3: Aragorn ll ($111.31 in chips)
Seat 4: Anchig ($129.18 in chips)
Aragorn ll: posts small blind $1
Anchig: posts big blind $3
*** HOLE CARDS ***
Aragorn ll: folds
Uncalled bet ($2) returned to Anchig
Anchig collected $2 from pot
Anchig: doesn't show hand
*** SUMMARY ***
Total pot $2 | Rake $0
Seat 3: Aragorn ll (button) (small blind) folded before Flop
Seat 4: Anchig (big blind) collected ($2)


PokerStars Hand #172933044147:  Hold'em Limit ($3/$6 USD) - 2017/07/12 9:16:05 ET
Table 'Tamara' 6-max Seat #4 is the button
Seat 3: Aragorn ll ($110.31 in chips)
Seat 4: Anchig ($130.18 in chips)
Anchig: posts small blind $1
Aragorn ll: posts big blind $3
*** HOLE CARDS ***
Anchig: folds
Uncalled bet ($2) returned to Aragorn ll
Aragorn ll collected $2 from pot
Aragorn ll: doesn't show hand
*** SUMMARY ***
Total pot $2 | Rake $0
Seat 3: Aragorn ll (big blind) collected ($2)
Seat 4: Anchig (button) (small blind) folded before Flop


PokerStars Hand #172933050249:  Hold'em Limit ($3/$6 USD) - 2017/07/12 9:16:17 ET
Table 'Tamara' 6-max Seat #4 is the button
Seat 3: Aragorn ll ($110.31 in chips)
Seat 4: Anchig ($130.18 in chips)
Anchig: posts small blind $1
Aragorn ll: posts big blind $3
*** HOLE CARDS ***
Anchig: raises $3 to $6
Aragorn ll: calls $3
*** FLOP *** [Th Qc 6h]
Aragorn ll: checks
Anchig: bets $3
Aragorn ll: folds
Uncalled bet ($3) returned to Anchig
Anchig collected $11.76 from pot
Anchig: doesn't show hand
*** SUMMARY ***
Total pot $12 | Rake $0.24
Board [Th Qc 6h]
Seat 3: Aragorn ll (big blind) folded on the Flop
Seat 4: Anchig (button) (small blind) collected ($11.76)


PokerStars Hand #172933092996:  Hold'em Limit ($3/$6 USD) - 2017/07/12 9:17:39 ET
Table 'Tamara' 6-max Seat #3 is the button
Seat 3: Aragorn ll ($41.31 in chips)
Seat 4: Anchig ($197.22 in chips)
Aragorn ll: posts small blind $1
Anchig: posts big blind $3
*** HOLE CARDS ***
Aragorn ll: folds
Uncalled bet ($2) returned to Anchig
Anchig collected $2 from pot
Anchig: doesn't show hand
*** SUMMARY ***
Total pot $2 | Rake $0
Seat 3: Aragorn ll (button) (small blind) folded before Flop
Seat 4: Anchig (big blind) collected ($2)


PokerStars Hand #172933083069:  Hold'em Limit ($3/$6 USD) - 2017/07/12 9:17:20 ET
Table 'Tamara' 6-max Seat #4 is the button
Seat 3: Aragorn ll ($50.31 in chips)
Seat 4: Anchig ($188.58 in chips)
Anchig: posts small blind $1
Aragorn ll: posts big blind $3
*** HOLE CARDS ***
Anchig: raises $3 to $6
Aragorn ll: calls $3
*** FLOP *** [4d Qd 5d]
Aragorn ll: bets $3
Anchig: calls $3
*** TURN *** [4d Qd 5d] [8h]
Aragorn ll: checks
Anchig: checks
*** RIVER *** [4d Qd 5d 8h] [8s]
Aragorn ll: checks
Anchig: checks
*** SHOW DOWN ***
Aragorn ll: shows [2d 3s] (a pair of Eights)
Anchig: shows [3h Kd] (a pair of Eights - King kicker)
Anchig collected $17.64 from pot
*** SUMMARY ***
Total pot $18 | Rake $0.36
Board [4d Qd 5d 8h 8s]
Seat 3: Aragorn ll (big blind) showed [2d 3s] and lost with a pair of Eights
Seat 4: Anchig (button) (small blind) showed [3h Kd] and won ($17.64) with a pair of Eights


PokerStars Hand #172933064704:  Hold'em Limit ($3/$6 USD) - 2017/07/12 9:16:45 ET
Table 'Tamara' 6-max Seat #4 is the button
Seat 3: Aragorn ll ($83.31 in chips)
Seat 4: Anchig ($156.44 in chips)
Anchig: posts small blind $1
Aragorn ll: posts big blind $3
*** HOLE CARDS ***
Anchig: raises $3 to $6
Aragorn ll: raises $3 to $9
Anchig: raises $3 to $12
Betting is capped
Aragorn ll: calls $3
*** FLOP *** [Th Qs 7s]
Aragorn ll: bets $3
Anchig: raises $3 to $6
Aragorn ll: calls $3
*** TURN *** [Th Qs 7s] [8c]
Aragorn ll: checks
Anchig: checks
*** RIVER *** [Th Qs 7s 8c] [Jd]
Aragorn ll: bets $6
Anchig: calls $6
*** SHOW DOWN ***
Aragorn ll: shows [Kc Ts] (a pair of Tens)
Anchig: shows [Js As] (a pair of Jacks)
Anchig collected $47.50 from pot
*** SUMMARY ***
Total pot $48 | Rake $0.50
Board [Th Qs 7s 8c Jd]
Seat 3: Aragorn ll (big blind) showed [Kc Ts] and lost with a pair of Tens
Seat 4: Anchig (button) (small blind) showed [Js As] and won ($47.50) with a pair of Jacks


PokerStars Hand #172933074263:  Hold'em Limit ($3/$6 USD) - 2017/07/12 9:17:03 ET
Table 'Tamara' 6-max Seat #3 is the button
Seat 3: Aragorn ll ($59.31 in chips)
Seat 4: Anchig ($179.94 in chips)
Aragorn ll: posts small blind $1
Anchig: posts big blind $3
*** HOLE CARDS ***
Aragorn ll: raises $3 to $6
Anchig: calls $3
*** FLOP *** [3h Kc 8s]
Anchig: checks
Aragorn ll: bets $3
Anchig: calls $3
*** TURN *** [3h Kc 8s] [Kh]
Anchig: checks
Aragorn ll: checks
*** RIVER *** [3h Kc 8s Kh] [8d]
Anchig: checks
Aragorn ll: checks
*** SHOW DOWN ***
Anchig: shows [Tc 9s] (two pair, Kings and Eights)
Aragorn ll: mucks hand
Anchig collected $17.64 from pot
*** SUMMARY ***
Total pot $18 | Rake $0.36
Board [3h Kc 8s Kh 8d]
Seat 3: Aragorn ll (button) (small blind) mucked
Seat 4: Anchig (big blind) showed [Tc 9s] and won ($17.64) with two pair, Kings and Eights


PokerStars Hand #172933105405:  Hold'em Limit ($3/$6 USD) - 2017/07/12 9:18:03 ET
Table 'Tamara' 6-max Seat #3 is the button
Seat 3: Aragorn ll ($31.31 in chips)
Seat 4: Anchig ($206.86 in chips)
Aragorn ll: posts small blind $1
Anchig: posts big blind $3
*** HOLE CARDS ***
Aragorn ll: folds
Uncalled bet ($2) returned to Anchig
Anchig collected $2 from pot
Anchig: doesn't show hand
*** SUMMARY ***
Total pot $2 | Rake $0
Seat 3: Aragorn ll (button) (small blind) folded before Flop
Seat 4: Anchig (big blind) collected ($2)


PokerStars Hand #172933095318:  Hold'em Limit ($3/$6 USD) - 2017/07/12 9:17:43 ET
Table 'Tamara' 6-max Seat #4 is the button
Seat 3: Aragorn ll ($40.31 in chips)
Seat 4: Anchig ($198.22 in chips)
Anchig: posts small blind $1
Aragorn ll: posts big blind $3
*** HOLE CARDS ***
Anchig: raises $3 to $6
Aragorn ll: calls $3
*** FLOP *** [4h 6d 4d]
fretan1993 joins the table at seat #6
Aragorn ll: checks
Anchig: bets $3
Aragorn ll: calls $3
*** TURN *** [4h 6d 4d] [2d]
Aragorn ll: checks
Anchig: bets $6
Aragorn ll: folds
Uncalled bet ($6) returned to Anchig
Anchig collected $17.64 from pot
Anchig: doesn't show hand
*** SUMMARY ***
Total pot $18 | Rake $0.36
Board [4h 6d 4d 2d]
Seat 3: Aragorn ll (big blind) folded on the Turn
Seat 4: Anchig (button) (small blind) collected ($17.64)


PokerStars Hand #172933826608:  Hold'em Limit ($3/$6 USD) - 2017/07/12 9:40:49 ET
Table 'Tamara' 6-max Seat #1 is the button
Seat 1: Pelurile ($125.58 in chips)
Seat 6: fretan1993 ($27.18 in chips)
Pelurile: posts small blind $1
Anchig: is sitting out
fretan1993: posts big blind $3
*** HOLE CARDS ***
Anchig leaves the table
Pelurile: raises $3 to $6
fretan1993: folds
Uncalled bet ($3) returned to Pelurile
Pelurile collected $6 from pot
Pelurile: doesn't show hand
*** SUMMARY ***
Total pot $6 | Rake $0
Seat 1: Pelurile (button) (small blind) collected ($6)
Seat 6: fretan1993 (big blind) folded before Flop


PokerStars Hand #172933861946:  Hold'em Limit ($3/$6 USD) - 2017/07/12 9:41:58 ET
Table 'Tamara' 6-max Seat #1 is the button
Seat 1: Pelurile ($137.22 in chips)
Seat 6: fretan1993 ($15.06 in chips)
Pelurile: posts small blind $1
fretan1993: posts big blind $3
*** HOLE CARDS ***
Pelurile: folds
Uncalled bet ($2) returned to fretan1993
fretan1993 collected $2 from pot
fretan1993: doesn't show hand
*** SUMMARY ***
Total pot $2 | Rake $0
Seat 1: Pelurile (button) (small blind) folded before Flop
Seat 6: fretan1993 (big blind) collected ($2)


PokerStars Hand #172933851814:  Hold'em Limit ($3/$6 USD) - 2017/07/12 9:41:38 ET
Table 'Tamara' 6-max Seat #6 is the button
Seat 1: Pelurile ($128.58 in chips)
Seat 6: fretan1993 ($24.06 in chips)
fretan1993: posts small blind $1
Pelurile: posts big blind $3
*** HOLE CARDS ***
fretan1993: raises $3 to $6
Pelurile: calls $3
*** FLOP *** [Kd 6s Kc]
Pelurile: checks
fretan1993: bets $3
Pelurile: raises $3 to $6
fretan1993: folds
Uncalled bet ($3) returned to Pelurile
Pelurile collected $17.64 from pot
Pelurile: doesn't show hand
*** SUMMARY ***
Total pot $18 | Rake $0.36
Board [Kd 6s Kc]
Seat 1: Pelurile (big blind) collected ($17.64)
Seat 6: fretan1993 (button) (small blind) folded on the Flop


PokerStars Hand #172933847937:  Hold'em Limit ($3/$6 USD) - 2017/07/12 9:41:30 ET
Table 'Tamara' 6-max Seat #1 is the button
Seat 1: Pelurile ($125.58 in chips)
Seat 6: fretan1993 ($27.06 in chips)
Pelurile: posts small blind $1
fretan1993: posts big blind $3
*** HOLE CARDS ***
Pelurile: raises $3 to $6
fretan1993: folds
Uncalled bet ($3) returned to Pelurile
Pelurile collected $6 from pot
Pelurile: doesn't show hand
*** SUMMARY ***
Total pot $6 | Rake $0
Seat 1: Pelurile (button) (small blind) collected ($6)
Seat 6: fretan1993 (big blind) folded before Flop


PokerStars Hand #172933831824:  Hold'em Limit ($3/$6 USD) - 2017/07/12 9:40:59 ET
Table 'Tamara' 6-max Seat #6 is the button
Seat 1: Pelurile ($128.58 in chips)
Seat 6: fretan1993 ($24.18 in chips)
fretan1993: posts small blind $1
Pelurile: posts big blind $3
*** HOLE CARDS ***
fretan1993: calls $2
Pelurile: checks
*** FLOP *** [5c Ks Js]
Pelurile: checks
fretan1993: checks
*** TURN *** [5c Ks Js] [Ac]
Pelurile: checks
fretan1993: checks
*** RIVER *** [5c Ks Js Ac] [6h]
Pelurile: checks
fretan1993: checks
*** SHOW DOWN ***
Pelurile: shows [4c 8c] (high card Ace)
fretan1993: shows [8d 6d] (a pair of Sixes)
fretan1993 collected $5.88 from pot
*** SUMMARY ***
Total pot $6 | Rake $0.12
Board [5c Ks Js Ac 6h]
Seat 1: Pelurile (big blind) showed [4c 8c] and lost with high card Ace
Seat 6: fretan1993 (button) (small blind) showed [8d 6d] and won ($5.88) with a pair of Sixes


PokerStars Hand #172933874179:  Hold'em Limit ($3/$6 USD) - 2017/07/12 9:42:21 ET
Table 'Tamara' 6-max Seat #1 is the button
Seat 1: Pelurile ($130.22 in chips)
Seat 6: fretan1993 ($21.82 in chips)
Pelurile: posts small blind $1
fretan1993: posts big blind $3
*** HOLE CARDS ***
Pelurile: raises $3 to $6
fretan1993: calls $3
*** FLOP *** [9c 5c 4s]
fretan1993: bets $3
Pelurile: raises $3 to $6
fretan1993: raises $3 to $9
Pelurile: raises $3 to $12
Betting is capped
fretan1993: calls $3
*** TURN *** [9c 5c 4s] [2h]
fretan1993: bets $3.82 and is all-in
Pelurile: calls $3.82
*** RIVER *** [9c 5c 4s 2h] [3d]
*** SHOW DOWN ***
fretan1993: shows [Js 4h] (a pair of Fours)
Pelurile: shows [7h 5s] (a pair of Fives)
Pelurile collected $43.14 from pot
*** SUMMARY ***
Total pot $43.64 | Rake $0.50
Board [9c 5c 4s 2h 3d]
Seat 1: Pelurile (button) (small blind) showed [7h 5s] and won ($43.14) with a pair of Fives
Seat 6: fretan1993 (big blind) showed [Js 4h] and lost with a pair of Fours


PokerStars Hand #172933864582:  Hold'em Limit ($3/$6 USD) - 2017/07/12 9:42:03 ET
Table 'Tamara' 6-max Seat #6 is the button
Seat 1: Pelurile ($136.22 in chips)
Seat 6: fretan1993 ($16.06 in chips)
fretan1993: posts small blind $1
Pelurile: posts big blind $3
*** HOLE CARDS ***
fretan1993: raises $3 to $6
Pelurile: calls $3
*** FLOP *** [Ad Qd 8s]
Pelurile: checks
fretan1993: bets $3
Pelurile: folds
Uncalled bet ($3) returned to fretan1993
fretan1993 collected $11.76 from pot
fretan1993: doesn't show hand
*** SUMMARY ***
Total pot $12 | Rake $0.24
Board [Ad Qd 8s]
Seat 1: Pelurile (big blind) folded on the Flop
Seat 6: fretan1993 (button) (small blind) collected ($11.76)


