PokerStars Hand #145461999528:  Hold'em Limit ($3/$6 USD) - 2015/12/16 20:21:23 ET
Table 'Tamara II' 2-max Seat #2 is the button
Seat 1: LifeisagameX ($30 in chips)
Seat 2: cebogo ($120 in chips)
cebogo: posts small blind $1
LifeisagameX: posts big blind $3
*** HOLE CARDS ***
cebogo: raises $3 to $6
LifeisagameX: raises $3 to $9
cebogo: raises $3 to $12
Betting is capped
LifeisagameX: calls $3
*** FLOP *** [Qh Tc Jd]
LifeisagameX: checks
cebogo: bets $3
LifeisagameX: calls $3
*** TURN *** [Qh Tc Jd] [6s]
LifeisagameX: checks
cebogo: bets $6
LifeisagameX: calls $6
*** RIVER *** [Qh Tc Jd 6s] [6d]
LifeisagameX: checks
cebogo: bets $6
LifeisagameX: calls $6
*** SHOW DOWN ***
cebogo: shows [Kh Ks] (two pair, Kings and Sixes)
LifeisagameX: mucks hand
cebogo collected $53.50 from pot
*** SUMMARY ***
Total pot $54 | Rake $0.50
Board [Qh Tc Jd 6s 6d]
Seat 1: LifeisagameX (big blind) mucked
Seat 2: cebogo (button) (small blind) showed [Kh Ks] and won ($53.50) with two pair, Kings and Sixes


PokerStars Hand #145462049127:  Hold'em Limit ($3/$6 USD) - 2015/12/16 20:23:01 ET
Table 'Tamara II' 2-max Seat #1 is the button
Seat 1: LifeisagameX ($11.52 in chips)
Seat 2: cebogo ($137.62 in chips)
LifeisagameX: posts small blind $1
cebogo: posts big blind $3
*** HOLE CARDS ***
LifeisagameX: raises $3 to $6
cebogo: raises $3 to $9
LifeisagameX: calls $3
*** FLOP *** [Jh 4d 4s]
cebogo: bets $3
LifeisagameX: calls $2.52 and is all-in
Uncalled bet ($0.48) returned to cebogo
*** TURN *** [Jh 4d 4s] [2s]
*** RIVER *** [Jh 4d 4s 2s] [Kc]
*** SHOW DOWN ***
cebogo: shows [Js As] (two pair, Jacks and Fours)
LifeisagameX: shows [Qs 3h] (a pair of Fours)
cebogo collected $22.58 from pot
*** SUMMARY ***
Total pot $23.04 | Rake $0.46
Board [Jh 4d 4s 2s Kc]
Seat 1: LifeisagameX (button) (small blind) showed [Qs 3h] and lost with a pair of Fours
Seat 2: cebogo (big blind) showed [Js As] and won ($22.58) with two pair, Jacks and Fours


PokerStars Hand #145462030452:  Hold'em Limit ($3/$6 USD) - 2015/12/16 20:22:23 ET
Table 'Tamara II' 2-max Seat #1 is the button
Seat 1: LifeisagameX ($3 in chips)
Seat 2: cebogo ($146.50 in chips)
LifeisagameX: posts small blind $1
cebogo: posts big blind $3
*** HOLE CARDS ***
LifeisagameX: calls $2 and is all-in
*** FLOP *** [6s Ks 5c]
*** TURN *** [6s Ks 5c] [8d]
*** RIVER *** [6s Ks 5c 8d] [Ac]
*** SHOW DOWN ***
cebogo: shows [Jh 3c] (high card Ace)
LifeisagameX: shows [6c Jc] (a pair of Sixes)
LifeisagameX collected $5.88 from pot
*** SUMMARY ***
Total pot $6 | Rake $0.12
Board [6s Ks 5c 8d Ac]
Seat 1: LifeisagameX (button) (small blind) showed [6c Jc] and won ($5.88) with a pair of Sixes
Seat 2: cebogo (big blind) showed [Jh 3c] and lost with high card Ace


PokerStars Hand #145462075193:  Hold'em Limit ($3/$6 USD) - 2015/12/16 20:23:52 ET
Table 'Tamara II' 2-max Seat #2 is the button
Seat 1: LifeisagameX ($30 in chips)
Seat 2: cebogo ($148.68 in chips)
cebogo: posts small blind $1
LifeisagameX: posts big blind $3
*** HOLE CARDS ***
cebogo: raises $3 to $6
LifeisagameX: folds
Uncalled bet ($3) returned to cebogo
cebogo collected $6 from pot
cebogo: doesn't show hand
*** SUMMARY ***
Total pot $6 | Rake $0
Seat 1: LifeisagameX (big blind) folded before Flop
Seat 2: cebogo (button) (small blind) collected ($6)


PokerStars Hand #145462081862:  Hold'em Limit ($3/$6 USD) - 2015/12/16 20:24:05 ET
Table 'Tamara II' 2-max Seat #1 is the button
Seat 1: LifeisagameX ($27 in chips)
Seat 2: cebogo ($151.68 in chips)
LifeisagameX: posts small blind $1
cebogo: posts big blind $3
*** HOLE CARDS ***
LifeisagameX: raises $3 to $6
cebogo: raises $3 to $9
LifeisagameX: calls $3
*** FLOP *** [Qc 8s 6c]
cebogo: bets $3
LifeisagameX: calls $3
*** TURN *** [Qc 8s 6c] [Ks]
cebogo: bets $6
LifeisagameX: raises $6 to $12
cebogo: raises $6 to $18
LifeisagameX: calls $3 and is all-in
Uncalled bet ($3) returned to cebogo
*** RIVER *** [Qc 8s 6c Ks] [3c]
*** SHOW DOWN ***
cebogo: shows [Js Jc] (a pair of Jacks)
LifeisagameX: shows [Kh 2h] (a pair of Kings)
LifeisagameX collected $53.50 from pot
*** SUMMARY ***
Total pot $54 | Rake $0.50
Board [Qc 8s 6c Ks 3c]
Seat 1: LifeisagameX (button) (small blind) showed [Kh 2h] and won ($53.50) with a pair of Kings
Seat 2: cebogo (big blind) showed [Js Jc] and lost with a pair of Jacks


PokerStars Hand #145462101011:  Hold'em Limit ($3/$6 USD) - 2015/12/16 20:24:43 ET
Table 'Tamara II' 2-max Seat #1 is the button
Seat 1: LifeisagameX ($47.50 in chips)
Seat 2: cebogo ($130.44 in chips)
LifeisagameX: posts small blind $1
cebogo: posts big blind $3
*** HOLE CARDS ***
LifeisagameX: raises $3 to $6
cebogo: calls $3
*** FLOP *** [6h 9s 6d]
cebogo: checks
LifeisagameX: checks
*** TURN *** [6h 9s 6d] [Ah]
cebogo: checks
LifeisagameX: bets $6
cebogo: folds
Uncalled bet ($6) returned to LifeisagameX
LifeisagameX collected $11.76 from pot
LifeisagameX: doesn't show hand
*** SUMMARY ***
Total pot $12 | Rake $0.24
Board [6h 9s 6d Ah]
Seat 1: LifeisagameX (button) (small blind) collected ($11.76)
Seat 2: cebogo (big blind) folded on the Turn


PokerStars Hand #145462093943:  Hold'em Limit ($3/$6 USD) - 2015/12/16 20:24:29 ET
Table 'Tamara II' 2-max Seat #2 is the button
Seat 1: LifeisagameX ($53.50 in chips)
Seat 2: cebogo ($124.68 in chips)
cebogo: posts small blind $1
LifeisagameX: posts big blind $3
*** HOLE CARDS ***
cebogo: raises $3 to $6
LifeisagameX: calls $3
*** FLOP *** [Tc Td Kh]
LifeisagameX: checks
cebogo: bets $3
LifeisagameX: folds
Uncalled bet ($3) returned to cebogo
cebogo collected $11.76 from pot
cebogo: doesn't show hand
*** SUMMARY ***
Total pot $12 | Rake $0.24
Board [Tc Td Kh]
Seat 1: LifeisagameX (big blind) folded on the Flop
Seat 2: cebogo (button) (small blind) collected ($11.76)


PokerStars Hand #145462110191:  Hold'em Limit ($3/$6 USD) - 2015/12/16 20:25:02 ET
Table 'Tamara II' 2-max Seat #2 is the button
Seat 1: LifeisagameX ($53.26 in chips)
Seat 2: cebogo ($124.44 in chips)
cebogo: posts small blind $1
LifeisagameX: posts big blind $3
*** HOLE CARDS ***
cebogo: raises $3 to $6
LifeisagameX: calls $3
*** FLOP *** [6s 9h Jc]
LifeisagameX: checks
cebogo: bets $3
LifeisagameX: folds
Uncalled bet ($3) returned to cebogo
cebogo collected $11.76 from pot
cebogo: doesn't show hand
*** SUMMARY ***
Total pot $12 | Rake $0.24
Board [6s 9h Jc]
Seat 1: LifeisagameX (big blind) folded on the Flop
Seat 2: cebogo (button) (small blind) collected ($11.76)


PokerStars Hand #145462135386:  Hold'em Limit ($3/$6 USD) - 2015/12/16 20:25:52 ET
Table 'Tamara II' 2-max Seat #2 is the button
Seat 1: LifeisagameX ($52.78 in chips)
Seat 2: cebogo ($123.84 in chips)
cebogo: posts small blind $1
LifeisagameX: posts big blind $3
*** HOLE CARDS ***
cebogo: folds
Uncalled bet ($2) returned to LifeisagameX
LifeisagameX collected $2 from pot
LifeisagameX: doesn't show hand
*** SUMMARY ***
Total pot $2 | Rake $0
Seat 1: LifeisagameX (big blind) collected ($2)
Seat 2: cebogo (button) (small blind) folded before Flop


PokerStars Hand #145462132112:  Hold'em Limit ($3/$6 USD) - 2015/12/16 20:25:45 ET
Table 'Tamara II' 2-max Seat #1 is the button
Seat 1: LifeisagameX ($49.78 in chips)
Seat 2: cebogo ($126.84 in chips)
LifeisagameX: posts small blind $1
cebogo: posts big blind $3
*** HOLE CARDS ***
LifeisagameX: raises $3 to $6
cebogo: folds
Uncalled bet ($3) returned to LifeisagameX
LifeisagameX collected $6 from pot
LifeisagameX: doesn't show hand
*** SUMMARY ***
Total pot $6 | Rake $0
Seat 1: LifeisagameX (button) (small blind) collected ($6)
Seat 2: cebogo (big blind) folded before Flop


PokerStars Hand #145462142008:  Hold'em Limit ($3/$6 USD) - 2015/12/16 20:26:05 ET
Table 'Tamara II' 2-max Seat #1 is the button
Seat 1: LifeisagameX ($53.78 in chips)
Seat 2: cebogo ($122.84 in chips)
LifeisagameX: posts small blind $1
cebogo: posts big blind $3
*** HOLE CARDS ***
LifeisagameX: raises $3 to $6
cebogo: raises $3 to $9
LifeisagameX: calls $3
*** FLOP *** [Jc 9d Td]
cebogo: bets $3
LifeisagameX: folds
Uncalled bet ($3) returned to cebogo
cebogo collected $17.64 from pot
cebogo: doesn't show hand
*** SUMMARY ***
Total pot $18 | Rake $0.36
Board [Jc 9d Td]
Seat 1: LifeisagameX (button) (small blind) folded on the Flop
Seat 2: cebogo (big blind) collected ($17.64)


PokerStars Hand #145462117227:  Hold'em Limit ($3/$6 USD) - 2015/12/16 20:25:16 ET
Table 'Tamara II' 2-max Seat #1 is the button
Seat 1: LifeisagameX ($47.26 in chips)
Seat 2: cebogo ($130.20 in chips)
LifeisagameX: posts small blind $1
cebogo: posts big blind $3
*** HOLE CARDS ***
LifeisagameX: raises $3 to $6
cebogo: raises $3 to $9
LifeisagameX: calls $3
*** FLOP *** [Ah Qs Kh]
cebogo: bets $3
LifeisagameX: folds
Uncalled bet ($3) returned to cebogo
cebogo collected $17.64 from pot
cebogo: doesn't show hand
*** SUMMARY ***
Total pot $18 | Rake $0.36
Board [Ah Qs Kh]
Seat 1: LifeisagameX (button) (small blind) folded on the Flop
Seat 2: cebogo (big blind) collected ($17.64)


PokerStars Hand #145462179997:  Hold'em Limit ($3/$6 USD) - 2015/12/16 20:27:21 ET
Table 'Tamara II' 2-max Seat #2 is the button
Seat 1: LifeisagameX ($68.28 in chips)
Seat 2: cebogo ($107.24 in chips)
cebogo: posts small blind $1
LifeisagameX: posts big blind $3
*** HOLE CARDS ***
cebogo: folds
Uncalled bet ($2) returned to LifeisagameX
LifeisagameX collected $2 from pot
LifeisagameX: doesn't show hand
*** SUMMARY ***
Total pot $2 | Rake $0
Seat 1: LifeisagameX (big blind) collected ($2)
Seat 2: cebogo (button) (small blind) folded before Flop


PokerStars Hand #145462161840:  Hold'em Limit ($3/$6 USD) - 2015/12/16 20:26:45 ET
Table 'Tamara II' 2-max Seat #1 is the button
Seat 1: LifeisagameX ($38.78 in chips)
Seat 2: cebogo ($137.24 in chips)
LifeisagameX: posts small blind $1
cebogo: posts big blind $3
*** HOLE CARDS ***
LifeisagameX: raises $3 to $6
cebogo: raises $3 to $9
LifeisagameX: calls $3
*** FLOP *** [4s 6h 2d]
cebogo: bets $3
LifeisagameX: calls $3
*** TURN *** [4s 6h 2d] [6d]
cebogo: bets $6
LifeisagameX: raises $6 to $12
cebogo: calls $6
*** RIVER *** [4s 6h 2d 6d] [8d]
cebogo: bets $6
LifeisagameX: calls $6
*** SHOW DOWN ***
cebogo: shows [Qs 9h] (a pair of Sixes)
LifeisagameX: shows [As Qc] (a pair of Sixes - Ace kicker)
LifeisagameX collected $59.50 from pot
*** SUMMARY ***
Total pot $60 | Rake $0.50
Board [4s 6h 2d 6d 8d]
Seat 1: LifeisagameX (button) (small blind) showed [As Qc] and won ($59.50) with a pair of Sixes
Seat 2: cebogo (big blind) showed [Qs 9h] and lost with a pair of Sixes


PokerStars Hand #145462147921:  Hold'em Limit ($3/$6 USD) - 2015/12/16 20:26:17 ET
Table 'Tamara II' 2-max Seat #2 is the button
Seat 1: LifeisagameX ($44.78 in chips)
Seat 2: cebogo ($131.48 in chips)
cebogo: posts small blind $1
LifeisagameX: posts big blind $3
*** HOLE CARDS ***
cebogo: raises $3 to $6
LifeisagameX: calls $3
*** FLOP *** [3c 6c Kh]
LifeisagameX: checks
cebogo: bets $3
LifeisagameX: folds
Uncalled bet ($3) returned to cebogo
cebogo collected $11.76 from pot
cebogo: doesn't show hand
*** SUMMARY ***
Total pot $12 | Rake $0.24
Board [3c 6c Kh]
Seat 1: LifeisagameX (big blind) folded on the Flop
Seat 2: cebogo (button) (small blind) collected ($11.76)


PokerStars Hand #145462159289:  Hold'em Limit ($3/$6 USD) - 2015/12/16 20:26:40 ET
Table 'Tamara II' 2-max Seat #2 is the button
Seat 1: LifeisagameX ($37.78 in chips)
Seat 2: cebogo ($138.24 in chips)
cebogo: posts small blind $1
LifeisagameX: posts big blind $3
*** HOLE CARDS ***
cebogo: folds
Uncalled bet ($2) returned to LifeisagameX
LifeisagameX collected $2 from pot
LifeisagameX: doesn't show hand
*** SUMMARY ***
Total pot $2 | Rake $0
Seat 1: LifeisagameX (big blind) collected ($2)
Seat 2: cebogo (button) (small blind) folded before Flop


PokerStars Hand #145462155855:  Hold'em Limit ($3/$6 USD) - 2015/12/16 20:26:33 ET
Table 'Tamara II' 2-max Seat #1 is the button
Seat 1: LifeisagameX ($38.78 in chips)
Seat 2: cebogo ($137.24 in chips)
LifeisagameX: posts small blind $1
cebogo: posts big blind $3
*** HOLE CARDS ***
LifeisagameX: folds
Uncalled bet ($2) returned to cebogo
cebogo collected $2 from pot
cebogo: doesn't show hand
*** SUMMARY ***
Total pot $2 | Rake $0
Seat 1: LifeisagameX (button) (small blind) folded before Flop
Seat 2: cebogo (big blind) collected ($2)


PokerStars Hand #145462182476:  Hold'em Limit ($3/$6 USD) - 2015/12/16 20:27:26 ET
Table 'Tamara II' 2-max Seat #1 is the button
Seat 1: LifeisagameX ($69.28 in chips)
Seat 2: cebogo ($106.24 in chips)
LifeisagameX: posts small blind $1
cebogo: posts big blind $3
*** HOLE CARDS ***
LifeisagameX: raises $3 to $6
cebogo: raises $3 to $9
LifeisagameX: calls $3
*** FLOP *** [4s Jc 6c]
cebogo: bets $3
LifeisagameX: calls $3
*** TURN *** [4s Jc 6c] [3s]
cebogo: bets $6
LifeisagameX: calls $6
*** RIVER *** [4s Jc 6c 3s] [7d]
cebogo: bets $6
LifeisagameX: calls $6
*** SHOW DOWN ***
cebogo: shows [7s 9h] (a pair of Sevens)
LifeisagameX: mucks hand
cebogo collected $47.50 from pot
*** SUMMARY ***
Total pot $48 | Rake $0.50
Board [4s Jc 6c 3s 7d]
Seat 1: LifeisagameX (button) (small blind) mucked
Seat 2: cebogo (big blind) showed [7s 9h] and won ($47.50) with a pair of Sevens


PokerStars Hand #145462200350:  Hold'em Limit ($3/$6 USD) - 2015/12/16 20:28:02 ET
Table 'Tamara II' 2-max Seat #2 is the button
Seat 1: LifeisagameX ($45.28 in chips)
Seat 2: cebogo ($129.74 in chips)
cebogo: posts small blind $1
LifeisagameX: posts big blind $3
*** HOLE CARDS ***
cebogo: folds
Uncalled bet ($2) returned to LifeisagameX
LifeisagameX collected $2 from pot
LifeisagameX: doesn't show hand
*** SUMMARY ***
Total pot $2 | Rake $0
Seat 1: LifeisagameX (big blind) collected ($2)
Seat 2: cebogo (button) (small blind) folded before Flop


PokerStars Hand #145462239707:  Hold'em Limit ($3/$6 USD) - 2015/12/16 20:29:21 ET
Table 'Tamara II' 2-max Seat #2 is the button
Seat 1: LifeisagameX ($34.28 in chips)
Seat 2: cebogo ($140.26 in chips)
cebogo: posts small blind $1
LifeisagameX: posts big blind $3
*** HOLE CARDS ***
cebogo: raises $3 to $6
LifeisagameX: raises $3 to $9
cebogo: calls $3
*** FLOP *** [6d 6h 3s]
LifeisagameX: bets $3
cebogo: calls $3
*** TURN *** [6d 6h 3s] [2d]
LifeisagameX: checks
cebogo: bets $6
LifeisagameX: calls $6
*** RIVER *** [6d 6h 3s 2d] [Kc]
LifeisagameX: checks
cebogo: checks
*** SHOW DOWN ***
LifeisagameX: shows [Qs Ts] (a pair of Sixes)
cebogo: shows [Qd 3d] (two pair, Sixes and Threes)
cebogo collected $35.50 from pot
*** SUMMARY ***
Total pot $36 | Rake $0.50
Board [6d 6h 3s 2d Kc]
Seat 1: LifeisagameX (big blind) showed [Qs Ts] and lost with a pair of Sixes
Seat 2: cebogo (button) (small blind) showed [Qd 3d] and won ($35.50) with two pair, Sixes and Threes


PokerStars Hand #145462263165:  Hold'em Limit ($3/$6 USD) - 2015/12/16 20:30:09 ET
Table 'Tamara II' 2-max Seat #1 is the button
Seat 1: LifeisagameX ($16.28 in chips)
Seat 2: cebogo ($157.76 in chips)
LifeisagameX: posts small blind $1
cebogo: posts big blind $3
*** HOLE CARDS ***
LifeisagameX: raises $3 to $6
cebogo: calls $3
*** FLOP *** [8h 6c 8s]
cebogo: checks
LifeisagameX: checks
*** TURN *** [8h 6c 8s] [6h]
cebogo: checks
LifeisagameX: bets $6
cebogo: folds
Uncalled bet ($6) returned to LifeisagameX
LifeisagameX collected $11.76 from pot
LifeisagameX: doesn't show hand
*** SUMMARY ***
Total pot $12 | Rake $0.24
Board [8h 6c 8s 6h]
Seat 1: LifeisagameX (button) (small blind) collected ($11.76)
Seat 2: cebogo (big blind) folded on the Turn


PokerStars Hand #145462286945:  Hold'em Limit ($3/$6 USD) - 2015/12/16 20:30:57 ET
Table 'Tamara II' 2-max Seat #2 is the button
Seat 1: LifeisagameX ($22.04 in chips)
Seat 2: cebogo ($151.76 in chips)
cebogo: posts small blind $1
LifeisagameX: posts big blind $3
*** HOLE CARDS ***
cebogo: raises $3 to $6
LifeisagameX: calls $3
*** FLOP *** [Js Ks 5s]
LifeisagameX: checks
cebogo: bets $3
LifeisagameX: folds
Uncalled bet ($3) returned to cebogo
cebogo collected $11.76 from pot
cebogo: doesn't show hand
*** SUMMARY ***
Total pot $12 | Rake $0.24
Board [Js Ks 5s]
Seat 1: LifeisagameX (big blind) folded on the Flop
Seat 2: cebogo (button) (small blind) collected ($11.76)


PokerStars Hand #145462303684:  Hold'em Limit ($3/$6 USD) - 2015/12/16 20:31:30 ET
Table 'Tamara II' 2-max Seat #1 is the button
Seat 1: LifeisagameX ($16.04 in chips)
Seat 2: cebogo ($157.52 in chips)
LifeisagameX: posts small blind $1
cebogo: posts big blind $3
*** HOLE CARDS ***
LifeisagameX: raises $3 to $6
cebogo: calls $3
*** FLOP *** [9d 3d 7s]
cebogo: checks
LifeisagameX: bets $3
cebogo: folds
Uncalled bet ($3) returned to LifeisagameX
LifeisagameX collected $11.76 from pot
LifeisagameX: doesn't show hand
*** SUMMARY ***
Total pot $12 | Rake $0.24
Board [9d 3d 7s]
Seat 1: LifeisagameX (button) (small blind) collected ($11.76)
Seat 2: cebogo (big blind) folded on the Flop


PokerStars Hand #145462324245:  Hold'em Limit ($3/$6 USD) - 2015/12/16 20:32:12 ET
Table 'Tamara II' 2-max Seat #2 is the button
Seat 1: LifeisagameX ($35.76 in chips)
Seat 2: cebogo ($151.52 in chips)
cebogo: posts small blind $1
LifeisagameX: posts big blind $3
*** HOLE CARDS ***
cebogo: raises $3 to $6
LifeisagameX: calls $3
*** FLOP *** [3s 8d 7c]
LifeisagameX: checks
cebogo: bets $3
LifeisagameX: calls $3
*** TURN *** [3s 8d 7c] [Ks]
LifeisagameX: checks
cebogo: bets $6
LifeisagameX: folds
Uncalled bet ($6) returned to cebogo
cebogo collected $17.64 from pot
cebogo: doesn't show hand
*** SUMMARY ***
Total pot $18 | Rake $0.36
Board [3s 8d 7c Ks]
Seat 1: LifeisagameX (big blind) folded on the Turn
Seat 2: cebogo (button) (small blind) collected ($17.64)


PokerStars Hand #145464647789:  Hold'em Limit ($3/$6 USD) - 2015/12/16 22:02:52 ET
Table 'Tamara II' 2-max Seat #1 is the button
Seat 1: LifeisagameX ($26.76 in chips)
Seat 2: Arsenal5015 ($120 in chips)
LifeisagameX: posts small blind $1
Arsenal5015: posts big blind $3
*** HOLE CARDS ***
LifeisagameX: raises $3 to $6
Arsenal5015: folds
Uncalled bet ($3) returned to LifeisagameX
LifeisagameX collected $6 from pot
LifeisagameX: doesn't show hand
*** SUMMARY ***
Total pot $6 | Rake $0
Seat 1: LifeisagameX (button) (small blind) collected ($6)
Seat 2: Arsenal5015 (big blind) folded before Flop


PokerStars Hand #145464659821:  Hold'em Limit ($3/$6 USD) - 2015/12/16 22:03:24 ET
Table 'Tamara II' 2-max Seat #2 is the button
Seat 1: LifeisagameX ($29.76 in chips)
Seat 2: Arsenal5015 ($117 in chips)
Arsenal5015: posts small blind $1
LifeisagameX: posts big blind $3
*** HOLE CARDS ***
Arsenal5015: raises $3 to $6
LifeisagameX: calls $3
*** FLOP *** [Kh Ks 2c]
LifeisagameX: checks
Arsenal5015: bets $3
LifeisagameX: folds
Uncalled bet ($3) returned to Arsenal5015
Arsenal5015 collected $11.76 from pot
Arsenal5015: doesn't show hand
*** SUMMARY ***
Total pot $12 | Rake $0.24
Board [Kh Ks 2c]
Seat 1: LifeisagameX (big blind) folded on the Flop
Seat 2: Arsenal5015 (button) (small blind) collected ($11.76)


PokerStars Hand #145464669800:  Hold'em Limit ($3/$6 USD) - 2015/12/16 22:03:50 ET
Table 'Tamara II' 2-max Seat #1 is the button
Seat 1: LifeisagameX ($23.76 in chips)
Seat 2: Arsenal5015 ($122.76 in chips)
LifeisagameX: posts small blind $1
Arsenal5015: posts big blind $3
*** HOLE CARDS ***
LifeisagameX: raises $3 to $6
Arsenal5015: folds
Uncalled bet ($3) returned to LifeisagameX
LifeisagameX collected $6 from pot
LifeisagameX: doesn't show hand
*** SUMMARY ***
Total pot $6 | Rake $0
Seat 1: LifeisagameX (button) (small blind) collected ($6)
Seat 2: Arsenal5015 (big blind) folded before Flop


PokerStars Hand #145464672255:  Hold'em Limit ($3/$6 USD) - 2015/12/16 22:03:57 ET
Table 'Tamara II' 2-max Seat #2 is the button
Seat 1: LifeisagameX ($26.76 in chips)
Seat 2: Arsenal5015 ($119.76 in chips)
Arsenal5015: posts small blind $1
LifeisagameX: posts big blind $3
*** HOLE CARDS ***
Arsenal5015: raises $3 to $6
LifeisagameX: calls $3
*** FLOP *** [9h Kc Js]
LifeisagameX: checks
Arsenal5015: checks
*** TURN *** [9h Kc Js] [7h]
LifeisagameX: bets $6
Arsenal5015: calls $6
*** RIVER *** [9h Kc Js 7h] [Ad]
LifeisagameX: checks
Arsenal5015: bets $6
LifeisagameX: calls $6
*** SHOW DOWN ***
Arsenal5015: shows [7c 7d] (three of a kind, Sevens)
LifeisagameX: mucks hand
Arsenal5015 collected $35.50 from pot
*** SUMMARY ***
Total pot $36 | Rake $0.50
Board [9h Kc Js 7h Ad]
Seat 1: LifeisagameX (big blind) mucked
Seat 2: Arsenal5015 (button) (small blind) showed [7c 7d] and won ($35.50) with three of a kind, Sevens


PokerStars Hand #145464689730:  Hold'em Limit ($3/$6 USD) - 2015/12/16 22:04:42 ET
Table 'Tamara II' 2-max Seat #1 is the button
Seat 1: LifeisagameX ($8.76 in chips)
Seat 2: Arsenal5015 ($137.26 in chips)
LifeisagameX: posts small blind $1
Arsenal5015: posts big blind $3
*** HOLE CARDS ***
LifeisagameX: raises $3 to $6
Arsenal5015: raises $3 to $9
LifeisagameX: calls $2.76 and is all-in
Uncalled bet ($0.24) returned to Arsenal5015
*** FLOP *** [2h 3s Jd]
*** TURN *** [2h 3s Jd] [9d]
*** RIVER *** [2h 3s Jd 9d] [6d]
*** SHOW DOWN ***
Arsenal5015: shows [5h Ac] (high card Ace)
LifeisagameX: shows [Ad 6s] (a pair of Sixes)
LifeisagameX collected $17.17 from pot
*** SUMMARY ***
Total pot $17.52 | Rake $0.35
Board [2h 3s Jd 9d 6d]
Seat 1: LifeisagameX (button) (small blind) showed [Ad 6s] and won ($17.17) with a pair of Sixes
Seat 2: Arsenal5015 (big blind) showed [5h Ac] and lost with high card Ace


PokerStars Hand #145464695527:  Hold'em Limit ($3/$6 USD) - 2015/12/16 22:04:57 ET
Table 'Tamara II' 2-max Seat #2 is the button
Seat 1: LifeisagameX ($43.56 in chips)
Seat 2: Arsenal5015 ($128.50 in chips)
Arsenal5015: posts small blind $1
LifeisagameX: posts big blind $3
*** HOLE CARDS ***
Arsenal5015: raises $3 to $6
LifeisagameX: folds
Uncalled bet ($3) returned to Arsenal5015
Arsenal5015 collected $6 from pot
Arsenal5015: doesn't show hand
*** SUMMARY ***
Total pot $6 | Rake $0
Seat 1: LifeisagameX (big blind) folded before Flop
Seat 2: Arsenal5015 (button) (small blind) collected ($6)


PokerStars Hand #145464702121:  Hold'em Limit ($3/$6 USD) - 2015/12/16 22:05:14 ET
Table 'Tamara II' 2-max Seat #1 is the button
Seat 1: LifeisagameX ($40.56 in chips)
Seat 2: Arsenal5015 ($131.50 in chips)
LifeisagameX: posts small blind $1
Arsenal5015: posts big blind $3
*** HOLE CARDS ***
LifeisagameX: raises $3 to $6
Arsenal5015: folds
Uncalled bet ($3) returned to LifeisagameX
LifeisagameX collected $6 from pot
LifeisagameX: doesn't show hand
*** SUMMARY ***
Total pot $6 | Rake $0
Seat 1: LifeisagameX (button) (small blind) collected ($6)
Seat 2: Arsenal5015 (big blind) folded before Flop


PokerStars Hand #145464706978:  Hold'em Limit ($3/$6 USD) - 2015/12/16 22:05:27 ET
Table 'Tamara II' 2-max Seat #2 is the button
Seat 1: LifeisagameX ($43.56 in chips)
Seat 2: Arsenal5015 ($128.50 in chips)
Arsenal5015: posts small blind $1
LifeisagameX: posts big blind $3
*** HOLE CARDS ***
Arsenal5015: raises $3 to $6
LifeisagameX: calls $3
*** FLOP *** [Qd Ah As]
LifeisagameX: checks
Arsenal5015: bets $3
LifeisagameX: folds
Uncalled bet ($3) returned to Arsenal5015
Arsenal5015 collected $11.76 from pot
Arsenal5015: doesn't show hand
*** SUMMARY ***
Total pot $12 | Rake $0.24
Board [Qd Ah As]
Seat 1: LifeisagameX (big blind) folded on the Flop
Seat 2: Arsenal5015 (button) (small blind) collected ($11.76)


PokerStars Hand #145464712288:  Hold'em Limit ($3/$6 USD) - 2015/12/16 22:05:41 ET
Table 'Tamara II' 2-max Seat #1 is the button
Seat 1: LifeisagameX ($37.56 in chips)
Seat 2: Arsenal5015 ($134.26 in chips)
LifeisagameX: posts small blind $1
Arsenal5015: posts big blind $3
*** HOLE CARDS ***
LifeisagameX: raises $3 to $6
Arsenal5015: calls $3
*** FLOP *** [7s 6s 2h]
Arsenal5015: checks
LifeisagameX: bets $3
Arsenal5015: raises $3 to $6
LifeisagameX: calls $3
*** TURN *** [7s 6s 2h] [Kd]
Arsenal5015: bets $6
LifeisagameX: calls $6
*** RIVER *** [7s 6s 2h Kd] [Qc]
Arsenal5015: checks
LifeisagameX: checks
*** SHOW DOWN ***
Arsenal5015: shows [7c 8h] (a pair of Sevens)
LifeisagameX: mucks hand
Arsenal5015 collected $35.50 from pot
*** SUMMARY ***
Total pot $36 | Rake $0.50
Board [7s 6s 2h Kd Qc]
Seat 1: LifeisagameX (button) (small blind) mucked
Seat 2: Arsenal5015 (big blind) showed [7c 8h] and won ($35.50) with a pair of Sevens


PokerStars Hand #145464729751:  Hold'em Limit ($3/$6 USD) - 2015/12/16 22:06:27 ET
Table 'Tamara II' 2-max Seat #2 is the button
Seat 1: LifeisagameX ($19.56 in chips)
Seat 2: Arsenal5015 ($151.76 in chips)
Arsenal5015: posts small blind $1
LifeisagameX: posts big blind $3
*** HOLE CARDS ***
Arsenal5015: raises $3 to $6
LifeisagameX: folds
Uncalled bet ($3) returned to Arsenal5015
Arsenal5015 collected $6 from pot
Arsenal5015: doesn't show hand
*** SUMMARY ***
Total pot $6 | Rake $0
Seat 1: LifeisagameX (big blind) folded before Flop
Seat 2: Arsenal5015 (button) (small blind) collected ($6)


PokerStars Hand #145464734503:  Hold'em Limit ($3/$6 USD) - 2015/12/16 22:06:40 ET
Table 'Tamara II' 2-max Seat #1 is the button
Seat 1: LifeisagameX ($16.56 in chips)
Seat 2: Arsenal5015 ($154.76 in chips)
LifeisagameX: posts small blind $1
Arsenal5015: posts big blind $3
*** HOLE CARDS ***
LifeisagameX: raises $3 to $6
Arsenal5015: calls $3
*** FLOP *** [5h 5c 9h]
Arsenal5015: checks
LifeisagameX: bets $3
Arsenal5015: raises $3 to $6
LifeisagameX: calls $3
*** TURN *** [5h 5c 9h] [As]
Arsenal5015: bets $6
LifeisagameX: calls $4.56 and is all-in
Uncalled bet ($1.44) returned to Arsenal5015
*** RIVER *** [5h 5c 9h As] [4h]
*** SHOW DOWN ***
Arsenal5015: shows [4s 9s] (two pair, Nines and Fives)
LifeisagameX: shows [Ks 4c] (two pair, Fives and Fours)
Arsenal5015 collected $32.62 from pot
*** SUMMARY ***
Total pot $33.12 | Rake $0.50
Board [5h 5c 9h As 4h]
Seat 1: LifeisagameX (button) (small blind) showed [Ks 4c] and lost with two pair, Fives and Fours
Seat 2: Arsenal5015 (big blind) showed [4s 9s] and won ($32.62) with two pair, Nines and Fives


PokerStars Hand #145464758270:  Hold'em Limit ($3/$6 USD) - 2015/12/16 22:07:43 ET
Table 'Tamara II' 2-max Seat #2 is the button
Seat 1: LifeisagameX ($30 in chips)
Seat 2: Arsenal5015 ($170.82 in chips)
Arsenal5015: posts small blind $1
LifeisagameX: posts big blind $3
*** HOLE CARDS ***
Arsenal5015: folds
Uncalled bet ($2) returned to LifeisagameX
LifeisagameX collected $2 from pot
LifeisagameX: doesn't show hand
*** SUMMARY ***
Total pot $2 | Rake $0
Seat 1: LifeisagameX (big blind) collected ($2)
Seat 2: Arsenal5015 (button) (small blind) folded before Flop


PokerStars Hand #145464760266:  Hold'em Limit ($3/$6 USD) - 2015/12/16 22:07:48 ET
Table 'Tamara II' 2-max Seat #1 is the button
Seat 1: LifeisagameX ($31 in chips)
Seat 2: Arsenal5015 ($169.82 in chips)
LifeisagameX: posts small blind $1
Arsenal5015: posts big blind $3
*** HOLE CARDS ***
LifeisagameX: raises $3 to $6
Arsenal5015: calls $3
*** FLOP *** [Kh 7s Js]
Arsenal5015: checks
LifeisagameX: bets $3
Arsenal5015: raises $3 to $6
LifeisagameX: calls $3
*** TURN *** [Kh 7s Js] [7h]
Arsenal5015: checks
LifeisagameX: checks
*** RIVER *** [Kh 7s Js 7h] [7c]
Arsenal5015: checks
LifeisagameX: checks
*** SHOW DOWN ***
Arsenal5015: shows [2s Qs] (three of a kind, Sevens)
LifeisagameX: mucks hand
Arsenal5015 collected $23.52 from pot
*** SUMMARY ***
Total pot $24 | Rake $0.48
Board [Kh 7s Js 7h 7c]
Seat 1: LifeisagameX (button) (small blind) mucked
Seat 2: Arsenal5015 (big blind) showed [2s Qs] and won ($23.52) with three of a kind, Sevens


PokerStars Hand #145464774644:  Hold'em Limit ($3/$6 USD) - 2015/12/16 22:08:26 ET
Table 'Tamara II' 2-max Seat #2 is the button
Seat 1: LifeisagameX ($19 in chips)
Seat 2: Arsenal5015 ($181.34 in chips)
Arsenal5015: posts small blind $1
LifeisagameX: posts big blind $3
*** HOLE CARDS ***
Arsenal5015: raises $3 to $6
LifeisagameX: raises $3 to $9
Arsenal5015: calls $3
*** FLOP *** [As Td 5s]
LifeisagameX: bets $3
Arsenal5015: folds
Uncalled bet ($3) returned to LifeisagameX
LifeisagameX collected $17.64 from pot
LifeisagameX: doesn't show hand
*** SUMMARY ***
Total pot $18 | Rake $0.36
Board [As Td 5s]
Seat 1: LifeisagameX (big blind) collected ($17.64)
Seat 2: Arsenal5015 (button) (small blind) folded on the Flop


PokerStars Hand #145464811108:  Hold'em Limit ($3/$6 USD) - 2015/12/16 22:10:05 ET
Table 'Tamara II' 2-max Seat #1 is the button
Seat 1: LifeisagameX ($36.78 in chips)
Seat 2: Arsenal5015 ($162.34 in chips)
LifeisagameX: posts small blind $1
Arsenal5015: posts big blind $3
*** HOLE CARDS ***
LifeisagameX: raises $3 to $6
Arsenal5015: calls $3
*** FLOP *** [8h 9s 9d]
Arsenal5015: checks
LifeisagameX: checks
*** TURN *** [8h 9s 9d] [3h]
Arsenal5015: bets $6
LifeisagameX: calls $6
*** RIVER *** [8h 9s 9d 3h] [Ks]
Arsenal5015: checks
LifeisagameX: bets $6
Arsenal5015: folds
Uncalled bet ($6) returned to LifeisagameX
LifeisagameX collected $23.52 from pot
LifeisagameX: doesn't show hand
*** SUMMARY ***
Total pot $24 | Rake $0.48
Board [8h 9s 9d 3h Ks]
Seat 1: LifeisagameX (button) (small blind) collected ($23.52)
Seat 2: Arsenal5015 (big blind) folded on the River


PokerStars Hand #145464786310:  Hold'em Limit ($3/$6 USD) - 2015/12/16 22:08:58 ET
Table 'Tamara II' 2-max Seat #1 is the button
Seat 1: LifeisagameX ($27.64 in chips)
Seat 2: Arsenal5015 ($172.34 in chips)
LifeisagameX: posts small blind $1
Arsenal5015: posts big blind $3
*** HOLE CARDS ***
LifeisagameX: raises $3 to $6
Arsenal5015: calls $3
*** FLOP *** [Qd Jc 7s]
Arsenal5015: checks
LifeisagameX: bets $3
Arsenal5015: calls $3
*** TURN *** [Qd Jc 7s] [Kd]
Arsenal5015: checks
LifeisagameX: checks
*** RIVER *** [Qd Jc 7s Kd] [Ks]
Arsenal5015: bets $6
LifeisagameX: folds
Uncalled bet ($6) returned to Arsenal5015
Arsenal5015 collected $17.64 from pot
Arsenal5015: doesn't show hand
*** SUMMARY ***
Total pot $18 | Rake $0.36
Board [Qd Jc 7s Kd Ks]
Seat 1: LifeisagameX (button) (small blind) folded on the River
Seat 2: Arsenal5015 (big blind) collected ($17.64)


PokerStars Hand #145464820946:  Hold'em Limit ($3/$6 USD) - 2015/12/16 22:10:32 ET
Table 'Tamara II' 2-max Seat #2 is the button
Seat 1: LifeisagameX ($48.30 in chips)
Seat 2: Arsenal5015 ($150.34 in chips)
Arsenal5015: posts small blind $1
LifeisagameX: posts big blind $3
*** HOLE CARDS ***
Arsenal5015: raises $3 to $6
LifeisagameX: calls $3
*** FLOP *** [Ks 7s 7c]
LifeisagameX: checks
Arsenal5015: bets $3
LifeisagameX: folds
Uncalled bet ($3) returned to Arsenal5015
Arsenal5015 collected $11.76 from pot
Arsenal5015: doesn't show hand
*** SUMMARY ***
Total pot $12 | Rake $0.24
Board [Ks 7s 7c]
Seat 1: LifeisagameX (big blind) folded on the Flop
Seat 2: Arsenal5015 (button) (small blind) collected ($11.76)


PokerStars Hand #145464832174:  Hold'em Limit ($3/$6 USD) - 2015/12/16 22:11:02 ET
Table 'Tamara II' 2-max Seat #1 is the button
Seat 1: LifeisagameX ($42.30 in chips)
Seat 2: Arsenal5015 ($156.10 in chips)
LifeisagameX: posts small blind $1
Arsenal5015: posts big blind $3
*** HOLE CARDS ***
LifeisagameX: raises $3 to $6
Arsenal5015: calls $3
*** FLOP *** [Kh Ah 8s]
Arsenal5015: checks
LifeisagameX: bets $3
Arsenal5015: raises $3 to $6
LifeisagameX: calls $3
*** TURN *** [Kh Ah 8s] [Kc]
Arsenal5015: bets $6
LifeisagameX: calls $6
*** RIVER *** [Kh Ah 8s Kc] [Qh]
Arsenal5015: checks
LifeisagameX: bets $6
Arsenal5015: folds
Uncalled bet ($6) returned to LifeisagameX
LifeisagameX collected $35.50 from pot
LifeisagameX: doesn't show hand
*** SUMMARY ***
Total pot $36 | Rake $0.50
Board [Kh Ah 8s Kc Qh]
Seat 1: LifeisagameX (button) (small blind) collected ($35.50)
Seat 2: Arsenal5015 (big blind) folded on the River


PokerStars Hand #145464844848:  Hold'em Limit ($3/$6 USD) - 2015/12/16 22:11:37 ET
Table 'Tamara II' 2-max Seat #2 is the button
Seat 1: LifeisagameX ($59.80 in chips)
Seat 2: Arsenal5015 ($138.10 in chips)
Arsenal5015: posts small blind $1
LifeisagameX: posts big blind $3
*** HOLE CARDS ***
Arsenal5015: raises $3 to $6
LifeisagameX: calls $3
*** FLOP *** [9c 6h 5h]
LifeisagameX: checks
Arsenal5015: checks
*** TURN *** [9c 6h 5h] [4s]
LifeisagameX: checks
Arsenal5015: bets $6
LifeisagameX: calls $6
*** RIVER *** [9c 6h 5h 4s] [Qd]
LifeisagameX: checks
Arsenal5015: checks
*** SHOW DOWN ***
LifeisagameX: shows [3s As] (high card Ace)
Arsenal5015: mucks hand
LifeisagameX collected $23.52 from pot
*** SUMMARY ***
Total pot $24 | Rake $0.48
Board [9c 6h 5h 4s Qd]
Seat 1: LifeisagameX (big blind) showed [3s As] and won ($23.52) with high card Ace
Seat 2: Arsenal5015 (button) (small blind) mucked


PokerStars Hand #145464869599:  Hold'em Limit ($3/$6 USD) - 2015/12/16 22:12:46 ET
Table 'Tamara II' 2-max Seat #2 is the button
Seat 1: LifeisagameX ($47.32 in chips)
Seat 2: Arsenal5015 ($149.60 in chips)
Arsenal5015: posts small blind $1
LifeisagameX: posts big blind $3
*** HOLE CARDS ***
Arsenal5015: raises $3 to $6
LifeisagameX: raises $3 to $9
Arsenal5015: calls $3
*** FLOP *** [2s Ks 5h]
LifeisagameX: bets $3
Arsenal5015: calls $3
*** TURN *** [2s Ks 5h] [8s]
LifeisagameX: checks
Arsenal5015: checks
*** RIVER *** [2s Ks 5h 8s] [7d]
LifeisagameX: checks
Arsenal5015: checks
*** SHOW DOWN ***
LifeisagameX: shows [As Kh] (a pair of Kings)
Arsenal5015: mucks hand
LifeisagameX collected $23.52 from pot
*** SUMMARY ***
Total pot $24 | Rake $0.48
Board [2s Ks 5h 8s 7d]
Seat 1: LifeisagameX (big blind) showed [As Kh] and won ($23.52) with a pair of Kings
Seat 2: Arsenal5015 (button) (small blind) mucked


PokerStars Hand #145464856772:  Hold'em Limit ($3/$6 USD) - 2015/12/16 22:12:10 ET
Table 'Tamara II' 2-max Seat #1 is the button
Seat 1: LifeisagameX ($71.32 in chips)
Seat 2: Arsenal5015 ($126.10 in chips)
LifeisagameX: posts small blind $1
Arsenal5015: posts big blind $3
*** HOLE CARDS ***
LifeisagameX: raises $3 to $6
Arsenal5015: raises $3 to $9
LifeisagameX: calls $3
*** FLOP *** [7s 9h Qh]
Arsenal5015: bets $3
LifeisagameX: calls $3
*** TURN *** [7s 9h Qh] [2h]
Arsenal5015: checks
LifeisagameX: bets $6
Arsenal5015: calls $6
*** RIVER *** [7s 9h Qh 2h] [5s]
Arsenal5015: checks
LifeisagameX: bets $6
Arsenal5015: calls $6
*** SHOW DOWN ***
LifeisagameX: shows [Js 7h] (a pair of Sevens)
Arsenal5015: shows [9c Kd] (a pair of Nines)
Arsenal5015 collected $47.50 from pot
*** SUMMARY ***
Total pot $48 | Rake $0.50
Board [7s 9h Qh 2h 5s]
Seat 1: LifeisagameX (button) (small blind) showed [Js 7h] and lost with a pair of Sevens
Seat 2: Arsenal5015 (big blind) showed [9c Kd] and won ($47.50) with a pair of Nines


PokerStars Hand #145464897355:  Hold'em Limit ($3/$6 USD) - 2015/12/16 22:14:02 ET
Table 'Tamara II' 2-max Seat #1 is the button
Seat 1: LifeisagameX ($38.84 in chips)
Seat 2: Arsenal5015 ($157.10 in chips)
LifeisagameX: posts small blind $1
Arsenal5015: posts big blind $3
*** HOLE CARDS ***
LifeisagameX: raises $3 to $6
Arsenal5015: calls $3
*** FLOP *** [3h 7d 2d]
Arsenal5015: checks
LifeisagameX: checks
*** TURN *** [3h 7d 2d] [Qs]
Arsenal5015: bets $6
LifeisagameX: raises $6 to $12
Arsenal5015: folds
Uncalled bet ($6) returned to LifeisagameX
LifeisagameX collected $23.52 from pot
LifeisagameX: doesn't show hand
*** SUMMARY ***
Total pot $24 | Rake $0.48
Board [3h 7d 2d Qs]
Seat 1: LifeisagameX (button) (small blind) collected ($23.52)
Seat 2: Arsenal5015 (big blind) folded on the Turn


PokerStars Hand #145464895451:  Hold'em Limit ($3/$6 USD) - 2015/12/16 22:13:56 ET
Table 'Tamara II' 2-max Seat #2 is the button
Seat 1: LifeisagameX ($37.84 in chips)
Seat 2: Arsenal5015 ($158.10 in chips)
Arsenal5015: posts small blind $1
LifeisagameX: posts big blind $3
*** HOLE CARDS ***
Arsenal5015: folds
Uncalled bet ($2) returned to LifeisagameX
LifeisagameX collected $2 from pot
LifeisagameX: doesn't show hand
*** SUMMARY ***
Total pot $2 | Rake $0
Seat 1: LifeisagameX (big blind) collected ($2)
Seat 2: Arsenal5015 (button) (small blind) folded before Flop


PokerStars Hand #145464880844:  Hold'em Limit ($3/$6 USD) - 2015/12/16 22:13:17 ET
Table 'Tamara II' 2-max Seat #1 is the button
Seat 1: LifeisagameX ($58.84 in chips)
Seat 2: Arsenal5015 ($137.60 in chips)
LifeisagameX: posts small blind $1
Arsenal5015: posts big blind $3
*** HOLE CARDS ***
LifeisagameX: raises $3 to $6
Arsenal5015: calls $3
*** FLOP *** [Ah Qs 9c]
Arsenal5015: checks
LifeisagameX: bets $3
Arsenal5015: calls $3
*** TURN *** [Ah Qs 9c] [As]
Arsenal5015: checks
LifeisagameX: bets $6
Arsenal5015: calls $6
*** RIVER *** [Ah Qs 9c As] [Tc]
Arsenal5015: checks
LifeisagameX: bets $6
Arsenal5015: calls $6
*** SHOW DOWN ***
LifeisagameX: shows [5h 4h] (a pair of Aces)
Arsenal5015: shows [2c Qc] (two pair, Aces and Queens)
Arsenal5015 collected $41.50 from pot
*** SUMMARY ***
Total pot $42 | Rake $0.50
Board [Ah Qs 9c As Tc]
Seat 1: LifeisagameX (button) (small blind) showed [5h 4h] and lost with a pair of Aces
Seat 2: Arsenal5015 (big blind) showed [2c Qc] and won ($41.50) with two pair, Aces and Queens


PokerStars Hand #145464922395:  Hold'em Limit ($3/$6 USD) - 2015/12/16 22:15:10 ET
Table 'Tamara II' 2-max Seat #2 is the button
Seat 1: LifeisagameX ($32.12 in chips)
Seat 2: Arsenal5015 ($162.60 in chips)
Arsenal5015: posts small blind $1
LifeisagameX: posts big blind $3
*** HOLE CARDS ***
Arsenal5015: folds
Uncalled bet ($2) returned to LifeisagameX
LifeisagameX collected $2 from pot
LifeisagameX: doesn't show hand
*** SUMMARY ***
Total pot $2 | Rake $0
Seat 1: LifeisagameX (big blind) collected ($2)
Seat 2: Arsenal5015 (button) (small blind) folded before Flop


PokerStars Hand #145464917512:  Hold'em Limit ($3/$6 USD) - 2015/12/16 22:14:56 ET
Table 'Tamara II' 2-max Seat #1 is the button
Seat 1: LifeisagameX ($26.36 in chips)
Seat 2: Arsenal5015 ($168.60 in chips)
LifeisagameX: posts small blind $1
Arsenal5015: posts big blind $3
*** HOLE CARDS ***
LifeisagameX: raises $3 to $6
Arsenal5015: calls $3
*** FLOP *** [Td 7c Jd]
Arsenal5015: checks
LifeisagameX: bets $3
Arsenal5015: folds
Uncalled bet ($3) returned to LifeisagameX
LifeisagameX collected $11.76 from pot
LifeisagameX: doesn't show hand
*** SUMMARY ***
Total pot $12 | Rake $0.24
Board [Td 7c Jd]
Seat 1: LifeisagameX (button) (small blind) collected ($11.76)
Seat 2: Arsenal5015 (big blind) folded on the Flop


PokerStars Hand #145464904732:  Hold'em Limit ($3/$6 USD) - 2015/12/16 22:14:21 ET
Table 'Tamara II' 2-max Seat #2 is the button
Seat 1: LifeisagameX ($50.36 in chips)
Seat 2: Arsenal5015 ($145.10 in chips)
Arsenal5015: posts small blind $1
LifeisagameX: posts big blind $3
*** HOLE CARDS ***
Arsenal5015: raises $3 to $6
LifeisagameX: raises $3 to $9
Arsenal5015: calls $3
*** FLOP *** [7s 4h Ks]
LifeisagameX: bets $3
Arsenal5015: calls $3
*** TURN *** [7s 4h Ks] [2h]
LifeisagameX: bets $6
Arsenal5015: calls $6
*** RIVER *** [7s 4h Ks 2h] [Ac]
LifeisagameX: bets $6
Arsenal5015: calls $6
*** SHOW DOWN ***
LifeisagameX: shows [6c 9c] (high card Ace)
Arsenal5015: shows [Jc Ad] (a pair of Aces)
Arsenal5015 collected $47.50 from pot
*** SUMMARY ***
Total pot $48 | Rake $0.50
Board [7s 4h Ks 2h Ac]
Seat 1: LifeisagameX (big blind) showed [6c 9c] and lost with high card Ace
Seat 2: Arsenal5015 (button) (small blind) showed [Jc Ad] and won ($47.50) with a pair of Aces


PokerStars Hand #145464932760:  Hold'em Limit ($3/$6 USD) - 2015/12/16 22:15:38 ET
Table 'Tamara II' 2-max Seat #2 is the button
Seat 1: LifeisagameX ($38.88 in chips)
Seat 2: Arsenal5015 ($155.60 in chips)
Arsenal5015: posts small blind $1
LifeisagameX: posts big blind $3
*** HOLE CARDS ***
Arsenal5015: folds
Uncalled bet ($2) returned to LifeisagameX
LifeisagameX collected $2 from pot
LifeisagameX: doesn't show hand
*** SUMMARY ***
Total pot $2 | Rake $0
Seat 1: LifeisagameX (big blind) collected ($2)
Seat 2: Arsenal5015 (button) (small blind) folded before Flop


PokerStars Hand #145464927384:  Hold'em Limit ($3/$6 USD) - 2015/12/16 22:15:23 ET
Table 'Tamara II' 2-max Seat #1 is the button
Seat 1: LifeisagameX ($33.12 in chips)
Seat 2: Arsenal5015 ($161.60 in chips)
LifeisagameX: posts small blind $1
Arsenal5015: posts big blind $3
*** HOLE CARDS ***
LifeisagameX: raises $3 to $6
Arsenal5015: calls $3
*** FLOP *** [9h 2h Ah]
Arsenal5015: checks
LifeisagameX: bets $3
Arsenal5015: folds
Uncalled bet ($3) returned to LifeisagameX
LifeisagameX collected $11.76 from pot
LifeisagameX: doesn't show hand
*** SUMMARY ***
Total pot $12 | Rake $0.24
Board [9h 2h Ah]
Seat 1: LifeisagameX (button) (small blind) collected ($11.76)
Seat 2: Arsenal5015 (big blind) folded on the Flop


PokerStars Hand #145464950172:  Hold'em Limit ($3/$6 USD) - 2015/12/16 22:16:25 ET
Table 'Tamara II' 2-max Seat #2 is the button
Seat 1: LifeisagameX ($54.38 in chips)
Seat 2: Arsenal5015 ($139.60 in chips)
Arsenal5015: posts small blind $1
LifeisagameX: posts big blind $3
*** HOLE CARDS ***
Arsenal5015: raises $3 to $6
LifeisagameX: calls $3
*** FLOP *** [Kc 4c Kh]
LifeisagameX: checks
Arsenal5015: bets $3
LifeisagameX: raises $3 to $6
Arsenal5015: calls $3
*** TURN *** [Kc 4c Kh] [5d]
LifeisagameX: bets $6
Arsenal5015: raises $6 to $12
LifeisagameX: calls $6
*** RIVER *** [Kc 4c Kh 5d] [9h]
LifeisagameX: checks
Arsenal5015: checks
*** SHOW DOWN ***
LifeisagameX: shows [6c 6d] (two pair, Kings and Sixes)
Arsenal5015: mucks hand
LifeisagameX collected $47.50 from pot
*** SUMMARY ***
Total pot $48 | Rake $0.50
Board [Kc 4c Kh 5d 9h]
Seat 1: LifeisagameX (big blind) showed [6c 6d] and won ($47.50) with two pair, Kings and Sixes
Seat 2: Arsenal5015 (button) (small blind) mucked


PokerStars Hand #145464934659:  Hold'em Limit ($3/$6 USD) - 2015/12/16 22:15:43 ET
Table 'Tamara II' 2-max Seat #1 is the button
Seat 1: LifeisagameX ($39.88 in chips)
Seat 2: Arsenal5015 ($154.60 in chips)
LifeisagameX: posts small blind $1
Arsenal5015: posts big blind $3
*** HOLE CARDS ***
LifeisagameX: raises $3 to $6
Arsenal5015: calls $3
*** FLOP *** [8h 9d Ts]
Arsenal5015: checks
LifeisagameX: bets $3
Arsenal5015: calls $3
*** TURN *** [8h 9d Ts] [2c]
Arsenal5015: checks
LifeisagameX: bets $6
Arsenal5015: calls $6
*** RIVER *** [8h 9d Ts 2c] [Th]
Arsenal5015: checks
LifeisagameX: bets $6
Arsenal5015: folds
Uncalled bet ($6) returned to LifeisagameX
LifeisagameX collected $29.50 from pot
LifeisagameX: doesn't show hand
*** SUMMARY ***
Total pot $30 | Rake $0.50
Board [8h 9d Ts 2c Th]
Seat 1: LifeisagameX (button) (small blind) collected ($29.50)
Seat 2: Arsenal5015 (big blind) folded on the River


PokerStars Hand #145464967959:  Hold'em Limit ($3/$6 USD) - 2015/12/16 22:17:14 ET
Table 'Tamara II' 2-max Seat #1 is the button
Seat 1: LifeisagameX ($77.88 in chips)
Seat 2: Arsenal5015 ($115.60 in chips)
LifeisagameX: posts small blind $1
Arsenal5015: posts big blind $3
*** HOLE CARDS ***
LifeisagameX: raises $3 to $6
Arsenal5015: calls $3
*** FLOP *** [8c Jd Td]
Arsenal5015: checks
LifeisagameX: checks
*** TURN *** [8c Jd Td] [5h]
Arsenal5015: bets $6
LifeisagameX: calls $6
*** RIVER *** [8c Jd Td 5h] [Ks]
Arsenal5015: bets $6
LifeisagameX: calls $6
*** SHOW DOWN ***
Arsenal5015: shows [Js 2s] (a pair of Jacks)
LifeisagameX: mucks hand
Arsenal5015 collected $35.50 from pot
*** SUMMARY ***
Total pot $36 | Rake $0.50
Board [8c Jd Td 5h Ks]
Seat 1: LifeisagameX (button) (small blind) mucked
Seat 2: Arsenal5015 (big blind) showed [Js 2s] and won ($35.50) with a pair of Jacks


PokerStars Hand #145465016024:  Hold'em Limit ($3/$6 USD) - 2015/12/16 22:19:27 ET
Table 'Tamara II' 2-max Seat #1 is the button
Seat 1: LifeisagameX ($38.88 in chips)
Seat 2: Arsenal5015 ($153.60 in chips)
LifeisagameX: posts small blind $1
Arsenal5015: posts big blind $3
*** HOLE CARDS ***
LifeisagameX: raises $3 to $6
Arsenal5015: calls $3
*** FLOP *** [9c Qh Ac]
Arsenal5015: checks
LifeisagameX: bets $3
Arsenal5015: folds
Uncalled bet ($3) returned to LifeisagameX
Arsenal5015 leaves the table
LifeisagameX collected $11.76 from pot
LifeisagameX: doesn't show hand
*** SUMMARY ***
Total pot $12 | Rake $0.24
Board [9c Qh Ac]
Seat 1: LifeisagameX (button) (small blind) collected ($11.76)
Seat 2: Arsenal5015 (big blind) folded on the Flop


PokerStars Hand #145464989465:  Hold'em Limit ($3/$6 USD) - 2015/12/16 22:18:13 ET
Table 'Tamara II' 2-max Seat #2 is the button
Seat 1: LifeisagameX ($59.88 in chips)
Seat 2: Arsenal5015 ($133.10 in chips)
Arsenal5015: posts small blind $1
LifeisagameX: posts big blind $3
*** HOLE CARDS ***
Arsenal5015: raises $3 to $6
LifeisagameX: calls $3
*** FLOP *** [Td Kh Qd]
LifeisagameX: checks
Arsenal5015: bets $3
LifeisagameX: calls $3
*** TURN *** [Td Kh Qd] [7s]
LifeisagameX: checks
Arsenal5015: checks
*** RIVER *** [Td Kh Qd 7s] [Ts]
LifeisagameX: bets $6
Arsenal5015: raises $6 to $12
LifeisagameX: calls $6
*** SHOW DOWN ***
Arsenal5015: shows [3h Th] (three of a kind, Tens)
LifeisagameX: mucks hand
Arsenal5015 collected $41.50 from pot
*** SUMMARY ***
Total pot $42 | Rake $0.50
Board [Td Kh Qd 7s Ts]
Seat 1: LifeisagameX (big blind) mucked
Seat 2: Arsenal5015 (button) (small blind) showed [3h Th] and won ($41.50) with three of a kind, Tens


