PokerStars Hand #170328543422:  Hold'em Limit ($3/$6 USD) - 2017/05/12 16:36:28 ET
Table 'Tamariwa' 6-max Seat #1 is the button
Seat 1: Velbor107 ($323.50 in chips)
Seat 6: reed 2000 ($15.24 in chips)
Velbor107: posts small blind $1
reed 2000: posts big blind $3
*** HOLE CARDS ***
Velbor107: raises $3 to $6
reed 2000: calls $3
*** FLOP *** [Ad 9h 9d]
reed 2000: checks
Velbor107: bets $3
reed 2000: folds
Uncalled bet ($3) returned to Velbor107
Velbor107 collected $11.76 from pot
*** SUMMARY ***
Total pot $12 | Rake $0.24
Board [Ad 9h 9d]
Seat 1: Velbor107 (button) (small blind) collected ($11.76)
Seat 6: reed 2000 (big blind) folded on the Flop


PokerStars Hand #170328558985:  Hold'em Limit ($3/$6 USD) - 2017/05/12 16:36:46 ET
Table 'Tamariwa' 6-max Seat #6 is the button
Seat 1: Velbor107 ($329.26 in chips)
Seat 6: reed 2000 ($9.24 in chips)
reed 2000: posts small blind $1
Velbor107: posts big blind $3
*** HOLE CARDS ***
reed 2000: folds
Uncalled bet ($2) returned to Velbor107
Velbor107 collected $2 from pot
*** SUMMARY ***
Total pot $2 | Rake $0
Seat 1: Velbor107 (big blind) collected ($2)
Seat 6: reed 2000 (button) (small blind) folded before Flop


PokerStars Hand #170328518126:  Hold'em Limit ($3/$6 USD) - 2017/05/12 16:36:00 ET
Table 'Tamariwa' 6-max Seat #6 is the button
Seat 1: Velbor107 ($300 in chips)
Seat 6: reed 2000 ($39.24 in chips)
reed 2000: posts small blind $1
Velbor107: posts big blind $3
*** HOLE CARDS ***
reed 2000: raises $3 to $6
Velbor107: calls $3
*** FLOP *** [Qs 7s 9h]
Velbor107: checks
reed 2000: bets $3
Velbor107: raises $3 to $6
reed 2000: calls $3
*** TURN *** [Qs 7s 9h] [4h]
Velbor107: bets $6
reed 2000: calls $6
*** RIVER *** [Qs 7s 9h 4h] [4c]
Velbor107: bets $6
reed 2000: calls $6
*** SHOW DOWN ***
Velbor107: shows [Qc Th] (two pair, Queens and Fours)
reed 2000: mucks hand
Velbor107 collected $47.50 from pot
*** SUMMARY ***
Total pot $48 | Rake $0.50
Board [Qs 7s 9h 4h 4c]
Seat 1: Velbor107 (big blind) showed [Qc Th] and won ($47.50) with two pair, Queens and Fours
Seat 6: reed 2000 (button) (small blind) mucked


PokerStars Hand #170328566443:  Hold'em Limit ($3/$6 USD) - 2017/05/12 16:36:54 ET
Table 'Tamariwa' 6-max Seat #1 is the button
Seat 1: Velbor107 ($330.26 in chips)
Seat 6: reed 2000 ($8.24 in chips)
Velbor107: posts small blind $1
reed 2000: posts big blind $3
*** HOLE CARDS ***
Velbor107: raises $3 to $6
reed 2000: raises $2.24 to $8.24 and is all-in
Velbor107: calls $2.24
*** FLOP *** [Kh 9h 7s]
*** TURN *** [Kh 9h 7s] [4d]
*** RIVER *** [Kh 9h 7s 4d] [Kc]
Siwy56 joins the table at seat #3
*** SHOW DOWN ***
reed 2000: shows [7c Jd] (two pair, Kings and Sevens)
Velbor107: shows [Qc 9s] (two pair, Kings and Nines)
Velbor107 collected $16.15 from pot
*** SUMMARY ***
Total pot $16.48 | Rake $0.33
Board [Kh 9h 7s 4d Kc]
Seat 1: Velbor107 (button) (small blind) showed [Qc 9s] and won ($16.15) with two pair, Kings and Nines
Seat 6: reed 2000 (big blind) showed [7c Jd] and lost with two pair, Kings and Sevens


PokerStars Hand #170328588921:  Hold'em Limit ($3/$6 USD) - 2017/05/12 16:37:20 ET
Table 'Tamariwa' 6-max Seat #3 is the button
Seat 1: Velbor107 ($338.17 in chips)
Seat 3: Siwy56 ($120 in chips)
Siwy56: posts small blind $1
Velbor107: posts big blind $3
*** HOLE CARDS ***
Siwy56: raises $3 to $6
Velbor107: calls $3
*** FLOP *** [3c 6s 5h]
Velbor107: checks
Siwy56: bets $3
Velbor107: calls $3
*** TURN *** [3c 6s 5h] [7d]
Velbor107: bets $6
Siwy56: raises $6 to $12
Velbor107: calls $6
*** RIVER *** [3c 6s 5h 7d] [8s]
Velbor107: checks
Siwy56: bets $6
Velbor107: folds
Uncalled bet ($6) returned to Siwy56
Siwy56 collected $41.50 from pot
Siwy56: doesn't show hand
*** SUMMARY ***
Total pot $42 | Rake $0.50
Board [3c 6s 5h 7d 8s]
Seat 1: Velbor107 (big blind) folded on the River
Seat 3: Siwy56 (button) (small blind) collected ($41.50)


PokerStars Hand #170328618347:  Hold'em Limit ($3/$6 USD) - 2017/05/12 16:37:53 ET
Table 'Tamariwa' 6-max Seat #1 is the button
Seat 1: Velbor107 ($317.17 in chips)
Seat 3: Siwy56 ($140.50 in chips)
Velbor107: posts small blind $1
Siwy56: posts big blind $3
*** HOLE CARDS ***
Velbor107: raises $3 to $6
Siwy56: calls $3
*** FLOP *** [2s 8c Ad]
Siwy56: checks
Velbor107: bets $3
Siwy56: calls $3
*** TURN *** [2s 8c Ad] [9c]
Siwy56: checks
Velbor107: checks
*** RIVER *** [2s 8c Ad 9c] [4d]
Siwy56: bets $6
Velbor107: folds
Uncalled bet ($6) returned to Siwy56
Siwy56 collected $17.64 from pot
Siwy56: doesn't show hand
*** SUMMARY ***
Total pot $18 | Rake $0.36
Board [2s 8c Ad 9c 4d]
Seat 1: Velbor107 (button) (small blind) folded on the River
Seat 3: Siwy56 (big blind) collected ($17.64)


PokerStars Hand #170332925851:  Hold'em Limit ($3/$6 USD) - 2017/05/12 18:03:54 ET
Table 'Tamariwa' 6-max Seat #1 is the button
Seat 1: Koraseg ($153.31 in chips)
Seat 3: Coldhandnik ($125 in chips)
Bedard will be allowed to play after the button
Koraseg: posts small blind $1
Coldhandnik: posts big blind $3
*** HOLE CARDS ***
Koraseg: raises $3 to $6
Coldhandnik: calls $3
*** FLOP *** [Ac 9s Qd]
Coldhandnik: checks
Koraseg: bets $3
Coldhandnik: raises $3 to $6
Koraseg: calls $3
*** TURN *** [Ac 9s Qd] [Js]
Coldhandnik: bets $6
Koraseg: calls $6
*** RIVER *** [Ac 9s Qd Js] [Kh]
igmade joins the table at seat #4
Coldhandnik: bets $6
Koraseg: calls $6
*** SHOW DOWN ***
Coldhandnik: shows [4s 6h] (high card Ace)
Koraseg: shows [8c Ad] (a pair of Aces)
Koraseg collected $47.50 from pot
*** SUMMARY ***
Total pot $48 | Rake $0.50
Board [Ac 9s Qd Js Kh]
Seat 1: Koraseg (button) (small blind) showed [8c Ad] and won ($47.50) with a pair of Aces
Seat 3: Coldhandnik (big blind) showed [4s 6h] and lost with high card Ace


