PokerStars Hand #155262817876:  Hold'em Limit ($3/$6 USD) - 2016/06/27 11:04:21 ET
Table 'Tama' 6-max Seat #5 is the button
Seat 5: DonRumato ($78.64 in chips)
Seat 6: ABATAPP ($120 in chips)
DonRumato: posts small blind $1
ABATAPP: posts big blind $3
*** HOLE CARDS ***
DonRumato: raises $3 to $6
ABATAPP: calls $3
*** FLOP *** [Qc 7c 4d]
ABATAPP: checks
DonRumato: bets $3
ABATAPP: calls $3
*** TURN *** [Qc 7c 4d] [6s]
ABATAPP: checks
DonRumato: bets $6
ABATAPP: calls $6
*** RIVER *** [Qc 7c 4d 6s] [8c]
ABATAPP: checks
DonRumato: checks
*** SHOW DOWN ***
ABATAPP: shows [As 4h] (a pair of Fours)
DonRumato: shows [9c 7h] (a pair of Sevens)
DonRumato collected $29.50 from pot
*** SUMMARY ***
Total pot $30 | Rake $0.50
Board [Qc 7c 4d 6s 8c]
Seat 5: DonRumato (button) (small blind) showed [9c 7h] and won ($29.50) with a pair of Sevens
Seat 6: ABATAPP (big blind) showed [As 4h] and lost with a pair of Fours


PokerStars Hand #155262803499:  Hold'em Limit ($3/$6 USD) - 2016/06/27 11:03:55 ET
Table 'Tama' 6-max Seat #6 is the button
Seat 5: DonRumato ($81.64 in chips)
Seat 6: ABATAPP ($117 in chips)
ABATAPP: posts small blind $1
AzureCaper: is sitting out
DonRumato: posts big blind $3
*** HOLE CARDS ***
AzureCaper leaves the table
ABATAPP: raises $3 to $6
DonRumato: folds
Uncalled bet ($3) returned to ABATAPP
ABATAPP collected $6 from pot
ABATAPP: doesn't show hand
*** SUMMARY ***
Total pot $6 | Rake $0
Seat 5: DonRumato (big blind) folded before Flop
Seat 6: ABATAPP (button) (small blind) collected ($6)


PokerStars Hand #155262837854:  Hold'em Limit ($3/$6 USD) - 2016/06/27 11:04:57 ET
Table 'Tama' 6-max Seat #5 is the button
Seat 5: DonRumato ($104.66 in chips)
Seat 6: ABATAPP ($93 in chips)
DonRumato: posts small blind $1
ABATAPP: posts big blind $3
*** HOLE CARDS ***
DonRumato: raises $3 to $6
ABATAPP: folds
Uncalled bet ($3) returned to DonRumato
DonRumato collected $6 from pot
*** SUMMARY ***
Total pot $6 | Rake $0
Seat 5: DonRumato (button) (small blind) collected ($6)
Seat 6: ABATAPP (big blind) folded before Flop


PokerStars Hand #155262828380:  Hold'em Limit ($3/$6 USD) - 2016/06/27 11:04:40 ET
Table 'Tama' 6-max Seat #6 is the button
Seat 5: DonRumato ($93.14 in chips)
Seat 6: ABATAPP ($105 in chips)
ABATAPP: posts small blind $1
DonRumato: posts big blind $3
*** HOLE CARDS ***
ABATAPP: raises $3 to $6
DonRumato: raises $3 to $9
ABATAPP: calls $3
*** FLOP *** [6c 9h 4s]
RockKillerTY joins the table at seat #1
DonRumato: bets $3
ABATAPP: calls $3
*** TURN *** [6c 9h 4s] [Jd]
DonRumato: bets $6
ABATAPP: folds
Uncalled bet ($6) returned to DonRumato
DonRumato collected $23.52 from pot
*** SUMMARY ***
Total pot $24 | Rake $0.48
Board [6c 9h 4s Jd]
Seat 5: DonRumato (big blind) collected ($23.52)
Seat 6: ABATAPP (button) (small blind) folded on the Turn


PokerStars Hand #155264968943:  Hold'em Limit ($3/$6 USD) - 2016/06/27 12:08:49 ET
Table 'Tama' 6-max Seat #6 is the button
Seat 4: manisped ($98.44 in chips)
Seat 6: ABATAPP ($336.35 in chips)
Ale4o will be allowed to play after the button
ABATAPP: posts small blind $1
Smitaren: is sitting out
manisped: posts big blind $3
*** HOLE CARDS ***
ABATAPP: raises $3 to $6
manisped: folds
Uncalled bet ($3) returned to ABATAPP
ABATAPP collected $6 from pot
ABATAPP: doesn't show hand
*** SUMMARY ***
Total pot $6 | Rake $0
Seat 4: manisped (big blind) folded before Flop
Seat 6: ABATAPP (button) (small blind) collected ($6)


PokerStars Hand #155265014822:  Hold'em Limit ($3/$6 USD) - 2016/06/27 12:10:16 ET
Table 'Tama' 6-max Seat #5 is the button
Seat 4: manisped ($79.94 in chips)
Seat 5: Ale4o ($198.14 in chips)
Ale4o: posts small blind $1
manisped: posts big blind $3
*** HOLE CARDS ***
Ale4o: raises $3 to $6
manisped: calls $3
*** FLOP *** [8c 4h 4s]
manisped: bets $3
Ale4o: calls $3
*** TURN *** [8c 4h 4s] [2c]
manisped: bets $6
Ale4o: folds
Uncalled bet ($6) returned to manisped
manisped collected $17.64 from pot
*** SUMMARY ***
Total pot $18 | Rake $0.36
Board [8c 4h 4s 2c]
Seat 4: manisped (big blind) collected ($17.64)
Seat 5: Ale4o (button) (small blind) folded on the Turn


PokerStars Hand #155265003622:  Hold'em Limit ($3/$6 USD) - 2016/06/27 12:09:55 ET
Table 'Tama' 6-max Seat #4 is the button
Seat 4: manisped ($65.44 in chips)
Seat 5: Ale4o ($213.14 in chips)
manisped: posts small blind $1
Ale4o: posts big blind $3
*** HOLE CARDS ***
manisped: raises $3 to $6
Ale4o: calls $3
*** FLOP *** [8s As 7d]
Ale4o: checks
manisped: bets $3
Ale4o: calls $3
*** TURN *** [8s As 7d] [7h]
Ale4o: checks
manisped: bets $6
Ale4o: calls $6
*** RIVER *** [8s As 7d 7h] [9d]
Ale4o: checks
manisped: bets $6
Ale4o: folds
Uncalled bet ($6) returned to manisped
manisped collected $29.50 from pot
*** SUMMARY ***
Total pot $30 | Rake $0.50
Board [8s As 7d 7h 9d]
Seat 4: manisped (button) (small blind) collected ($29.50)
Seat 5: Ale4o (big blind) folded on the River


PokerStars Hand #155264991818:  Hold'em Limit ($3/$6 USD) - 2016/06/27 12:09:32 ET
Table 'Tama' 6-max Seat #5 is the button
Seat 4: manisped ($86.44 in chips)
Seat 5: Ale4o ($192.64 in chips)
Ale4o: posts small blind $1
manisped: posts big blind $3
*** HOLE CARDS ***
Ale4o: raises $3 to $6
manisped: calls $3
*** FLOP *** [2c Ac 8c]
manisped: bets $3
Ale4o: calls $3
*** TURN *** [2c Ac 8c] [9h]
manisped: bets $6
Ale4o: calls $6
*** RIVER *** [2c Ac 8c 9h] [8d]
manisped: bets $6
Ale4o: calls $6
*** SHOW DOWN ***
manisped: shows [2d 6s] (two pair, Eights and Deuces)
Ale4o: shows [Th 8s] (three of a kind, Eights)
Ale4o collected $41.50 from pot
*** SUMMARY ***
Total pot $42 | Rake $0.50
Board [2c Ac 8c 9h 8d]
Seat 4: manisped (big blind) showed [2d 6s] and lost with two pair, Eights and Deuces
Seat 5: Ale4o (button) (small blind) showed [Th 8s] and won ($41.50) with three of a kind, Eights


PokerStars Hand #155265023937:  Hold'em Limit ($3/$6 USD) - 2016/06/27 12:10:33 ET
Table 'Tama' 6-max Seat #4 is the button
Seat 4: manisped ($88.58 in chips)
Seat 5: Ale4o ($189.14 in chips)
manisped: posts small blind $1
Ale4o: posts big blind $3
*** HOLE CARDS ***
manisped: folds
Uncalled bet ($2) returned to Ale4o
Ale4o collected $2 from pot
Ale4o: doesn't show hand
*** SUMMARY ***
Total pot $2 | Rake $0
Seat 4: manisped (button) (small blind) folded before Flop
Seat 5: Ale4o (big blind) collected ($2)


