PokerStars Hand #176424132961:  Hold'em Limit ($3/$6 USD) - 2017/10/03 0:27:58 ET
Table 'Tamara' 6-max Seat #6 is the button
Seat 1: LifeisagameX ($84 in chips)
Seat 6: Warner13 ($120 in chips)
Warner13: posts small blind $1
LifeisagameX: posts big blind $3
*** HOLE CARDS ***
Warner13: folds
Uncalled bet ($2) returned to LifeisagameX
LifeisagameX collected $2 from pot
LifeisagameX: doesn't show hand
*** SUMMARY ***
Total pot $2 | Rake $0
Seat 1: LifeisagameX (big blind) collected ($2)
Seat 6: Warner13 (button) (small blind) folded before Flop


PokerStars Hand #176424169876:  Hold'em Limit ($3/$6 USD) - 2017/10/03 0:30:33 ET
Table 'Tamara' 6-max Seat #1 is the button
Seat 1: LifeisagameX ($89.76 in chips)
Seat 6: Warner13 ($160 in chips)
LifeisagameX: posts small blind $1
Warner13: posts big blind $3
*** HOLE CARDS ***
LifeisagameX: raises $3 to $6
Warner13: raises $3 to $9
LifeisagameX: calls $3
*** FLOP *** [8c 7d Th]
Warner13: bets $3
LifeisagameX: calls $3
*** TURN *** [8c 7d Th] [7s]
Warner13: bets $6
LifeisagameX: raises $6 to $12
Warner13: calls $6
*** RIVER *** [8c 7d Th 7s] [2d]
Warner13: checks
LifeisagameX: bets $6
Warner13: folds
Uncalled bet ($6) returned to LifeisagameX
LifeisagameX collected $47.50 from pot
LifeisagameX: doesn't show hand
*** SUMMARY ***
Total pot $48 | Rake $0.50
Board [8c 7d Th 7s 2d]
Seat 1: LifeisagameX (button) (small blind) collected ($47.50)
Seat 6: Warner13 (big blind) folded on the River


PokerStars Hand #176424176958:  Hold'em Limit ($3/$6 USD) - 2017/10/03 0:31:03 ET
Table 'Tamara' 6-max Seat #6 is the button
Seat 1: LifeisagameX ($113.26 in chips)
Seat 6: Warner13 ($136 in chips)
Warner13: posts small blind $1
LifeisagameX: posts big blind $3
*** HOLE CARDS ***
Warner13: calls $2
LifeisagameX: checks
*** FLOP *** [4h Jd 8s]
LifeisagameX: checks
Warner13: checks
*** TURN *** [4h Jd 8s] [Qs]
LifeisagameX: checks
Warner13: checks
*** RIVER *** [4h Jd 8s Qs] [Js]
LifeisagameX: bets $6
Warner13: folds
Uncalled bet ($6) returned to LifeisagameX
LifeisagameX collected $5.88 from pot
LifeisagameX: doesn't show hand
*** SUMMARY ***
Total pot $6 | Rake $0.12
Board [4h Jd 8s Qs Js]
Seat 1: LifeisagameX (big blind) collected ($5.88)
Seat 6: Warner13 (button) (small blind) folded on the River


