PokerStars Hand #163602431831:  Hold'em Limit ($3/$6 USD) - 2016/12/27 9:17:55 ET
Table 'Tama' 6-max Seat #3 is the button
Seat 3: LifeisagameX ($84 in chips)
Seat 5: SlapChopp ($120 in chips)
LifeisagameX: posts small blind $1
SlapChopp: posts big blind $3
*** HOLE CARDS ***
LifeisagameX: raises $3 to $6
SlapChopp: folds
Uncalled bet ($3) returned to LifeisagameX
LifeisagameX collected $6 from pot
LifeisagameX: doesn't show hand
*** SUMMARY ***
Total pot $6 | Rake $0
Seat 3: LifeisagameX (button) (small blind) collected ($6)
Seat 5: SlapChopp (big blind) folded before Flop


PokerStars Hand #163602483605:  Hold'em Limit ($3/$6 USD) - 2016/12/27 9:19:03 ET
Table 'Tama' 6-max Seat #5 is the button
Seat 3: LifeisagameX ($84 in chips)
Seat 5: SlapChopp ($143.50 in chips)
SlapChopp: posts small blind $1
LifeisagameX: posts big blind $3
*** HOLE CARDS ***
SlapChopp: raises $3 to $6
LifeisagameX: raises $3 to $9
SlapChopp: calls $3
*** FLOP *** [Qh 9h Qd]
LifeisagameX: bets $3
SlapChopp: calls $3
*** TURN *** [Qh 9h Qd] [Ad]
LifeisagameX: checks
SlapChopp: checks
*** RIVER *** [Qh 9h Qd Ad] [3d]
LifeisagameX: bets $6
SlapChopp: folds
Uncalled bet ($6) returned to LifeisagameX
LifeisagameX collected $23.52 from pot
LifeisagameX: doesn't show hand
*** SUMMARY ***
Total pot $24 | Rake $0.48
Board [Qh 9h Qd Ad 3d]
Seat 3: LifeisagameX (big blind) collected ($23.52)
Seat 5: SlapChopp (button) (small blind) folded on the River


PokerStars Hand #163602457990:  Hold'em Limit ($3/$6 USD) - 2016/12/27 9:18:27 ET
Table 'Tama' 6-max Seat #3 is the button
Seat 3: LifeisagameX ($84 in chips)
Seat 5: SlapChopp ($120 in chips)
LifeisagameX: posts small blind $1
SlapChopp: posts big blind $3
*** HOLE CARDS ***
LifeisagameX: raises $3 to $6
SlapChopp: raises $3 to $9
LifeisagameX: calls $3
*** FLOP *** [6s 2s 5c]
SlapChopp: bets $3
LifeisagameX: calls $3
*** TURN *** [6s 2s 5c] [3c]
SlapChopp: bets $6
LifeisagameX: calls $6
*** RIVER *** [6s 2s 5c 3c] [Kd]
SlapChopp: bets $6
LifeisagameX: calls $6
*** SHOW DOWN ***
SlapChopp: shows [As Ah] (a pair of Aces)
LifeisagameX: mucks hand
SlapChopp collected $47.50 from pot
*** SUMMARY ***
Total pot $48 | Rake $0.50
Board [6s 2s 5c 3c Kd]
Seat 3: LifeisagameX (button) (small blind) mucked
Seat 5: SlapChopp (big blind) showed [As Ah] and won ($47.50) with a pair of Aces


PokerStars Hand #163602507653:  Hold'em Limit ($3/$6 USD) - 2016/12/27 9:19:37 ET
Table 'Tama' 6-max Seat #3 is the button
Seat 3: LifeisagameX ($95.52 in chips)
Seat 5: SlapChopp ($131.50 in chips)
LifeisagameX: posts small blind $1
SlapChopp: posts big blind $3
*** HOLE CARDS ***
LifeisagameX: raises $3 to $6
SlapChopp: raises $3 to $9
LifeisagameX: calls $3
*** FLOP *** [5h Kc Kd]
SlapChopp: bets $3
LifeisagameX: calls $3
*** TURN *** [5h Kc Kd] [5d]
SlapChopp: checks
LifeisagameX: checks
*** RIVER *** [5h Kc Kd 5d] [4s]
SlapChopp: bets $6
LifeisagameX: folds
Uncalled bet ($6) returned to SlapChopp
SlapChopp collected $23.52 from pot
SlapChopp: doesn't show hand
*** SUMMARY ***
Total pot $24 | Rake $0.48
Board [5h Kc Kd 5d 4s]
Seat 3: LifeisagameX (button) (small blind) folded on the River
Seat 5: SlapChopp (big blind) collected ($23.52)


PokerStars Hand #163602533262:  Hold'em Limit ($3/$6 USD) - 2016/12/27 9:20:13 ET
Table 'Tama' 6-max Seat #5 is the button
Seat 3: LifeisagameX ($84 in chips)
Seat 5: SlapChopp ($143.02 in chips)
SlapChopp: posts small blind $1
LifeisagameX: posts big blind $3
*** HOLE CARDS ***
SlapChopp: raises $3 to $6
LifeisagameX: calls $3
*** FLOP *** [Qs Ac Kc]
LifeisagameX: checks
SlapChopp: bets $3
LifeisagameX: raises $3 to $6
SlapChopp: folds
Uncalled bet ($3) returned to LifeisagameX
LifeisagameX collected $17.64 from pot
LifeisagameX: doesn't show hand
*** SUMMARY ***
Total pot $18 | Rake $0.36
Board [Qs Ac Kc]
Seat 3: LifeisagameX (big blind) collected ($17.64)
Seat 5: SlapChopp (button) (small blind) folded on the Flop


PokerStars Hand #163602545303:  Hold'em Limit ($3/$6 USD) - 2016/12/27 9:20:30 ET
Table 'Tama' 6-max Seat #3 is the button
Seat 3: LifeisagameX ($92.64 in chips)
Seat 5: SlapChopp ($134.02 in chips)
LifeisagameX: posts small blind $1
SlapChopp: posts big blind $3
*** HOLE CARDS ***
LifeisagameX: raises $3 to $6
SlapChopp: calls $3
*** FLOP *** [2h 4s 5c]
SlapChopp: checks
LifeisagameX: bets $3
SlapChopp: raises $3 to $6
LifeisagameX: calls $3
*** TURN *** [2h 4s 5c] [Th]
SlapChopp: bets $6
LifeisagameX: raises $6 to $12
SlapChopp: calls $6
*** RIVER *** [2h 4s 5c Th] [Kd]
SlapChopp: checks
LifeisagameX: bets $6
elimdar777 joins the table at seat #2
SlapChopp: calls $6
*** SHOW DOWN ***
LifeisagameX: shows [5h 4d] (two pair, Fives and Fours)
SlapChopp: mucks hand
LifeisagameX collected $59.50 from pot
*** SUMMARY ***
Total pot $60 | Rake $0.50
Board [2h 4s 5c Th Kd]
Seat 3: LifeisagameX (button) (small blind) showed [5h 4d] and won ($59.50) with two pair, Fives and Fours
Seat 5: SlapChopp (big blind) mucked


PokerStars Hand #163602605370:  Hold'em Limit ($3/$6 USD) - 2016/12/27 9:21:55 ET
Table 'Tama' 6-max Seat #2 is the button
Seat 2: elimdar777 ($105.61 in chips)
Seat 5: SlapChopp ($103.66 in chips)
kpark0418 will be allowed to play after the button
elimdar777: posts small blind $1
SlapChopp: posts big blind $3
*** HOLE CARDS ***
elimdar777: raises $3 to $6
SlapChopp: calls $3
*** FLOP *** [Qh Kh Qs]
SlapChopp: checks
elimdar777: bets $3
Pelurile joins the table at seat #1
SlapChopp: folds
Uncalled bet ($3) returned to elimdar777
elimdar777 collected $11.76 from pot
elimdar777: doesn't show hand
*** SUMMARY ***
Total pot $12 | Rake $0.24
Board [Qh Kh Qs]
Seat 2: elimdar777 (button) (small blind) collected ($11.76)
Seat 5: SlapChopp (big blind) folded on the Flop


PokerStars Hand #163604401726:  Hold'em Limit ($3/$6 USD) - 2016/12/27 10:03:06 ET
Table 'Tama' 6-max Seat #3 is the button
Seat 3: jsiwind ($157.14 in chips)
Seat 6: Ale4o ($152.09 in chips)
jsiwind: posts small blind $1
Leth73: is sitting out
Ale4o: posts big blind $3
*** HOLE CARDS ***
jsiwind: calls $2
Leth73 leaves the table
Ale4o: checks
*** FLOP *** [Tc Jc 5h]
Ale4o: checks
jsiwind: bets $3
Ale4o: calls $3
*** TURN *** [Tc Jc 5h] [Qc]
Ale4o: checks
jsiwind: checks
*** RIVER *** [Tc Jc 5h Qc] [7s]
Ale4o: checks
jsiwind: bets $6
Ale4o: calls $6
*** SHOW DOWN ***
jsiwind: shows [8d 3h] (high card Queen)
Ale4o: shows [4s Ac] (high card Ace)
Ale4o collected $23.52 from pot
*** SUMMARY ***
Total pot $24 | Rake $0.48
Board [Tc Jc 5h Qc 7s]
Seat 3: jsiwind (button) (small blind) showed [8d 3h] and lost with high card Queen
Seat 6: Ale4o (big blind) showed [4s Ac] and won ($23.52) with high card Ace


PokerStars Hand #163604421969:  Hold'em Limit ($3/$6 USD) - 2016/12/27 10:03:33 ET
Table 'Tama' 6-max Seat #6 is the button
Seat 3: jsiwind ($145.14 in chips)
Seat 6: Ale4o ($163.61 in chips)
Ale4o: posts small blind $1
jsiwind: posts big blind $3
*** HOLE CARDS ***
Ale4o: calls $2
jsiwind: raises $3 to $6
Ale4o: calls $3
*** FLOP *** [9c Kc 6c]
jsiwind: bets $3
Ale4o: folds
Uncalled bet ($3) returned to jsiwind
jsiwind collected $11.76 from pot
jsiwind: doesn't show hand
*** SUMMARY ***
Total pot $12 | Rake $0.24
Board [9c Kc 6c]
Seat 3: jsiwind (big blind) collected ($11.76)
Seat 6: Ale4o (button) (small blind) folded on the Flop


PokerStars Hand #163604449969:  Hold'em Limit ($3/$6 USD) - 2016/12/27 10:04:10 ET
Table 'Tama' 6-max Seat #3 is the button
Seat 3: jsiwind ($169.40 in chips)
Seat 6: Ale4o ($138.61 in chips)
jsiwind: posts small blind $1
Ale4o: posts big blind $3
*** HOLE CARDS ***
jsiwind: calls $2
Ale4o: raises $3 to $6
jsiwind: calls $3
*** FLOP *** [2d 2h 4s]
Ale4o: bets $3
jsiwind: calls $3
*** TURN *** [2d 2h 4s] [5h]
Ale4o: bets $6
jsiwind: raises $6 to $12
Ale4o: folds
Uncalled bet ($6) returned to jsiwind
jsiwind collected $29.50 from pot
jsiwind: doesn't show hand
*** SUMMARY ***
Total pot $30 | Rake $0.50
Board [2d 2h 4s 5h]
Seat 3: jsiwind (button) (small blind) collected ($29.50)
Seat 6: Ale4o (big blind) folded on the Turn


PokerStars Hand #163604446255:  Hold'em Limit ($3/$6 USD) - 2016/12/27 10:04:05 ET
Table 'Tama' 6-max Seat #6 is the button
Seat 3: jsiwind ($168.40 in chips)
Seat 6: Ale4o ($139.61 in chips)
Ale4o: posts small blind $1
jsiwind: posts big blind $3
*** HOLE CARDS ***
Ale4o: folds
Uncalled bet ($2) returned to jsiwind
jsiwind collected $2 from pot
jsiwind: doesn't show hand
*** SUMMARY ***
Total pot $2 | Rake $0
Seat 3: jsiwind (big blind) collected ($2)
Seat 6: Ale4o (button) (small blind) folded before Flop


PokerStars Hand #163604430656:  Hold'em Limit ($3/$6 USD) - 2016/12/27 10:03:45 ET
Table 'Tama' 6-max Seat #3 is the button
Seat 3: jsiwind ($150.90 in chips)
Seat 6: Ale4o ($157.61 in chips)
jsiwind: posts small blind $1
Ale4o: posts big blind $3
*** HOLE CARDS ***
jsiwind: raises $3 to $6
Ale4o: calls $3
*** FLOP *** [4s Js Tc]
Ale4o: checks
jsiwind: bets $3
Ale4o: raises $3 to $6
jsiwind: calls $3
*** TURN *** [4s Js Tc] [9h]
Ale4o: checks
jsiwind: bets $6
Ale4o: calls $6
*** RIVER *** [4s Js Tc 9h] [6s]
Ale4o: checks
jsiwind: checks
*** SHOW DOWN ***
Ale4o: shows [9d Qs] (a pair of Nines)
jsiwind: shows [9c Ks] (a pair of Nines - King kicker)
jsiwind collected $35.50 from pot
*** SUMMARY ***
Total pot $36 | Rake $0.50
Board [4s Js Tc 9h 6s]
Seat 3: jsiwind (button) (small blind) showed [9c Ks] and won ($35.50) with a pair of Nines
Seat 6: Ale4o (big blind) showed [9d Qs] and lost with a pair of Nines


PokerStars Hand #163604464309:  Hold'em Limit ($3/$6 USD) - 2016/12/27 10:04:29 ET
Table 'Tama' 6-max Seat #6 is the button
Seat 3: jsiwind ($183.90 in chips)
Seat 6: Ale4o ($123.61 in chips)
Ale4o: posts small blind $1
jsiwind: posts big blind $3
*** HOLE CARDS ***
Ale4o: raises $3 to $6
jsiwind: calls $3
*** FLOP *** [8d 7h 2c]
jsiwind: checks
Ale4o: checks
*** TURN *** [8d 7h 2c] [2d]
jsiwind: checks
Ale4o: checks
*** RIVER *** [8d 7h 2c 2d] [3s]
jsiwind: bets $6
Ale4o: calls $6
*** SHOW DOWN ***
jsiwind: shows [9h Jh] (a pair of Deuces)
Ale4o: shows [Qc Td] (a pair of Deuces - Queen kicker)
Ale4o collected $23.52 from pot
*** SUMMARY ***
Total pot $24 | Rake $0.48
Board [8d 7h 2c 2d 3s]
Seat 3: jsiwind (big blind) showed [9h Jh] and lost with a pair of Deuces
Seat 6: Ale4o (button) (small blind) showed [Qc Td] and won ($23.52) with a pair of Deuces


PokerStars Hand #163604509323:  Hold'em Limit ($3/$6 USD) - 2016/12/27 10:05:28 ET
Table 'Tama' 6-max Seat #3 is the button
Seat 3: jsiwind ($135.90 in chips)
Seat 6: Ale4o ($170.27 in chips)
jsiwind: posts small blind $1
Ale4o: posts big blind $3
*** HOLE CARDS ***
jsiwind: folds
Uncalled bet ($2) returned to Ale4o
Ale4o collected $2 from pot
Ale4o: doesn't show hand
*** SUMMARY ***
Total pot $2 | Rake $0
Seat 3: jsiwind (button) (small blind) folded before Flop
Seat 6: Ale4o (big blind) collected ($2)


PokerStars Hand #163604490826:  Hold'em Limit ($3/$6 USD) - 2016/12/27 10:05:04 ET
Table 'Tama' 6-max Seat #6 is the button
Seat 3: jsiwind ($162.90 in chips)
Seat 6: Ale4o ($143.77 in chips)
Ale4o: posts small blind $1
jsiwind: posts big blind $3
*** HOLE CARDS ***
Ale4o: raises $3 to $6
jsiwind: calls $3
*** FLOP *** [3d 7s Ac]
jsiwind: bets $3
Ale4o: raises $3 to $6
jsiwind: raises $3 to $9
Ale4o: calls $3
*** TURN *** [3d 7s Ac] [9d]
jsiwind: checks
Ale4o: bets $6
jsiwind: calls $6
*** RIVER *** [3d 7s Ac 9d] [9c]
jsiwind: bets $6
Ale4o: calls $6
*** SHOW DOWN ***
jsiwind: shows [7c 6c] (two pair, Nines and Sevens)
Ale4o: shows [As 3c] (two pair, Aces and Nines)
Ale4o collected $53.50 from pot
*** SUMMARY ***
Total pot $54 | Rake $0.50
Board [3d 7s Ac 9d 9c]
Seat 3: jsiwind (big blind) showed [7c 6c] and lost with two pair, Nines and Sevens
Seat 6: Ale4o (button) (small blind) showed [As 3c] and won ($53.50) with two pair, Aces and Nines


PokerStars Hand #163604514278:  Hold'em Limit ($3/$6 USD) - 2016/12/27 10:05:34 ET
Table 'Tama' 6-max Seat #6 is the button
Seat 3: jsiwind ($134.90 in chips)
Seat 6: Ale4o ($171.27 in chips)
Ale4o: posts small blind $1
jsiwind: posts big blind $3
*** HOLE CARDS ***
Ale4o: folds
Uncalled bet ($2) returned to jsiwind
jsiwind collected $2 from pot
jsiwind: doesn't show hand
*** SUMMARY ***
Total pot $2 | Rake $0
Seat 3: jsiwind (big blind) collected ($2)
Seat 6: Ale4o (button) (small blind) folded before Flop


PokerStars Hand #163604476959:  Hold'em Limit ($3/$6 USD) - 2016/12/27 10:04:46 ET
Table 'Tama' 6-max Seat #3 is the button
Seat 3: jsiwind ($171.90 in chips)
Seat 6: Ale4o ($135.13 in chips)
jsiwind: posts small blind $1
Ale4o: posts big blind $3
*** HOLE CARDS ***
jsiwind: calls $2
Ale4o: checks
*** FLOP *** [Ad Jc 2c]
Ale4o: checks
jsiwind: checks
*** TURN *** [Ad Jc 2c] [5d]
Ale4o: checks
jsiwind: bets $6
Ale4o: calls $6
*** RIVER *** [Ad Jc 2c 5d] [5s]
Ale4o: checks
jsiwind: checks
*** SHOW DOWN ***
Ale4o: shows [Kd 6c] (a pair of Fives)
jsiwind: mucks hand
Ale4o collected $17.64 from pot
*** SUMMARY ***
Total pot $18 | Rake $0.36
Board [Ad Jc 2c 5d 5s]
Seat 3: jsiwind (button) (small blind) mucked
Seat 6: Ale4o (big blind) showed [Kd 6c] and won ($17.64) with a pair of Fives


PokerStars Hand #163604537951:  Hold'em Limit ($3/$6 USD) - 2016/12/27 10:06:05 ET
Table 'Tama' 6-max Seat #6 is the button
Seat 3: jsiwind ($159.40 in chips)
Seat 6: Ale4o ($146.27 in chips)
Ale4o: posts small blind $1
jsiwind: posts big blind $3
*** HOLE CARDS ***
Ale4o: raises $3 to $6
jsiwind: calls $3
*** FLOP *** [5c 3d 4h]
jsiwind: bets $3
Ale4o: calls $3
*** TURN *** [5c 3d 4h] [7s]
jsiwind: bets $6
Ale4o: raises $6 to $12
jsiwind: raises $6 to $18
Ale4o: raises $6 to $24
Betting is capped
jsiwind: calls $6
*** RIVER *** [5c 3d 4h 7s] [6s]
jsiwind: bets $6
Ale4o: calls $6
*** SHOW DOWN ***
jsiwind: shows [2d 7h] (a straight, Three to Seven)
Ale4o: shows [6h Qc] (a straight, Three to Seven)
jsiwind collected $38.75 from pot
Ale4o collected $38.75 from pot
*** SUMMARY ***
Total pot $78 | Rake $0.50
Board [5c 3d 4h 7s 6s]
Seat 3: jsiwind (big blind) showed [2d 7h] and won ($38.75) with a straight, Three to Seven
Seat 6: Ale4o (button) (small blind) showed [6h Qc] and won ($38.75) with a straight, Three to Seven


PokerStars Hand #163604518219:  Hold'em Limit ($3/$6 USD) - 2016/12/27 10:05:40 ET
Table 'Tama' 6-max Seat #3 is the button
Seat 3: jsiwind ($135.90 in chips)
Seat 6: Ale4o ($170.27 in chips)
jsiwind: posts small blind $1
Ale4o: posts big blind $3
*** HOLE CARDS ***
jsiwind: raises $3 to $6
Ale4o: calls $3
*** FLOP *** [7d Jd Ad]
Ale4o: checks
jsiwind: bets $3
Ale4o: raises $3 to $6
jsiwind: calls $3
*** TURN *** [7d Jd Ad] [7c]
Ale4o: checks
jsiwind: bets $6
Ale4o: calls $6
*** RIVER *** [7d Jd Ad 7c] [Ks]
Ale4o: checks
jsiwind: bets $6
Ale4o: calls $6
*** SHOW DOWN ***
jsiwind: shows [6d 7s] (three of a kind, Sevens)
Ale4o: mucks hand
jsiwind collected $47.50 from pot
*** SUMMARY ***
Total pot $48 | Rake $0.50
Board [7d Jd Ad 7c Ks]
Seat 3: jsiwind (button) (small blind) showed [6d 7s] and won ($47.50) with three of a kind, Sevens
Seat 6: Ale4o (big blind) mucked


PokerStars Hand #163604558098:  Hold'em Limit ($3/$6 USD) - 2016/12/27 10:06:32 ET
Table 'Tama' 6-max Seat #3 is the button
Seat 3: jsiwind ($159.15 in chips)
Seat 6: Ale4o ($146.02 in chips)
jsiwind: posts small blind $1
Ale4o: posts big blind $3
*** HOLE CARDS ***
jsiwind: folds
Uncalled bet ($2) returned to Ale4o
Ale4o collected $2 from pot
Ale4o: doesn't show hand
*** SUMMARY ***
Total pot $2 | Rake $0
Seat 3: jsiwind (button) (small blind) folded before Flop
Seat 6: Ale4o (big blind) collected ($2)


PokerStars Hand #163604589262:  Hold'em Limit ($3/$6 USD) - 2016/12/27 10:07:12 ET
Table 'Tama' 6-max Seat #6 is the button
Seat 3: jsiwind ($182.65 in chips)
Seat 6: Ale4o ($122.02 in chips)
Ale4o: posts small blind $1
jsiwind: posts big blind $3
*** HOLE CARDS ***
Ale4o: raises $3 to $6
jsiwind: calls $3
*** FLOP *** [Th 2c 8d]
jsiwind: checks
Ale4o: bets $3
jsiwind: calls $3
*** TURN *** [Th 2c 8d] [4c]
jsiwind: checks
Ale4o: bets $6
jsiwind: calls $6
*** RIVER *** [Th 2c 8d 4c] [Ks]
jsiwind: bets $6
Ale4o: raises $6 to $12
jsiwind: folds
Uncalled bet ($6) returned to Ale4o
Ale4o collected $41.50 from pot
Ale4o: doesn't show hand
*** SUMMARY ***
Total pot $42 | Rake $0.50
Board [Th 2c 8d 4c Ks]
Seat 3: jsiwind (big blind) folded on the River
Seat 6: Ale4o (button) (small blind) collected ($41.50)


PokerStars Hand #163604572963:  Hold'em Limit ($3/$6 USD) - 2016/12/27 10:06:51 ET
Table 'Tama' 6-max Seat #3 is the button
Seat 3: jsiwind ($159.15 in chips)
Seat 6: Ale4o ($146.02 in chips)
jsiwind: posts small blind $1
Ale4o: posts big blind $3
*** HOLE CARDS ***
jsiwind: raises $3 to $6
Ale4o: calls $3
*** FLOP *** [Ah Qh 6h]
Ale4o: checks
jsiwind: bets $3
Ale4o: raises $3 to $6
jsiwind: calls $3
*** TURN *** [Ah Qh 6h] [Qs]
Ale4o: checks
jsiwind: bets $6
Ale4o: calls $6
*** RIVER *** [Ah Qh 6h Qs] [4c]
Ale4o: checks
jsiwind: bets $6
Ale4o: calls $6
*** SHOW DOWN ***
jsiwind: shows [8s Ac] (two pair, Aces and Queens)
Ale4o: mucks hand
jsiwind collected $47.50 from pot
*** SUMMARY ***
Total pot $48 | Rake $0.50
Board [Ah Qh 6h Qs 4c]
Seat 3: jsiwind (button) (small blind) showed [8s Ac] and won ($47.50) with two pair, Aces and Queens
Seat 6: Ale4o (big blind) mucked


PokerStars Hand #163604612181:  Hold'em Limit ($3/$6 USD) - 2016/12/27 10:07:42 ET
Table 'Tama' 6-max Seat #3 is the button
Seat 3: jsiwind ($161.65 in chips)
Seat 6: Ale4o ($142.52 in chips)
jsiwind: posts small blind $1
Ale4o: posts big blind $3
*** HOLE CARDS ***
jsiwind: raises $3 to $6
Ale4o: calls $3
*** FLOP *** [4c Jh 3c]
Ale4o: checks
jsiwind: bets $3
Ale4o: calls $3
*** TURN *** [4c Jh 3c] [Qd]
Ale4o: bets $6
jsiwind: calls $6
*** RIVER *** [4c Jh 3c Qd] [4s]
Ale4o: bets $6
ladnavoda joins the table at seat #4
jsiwind: folds
Uncalled bet ($6) returned to Ale4o
Ale4o collected $29.50 from pot
Ale4o: doesn't show hand
*** SUMMARY ***
Total pot $30 | Rake $0.50
Board [4c Jh 3c Qd 4s]
Seat 3: jsiwind (button) (small blind) folded on the River
Seat 6: Ale4o (big blind) collected ($29.50)


PokerStars Hand #163604628318:  Hold'em Limit ($3/$6 USD) - 2016/12/27 10:08:03 ET
Table 'Tama' 6-max Seat #6 is the button
Seat 3: jsiwind ($146.65 in chips)
Seat 6: Ale4o ($157.02 in chips)
Ale4o: posts small blind $1
jsiwind: posts big blind $3
*** HOLE CARDS ***
Ale4o: raises $3 to $6
jsiwind: raises $3 to $9
Ale4o: calls $3
*** FLOP *** [6s 5h 3h]
jsiwind: bets $3
Ale4o: calls $3
*** TURN *** [6s 5h 3h] [Qh]
jsiwind: bets $6
Ale4o: calls $6
*** RIVER *** [6s 5h 3h Qh] [2h]
jsiwind: bets $6
Ale4o: raises $6 to $12
jsiwind: raises $6 to $18
Ale4o: raises $6 to $24
Betting is capped
jsiwind: folds
Uncalled bet ($6) returned to Ale4o
Ale4o collected $71.50 from pot
Ale4o: doesn't show hand
*** SUMMARY ***
Total pot $72 | Rake $0.50
Board [6s 5h 3h Qh 2h]
Seat 3: jsiwind (big blind) folded on the River
Seat 6: Ale4o (button) (small blind) collected ($71.50)


PokerStars Hand #163604796091:  Hold'em Limit ($3/$6 USD) - 2016/12/27 10:11:43 ET
Table 'Tama' 6-max Seat #3 is the button
Seat 3: jsiwind ($131.49 in chips)
Seat 6: Ale4o ($191.88 in chips)
jsiwind: posts small blind $1
Ale4o: posts big blind $3
*** HOLE CARDS ***
jsiwind: raises $3 to $6
Ale4o: calls $3
*** FLOP *** [8c 2d 3s]
Ale4o: checks
jsiwind: bets $3
Ale4o: calls $3
*** TURN *** [8c 2d 3s] [7s]
Ale4o: checks
jsiwind: bets $6
Ale4o: folds
Uncalled bet ($6) returned to jsiwind
jsiwind collected $17.64 from pot
jsiwind: doesn't show hand
*** SUMMARY ***
Total pot $18 | Rake $0.36
Board [8c 2d 3s 7s]
Seat 3: jsiwind (button) (small blind) collected ($17.64)
Seat 6: Ale4o (big blind) folded on the Turn


PokerStars Hand #163604833678:  Hold'em Limit ($3/$6 USD) - 2016/12/27 10:12:32 ET
Table 'Tama' 6-max Seat #6 is the button
Seat 3: jsiwind ($151.65 in chips)
Seat 6: Ale4o ($170.88 in chips)
Ale4o: posts small blind $1
jsiwind: posts big blind $3
*** HOLE CARDS ***
Ale4o: folds
Uncalled bet ($2) returned to jsiwind
jsiwind collected $2 from pot
jsiwind: doesn't show hand
*** SUMMARY ***
Total pot $2 | Rake $0
Seat 3: jsiwind (big blind) collected ($2)
Seat 6: Ale4o (button) (small blind) folded before Flop


PokerStars Hand #163604816745:  Hold'em Limit ($3/$6 USD) - 2016/12/27 10:12:10 ET
Table 'Tama' 6-max Seat #3 is the button
Seat 3: jsiwind ($148.77 in chips)
Seat 6: Ale4o ($173.88 in chips)
jsiwind: posts small blind $1
Ale4o: posts big blind $3
*** HOLE CARDS ***
jsiwind: calls $2
Ale4o: checks
*** FLOP *** [Js Jh 7d]
Ale4o: checks
jsiwind: checks
*** TURN *** [Js Jh 7d] [Ts]
Ale4o: checks
jsiwind: bets $6
Ale4o: folds
Uncalled bet ($6) returned to jsiwind
jsiwind collected $5.88 from pot
jsiwind: doesn't show hand
*** SUMMARY ***
Total pot $6 | Rake $0.12
Board [Js Jh 7d Ts]
Seat 3: jsiwind (button) (small blind) collected ($5.88)
Seat 6: Ale4o (big blind) folded on the Turn


PokerStars Hand #163604836897:  Hold'em Limit ($3/$6 USD) - 2016/12/27 10:12:36 ET
Table 'Tama' 6-max Seat #3 is the button
Seat 3: jsiwind ($152.65 in chips)
Seat 6: Ale4o ($169.88 in chips)
jsiwind: posts small blind $1
Ale4o: posts big blind $3
*** HOLE CARDS ***
jsiwind: calls $2
Ale4o: checks
*** FLOP *** [Kh 8h 7h]
Ale4o: checks
jsiwind: bets $3
Ale4o: calls $3
*** TURN *** [Kh 8h 7h] [Tc]
Ale4o: checks
jsiwind: bets $6
Ale4o: calls $6
*** RIVER *** [Kh 8h 7h Tc] [Ac]
Ale4o: checks
jsiwind: bets $6
Ale4o: calls $6
*** SHOW DOWN ***
jsiwind: shows [Td 8d] (two pair, Tens and Eights)
Ale4o: mucks hand
sismos404 joins the table at seat #2
jsiwind collected $35.50 from pot
*** SUMMARY ***
Total pot $36 | Rake $0.50
Board [Kh 8h 7h Tc Ac]
Seat 3: jsiwind (button) (small blind) showed [Td 8d] and won ($35.50) with two pair, Tens and Eights
Seat 6: Ale4o (big blind) mucked


PokerStars Hand #163604808107:  Hold'em Limit ($3/$6 USD) - 2016/12/27 10:11:59 ET
Table 'Tama' 6-max Seat #6 is the button
Seat 3: jsiwind ($140.13 in chips)
Seat 6: Ale4o ($182.88 in chips)
Ale4o: posts small blind $1
jsiwind: posts big blind $3
*** HOLE CARDS ***
Ale4o: raises $3 to $6
jsiwind: raises $3 to $9
Ale4o: calls $3
*** FLOP *** [Qh Jh 3c]
jsiwind: bets $3
Ale4o: folds
Uncalled bet ($3) returned to jsiwind
jsiwind collected $17.64 from pot
jsiwind: doesn't show hand
*** SUMMARY ***
Total pot $18 | Rake $0.36
Board [Qh Jh 3c]
Seat 3: jsiwind (big blind) collected ($17.64)
Seat 6: Ale4o (button) (small blind) folded on the Flop


PokerStars Hand #163617458973:  Hold'em Limit ($3/$6 USD) - 2016/12/27 14:13:01 ET
Table 'Tama' 6-max Seat #6 is the button
Seat 3: mulbros ($54.29 in chips)
Seat 6: Luanto 14 ($418.90 in chips)
Luanto 14: posts small blind $1
mulbros: posts big blind $3
*** HOLE CARDS ***
Luanto 14: raises $3 to $6
mulbros: calls $3
*** FLOP *** [7s 8s 3s]
mulbros: checks
Luanto 14: bets $3
mulbros: calls $3
*** TURN *** [7s 8s 3s] [4c]
mulbros: checks
Luanto 14: bets $6
mulbros: calls $6
*** RIVER *** [7s 8s 3s 4c] [Jc]
mulbros: checks
Luanto 14: bets $6
Drik89 joins the table at seat #4
mulbros: folds
Uncalled bet ($6) returned to Luanto 14
Luanto 14 collected $29.50 from pot
Luanto 14: doesn't show hand
*** SUMMARY ***
Total pot $30 | Rake $0.50
Board [7s 8s 3s 4c Jc]
Seat 3: mulbros (big blind) folded on the River
Seat 6: Luanto 14 (button) (small blind) collected ($29.50)


PokerStars Hand #163617649766:  Hold'em Limit ($3/$6 USD) - 2016/12/27 14:16:15 ET
Table 'Tama' 6-max Seat #6 is the button
Seat 4: Drik89 ($97 in chips)
Seat 6: Luanto 14 ($403.69 in chips)
Luanto 14: posts small blind $1
Drik89: posts big blind $3
*** HOLE CARDS ***
Luanto 14: raises $3 to $6
Drik89: folds
Uncalled bet ($3) returned to Luanto 14
mulbros leaves the table
Luanto 14 collected $6 from pot
Luanto 14: doesn't show hand
*** SUMMARY ***
Total pot $6 | Rake $0
Seat 4: Drik89 (big blind) folded before Flop
Seat 6: Luanto 14 (button) (small blind) collected ($6)


PokerStars Hand #163617658720:  Hold'em Limit ($3/$6 USD) - 2016/12/27 14:16:25 ET
Table 'Tama' 6-max Seat #4 is the button
Seat 4: Drik89 ($94 in chips)
Seat 6: Luanto 14 ($406.69 in chips)
Drik89: posts small blind $1
Luanto 14: posts big blind $3
*** HOLE CARDS ***
Drik89: raises $3 to $6
Luanto 14: calls $3
*** FLOP *** [5c 6c 9s]
Luanto 14: checks
Drik89: bets $3
Luanto 14: raises $3 to $6
Drik89: calls $3
*** TURN *** [5c 6c 9s] [7h]
Luanto 14: bets $6
Drik89: folds
Uncalled bet ($6) returned to Luanto 14
Luanto 14 collected $23.52 from pot
Luanto 14: doesn't show hand
*** SUMMARY ***
Total pot $24 | Rake $0.48
Board [5c 6c 9s 7h]
Seat 4: Drik89 (button) (small blind) folded on the Turn
Seat 6: Luanto 14 (big blind) collected ($23.52)


