PokerStars Hand #159352688300:  Hold'em Limit ($3/$6 USD) - 2016/10/01 19:24:24 ET
Table 'Tama' 6-max Seat #1 is the button
Seat 1: papa crepes ($137.71 in chips)
Seat 4: AzureCaper ($72 in chips)
papa crepes: posts small blind $1
AzureCaper: posts big blind $3
*** HOLE CARDS ***
papa crepes: raises $3 to $6
AzureCaper: folds
Uncalled bet ($3) returned to papa crepes
papa crepes collected $6 from pot
papa crepes: doesn't show hand
*** SUMMARY ***
Total pot $6 | Rake $0
Seat 1: papa crepes (button) (small blind) collected ($6)
Seat 4: AzureCaper (big blind) folded before Flop


PokerStars Hand #159352680580:  Hold'em Limit ($3/$6 USD) - 2016/10/01 19:24:10 ET
Table 'Tama' 6-max Seat #4 is the button
Seat 1: papa crepes ($117.21 in chips)
Seat 4: AzureCaper ($77.50 in chips)
AzureCaper: posts small blind $1
papa crepes: posts big blind $3
*** HOLE CARDS ***
AzureCaper: raises $3 to $6
papa crepes: calls $3
*** FLOP *** [7h Qs 3d]
papa crepes: checks
AzureCaper: bets $3
papa crepes: calls $3
*** TURN *** [7h Qs 3d] [2c]
papa crepes: checks
AzureCaper: bets $6
papa crepes: calls $6
*** RIVER *** [7h Qs 3d 2c] [Ad]
papa crepes: checks
AzureCaper: bets $6
papa crepes: calls $6
*** SHOW DOWN ***
AzureCaper: shows [9h Ts] (high card Ace)
papa crepes: shows [4s 2d] (a pair of Deuces)
papa crepes collected $41.50 from pot
*** SUMMARY ***
Total pot $42 | Rake $0.50
Board [7h Qs 3d 2c Ad]
Seat 1: papa crepes (big blind) showed [4s 2d] and won ($41.50) with a pair of Deuces
Seat 4: AzureCaper (button) (small blind) showed [9h Ts] and lost with high card Ace


PokerStars Hand #159352719107:  Hold'em Limit ($3/$6 USD) - 2016/10/01 19:25:20 ET
Table 'Tama' 6-max Seat #1 is the button
Seat 1: papa crepes ($159.99 in chips)
Seat 4: AzureCaper ($72 in chips)
papa crepes: posts small blind $1
AzureCaper: posts big blind $3
*** HOLE CARDS ***
papa crepes: raises $3 to $6
AzureCaper: calls $3
*** FLOP *** [Kh Qh 5c]
AzureCaper: checks
papa crepes: bets $3
AzureCaper: folds
Uncalled bet ($3) returned to papa crepes
papa crepes collected $11.76 from pot
papa crepes: doesn't show hand
*** SUMMARY ***
Total pot $12 | Rake $0.24
Board [Kh Qh 5c]
Seat 1: papa crepes (button) (small blind) collected ($11.76)
Seat 4: AzureCaper (big blind) folded on the Flop


PokerStars Hand #159352716542:  Hold'em Limit ($3/$6 USD) - 2016/10/01 19:25:16 ET
Table 'Tama' 6-max Seat #4 is the button
Seat 1: papa crepes ($158.99 in chips)
Seat 4: AzureCaper ($72 in chips)
AzureCaper: posts small blind $1
papa crepes: posts big blind $3
*** HOLE CARDS ***
AzureCaper: folds
Uncalled bet ($2) returned to papa crepes
papa crepes collected $2 from pot
papa crepes: doesn't show hand
*** SUMMARY ***
Total pot $2 | Rake $0
Seat 1: papa crepes (big blind) collected ($2)
Seat 4: AzureCaper (button) (small blind) folded before Flop


PokerStars Hand #159352711263:  Hold'em Limit ($3/$6 USD) - 2016/10/01 19:25:06 ET
Table 'Tama' 6-max Seat #1 is the button
Seat 1: papa crepes ($156.11 in chips)
Seat 4: AzureCaper ($72 in chips)
papa crepes: posts small blind $1
AzureCaper: posts big blind $3
*** HOLE CARDS ***
papa crepes: calls $2
AzureCaper: checks
*** FLOP *** [Jd Tc Ad]
AzureCaper: checks
papa crepes: bets $3
AzureCaper: folds
Uncalled bet ($3) returned to papa crepes
papa crepes collected $5.88 from pot
papa crepes: doesn't show hand
*** SUMMARY ***
Total pot $6 | Rake $0.12
Board [Jd Tc Ad]
Seat 1: papa crepes (button) (small blind) collected ($5.88)
Seat 4: AzureCaper (big blind) folded on the Flop


PokerStars Hand #159352701749:  Hold'em Limit ($3/$6 USD) - 2016/10/01 19:24:49 ET
Table 'Tama' 6-max Seat #4 is the button
Seat 1: papa crepes ($150.35 in chips)
Seat 4: AzureCaper ($72 in chips)
AzureCaper: posts small blind $1
papa crepes: posts big blind $3
*** HOLE CARDS ***
AzureCaper: raises $3 to $6
papa crepes: calls $3
*** FLOP *** [8c 7c 9h]
papa crepes: checks
AzureCaper: checks
*** TURN *** [8c 7c 9h] [5s]
papa crepes: bets $6
AzureCaper: folds
Uncalled bet ($6) returned to papa crepes
papa crepes collected $11.76 from pot
papa crepes: doesn't show hand
*** SUMMARY ***
Total pot $12 | Rake $0.24
Board [8c 7c 9h 5s]
Seat 1: papa crepes (big blind) collected ($11.76)
Seat 4: AzureCaper (button) (small blind) folded on the Turn


PokerStars Hand #159352694589:  Hold'em Limit ($3/$6 USD) - 2016/10/01 19:24:36 ET
Table 'Tama' 6-max Seat #1 is the button
Seat 1: papa crepes ($141.71 in chips)
Seat 4: AzureCaper ($72 in chips)
papa crepes: posts small blind $1
AzureCaper: posts big blind $3
*** HOLE CARDS ***
papa crepes: raises $3 to $6
AzureCaper: calls $3
*** FLOP *** [2c 6s Kd]
AzureCaper: checks
papa crepes: bets $3
AzureCaper: calls $3
*** TURN *** [2c 6s Kd] [Ac]
AzureCaper: checks
papa crepes: checks
*** RIVER *** [2c 6s Kd Ac] [3d]
AzureCaper: checks
papa crepes: bets $6
AzureCaper: folds
Uncalled bet ($6) returned to papa crepes
papa crepes collected $17.64 from pot
papa crepes: doesn't show hand
*** SUMMARY ***
Total pot $18 | Rake $0.36
Board [2c 6s Kd Ac 3d]
Seat 1: papa crepes (button) (small blind) collected ($17.64)
Seat 4: AzureCaper (big blind) folded on the River


PokerStars Hand #159352691546:  Hold'em Limit ($3/$6 USD) - 2016/10/01 19:24:30 ET
Table 'Tama' 6-max Seat #4 is the button
Seat 1: papa crepes ($140.71 in chips)
Seat 4: AzureCaper ($72 in chips)
AzureCaper: posts small blind $1
papa crepes: posts big blind $3
*** HOLE CARDS ***
AzureCaper: folds
Uncalled bet ($2) returned to papa crepes
papa crepes collected $2 from pot
papa crepes: doesn't show hand
*** SUMMARY ***
Total pot $2 | Rake $0
Seat 1: papa crepes (big blind) collected ($2)
Seat 4: AzureCaper (button) (small blind) folded before Flop


PokerStars Hand #159352731564:  Hold'em Limit ($3/$6 USD) - 2016/10/01 19:25:43 ET
Table 'Tama' 6-max Seat #1 is the button
Seat 1: papa crepes ($159.75 in chips)
Seat 4: AzureCaper ($77.76 in chips)
papa crepes: posts small blind $1
AzureCaper: posts big blind $3
*** HOLE CARDS ***
papa crepes: raises $3 to $6
AzureCaper: calls $3
*** FLOP *** [Ks Kd Ac]
AzureCaper: checks
papa crepes: bets $3
AzureCaper: folds
Uncalled bet ($3) returned to papa crepes
papa crepes collected $11.76 from pot
papa crepes: doesn't show hand
Psynto joins the table at seat #6
*** SUMMARY ***
Total pot $12 | Rake $0.24
Board [Ks Kd Ac]
Seat 1: papa crepes (button) (small blind) collected ($11.76)
Seat 4: AzureCaper (big blind) folded on the Flop


PokerStars Hand #159352725379:  Hold'em Limit ($3/$6 USD) - 2016/10/01 19:25:32 ET
Table 'Tama' 6-max Seat #4 is the button
Seat 1: papa crepes ($165.75 in chips)
Seat 4: AzureCaper ($72 in chips)
AzureCaper: posts small blind $1
papa crepes: posts big blind $3
*** HOLE CARDS ***
AzureCaper: raises $3 to $6
papa crepes: calls $3
*** FLOP *** [4c 6h 8s]
Brama Br joins the table at seat #5
papa crepes: checks
AzureCaper: bets $3
papa crepes: folds
Uncalled bet ($3) returned to AzureCaper
AzureCaper collected $11.76 from pot
AzureCaper: doesn't show hand
*** SUMMARY ***
Total pot $12 | Rake $0.24
Board [4c 6h 8s]
Seat 1: papa crepes (big blind) folded on the Flop
Seat 4: AzureCaper (button) (small blind) collected ($11.76)


PokerStars Hand #159352816480:  Hold'em Limit ($3/$6 USD) - 2016/10/01 19:28:11 ET
Table 'Tama' 6-max Seat #5 is the button
Seat 5: Brama Br ($141.83 in chips)
Seat 6: Psynto ($72 in chips)
Brama Br: posts small blind $1
Psynto: posts big blind $3
*** HOLE CARDS ***
Brama Br: folds
Uncalled bet ($2) returned to Psynto
Psynto collected $2 from pot
Psynto: doesn't show hand
*** SUMMARY ***
Total pot $2 | Rake $0
Seat 5: Brama Br (button) (small blind) folded before Flop
Seat 6: Psynto (big blind) collected ($2)


PokerStars Hand #159352799532:  Hold'em Limit ($3/$6 USD) - 2016/10/01 19:27:48 ET
Table 'Tama' 6-max Seat #6 is the button
Seat 5: Brama Br ($133.19 in chips)
Seat 6: Psynto ($74.64 in chips)
Psynto: posts small blind $1
Brama Br: posts big blind $3
*** HOLE CARDS ***
Psynto: raises $3 to $6
Brama Br: calls $3
*** FLOP *** [Td Qd Th]
Brama Br: checks
Psynto: bets $3
Brama Br: raises $3 to $6
Psynto: folds
Uncalled bet ($3) returned to Brama Br
Brama Br collected $17.64 from pot
Brama Br: doesn't show hand
*** SUMMARY ***
Total pot $18 | Rake $0.36
Board [Td Qd Th]
Seat 5: Brama Br (big blind) collected ($17.64)
Seat 6: Psynto (button) (small blind) folded on the Flop


PokerStars Hand #159352835708:  Hold'em Limit ($3/$6 USD) - 2016/10/01 19:28:47 ET
Table 'Tama' 6-max Seat #5 is the button
Seat 5: Brama Br ($131.83 in chips)
Seat 6: Psynto ($81.64 in chips)
Brama Br: posts small blind $1
Psynto: posts big blind $3
*** HOLE CARDS ***
Brama Br: raises $3 to $6
Psynto: raises $3 to $9
Brama Br: calls $3
*** FLOP *** [3c 4h Kh]
Psynto: bets $3
Brama Br: raises $3 to $6
Psynto: raises $3 to $9
Brama Br: calls $3
*** TURN *** [3c 4h Kh] [2d]
Psynto: bets $6
Brama Br: folds
Uncalled bet ($6) returned to Psynto
Psynto collected $35.50 from pot
Psynto: doesn't show hand
*** SUMMARY ***
Total pot $36 | Rake $0.50
Board [3c 4h Kh 2d]
Seat 5: Brama Br (button) (small blind) folded on the Turn
Seat 6: Psynto (big blind) collected ($35.50)


PokerStars Hand #159352819507:  Hold'em Limit ($3/$6 USD) - 2016/10/01 19:28:17 ET
Table 'Tama' 6-max Seat #6 is the button
Seat 5: Brama Br ($140.83 in chips)
Seat 6: Psynto ($73 in chips)
Psynto: posts small blind $1
Brama Br: posts big blind $3
*** HOLE CARDS ***
papa crepes joins the table at seat #3
Psynto: raises $3 to $6
Brama Br: calls $3
*** FLOP *** [6s Js 7d]
Brama Br: checks
Psynto: bets $3
Brama Br: calls $3
*** TURN *** [6s Js 7d] [3c]
Brama Br: checks
Psynto: bets $6
Brama Br: folds
Uncalled bet ($6) returned to Psynto
Psynto collected $17.64 from pot
Psynto: doesn't show hand
*** SUMMARY ***
Total pot $18 | Rake $0.36
Board [6s Js 7d 3c]
Seat 5: Brama Br (big blind) folded on the Turn
Seat 6: Psynto (button) (small blind) collected ($17.64)


PokerStars Hand #159352867232:  Hold'em Limit ($3/$6 USD) - 2016/10/01 19:29:45 ET
Table 'Tama' 6-max Seat #6 is the button
Seat 5: Brama Br ($143 in chips)
Seat 6: Psynto ($98.14 in chips)
Psynto: posts small blind $1
Brama Br: posts big blind $3
*** HOLE CARDS ***
papa crepes leaves the table
Psynto: raises $3 to $6
Brama Br: calls $3
*** FLOP *** [9s Th 2c]
Brama Br: checks
Psynto: bets $3
Brama Br: calls $3
*** TURN *** [9s Th 2c] [6c]
Brama Br: checks
Psynto: bets $6
Brama Br: calls $6
*** RIVER *** [9s Th 2c 6c] [5s]
Brama Br: checks
Psynto: bets $6
Brama Br: calls $6
*** SHOW DOWN ***
Psynto: shows [4c Jc] (high card Jack)
Brama Br: shows [7h 6h] (a pair of Sixes)
Brama Br collected $41.50 from pot
*** SUMMARY ***
Total pot $42 | Rake $0.50
Board [9s Th 2c 6c 5s]
Seat 5: Brama Br (big blind) showed [7h 6h] and won ($41.50) with a pair of Sixes
Seat 6: Psynto (button) (small blind) showed [4c Jc] and lost with high card Jack


PokerStars Hand #159352916870:  Hold'em Limit ($3/$6 USD) - 2016/10/01 19:31:17 ET
Table 'Tama' 6-max Seat #6 is the button
Seat 5: Brama Br ($138.50 in chips)
Seat 6: Psynto ($101.28 in chips)
Psynto: posts small blind $1
Brama Br: posts big blind $3
*** HOLE CARDS ***
Psynto: raises $3 to $6
Brama Br: calls $3
*** FLOP *** [As 7c 6s]
Brama Br: checks
Psynto: bets $3
Brama Br: folds
Uncalled bet ($3) returned to Psynto
Psynto collected $11.76 from pot
Psynto: doesn't show hand
*** SUMMARY ***
Total pot $12 | Rake $0.24
Board [As 7c 6s]
Seat 5: Brama Br (big blind) folded on the Flop
Seat 6: Psynto (button) (small blind) collected ($11.76)


PokerStars Hand #159352913916:  Hold'em Limit ($3/$6 USD) - 2016/10/01 19:31:11 ET
Table 'Tama' 6-max Seat #5 is the button
Seat 5: Brama Br ($139.50 in chips)
Seat 6: Psynto ($100.28 in chips)
Brama Br: posts small blind $1
Psynto: posts big blind $3
*** HOLE CARDS ***
Brama Br: folds
Uncalled bet ($2) returned to Psynto
Psynto collected $2 from pot
Psynto: doesn't show hand
*** SUMMARY ***
Total pot $2 | Rake $0
Seat 5: Brama Br (button) (small blind) folded before Flop
Seat 6: Psynto (big blind) collected ($2)


PokerStars Hand #159352900757:  Hold'em Limit ($3/$6 USD) - 2016/10/01 19:30:47 ET
Table 'Tama' 6-max Seat #6 is the button
Seat 5: Brama Br ($148.50 in chips)
Seat 6: Psynto ($91.64 in chips)
Psynto: posts small blind $1
Brama Br: posts big blind $3
*** HOLE CARDS ***
Psynto: raises $3 to $6
Brama Br: calls $3
*** FLOP *** [7h 7s 4d]
Brama Br: checks
Psynto: bets $3
Brama Br: calls $3
*** TURN *** [7h 7s 4d] [Qc]
Brama Br: checks
Psynto: bets $6
Brama Br: folds
Uncalled bet ($6) returned to Psynto
Psynto collected $17.64 from pot
Psynto: doesn't show hand
*** SUMMARY ***
Total pot $18 | Rake $0.36
Board [7h 7s 4d Qc]
Seat 5: Brama Br (big blind) folded on the Turn
Seat 6: Psynto (button) (small blind) collected ($17.64)


PokerStars Hand #159352882782:  Hold'em Limit ($3/$6 USD) - 2016/10/01 19:30:14 ET
Table 'Tama' 6-max Seat #5 is the button
Seat 5: Brama Br ($163.50 in chips)
Seat 6: Psynto ($77.14 in chips)
Brama Br: posts small blind $1
Psynto: posts big blind $3
*** HOLE CARDS ***
Brama Br: raises $3 to $6
Psynto: calls $3
*** FLOP *** [3h Ah 4c]
Psynto: checks
Brama Br: bets $3
Psynto: calls $3
*** TURN *** [3h Ah 4c] [Th]
Psynto: checks
Brama Br: checks
*** RIVER *** [3h Ah 4c Th] [Js]
Psynto: checks
Brama Br: bets $6
Psynto: calls $6
*** SHOW DOWN ***
Brama Br: shows [9h 8c] (high card Ace)
Psynto: shows [Kd 4s] (a pair of Fours)
Psynto collected $29.50 from pot
*** SUMMARY ***
Total pot $30 | Rake $0.50
Board [3h Ah 4c Th Js]
Seat 5: Brama Br (button) (small blind) showed [9h 8c] and lost with high card Ace
Seat 6: Psynto (big blind) showed [Kd 4s] and won ($29.50) with a pair of Fours


