PokerStars Hand #163728226848:  Hold'em Limit ($3/$6 USD) - 2016/12/29 14:43:04 ET
Table 'Tamriko III' 6-max Seat #3 is the button
Seat 3: mrkieler ($100.14 in chips)
Seat 4: Krazy90 ($259.23 in chips)
mrkieler: posts small blind $1
Krazy90: posts big blind $3
*** HOLE CARDS ***
mrkieler: raises $3 to $6
Krazy90: calls $3
*** FLOP *** [8s Ac Jd]
Krazy90: checks
mrkieler: bets $3
Krazy90: calls $3
*** TURN *** [8s Ac Jd] [6c]
Krazy90: checks
mrkieler: bets $6
Krazy90: calls $6
*** RIVER *** [8s Ac Jd 6c] [4h]
Krazy90: checks
mrkieler: bets $6
Krazy90: calls $6
*** SHOW DOWN ***
mrkieler: shows [2c As] (a pair of Aces)
Krazy90: mucks hand
mrkieler collected $41.50 from pot
*** SUMMARY ***
Total pot $42 | Rake $0.50
Board [8s Ac Jd 6c 4h]
Seat 3: mrkieler (button) (small blind) showed [2c As] and won ($41.50) with a pair of Aces
Seat 4: Krazy90 (big blind) mucked


PokerStars Hand #163728210876:  Hold'em Limit ($3/$6 USD) - 2016/12/29 14:42:48 ET
Table 'Tamriko III' 6-max Seat #4 is the button
Seat 3: mrkieler ($121.14 in chips)
Seat 4: Krazy90 ($238.73 in chips)
Krazy90: posts small blind $1
mrkieler: posts big blind $3
*** HOLE CARDS ***
Krazy90: raises $3 to $6
mrkieler: calls $3
*** FLOP *** [5d 3h 5c]
mrkieler: checks
Krazy90: bets $3
mrkieler: calls $3
*** TURN *** [5d 3h 5c] [9d]
mrkieler: checks
Krazy90: bets $6
mrkieler: calls $6
*** RIVER *** [5d 3h 5c 9d] [7d]
mrkieler: checks
Krazy90: bets $6
mrkieler: calls $6
*** SHOW DOWN ***
Krazy90: shows [Kc Ks] (two pair, Kings and Fives)
mrkieler: mucks hand
Krazy90 collected $41.50 from pot
*** SUMMARY ***
Total pot $42 | Rake $0.50
Board [5d 3h 5c 9d 7d]
Seat 3: mrkieler (big blind) mucked
Seat 4: Krazy90 (button) (small blind) showed [Kc Ks] and won ($41.50) with two pair, Kings and Fives


PokerStars Hand #163728250818:  Hold'em Limit ($3/$6 USD) - 2016/12/29 14:43:28 ET
Table 'Tamriko III' 6-max Seat #3 is the button
Seat 3: mrkieler ($120.39 in chips)
Seat 4: Krazy90 ($237.98 in chips)
mrkieler: posts small blind $1
Krazy90: posts big blind $3
*** HOLE CARDS ***
mrkieler: raises $3 to $6
Krazy90: calls $3
*** FLOP *** [As 8d 2s]
Krazy90: checks
mrkieler: bets $3
Krazy90: folds
Uncalled bet ($3) returned to mrkieler
mrkieler collected $11.76 from pot
mrkieler: doesn't show hand
*** SUMMARY ***
Total pot $12 | Rake $0.24
Board [As 8d 2s]
Seat 3: mrkieler (button) (small blind) collected ($11.76)
Seat 4: Krazy90 (big blind) folded on the Flop


PokerStars Hand #163728239498:  Hold'em Limit ($3/$6 USD) - 2016/12/29 14:43:17 ET
Table 'Tamriko III' 6-max Seat #4 is the button
Seat 3: mrkieler ($120.64 in chips)
Seat 4: Krazy90 ($238.23 in chips)
Krazy90: posts small blind $1
mrkieler: posts big blind $3
*** HOLE CARDS ***
Krazy90: raises $3 to $6
mrkieler: raises $3 to $9
Krazy90: calls $3
*** FLOP *** [3h 3s Kc]
mrkieler: bets $3
Krazy90: calls $3
*** TURN *** [3h 3s Kc] [5h]
mrkieler: bets $6
Krazy90: calls $6
*** RIVER *** [3h 3s Kc 5h] [Ac]
mrkieler: bets $6
Krazy90: calls $6
*** SHOW DOWN ***
mrkieler: shows [Jh Kd] (two pair, Kings and Threes)
Krazy90: shows [6s Kh] (two pair, Kings and Threes)
mrkieler collected $23.75 from pot
Krazy90 collected $23.75 from pot
*** SUMMARY ***
Total pot $48 | Rake $0.50
Board [3h 3s Kc 5h Ac]
Seat 3: mrkieler (big blind) showed [Jh Kd] and won ($23.75) with two pair, Kings and Threes
Seat 4: Krazy90 (button) (small blind) showed [6s Kh] and won ($23.75) with two pair, Kings and Threes


PokerStars Hand #163728258800:  Hold'em Limit ($3/$6 USD) - 2016/12/29 14:43:36 ET
Table 'Tamriko III' 6-max Seat #4 is the button
Seat 3: mrkieler ($126.15 in chips)
Seat 4: Krazy90 ($231.98 in chips)
Krazy90: posts small blind $1
mrkieler: posts big blind $3
*** HOLE CARDS ***
Krazy90: raises $3 to $6
mrkieler: folds
Uncalled bet ($3) returned to Krazy90
Krazy90 collected $6 from pot
Krazy90: doesn't show hand
*** SUMMARY ***
Total pot $6 | Rake $0
Seat 3: mrkieler (big blind) folded before Flop
Seat 4: Krazy90 (button) (small blind) collected ($6)


PokerStars Hand #163728287781:  Hold'em Limit ($3/$6 USD) - 2016/12/29 14:44:05 ET
Table 'Tamriko III' 6-max Seat #3 is the button
Seat 3: mrkieler ($110.67 in chips)
Seat 4: Krazy90 ($246.48 in chips)
mrkieler: posts small blind $1
Krazy90: posts big blind $3
*** HOLE CARDS ***
mrkieler: raises $3 to $6
Krazy90: calls $3
*** FLOP *** [Qh 8d Ad]
Krazy90: checks
mrkieler: bets $3
Krazy90: raises $3 to $6
mrkieler: calls $3
*** TURN *** [Qh 8d Ad] [3d]
Krazy90: bets $6
mrkieler: calls $6
*** RIVER *** [Qh 8d Ad 3d] [6d]
Krazy90: bets $6
mrkieler: calls $6
*** SHOW DOWN ***
Krazy90: shows [4d Td] (a flush, Ace high)
mrkieler: mucks hand
Krazy90 collected $47.50 from pot
*** SUMMARY ***
Total pot $48 | Rake $0.50
Board [Qh 8d Ad 3d 6d]
Seat 3: mrkieler (button) (small blind) mucked
Seat 4: Krazy90 (big blind) showed [4d Td] and won ($47.50) with a flush, Ace high


PokerStars Hand #163728278226:  Hold'em Limit ($3/$6 USD) - 2016/12/29 14:43:55 ET
Table 'Tamriko III' 6-max Seat #4 is the button
Seat 3: mrkieler ($99.15 in chips)
Seat 4: Krazy90 ($258.48 in chips)
Krazy90: posts small blind $1
mrkieler: posts big blind $3
*** HOLE CARDS ***
Krazy90: raises $3 to $6
mrkieler: raises $3 to $9
Krazy90: calls $3
*** FLOP *** [Kc 8d Ac]
mrkieler: bets $3
Krazy90: calls $3
*** TURN *** [Kc 8d Ac] [5s]
mrkieler: bets $6
Krazy90: folds
Uncalled bet ($6) returned to mrkieler
mrkieler collected $23.52 from pot
mrkieler: doesn't show hand
*** SUMMARY ***
Total pot $24 | Rake $0.48
Board [Kc 8d Ac 5s]
Seat 3: mrkieler (big blind) collected ($23.52)
Seat 4: Krazy90 (button) (small blind) folded on the Turn


PokerStars Hand #163728264585:  Hold'em Limit ($3/$6 USD) - 2016/12/29 14:43:42 ET
Table 'Tamriko III' 6-max Seat #3 is the button
Seat 3: mrkieler ($123.15 in chips)
Seat 4: Krazy90 ($234.98 in chips)
mrkieler: posts small blind $1
Krazy90: posts big blind $3
*** HOLE CARDS ***
mrkieler: raises $3 to $6
Krazy90: raises $3 to $9
mrkieler: raises $3 to $12
Betting is capped
Krazy90: calls $3
*** FLOP *** [Ad 7d Qc]
Krazy90: checks
mrkieler: bets $3
Krazy90: raises $3 to $6
mrkieler: raises $3 to $9
Krazy90: raises $3 to $12
Betting is capped
mrkieler: calls $3
*** TURN *** [Ad 7d Qc] [Jh]
Krazy90: bets $6
mrkieler: folds
Uncalled bet ($6) returned to Krazy90
Krazy90 collected $47.50 from pot
Krazy90: doesn't show hand
*** SUMMARY ***
Total pot $48 | Rake $0.50
Board [Ad 7d Qc Jh]
Seat 3: mrkieler (button) (small blind) folded on the Turn
Seat 4: Krazy90 (big blind) collected ($47.50)


PokerStars Hand #163728311940:  Hold'em Limit ($3/$6 USD) - 2016/12/29 14:44:29 ET
Table 'Tamriko III' 6-max Seat #3 is the button
Seat 3: mrkieler ($95.31 in chips)
Seat 4: Krazy90 ($260.98 in chips)
mrkieler: posts small blind $1
Krazy90: posts big blind $3
*** HOLE CARDS ***
mrkieler: raises $3 to $6
Krazy90: calls $3
*** FLOP *** [Tc 7s 8c]
Krazy90: checks
mrkieler: bets $3
Krazy90: calls $3
*** TURN *** [Tc 7s 8c] [Kc]
Krazy90: checks
mrkieler: bets $6
Krazy90: raises $6 to $12
mrkieler: raises $6 to $18
Krazy90: raises $6 to $24
Betting is capped
mrkieler: calls $6
*** RIVER *** [Tc 7s 8c Kc] [Kd]
Krazy90: bets $6
mrkieler: raises $6 to $12
Krazy90: raises $6 to $18
mrkieler: raises $6 to $24
Betting is capped
Krazy90: calls $6
*** SHOW DOWN ***
mrkieler: shows [3c 9c] (a flush, King high)
Krazy90: mucks hand
mrkieler collected $113.50 from pot
*** SUMMARY ***
Total pot $114 | Rake $0.50
Board [Tc 7s 8c Kc Kd]
Seat 3: mrkieler (button) (small blind) showed [3c 9c] and won ($113.50) with a flush, King high
Seat 4: Krazy90 (big blind) mucked


PokerStars Hand #163728300129:  Hold'em Limit ($3/$6 USD) - 2016/12/29 14:44:19 ET
Table 'Tamriko III' 6-max Seat #4 is the button
Seat 3: mrkieler ($86.67 in chips)
Seat 4: Krazy90 ($269.98 in chips)
Krazy90: posts small blind $1
mrkieler: posts big blind $3
*** HOLE CARDS ***
Krazy90: raises $3 to $6
mrkieler: calls $3
*** FLOP *** [6d 8h Ad]
mrkieler: checks
Krazy90: bets $3
mrkieler: raises $3 to $6
Krazy90: folds
Uncalled bet ($3) returned to mrkieler
mrkieler collected $17.64 from pot
mrkieler: doesn't show hand
*** SUMMARY ***
Total pot $18 | Rake $0.36
Board [6d 8h Ad]
Seat 3: mrkieler (big blind) collected ($17.64)
Seat 4: Krazy90 (button) (small blind) folded on the Flop


PokerStars Hand #163728340430:  Hold'em Limit ($3/$6 USD) - 2016/12/29 14:44:58 ET
Table 'Tamriko III' 6-max Seat #3 is the button
Seat 3: mrkieler ($142.81 in chips)
Seat 4: Krazy90 ($212.62 in chips)
mrkieler: posts small blind $1
Krazy90: posts big blind $3
*** HOLE CARDS ***
mrkieler: folds
Uncalled bet ($2) returned to Krazy90
Krazy90 collected $2 from pot
Krazy90: doesn't show hand
*** SUMMARY ***
Total pot $2 | Rake $0
Seat 3: mrkieler (button) (small blind) folded before Flop
Seat 4: Krazy90 (big blind) collected ($2)


PokerStars Hand #163728325570:  Hold'em Limit ($3/$6 USD) - 2016/12/29 14:44:43 ET
Table 'Tamriko III' 6-max Seat #4 is the button
Seat 3: mrkieler ($151.81 in chips)
Seat 4: Krazy90 ($203.98 in chips)
Krazy90: posts small blind $1
mrkieler: posts big blind $3
*** HOLE CARDS ***
Krazy90: raises $3 to $6
mrkieler: calls $3
*** FLOP *** [Tc Qc 8s]
mrkieler: checks
Krazy90: bets $3
mrkieler: calls $3
*** TURN *** [Tc Qc 8s] [Qd]
mrkieler: checks
Krazy90: checks
*** RIVER *** [Tc Qc 8s Qd] [5h]
mrkieler: checks
Krazy90: bets $6
mrkieler: folds
Uncalled bet ($6) returned to Krazy90
Krazy90 collected $17.64 from pot
Krazy90: doesn't show hand
*** SUMMARY ***
Total pot $18 | Rake $0.36
Board [Tc Qc 8s Qd 5h]
Seat 3: mrkieler (big blind) folded on the River
Seat 4: Krazy90 (button) (small blind) collected ($17.64)


PokerStars Hand #163728382375:  Hold'em Limit ($3/$6 USD) - 2016/12/29 14:45:40 ET
Table 'Tamriko III' 6-max Seat #3 is the button
Seat 3: mrkieler ($135.57 in chips)
Seat 4: Krazy90 ($219.26 in chips)
mrkieler: posts small blind $1
Krazy90: posts big blind $3
*** HOLE CARDS ***
mrkieler: calls $2
Krazy90: checks
*** FLOP *** [7c Qc 7s]
Krazy90: checks
mrkieler: bets $3
Krazy90: raises $3 to $6
mrkieler: raises $3 to $9
Krazy90: raises $3 to $12
Betting is capped
mrkieler: calls $3
*** TURN *** [7c Qc 7s] [6d]
Krazy90: bets $6
mrkieler: calls $6
*** RIVER *** [7c Qc 7s 6d] [8s]
Krazy90: bets $6
mrkieler: calls $6
*** SHOW DOWN ***
Krazy90: shows [7d Jc] (three of a kind, Sevens)
mrkieler: mucks hand
Krazy90 collected $53.50 from pot
*** SUMMARY ***
Total pot $54 | Rake $0.50
Board [7c Qc 7s 6d 8s]
Seat 3: mrkieler (button) (small blind) mucked
Seat 4: Krazy90 (big blind) showed [7d Jc] and won ($53.50) with three of a kind, Sevens


PokerStars Hand #163728373142:  Hold'em Limit ($3/$6 USD) - 2016/12/29 14:45:30 ET
Table 'Tamriko III' 6-max Seat #4 is the button
Seat 3: mrkieler ($138.57 in chips)
Seat 4: Krazy90 ($216.26 in chips)
Krazy90: posts small blind $1
mrkieler: posts big blind $3
*** HOLE CARDS ***
Krazy90: raises $3 to $6
mrkieler: folds
Uncalled bet ($3) returned to Krazy90
Krazy90 collected $6 from pot
Krazy90: doesn't show hand
*** SUMMARY ***
Total pot $6 | Rake $0
Seat 3: mrkieler (big blind) folded before Flop
Seat 4: Krazy90 (button) (small blind) collected ($6)


PokerStars Hand #163728363412:  Hold'em Limit ($3/$6 USD) - 2016/12/29 14:45:21 ET
Table 'Tamriko III' 6-max Seat #3 is the button
Seat 3: mrkieler ($132.81 in chips)
Seat 4: Krazy90 ($222.26 in chips)
mrkieler: posts small blind $1
Krazy90: posts big blind $3
*** HOLE CARDS ***
mrkieler: raises $3 to $6
Krazy90: calls $3
*** FLOP *** [7h 9s Jd]
Krazy90: checks
mrkieler: bets $3
Krazy90: folds
Uncalled bet ($3) returned to mrkieler
mrkieler collected $11.76 from pot
mrkieler: doesn't show hand
*** SUMMARY ***
Total pot $12 | Rake $0.24
Board [7h 9s Jd]
Seat 3: mrkieler (button) (small blind) collected ($11.76)
Seat 4: Krazy90 (big blind) folded on the Flop


PokerStars Hand #163728345766:  Hold'em Limit ($3/$6 USD) - 2016/12/29 14:45:03 ET
Table 'Tamriko III' 6-max Seat #4 is the button
Seat 3: mrkieler ($141.81 in chips)
Seat 4: Krazy90 ($213.62 in chips)
Krazy90: posts small blind $1
mrkieler: posts big blind $3
*** HOLE CARDS ***
Krazy90: raises $3 to $6
mrkieler: raises $3 to $9
Krazy90: calls $3
*** FLOP *** [Qc 7d 5d]
mrkieler: checks
Krazy90: checks
*** TURN *** [Qc 7d 5d] [Td]
mrkieler: checks
Krazy90: checks
*** RIVER *** [Qc 7d 5d Td] [7c]
mrkieler: checks
Krazy90: checks
*** SHOW DOWN ***
mrkieler: shows [3c Jc] (a pair of Sevens)
Krazy90: shows [3h Ad] (a pair of Sevens - Ace kicker)
Krazy90 collected $17.64 from pot
*** SUMMARY ***
Total pot $18 | Rake $0.36
Board [Qc 7d 5d Td 7c]
Seat 3: mrkieler (big blind) showed [3c Jc] and lost with a pair of Sevens
Seat 4: Krazy90 (button) (small blind) showed [3h Ad] and won ($17.64) with a pair of Sevens


PokerStars Hand #163728400514:  Hold'em Limit ($3/$6 USD) - 2016/12/29 14:45:58 ET
Table 'Tamriko III' 6-max Seat #4 is the button
Seat 3: mrkieler ($108.57 in chips)
Seat 4: Krazy90 ($245.76 in chips)
Krazy90: posts small blind $1
mrkieler: posts big blind $3
*** HOLE CARDS ***
Krazy90: raises $3 to $6
mrkieler: raises $3 to $9
Krazy90: calls $3
*** FLOP *** [9s 9c 7c]
mrkieler: bets $3
Krazy90: calls $3
*** TURN *** [9s 9c 7c] [Ah]
mrkieler: bets $6
Krazy90: calls $6
*** RIVER *** [9s 9c 7c Ah] [Qh]
mrkieler: bets $6
Krazy90: calls $6
*** SHOW DOWN ***
mrkieler: shows [Ad 6c] (two pair, Aces and Nines)
Krazy90: mucks hand
mrkieler collected $47.50 from pot
MATEKATA2 joins the table at seat #1
*** SUMMARY ***
Total pot $48 | Rake $0.50
Board [9s 9c 7c Ah Qh]
Seat 3: mrkieler (big blind) showed [Ad 6c] and won ($47.50) with two pair, Aces and Nines
Seat 4: Krazy90 (button) (small blind) mucked


PokerStars Hand #163728411954:  Hold'em Limit ($3/$6 USD) - 2016/12/29 14:46:09 ET
Table 'Tamriko III' 6-max Seat #3 is the button
Seat 3: mrkieler ($132.07 in chips)
Seat 4: Krazy90 ($221.76 in chips)
mrkieler: posts small blind $1
Krazy90: posts big blind $3
*** HOLE CARDS ***
mrkieler: raises $3 to $6
Krazy90: calls $3
*** FLOP *** [6c 4s Jd]
Krazy90: checks
mrkieler: bets $3
Krazy90: calls $3
*** TURN *** [6c 4s Jd] [7s]
Krazy90: checks
mrkieler: bets $6
Krazy90: calls $6
*** RIVER *** [6c 4s Jd 7s] [Jh]
Krazy90: checks
mrkieler: bets $6
Krazy90: calls $6
*** SHOW DOWN ***
mrkieler: shows [3s Td] (a pair of Jacks)
Krazy90: shows [4h Ad] (two pair, Jacks and Fours)
Krazy90 collected $41.50 from pot
*** SUMMARY ***
Total pot $42 | Rake $0.50
Board [6c 4s Jd 7s Jh]
Seat 3: mrkieler (button) (small blind) showed [3s Td] and lost with a pair of Jacks
Seat 4: Krazy90 (big blind) showed [4h Ad] and won ($41.50) with two pair, Jacks and Fours


PokerStars Hand #163728680073:  Hold'em Limit ($3/$6 USD) - 2016/12/29 14:50:35 ET
Table 'Tamriko III' 6-max Seat #4 is the button
Seat 3: mrkieler ($204.76 in chips)
Seat 4: Krazy90 ($184.18 in chips)
Krazy90: posts small blind $1
mrkieler: posts big blind $3
*** HOLE CARDS ***
Krazy90: raises $3 to $6
Jordanovvv joins the table at seat #2
mrkieler: raises $3 to $9
Krazy90: raises $3 to $12
Betting is capped
mrkieler: calls $3
*** FLOP *** [Kh 8s 3h]
mrkieler: bets $3
Krazy90: calls $3
*** TURN *** [Kh 8s 3h] [3c]
mrkieler: bets $6
Krazy90: folds
Uncalled bet ($6) returned to mrkieler
mrkieler collected $29.50 from pot
mrkieler: doesn't show hand
*** SUMMARY ***
Total pot $30 | Rake $0.50
Board [Kh 8s 3h 3c]
Seat 3: mrkieler (big blind) collected ($29.50)
Seat 4: Krazy90 (button) (small blind) folded on the Turn


PokerStars Hand #163728691690:  Hold'em Limit ($3/$6 USD) - 2016/12/29 14:50:46 ET
Table 'Tamriko III' 6-max Seat #3 is the button
Seat 3: mrkieler ($219.26 in chips)
Seat 4: Krazy90 ($169.18 in chips)
mrkieler: posts small blind $1
Krazy90: posts big blind $3
*** HOLE CARDS ***
mrkieler: raises $3 to $6
Krazy90: raises $3 to $9
MATEKATA2 joins the table at seat #1
mrkieler: raises $3 to $12
Betting is capped
Krazy90: calls $3
*** FLOP *** [5h Js 5c]
Krazy90: bets $3
mrkieler: calls $3
*** TURN *** [5h Js 5c] [Ad]
Krazy90: bets $6
mrkieler: calls $6
*** RIVER *** [5h Js 5c Ad] [Qd]
Krazy90: checks
mrkieler: checks
*** SHOW DOWN ***
Krazy90: shows [6h 6c] (two pair, Sixes and Fives)
mrkieler: mucks hand
Krazy90 collected $41.50 from pot
*** SUMMARY ***
Total pot $42 | Rake $0.50
Board [5h Js 5c Ad Qd]
Seat 3: mrkieler (button) (small blind) mucked
Seat 4: Krazy90 (big blind) showed [6h 6c] and won ($41.50) with two pair, Sixes and Fives


