PokerStars Hand #163252640325:  Hold'em Limit ($3/$6 USD) - 2016/12/20 14:12:53 ET
Table 'Tana III' 6-max Seat #1 is the button
Seat 1: HAOYUN88888 ($120 in chips)
Seat 4: Koraseg ($120 in chips)
HAOYUN88888: posts small blind $1
Koraseg: posts big blind $3
*** HOLE CARDS ***
HAOYUN88888: raises $3 to $6
Koraseg: calls $3
*** FLOP *** [Qs 7h Qh]
Koraseg: checks
HAOYUN88888: bets $3
Koraseg: raises $3 to $6
HAOYUN88888: calls $3
*** TURN *** [Qs 7h Qh] [6c]
Koraseg: bets $6
HAOYUN88888: raises $6 to $12
Koraseg: calls $6
*** RIVER *** [Qs 7h Qh 6c] [As]
Koraseg: checks
HAOYUN88888: bets $6
Koraseg: calls $6
*** SHOW DOWN ***
HAOYUN88888: shows [Td 9d] (a pair of Queens)
Koraseg: shows [5h 6h] (two pair, Queens and Sixes)
Koraseg collected $59.50 from pot
*** SUMMARY ***
Total pot $60 | Rake $0.50
Board [Qs 7h Qh 6c As]
Seat 1: HAOYUN88888 (button) (small blind) showed [Td 9d] and lost with a pair of Queens
Seat 4: Koraseg (big blind) showed [5h 6h] and won ($59.50) with two pair, Queens and Sixes


PokerStars Hand #163252635565:  Hold'em Limit ($3/$6 USD) - 2016/12/20 14:12:48 ET
Table 'Tana III' 6-max Seat #4 is the button
Seat 1: HAOYUN88888 ($123 in chips)
Seat 4: Koraseg ($117 in chips)
Koraseg: posts small blind $1
HAOYUN88888: posts big blind $3
*** HOLE CARDS ***
Koraseg: raises $3 to $6
HAOYUN88888: folds
Uncalled bet ($3) returned to Koraseg
Koraseg collected $6 from pot
Koraseg: doesn't show hand
*** SUMMARY ***
Total pot $6 | Rake $0
Seat 1: HAOYUN88888 (big blind) folded before Flop
Seat 4: Koraseg (button) (small blind) collected ($6)


PokerStars Hand #163252711654:  Hold'em Limit ($3/$6 USD) - 2016/12/20 14:14:10 ET
Table 'Tana III' 6-max Seat #1 is the button
Seat 1: HAOYUN88888 ($78.64 in chips)
Seat 4: Koraseg ($160 in chips)
HAOYUN88888: posts small blind $1
Koraseg: posts big blind $3
*** HOLE CARDS ***
HAOYUN88888: folds
Uncalled bet ($2) returned to Koraseg
Koraseg collected $2 from pot
Koraseg: doesn't show hand
*** SUMMARY ***
Total pot $2 | Rake $0
Seat 1: HAOYUN88888 (button) (small blind) folded before Flop
Seat 4: Koraseg (big blind) collected ($2)


PokerStars Hand #163252707165:  Hold'em Limit ($3/$6 USD) - 2016/12/20 14:14:05 ET
Table 'Tana III' 6-max Seat #4 is the button
Seat 1: HAOYUN88888 ($77.64 in chips)
Seat 4: Koraseg ($161 in chips)
Koraseg: posts small blind $1
HAOYUN88888: posts big blind $3
*** HOLE CARDS ***
Koraseg: folds
Uncalled bet ($2) returned to HAOYUN88888
HAOYUN88888 collected $2 from pot
HAOYUN88888: doesn't show hand
*** SUMMARY ***
Total pot $2 | Rake $0
Seat 1: HAOYUN88888 (big blind) collected ($2)
Seat 4: Koraseg (button) (small blind) folded before Flop


PokerStars Hand #163252686725:  Hold'em Limit ($3/$6 USD) - 2016/12/20 14:13:43 ET
Table 'Tana III' 6-max Seat #1 is the button
Seat 1: HAOYUN88888 ($98.64 in chips)
Seat 4: Koraseg ($140.50 in chips)
HAOYUN88888: posts small blind $1
Koraseg: posts big blind $3
*** HOLE CARDS ***
HAOYUN88888: raises $3 to $6
Koraseg: calls $3
*** FLOP *** [Jd 9s 8s]
Koraseg: checks
HAOYUN88888: bets $3
Koraseg: calls $3
*** TURN *** [Jd 9s 8s] [3d]
Koraseg: checks
HAOYUN88888: bets $6
Koraseg: calls $6
*** RIVER *** [Jd 9s 8s 3d] [7c]
Koraseg: bets $6
HAOYUN88888: calls $6
*** SHOW DOWN ***
Koraseg: shows [6d 5d] (a straight, Five to Nine)
HAOYUN88888: mucks hand
Koraseg collected $41.50 from pot
*** SUMMARY ***
Total pot $42 | Rake $0.50
Board [Jd 9s 8s 3d 7c]
Seat 1: HAOYUN88888 (button) (small blind) mucked
Seat 4: Koraseg (big blind) showed [6d 5d] and won ($41.50) with a straight, Five to Nine


PokerStars Hand #163252662638:  Hold'em Limit ($3/$6 USD) - 2016/12/20 14:13:17 ET
Table 'Tana III' 6-max Seat #4 is the button
Seat 1: HAOYUN88888 ($90 in chips)
Seat 4: Koraseg ($149.50 in chips)
Koraseg: posts small blind $1
HAOYUN88888: posts big blind $3
*** HOLE CARDS ***
Koraseg: raises $3 to $6
HAOYUN88888: calls $3
*** FLOP *** [3s Ah Qc]
HAOYUN88888: checks
Koraseg: bets $3
HAOYUN88888: raises $3 to $6
Koraseg: folds
Uncalled bet ($3) returned to HAOYUN88888
HAOYUN88888 collected $17.64 from pot
HAOYUN88888: doesn't show hand
*** SUMMARY ***
Total pot $18 | Rake $0.36
Board [3s Ah Qc]
Seat 1: HAOYUN88888 (big blind) collected ($17.64)
Seat 4: Koraseg (button) (small blind) folded on the Flop


PokerStars Hand #163252716690:  Hold'em Limit ($3/$6 USD) - 2016/12/20 14:14:16 ET
Table 'Tana III' 6-max Seat #4 is the button
Seat 1: HAOYUN88888 ($77.64 in chips)
Seat 4: Koraseg ($161 in chips)
Koraseg: posts small blind $1
HAOYUN88888: posts big blind $3
*** HOLE CARDS ***
Koraseg: raises $3 to $6
HAOYUN88888: calls $3
*** FLOP *** [6c Qd Ah]
HAOYUN88888: checks
Koraseg: bets $3
Krazy90 joins the table at seat #2
HAOYUN88888: raises $3 to $6
Koraseg: folds
Uncalled bet ($3) returned to HAOYUN88888
HAOYUN88888 collected $17.64 from pot
HAOYUN88888: doesn't show hand
*** SUMMARY ***
Total pot $18 | Rake $0.36
Board [6c Qd Ah]
Seat 1: HAOYUN88888 (big blind) collected ($17.64)
Seat 4: Koraseg (button) (small blind) folded on the Flop


PokerStars Hand #163257668204:  Hold'em Limit ($3/$6 USD) - 2016/12/20 15:40:36 ET
Table 'Tana III' 6-max Seat #6 is the button
Seat 1: Drik89 ($177.56 in chips)
Seat 6: ragz2riche5 ($124.35 in chips)
ragz2riche5: posts small blind $1
Drik89: posts big blind $3
*** HOLE CARDS ***
ragz2riche5: raises $3 to $6
Drik89: calls $3
*** FLOP *** [Jh Qh Qd]
Drik89: checks
ragz2riche5: bets $3
Drik89: calls $3
*** TURN *** [Jh Qh Qd] [2d]
Drik89: checks
ragz2riche5: checks
*** RIVER *** [Jh Qh Qd 2d] [5c]
Drik89: bets $6
ragz2riche5: raises $6 to $12
Drik89: raises $6 to $18
ragz2riche5: calls $6
*** SHOW DOWN ***
Drik89: shows [4c Qc] (three of a kind, Queens)
ragz2riche5: mucks hand
Drik89 collected $53.50 from pot
*** SUMMARY ***
Total pot $54 | Rake $0.50
Board [Jh Qh Qd 2d 5c]
Seat 1: Drik89 (big blind) showed [4c Qc] and won ($53.50) with three of a kind, Queens
Seat 6: ragz2riche5 (button) (small blind) mucked


PokerStars Hand #163257663266:  Hold'em Limit ($3/$6 USD) - 2016/12/20 15:40:32 ET
Table 'Tana III' 6-max Seat #1 is the button
Seat 1: Drik89 ($178.56 in chips)
Seat 6: ragz2riche5 ($123.35 in chips)
Drik89: posts small blind $1
Koraseg: is sitting out
ragz2riche5: posts big blind $3
*** HOLE CARDS ***
Koraseg leaves the table
Drik89: folds
Uncalled bet ($2) returned to ragz2riche5
ragz2riche5 collected $2 from pot
*** SUMMARY ***
Total pot $2 | Rake $0
Seat 1: Drik89 (button) (small blind) folded before Flop
Seat 6: ragz2riche5 (big blind) collected ($2)


