PokerStars Hand #158388847512:  Hold'em Limit ($3/$6 USD) - 2016/09/09 17:11:54 ET
Table 'Tana' 6-max Seat #5 is the button
Seat 3: fkhell100 ($42.30 in chips)
Seat 5: GoliafUa ($135.60 in chips)
GoliafUa: posts small blind $1
fkhell100: posts big blind $3
*** HOLE CARDS ***
GoliafUa: raises $3 to $6
fkhell100: calls $3
*** FLOP *** [6c Js 6h]
fkhell100: checks
GoliafUa: bets $3
fkhell100: folds
Uncalled bet ($3) returned to GoliafUa
GoliafUa collected $11.76 from pot
GoliafUa: doesn't show hand
*** SUMMARY ***
Total pot $12 | Rake $0.24
Board [6c Js 6h]
Seat 3: fkhell100 (big blind) folded on the Flop
Seat 5: GoliafUa (button) (small blind) collected ($11.76)


PokerStars Hand #158388830533:  Hold'em Limit ($3/$6 USD) - 2016/09/09 17:11:35 ET
Table 'Tana' 6-max Seat #3 is the button
Seat 3: fkhell100 ($21.40 in chips)
Seat 5: GoliafUa ($157 in chips)
fkhell100: posts small blind $1
GoliafUa: posts big blind $3
*** HOLE CARDS ***
fkhell100: raises $3 to $6
GoliafUa: raises $3 to $9
fkhell100: raises $3 to $12
Betting is capped
GoliafUa: calls $3
*** FLOP *** [Ad 7h 8h]
GoliafUa: checks
fkhell100: bets $3
GoliafUa: calls $3
*** TURN *** [Ad 7h 8h] [As]
GoliafUa: checks
fkhell100: bets $6
GoliafUa: calls $6
*** RIVER *** [Ad 7h 8h As] [6d]
GoliafUa: checks
fkhell100: bets $0.40 and is all-in
GoliafUa: calls $0.40
*** SHOW DOWN ***
fkhell100: shows [2h 2s] (two pair, Aces and Deuces)
GoliafUa: shows [Qs Ks] (a pair of Aces)
fkhell100 collected $42.30 from pot
*** SUMMARY ***
Total pot $42.80 | Rake $0.50
Board [Ad 7h 8h As 6d]
Seat 3: fkhell100 (button) (small blind) showed [2h 2s] and won ($42.30) with two pair, Aces and Deuces
Seat 5: GoliafUa (big blind) showed [Qs Ks] and lost with a pair of Aces


PokerStars Hand #158388812090:  Hold'em Limit ($3/$6 USD) - 2016/09/09 17:11:14 ET
Table 'Tana' 6-max Seat #5 is the button
Seat 3: fkhell100 ($51.40 in chips)
Seat 5: GoliafUa ($127.50 in chips)
GoliafUa: posts small blind $1
fkhell100: posts big blind $3
*** HOLE CARDS ***
GoliafUa: raises $3 to $6
fkhell100: calls $3
*** FLOP *** [Kc 3s Tc]
fkhell100: checks
GoliafUa: bets $3
fkhell100: raises $3 to $6
GoliafUa: raises $3 to $9
fkhell100: raises $3 to $12
Betting is capped
GoliafUa: calls $3
*** TURN *** [Kc 3s Tc] [5c]
fkhell100: bets $6
GoliafUa: raises $6 to $12
fkhell100: calls $6
*** RIVER *** [Kc 3s Tc 5c] [Ah]
fkhell100: checks
GoliafUa: bets $6
fkhell100: folds
Uncalled bet ($6) returned to GoliafUa
GoliafUa collected $59.50 from pot
GoliafUa: doesn't show hand
*** SUMMARY ***
Total pot $60 | Rake $0.50
Board [Kc 3s Tc 5c Ah]
Seat 3: fkhell100 (big blind) folded on the River
Seat 5: GoliafUa (button) (small blind) collected ($59.50)


PokerStars Hand #158388797476:  Hold'em Limit ($3/$6 USD) - 2016/09/09 17:10:57 ET
Table 'Tana' 6-max Seat #3 is the button
Seat 3: fkhell100 ($75.40 in chips)
Seat 5: GoliafUa ($104 in chips)
fkhell100: posts small blind $1
GoliafUa: posts big blind $3
*** HOLE CARDS ***
fkhell100: raises $3 to $6
GoliafUa: raises $3 to $9
fkhell100: calls $3
*** FLOP *** [3h Kh 3s]
GoliafUa: bets $3
fkhell100: calls $3
*** TURN *** [3h Kh 3s] [Jc]
GoliafUa: bets $6
fkhell100: calls $6
*** RIVER *** [3h Kh 3s Jc] [8h]
GoliafUa: bets $6
fkhell100: calls $6
*** SHOW DOWN ***
GoliafUa: shows [Ah Jd] (two pair, Jacks and Threes)
fkhell100: mucks hand
GoliafUa collected $47.50 from pot
*** SUMMARY ***
Total pot $48 | Rake $0.50
Board [3h Kh 3s Jc 8h]
Seat 3: fkhell100 (button) (small blind) mucked
Seat 5: GoliafUa (big blind) showed [Ah Jd] and won ($47.50) with two pair, Jacks and Threes


PokerStars Hand #158388891484:  Hold'em Limit ($3/$6 USD) - 2016/09/09 17:12:44 ET
Table 'Tana' 6-max Seat #5 is the button
Seat 3: fkhell100 ($30.05 in chips)
Seat 5: GoliafUa ($146.75 in chips)
GoliafUa: posts small blind $1
fkhell100: posts big blind $3
*** HOLE CARDS ***
GoliafUa: raises $3 to $6
fkhell100: calls $3
*** FLOP *** [2d 3s 4d]
fkhell100: checks
GoliafUa: bets $3
fkhell100: calls $3
*** TURN *** [2d 3s 4d] [Kd]
fkhell100: checks
GoliafUa: bets $6
fkhell100: calls $6
*** RIVER *** [2d 3s 4d Kd] [9d]
fkhell100: checks
GoliafUa: bets $6
fkhell100: calls $6
*** SHOW DOWN ***
GoliafUa: shows [2s Td] (a flush, King high)
fkhell100: mucks hand
GoliafUa collected $41.50 from pot
*** SUMMARY ***
Total pot $42 | Rake $0.50
Board [2d 3s 4d Kd 9d]
Seat 3: fkhell100 (big blind) mucked
Seat 5: GoliafUa (button) (small blind) showed [2s Td] and won ($41.50) with a flush, King high


PokerStars Hand #158388886364:  Hold'em Limit ($3/$6 USD) - 2016/09/09 17:12:38 ET
Table 'Tana' 6-max Seat #3 is the button
Seat 3: fkhell100 ($27.05 in chips)
Seat 5: GoliafUa ($149.75 in chips)
fkhell100: posts small blind $1
GoliafUa: posts big blind $3
*** HOLE CARDS ***
fkhell100: raises $3 to $6
GoliafUa: folds
Uncalled bet ($3) returned to fkhell100
fkhell100 collected $6 from pot
fkhell100: doesn't show hand
*** SUMMARY ***
Total pot $6 | Rake $0
Seat 3: fkhell100 (button) (small blind) collected ($6)
Seat 5: GoliafUa (big blind) folded before Flop


PokerStars Hand #158388874196:  Hold'em Limit ($3/$6 USD) - 2016/09/09 17:12:24 ET
Table 'Tana' 6-max Seat #5 is the button
Seat 3: fkhell100 ($36.05 in chips)
Seat 5: GoliafUa ($141.11 in chips)
GoliafUa: posts small blind $1
fkhell100: posts big blind $3
*** HOLE CARDS ***
GoliafUa: raises $3 to $6
fkhell100: calls $3
*** FLOP *** [Qd Th 9c]
fkhell100: checks
GoliafUa: bets $3
fkhell100: calls $3
*** TURN *** [Qd Th 9c] [4h]
fkhell100: checks
GoliafUa: bets $6
fkhell100: folds
Uncalled bet ($6) returned to GoliafUa
GoliafUa collected $17.64 from pot
GoliafUa: doesn't show hand
*** SUMMARY ***
Total pot $18 | Rake $0.36
Board [Qd Th 9c 4h]
Seat 3: fkhell100 (big blind) folded on the Turn
Seat 5: GoliafUa (button) (small blind) collected ($17.64)


PokerStars Hand #158388855567:  Hold'em Limit ($3/$6 USD) - 2016/09/09 17:12:03 ET
Table 'Tana' 6-max Seat #3 is the button
Seat 3: fkhell100 ($36.30 in chips)
Seat 5: GoliafUa ($141.36 in chips)
fkhell100: posts small blind $1
GoliafUa: posts big blind $3
*** HOLE CARDS ***
fkhell100: calls $2
GoliafUa: raises $3 to $6
fkhell100: calls $3
*** FLOP *** [Qd 2h 4d]
GoliafUa: bets $3
fkhell100: raises $3 to $6
GoliafUa: raises $3 to $9
fkhell100: raises $3 to $12
Betting is capped
GoliafUa: calls $3
*** TURN *** [Qd 2h 4d] [4h]
GoliafUa: bets $6
fkhell100: raises $6 to $12
GoliafUa: raises $6 to $18
fkhell100: raises $0.30 to $18.30 and is all-in
Betting is capped
GoliafUa: calls $0.30
*** RIVER *** [Qd 2h 4d 4h] [Ad]
*** SHOW DOWN ***
GoliafUa: shows [Jh Qc] (two pair, Queens and Fours)
fkhell100: shows [Qh 9c] (two pair, Queens and Fours)
GoliafUa collected $36.05 from pot
fkhell100 collected $36.05 from pot
*** SUMMARY ***
Total pot $72.60 | Rake $0.50
Board [Qd 2h 4d 4h Ad]
Seat 3: fkhell100 (button) (small blind) showed [Qh 9c] and won ($36.05) with two pair, Queens and Fours
Seat 5: GoliafUa (big blind) showed [Jh Qc] and won ($36.05) with two pair, Queens and Fours


PokerStars Hand #158388934325:  Hold'em Limit ($3/$6 USD) - 2016/09/09 17:13:32 ET
Table 'Tana' 6-max Seat #5 is the button
Seat 3: fkhell100 ($12.05 in chips)
Seat 5: GoliafUa ($164.25 in chips)
GoliafUa: posts small blind $1
fkhell100: posts big blind $3
*** HOLE CARDS ***
GoliafUa: raises $3 to $6
fkhell100: calls $3
*** FLOP *** [5d 4c Ks]
fkhell100: bets $3
GoliafUa: calls $3
*** TURN *** [5d 4c Ks] [Ah]
fkhell100: bets $3.05 and is all-in
GoliafUa: calls $3.05
*** RIVER *** [5d 4c Ks Ah] [Tc]
*** SHOW DOWN ***
fkhell100: shows [6h 7d] (high card Ace)
GoliafUa: shows [2c 2d] (a pair of Deuces)
GoliafUa collected $23.62 from pot
*** SUMMARY ***
Total pot $24.10 | Rake $0.48
Board [5d 4c Ks Ah Tc]
Seat 3: fkhell100 (big blind) showed [6h 7d] and lost with high card Ace
Seat 5: GoliafUa (button) (small blind) showed [2c 2d] and won ($23.62) with a pair of Deuces


PokerStars Hand #158388930091:  Hold'em Limit ($3/$6 USD) - 2016/09/09 17:13:28 ET
Table 'Tana' 6-max Seat #3 is the button
Seat 3: fkhell100 ($13.05 in chips)
Seat 5: GoliafUa ($163.25 in chips)
fkhell100: posts small blind $1
GoliafUa: posts big blind $3
*** HOLE CARDS ***
fkhell100: folds
Uncalled bet ($2) returned to GoliafUa
GoliafUa collected $2 from pot
GoliafUa: doesn't show hand
*** SUMMARY ***
Total pot $2 | Rake $0
Seat 3: fkhell100 (button) (small blind) folded before Flop
Seat 5: GoliafUa (big blind) collected ($2)


PokerStars Hand #158388925667:  Hold'em Limit ($3/$6 USD) - 2016/09/09 17:13:23 ET
Table 'Tana' 6-max Seat #5 is the button
Seat 3: fkhell100 ($12.05 in chips)
Seat 5: GoliafUa ($164.25 in chips)
GoliafUa: posts small blind $1
fkhell100: posts big blind $3
*** HOLE CARDS ***
GoliafUa: folds
Uncalled bet ($2) returned to fkhell100
fkhell100 collected $2 from pot
fkhell100: doesn't show hand
*** SUMMARY ***
Total pot $2 | Rake $0
Seat 3: fkhell100 (big blind) collected ($2)
Seat 5: GoliafUa (button) (small blind) folded before Flop


PokerStars Hand #158388921017:  Hold'em Limit ($3/$6 USD) - 2016/09/09 17:13:17 ET
Table 'Tana' 6-max Seat #3 is the button
Seat 3: fkhell100 ($13.05 in chips)
Seat 5: GoliafUa ($163.25 in chips)
fkhell100: posts small blind $1
GoliafUa: posts big blind $3
*** HOLE CARDS ***
fkhell100: folds
Uncalled bet ($2) returned to GoliafUa
GoliafUa collected $2 from pot
GoliafUa: doesn't show hand
*** SUMMARY ***
Total pot $2 | Rake $0
Seat 3: fkhell100 (button) (small blind) folded before Flop
Seat 5: GoliafUa (big blind) collected ($2)


PokerStars Hand #158388912656:  Hold'em Limit ($3/$6 USD) - 2016/09/09 17:13:08 ET
Table 'Tana' 6-max Seat #5 is the button
Seat 3: fkhell100 ($12.05 in chips)
Seat 5: GoliafUa ($164.25 in chips)
GoliafUa: posts small blind $1
fkhell100: posts big blind $3
*** HOLE CARDS ***
GoliafUa: folds
Uncalled bet ($2) returned to fkhell100
fkhell100 collected $2 from pot
fkhell100: doesn't show hand
*** SUMMARY ***
Total pot $2 | Rake $0
Seat 3: fkhell100 (big blind) collected ($2)
Seat 5: GoliafUa (button) (small blind) folded before Flop


PokerStars Hand #158388906923:  Hold'em Limit ($3/$6 USD) - 2016/09/09 17:13:01 ET
Table 'Tana' 6-max Seat #3 is the button
Seat 3: fkhell100 ($9.05 in chips)
Seat 5: GoliafUa ($167.25 in chips)
fkhell100: posts small blind $1
GoliafUa: posts big blind $3
*** HOLE CARDS ***
fkhell100: raises $3 to $6
GoliafUa: folds
Uncalled bet ($3) returned to fkhell100
fkhell100 collected $6 from pot
fkhell100: doesn't show hand
*** SUMMARY ***
Total pot $6 | Rake $0
Seat 3: fkhell100 (button) (small blind) collected ($6)
Seat 5: GoliafUa (big blind) folded before Flop


