PokerStars Hand #152861103965:  Hold'em Limit ($3/$6 USD) - 2016/05/04 17:59:08 ET
Table 'Tanete' 6-max Seat #6 is the button
Seat 4: Actionni13 ($150 in chips)
Seat 6: linocarrelli ($112.02 in chips)
linocarrelli: posts small blind $1
Actionni13: posts big blind $3
*** HOLE CARDS ***
linocarrelli: calls $2
Actionni13: checks
*** FLOP *** [Ad 6d Jd]
Actionni13: checks
linocarrelli: checks
*** TURN *** [Ad 6d Jd] [6s]
Actionni13: checks
linocarrelli: bets $6
Actionni13: folds
Uncalled bet ($6) returned to linocarrelli
linocarrelli collected $5.88 from pot
linocarrelli: doesn't show hand
*** SUMMARY ***
Total pot $6 | Rake $0.12
Board [Ad 6d Jd 6s]
Seat 4: Actionni13 (big blind) folded on the Turn
Seat 6: linocarrelli (button) (small blind) collected ($5.88)


PokerStars Hand #152861119592:  Hold'em Limit ($3/$6 USD) - 2016/05/04 17:59:33 ET
Table 'Tanete' 6-max Seat #4 is the button
Seat 4: Actionni13 ($150 in chips)
Seat 6: linocarrelli ($114.90 in chips)
Actionni13: posts small blind $1
linocarrelli: posts big blind $3
*** HOLE CARDS ***
Actionni13: raises $3 to $6
linocarrelli: calls $3
*** FLOP *** [2h 4c As]
linocarrelli: checks
Actionni13: bets $3
linocarrelli: calls $3
*** TURN *** [2h 4c As] [9d]
anetkaapro joins the table at seat #1
linocarrelli: checks
Actionni13: checks
*** RIVER *** [2h 4c As 9d] [3c]
linocarrelli: bets $6
Actionni13: raises $6 to $12
linocarrelli: calls $6
*** SHOW DOWN ***
Actionni13: shows [5s Jc] (a straight, Ace to Five)
linocarrelli: mucks hand
Actionni13 collected $41.50 from pot
*** SUMMARY ***
Total pot $42 | Rake $0.50
Board [2h 4c As 9d 3c]
Seat 4: Actionni13 (button) (small blind) showed [5s Jc] and won ($41.50) with a straight, Ace to Five
Seat 6: linocarrelli (big blind) mucked


PokerStars Hand #152864090767:  Hold'em Limit ($3/$6 USD) - 2016/05/04 19:09:09 ET
Table 'Tanete' 6-max Seat #1 is the button
Seat 1: LolDnkaments ($72 in chips)
Seat 6: hairy1961 ($82.92 in chips)
LolDnkaments: posts small blind $1
bentinck113: is sitting out
hairy1961: posts big blind $3
*** HOLE CARDS ***
LolDnkaments: raises $3 to $6
bentinck113 leaves the table
hairy1961: calls $3
*** FLOP *** [Qc 8d Tc]
hairy1961: checks
LolDnkaments: bets $3
hairy1961: raises $3 to $6
LolDnkaments: calls $3
*** TURN *** [Qc 8d Tc] [3d]
hairy1961: bets $6
LolDnkaments: calls $6
*** RIVER *** [Qc 8d Tc 3d] [Jd]
hairy1961: checks
LolDnkaments: bets $6
hairy1961: calls $6
*** SHOW DOWN ***
LolDnkaments: shows [9h Td] (a straight, Eight to Queen)
hairy1961: mucks hand
LolDnkaments collected $47.50 from pot
*** SUMMARY ***
Total pot $48 | Rake $0.50
Board [Qc 8d Tc 3d Jd]
Seat 1: LolDnkaments (button) (small blind) showed [9h Td] and won ($47.50) with a straight, Eight to Queen
Seat 6: hairy1961 (big blind) mucked


PokerStars Hand #152864154154:  Hold'em Limit ($3/$6 USD) - 2016/05/04 19:10:38 ET
Table 'Tanete' 6-max Seat #6 is the button
Seat 1: LolDnkaments ($128 in chips)
Seat 6: hairy1961 ($25.92 in chips)
hairy1961: posts small blind $1
LolDnkaments: posts big blind $3
*** HOLE CARDS ***
hairy1961: folds
Uncalled bet ($2) returned to LolDnkaments
LolDnkaments collected $2 from pot
LolDnkaments: doesn't show hand
*** SUMMARY ***
Total pot $2 | Rake $0
Seat 1: LolDnkaments (big blind) collected ($2)
Seat 6: hairy1961 (button) (small blind) folded before Flop


PokerStars Hand #152864149901:  Hold'em Limit ($3/$6 USD) - 2016/05/04 19:10:31 ET
Table 'Tanete' 6-max Seat #1 is the button
Seat 1: LolDnkaments ($125 in chips)
Seat 6: hairy1961 ($28.92 in chips)
LolDnkaments: posts small blind $1
hairy1961: posts big blind $3
*** HOLE CARDS ***
LolDnkaments: raises $3 to $6
hairy1961: folds
Uncalled bet ($3) returned to LolDnkaments
LolDnkaments collected $6 from pot
LolDnkaments: doesn't show hand
*** SUMMARY ***
Total pot $6 | Rake $0
Seat 1: LolDnkaments (button) (small blind) collected ($6)
Seat 6: hairy1961 (big blind) folded before Flop


PokerStars Hand #152864121139:  Hold'em Limit ($3/$6 USD) - 2016/05/04 19:09:56 ET
Table 'Tanete' 6-max Seat #6 is the button
Seat 1: LolDnkaments ($95.50 in chips)
Seat 6: hairy1961 ($58.92 in chips)
hairy1961: posts small blind $1
LolDnkaments: posts big blind $3
*** HOLE CARDS ***
hairy1961: raises $3 to $6
LolDnkaments: calls $3
*** FLOP *** [7c 6s 7d]
LolDnkaments: checks
hairy1961: checks
*** TURN *** [7c 6s 7d] [9s]
LolDnkaments: bets $6
hairy1961: calls $6
*** RIVER *** [7c 6s 7d 9s] [8d]
LolDnkaments: bets $6
hairy1961: raises $6 to $12
LolDnkaments: raises $6 to $18
hairy1961: calls $6
*** SHOW DOWN ***
LolDnkaments: shows [6d 7h] (a full house, Sevens full of Sixes)
hairy1961: mucks hand
LolDnkaments collected $59.50 from pot
*** SUMMARY ***
Total pot $60 | Rake $0.50
Board [7c 6s 7d 9s 8d]
Seat 1: LolDnkaments (big blind) showed [6d 7h] and won ($59.50) with a full house, Sevens full of Sixes
Seat 6: hairy1961 (button) (small blind) mucked


