PokerStars Hand #156627745152:  Hold'em Limit ($3/$6 USD) - 2016/07/30 6:59:34 ET
Table 'Tanete II' 10-max Seat #6 is the button
Seat 6: **Geka**555 ($30 in chips)
Seat 8: Scheubi88 ($120 in chips)
**Geka**555: posts small blind $1
Scheubi88: posts big blind $3
*** HOLE CARDS ***
**Geka**555: calls $2
Scheubi88: raises $3 to $6
**Geka**555: raises $3 to $9
Scheubi88: calls $3
*** FLOP *** [5s 5h 7c]
Scheubi88: checks
**Geka**555: bets $3
Scheubi88: calls $3
*** TURN *** [5s 5h 7c] [Qc]
Scheubi88: checks
**Geka**555: bets $6
Scheubi88: calls $6
*** RIVER *** [5s 5h 7c Qc] [Ad]
Scheubi88: checks
**Geka**555: bets $6
Scheubi88: raises $6 to $12
**Geka**555: calls $6 and is all-in
*** SHOW DOWN ***
Scheubi88: shows [As 2d] (two pair, Aces and Fives)
**Geka**555: shows [9s 9d] (two pair, Nines and Fives)
Scheubi88 collected $59.50 from pot
**Geka**555 leaves the table
*** SUMMARY ***
Total pot $60 | Rake $0.50
Board [5s 5h 7c Qc Ad]
Seat 6: **Geka**555 (button) (small blind) showed [9s 9d] and lost with two pair, Nines and Fives
Seat 8: Scheubi88 (big blind) showed [As 2d] and won ($59.50) with two pair, Aces and Fives


