PokerStars Hand #171263159810:  Hold'em Limit ($3/$6 USD) - 2017/06/02 18:31:40 ET
Table 'Tanete' 10-max Seat #1 is the button
Seat 1: anebodil ($34.85 in chips)
Seat 3: TinaTurner72 ($120 in chips)
anebodil: posts small blind $1
TinaTurner72: posts big blind $3
*** HOLE CARDS ***
anebodil: calls $2
TinaTurner72: checks
*** FLOP *** [4d 8s Jc]
TinaTurner72: checks
anebodil: checks
*** TURN *** [4d 8s Jc] [Ah]
TinaTurner72: checks
anebodil: checks
*** RIVER *** [4d 8s Jc Ah] [Qs]
TinaTurner72: checks
anebodil: bets $6
TinaTurner72: folds
Uncalled bet ($6) returned to anebodil
anebodil collected $5.88 from pot
*** SUMMARY ***
Total pot $6 | Rake $0.12
Board [4d 8s Jc Ah Qs]
Seat 1: anebodil (button) (small blind) collected ($5.88)
Seat 3: TinaTurner72 (big blind) folded on the River


PokerStars Hand #171263178741:  Hold'em Limit ($3/$6 USD) - 2017/06/02 18:32:07 ET
Table 'Tanete' 10-max Seat #3 is the button
Seat 1: anebodil ($37.73 in chips)
Seat 3: TinaTurner72 ($117 in chips)
TinaTurner72: posts small blind $1
anebodil: posts big blind $3
*** HOLE CARDS ***
TinaTurner72: raises $3 to $6
anebodil: folds
Uncalled bet ($3) returned to TinaTurner72
TinaTurner72 collected $6 from pot
TinaTurner72: doesn't show hand
*** SUMMARY ***
Total pot $6 | Rake $0
Seat 1: anebodil (big blind) folded before Flop
Seat 3: TinaTurner72 (button) (small blind) collected ($6)


PokerStars Hand #171263187551:  Hold'em Limit ($3/$6 USD) - 2017/06/02 18:32:20 ET
Table 'Tanete' 10-max Seat #1 is the button
Seat 1: anebodil ($34.73 in chips)
Seat 3: TinaTurner72 ($120 in chips)
anebodil: posts small blind $1
TinaTurner72: posts big blind $3
*** HOLE CARDS ***
anebodil: raises $3 to $6
TinaTurner72: calls $3
*** FLOP *** [Kd 4c 9h]
TinaTurner72: checks
anebodil: bets $3
TinaTurner72: raises $3 to $6
anebodil: calls $3
*** TURN *** [Kd 4c 9h] [9s]
TinaTurner72: bets $6
anebodil: calls $6
*** RIVER *** [Kd 4c 9h 9s] [9d]
TinaTurner72: bets $6
anebodil: raises $6 to $12
TinaTurner72: calls $6
*** SHOW DOWN ***
anebodil: shows [Kc Ac] (a full house, Nines full of Kings)
TinaTurner72: mucks hand
anebodil collected $59.50 from pot
*** SUMMARY ***
Total pot $60 | Rake $0.50
Board [Kd 4c 9h 9s 9d]
Seat 1: anebodil (button) (small blind) showed [Kc Ac] and won ($59.50) with a full house, Nines full of Kings
Seat 3: TinaTurner72 (big blind) mucked


PokerStars Hand #171263204458:  Hold'em Limit ($3/$6 USD) - 2017/06/02 18:32:45 ET
Table 'Tanete' 10-max Seat #3 is the button
Seat 1: anebodil ($64.23 in chips)
Seat 3: TinaTurner72 ($90 in chips)
TinaTurner72: posts small blind $1
anebodil: posts big blind $3
*** HOLE CARDS ***
TinaTurner72: raises $3 to $6
anebodil: calls $3
*** FLOP *** [5s Jd Qh]
anebodil: checks
TinaTurner72: bets $3
anebodil: folds
Uncalled bet ($3) returned to TinaTurner72
TinaTurner72 collected $11.76 from pot
TinaTurner72: doesn't show hand
*** SUMMARY ***
Total pot $12 | Rake $0.24
Board [5s Jd Qh]
Seat 1: anebodil (big blind) folded on the Flop
Seat 3: TinaTurner72 (button) (small blind) collected ($11.76)


PokerStars Hand #171263218402:  Hold'em Limit ($3/$6 USD) - 2017/06/02 18:33:05 ET
Table 'Tanete' 10-max Seat #1 is the button
Seat 1: anebodil ($58.23 in chips)
Seat 3: TinaTurner72 ($95.76 in chips)
anebodil: posts small blind $1
TinaTurner72: posts big blind $3
*** HOLE CARDS ***
anebodil: folds
Uncalled bet ($2) returned to TinaTurner72
TinaTurner72 collected $2 from pot
TinaTurner72: doesn't show hand
*** SUMMARY ***
Total pot $2 | Rake $0
Seat 1: anebodil (button) (small blind) folded before Flop
Seat 3: TinaTurner72 (big blind) collected ($2)


PokerStars Hand #171263222360:  Hold'em Limit ($3/$6 USD) - 2017/06/02 18:33:11 ET
Table 'Tanete' 10-max Seat #3 is the button
Seat 1: anebodil ($57.23 in chips)
Seat 3: TinaTurner72 ($96.76 in chips)
TinaTurner72: posts small blind $1
anebodil: posts big blind $3
*** HOLE CARDS ***
TinaTurner72: raises $3 to $6
Leord37 joins the table at seat #4
anebodil: folds
Uncalled bet ($3) returned to TinaTurner72
TinaTurner72 collected $6 from pot
TinaTurner72: doesn't show hand
*** SUMMARY ***
Total pot $6 | Rake $0
Seat 1: anebodil (big blind) folded before Flop
Seat 3: TinaTurner72 (button) (small blind) collected ($6)


PokerStars Hand #171263253100:  Hold'em Limit ($3/$6 USD) - 2017/06/02 18:33:56 ET
Table 'Tanete' 10-max Seat #3 is the button
Seat 1: anebodil ($24.23 in chips)
Seat 3: TinaTurner72 ($129.26 in chips)
TinaTurner72: posts small blind $1
anebodil: posts big blind $3
*** HOLE CARDS ***
TinaTurner72: folds
Uncalled bet ($2) returned to anebodil
anebodil collected $2 from pot
*** SUMMARY ***
Total pot $2 | Rake $0
Seat 1: anebodil (big blind) collected ($2)
Seat 3: TinaTurner72 (button) (small blind) folded before Flop


PokerStars Hand #171263229930:  Hold'em Limit ($3/$6 USD) - 2017/06/02 18:33:22 ET
Table 'Tanete' 10-max Seat #1 is the button
Seat 1: anebodil ($54.23 in chips)
Seat 3: TinaTurner72 ($99.76 in chips)
anebodil: posts small blind $1
TinaTurner72: posts big blind $3
*** HOLE CARDS ***
anebodil: raises $3 to $6
TinaTurner72: raises $3 to $9
anebodil: calls $3
*** FLOP *** [Tc Kc Qc]
TinaTurner72: bets $3
anebodil: raises $3 to $6
TinaTurner72: raises $3 to $9
anebodil: calls $3
*** TURN *** [Tc Kc Qc] [6d]
TinaTurner72: bets $6
anebodil: calls $6
*** RIVER *** [Tc Kc Qc 6d] [2c]
TinaTurner72: bets $6
anebodil: calls $6
*** SHOW DOWN ***
TinaTurner72: shows [9c Jc] (a straight flush, Nine to King)
anebodil: mucks hand
TinaTurner72 collected $59.50 from pot
*** SUMMARY ***
Total pot $60 | Rake $0.50
Board [Tc Kc Qc 6d 2c]
Seat 1: anebodil (button) (small blind) mucked
Seat 3: TinaTurner72 (big blind) showed [9c Jc] and won ($59.50) with a straight flush, Nine to King


PokerStars Hand #171263260057:  Hold'em Limit ($3/$6 USD) - 2017/06/02 18:34:06 ET
Table 'Tanete' 10-max Seat #3 is the button
Seat 1: anebodil ($24.23 in chips)
Seat 3: TinaTurner72 ($129.26 in chips)
TinaTurner72: posts small blind $1
anebodil: posts big blind $3
*** HOLE CARDS ***
TinaTurner72: folds
Uncalled bet ($2) returned to anebodil
anebodil collected $2 from pot
*** SUMMARY ***
Total pot $2 | Rake $0
Seat 1: anebodil (big blind) collected ($2)
Seat 3: TinaTurner72 (button) (small blind) folded before Flop


PokerStars Hand #171263256488:  Hold'em Limit ($3/$6 USD) - 2017/06/02 18:34:01 ET
Table 'Tanete' 10-max Seat #1 is the button
Seat 1: anebodil ($25.23 in chips)
Seat 3: TinaTurner72 ($128.26 in chips)
anebodil: posts small blind $1
TinaTurner72: posts big blind $3
*** HOLE CARDS ***
anebodil: folds
Uncalled bet ($2) returned to TinaTurner72
TinaTurner72 collected $2 from pot
TinaTurner72: doesn't show hand
*** SUMMARY ***
Total pot $2 | Rake $0
Seat 1: anebodil (button) (small blind) folded before Flop
Seat 3: TinaTurner72 (big blind) collected ($2)


PokerStars Hand #171263267496:  Hold'em Limit ($3/$6 USD) - 2017/06/02 18:34:17 ET
Table 'Tanete' 10-max Seat #3 is the button
Seat 1: anebodil ($24.23 in chips)
Seat 3: TinaTurner72 ($129.26 in chips)
TinaTurner72: posts small blind $1
anebodil: posts big blind $3
*** HOLE CARDS ***
TinaTurner72: raises $3 to $6
anebodil: folds
Uncalled bet ($3) returned to TinaTurner72
Audrio00kas joins the table at seat #10
TinaTurner72 collected $6 from pot
TinaTurner72: doesn't show hand
*** SUMMARY ***
Total pot $6 | Rake $0
Seat 1: anebodil (big blind) folded before Flop
Seat 3: TinaTurner72 (button) (small blind) collected ($6)


PokerStars Hand #171263263766:  Hold'em Limit ($3/$6 USD) - 2017/06/02 18:34:12 ET
Table 'Tanete' 10-max Seat #1 is the button
Seat 1: anebodil ($25.23 in chips)
Seat 3: TinaTurner72 ($128.26 in chips)
anebodil: posts small blind $1
TinaTurner72: posts big blind $3
*** HOLE CARDS ***
anebodil: folds
Uncalled bet ($2) returned to TinaTurner72
TinaTurner72 collected $2 from pot
TinaTurner72: doesn't show hand
*** SUMMARY ***
Total pot $2 | Rake $0
Seat 1: anebodil (button) (small blind) folded before Flop
Seat 3: TinaTurner72 (big blind) collected ($2)


PokerStars Hand #171263292839:  Hold'em Limit ($3/$6 USD) - 2017/06/02 18:34:54 ET
Table 'Tanete' 10-max Seat #10 is the button
Seat 3: TinaTurner72 ($132.26 in chips)
Seat 10: Audrio00kas ($58.66 in chips)
Audrio00kas: posts small blind $1
TinaTurner72: posts big blind $3
*** HOLE CARDS ***
Audrio00kas: folds
Uncalled bet ($2) returned to TinaTurner72
TinaTurner72 collected $2 from pot
TinaTurner72: doesn't show hand
*** SUMMARY ***
Total pot $2 | Rake $0
Seat 3: TinaTurner72 (big blind) collected ($2)
Seat 10: Audrio00kas (button) (small blind) folded before Flop


PokerStars Hand #171263271953:  Hold'em Limit ($3/$6 USD) - 2017/06/02 18:34:24 ET
Table 'Tanete' 10-max Seat #1 is the button
Seat 1: anebodil ($21.23 in chips)
Seat 3: TinaTurner72 ($132.26 in chips)
anebodil: posts small blind $1
TinaTurner72: posts big blind $3
*** HOLE CARDS ***
anebodil: folds
Uncalled bet ($2) returned to TinaTurner72
TinaTurner72 collected $2 from pot
TinaTurner72: doesn't show hand
*** SUMMARY ***
Total pot $2 | Rake $0
Seat 1: anebodil (button) (small blind) folded before Flop
Seat 3: TinaTurner72 (big blind) collected ($2)


PokerStars Hand #171263301105:  Hold'em Limit ($3/$6 USD) - 2017/06/02 18:35:07 ET
Table 'Tanete' 10-max Seat #10 is the button
Seat 3: TinaTurner72 ($136.26 in chips)
Seat 10: Audrio00kas ($54.66 in chips)
Audrio00kas: posts small blind $1
TinaTurner72: posts big blind $3
*** HOLE CARDS ***
Audrio00kas: raises $3 to $6
TinaTurner72: calls $3
*** FLOP *** [Qd 4d 4h]
TinaTurner72: checks
Audrio00kas: bets $3
TinaTurner72: calls $3
*** TURN *** [Qd 4d 4h] [Jh]
TinaTurner72: checks
Audrio00kas: bets $6
TinaTurner72: folds
Uncalled bet ($6) returned to Audrio00kas
Audrio00kas collected $17.64 from pot
*** SUMMARY ***
Total pot $18 | Rake $0.36
Board [Qd 4d 4h Jh]
Seat 3: TinaTurner72 (big blind) folded on the Turn
Seat 10: Audrio00kas (button) (small blind) collected ($17.64)


PokerStars Hand #171263325632:  Hold'em Limit ($3/$6 USD) - 2017/06/02 18:35:42 ET
Table 'Tanete' 10-max Seat #10 is the button
Seat 3: TinaTurner72 ($133.02 in chips)
Seat 10: Audrio00kas ($57.30 in chips)
Audrio00kas: posts small blind $1
TinaTurner72: posts big blind $3
*** HOLE CARDS ***
Audrio00kas: folds
Uncalled bet ($2) returned to TinaTurner72
TinaTurner72 collected $2 from pot
TinaTurner72: doesn't show hand
*** SUMMARY ***
Total pot $2 | Rake $0
Seat 3: TinaTurner72 (big blind) collected ($2)
Seat 10: Audrio00kas (button) (small blind) folded before Flop


PokerStars Hand #171263316404:  Hold'em Limit ($3/$6 USD) - 2017/06/02 18:35:29 ET
Table 'Tanete' 10-max Seat #3 is the button
Seat 3: TinaTurner72 ($127.26 in chips)
Seat 10: Audrio00kas ($63.30 in chips)
TinaTurner72: posts small blind $1
Audrio00kas: posts big blind $3
*** HOLE CARDS ***
TinaTurner72: raises $3 to $6
Audrio00kas: calls $3
*** FLOP *** [Ts 5d 5h]
Audrio00kas: checks
TinaTurner72: bets $3
Audrio00kas: folds
Uncalled bet ($3) returned to TinaTurner72
TinaTurner72 collected $11.76 from pot
TinaTurner72: doesn't show hand
*** SUMMARY ***
Total pot $12 | Rake $0.24
Board [Ts 5d 5h]
Seat 3: TinaTurner72 (button) (small blind) collected ($11.76)
Seat 10: Audrio00kas (big blind) folded on the Flop


PokerStars Hand #171263348745:  Hold'em Limit ($3/$6 USD) - 2017/06/02 18:36:16 ET
Table 'Tanete' 10-max Seat #10 is the button
Seat 3: TinaTurner72 ($148.52 in chips)
Seat 10: Audrio00kas ($41.30 in chips)
Audrio00kas: posts small blind $1
TinaTurner72: posts big blind $3
*** HOLE CARDS ***
Audrio00kas: folds
Uncalled bet ($2) returned to TinaTurner72
TinaTurner72 collected $2 from pot
TinaTurner72: doesn't show hand
*** SUMMARY ***
Total pot $2 | Rake $0
Seat 3: TinaTurner72 (big blind) collected ($2)
Seat 10: Audrio00kas (button) (small blind) folded before Flop


PokerStars Hand #171263328624:  Hold'em Limit ($3/$6 USD) - 2017/06/02 18:35:47 ET
Table 'Tanete' 10-max Seat #3 is the button
Seat 3: TinaTurner72 ($134.02 in chips)
Seat 10: Audrio00kas ($56.30 in chips)
TinaTurner72: posts small blind $1
Audrio00kas: posts big blind $3
*** HOLE CARDS ***
TinaTurner72: raises $3 to $6
Audrio00kas: calls $3
*** FLOP *** [Jc Ad 8d]
Audrio00kas: checks
TinaTurner72: bets $3
Audrio00kas: calls $3
*** TURN *** [Jc Ad 8d] [7c]
Audrio00kas: checks
TinaTurner72: checks
*** RIVER *** [Jc Ad 8d 7c] [4h]
Audrio00kas: bets $6
TinaTurner72: calls $6
*** SHOW DOWN ***
Audrio00kas: shows [Qc Kd] (high card Ace)
TinaTurner72: shows [3h 3c] (a pair of Threes)
TinaTurner72 collected $29.50 from pot
*** SUMMARY ***
Total pot $30 | Rake $0.50
Board [Jc Ad 8d 7c 4h]
Seat 3: TinaTurner72 (button) (small blind) showed [3h 3c] and won ($29.50) with a pair of Threes
Seat 10: Audrio00kas (big blind) showed [Qc Kd] and lost with high card Ace


PokerStars Hand #171263400067:  Hold'em Limit ($3/$6 USD) - 2017/06/02 18:37:31 ET
Table 'Tanete' 10-max Seat #10 is the button
Seat 3: TinaTurner72 ($176.02 in chips)
Seat 10: Audrio00kas ($13.30 in chips)
Audrio00kas: posts small blind $1
TinaTurner72: posts big blind $3
*** HOLE CARDS ***
Audrio00kas: folds
Uncalled bet ($2) returned to TinaTurner72
TinaTurner72 collected $2 from pot
TinaTurner72: doesn't show hand
*** SUMMARY ***
Total pot $2 | Rake $0
Seat 3: TinaTurner72 (big blind) collected ($2)
Seat 10: Audrio00kas (button) (small blind) folded before Flop


PokerStars Hand #171263351966:  Hold'em Limit ($3/$6 USD) - 2017/06/02 18:36:21 ET
Table 'Tanete' 10-max Seat #3 is the button
Seat 3: TinaTurner72 ($149.52 in chips)
Seat 10: Audrio00kas ($40.30 in chips)
TinaTurner72: posts small blind $1
Audrio00kas: posts big blind $3
*** HOLE CARDS ***
TinaTurner72: raises $3 to $6
Audrio00kas: raises $3 to $9
TinaTurner72: raises $3 to $12
Betting is capped
Audrio00kas: calls $3
*** FLOP *** [9h Td 2s]
Audrio00kas: checks
iskambil joins the table at seat #8
TinaTurner72: bets $3
Audrio00kas: calls $3
*** TURN *** [9h Td 2s] [5h]
Audrio00kas: checks
TinaTurner72: bets $6
Audrio00kas: calls $6
*** RIVER *** [9h Td 2s 5h] [7d]
Audrio00kas: checks
TinaTurner72: bets $6
Audrio00kas: calls $6
*** SHOW DOWN ***
TinaTurner72: shows [Ac As] (a pair of Aces)
Audrio00kas: shows [Ad Kd] (high card Ace)
TinaTurner72 collected $53.50 from pot
*** SUMMARY ***
Total pot $54 | Rake $0.50
Board [9h Td 2s 5h 7d]
Seat 3: TinaTurner72 (button) (small blind) showed [Ac As] and won ($53.50) with a pair of Aces
Seat 10: Audrio00kas (big blind) showed [Ad Kd] and lost with high card Ace


