PokerStars Hand #151500735718:  Hold'em Limit ($3/$6 USD) - 2016/04/05 23:51:58 ET
Table 'Tanga' 6-max Seat #1 is the button
Seat 1: Brama Br ($91.95 in chips)
Seat 4: VolkovDmitri ($120 in chips)
Brama Br: posts small blind $1
VolkovDmitri: posts big blind $3
*** HOLE CARDS ***
Brama Br: folds
Uncalled bet ($2) returned to VolkovDmitri
VolkovDmitri collected $2 from pot
*** SUMMARY ***
Total pot $2 | Rake $0
Seat 1: Brama Br (button) (small blind) folded before Flop
Seat 4: VolkovDmitri (big blind) collected ($2)


PokerStars Hand #151500753449:  Hold'em Limit ($3/$6 USD) - 2016/04/05 23:53:03 ET
Table 'Tanga' 6-max Seat #4 is the button
Seat 1: Brama Br ($91.59 in chips)
Seat 4: VolkovDmitri ($127.76 in chips)
VolkovDmitri: posts small blind $1
Brama Br: posts big blind $3
*** HOLE CARDS ***
VolkovDmitri: raises $3 to $6
Brama Br: calls $3
*** FLOP *** [5h 3c 8c]
Brama Br: checks
VolkovDmitri: bets $3
Brama Br: calls $3
*** TURN *** [5h 3c 8c] [6h]
Brama Br: checks
VolkovDmitri: bets $6
Brama Br: calls $6
*** RIVER *** [5h 3c 8c 6h] [6s]
Brama Br: checks
VolkovDmitri: checks
*** SHOW DOWN ***
Brama Br: shows [Tc 9s] (a pair of Sixes)
VolkovDmitri: shows [5s 4c] (two pair, Sixes and Fives)
VolkovDmitri collected $29.50 from pot
*** SUMMARY ***
Total pot $30 | Rake $0.50
Board [5h 3c 8c 6h 6s]
Seat 1: Brama Br (big blind) showed [Tc 9s] and lost with a pair of Sixes
Seat 4: VolkovDmitri (button) (small blind) showed [5s 4c] and won ($29.50) with two pair, Sixes and Fives


PokerStars Hand #151500751991:  Hold'em Limit ($3/$6 USD) - 2016/04/05 23:52:57 ET
Table 'Tanga' 6-max Seat #1 is the button
Seat 1: Brama Br ($92.59 in chips)
Seat 4: VolkovDmitri ($126.76 in chips)
Brama Br: posts small blind $1
VolkovDmitri: posts big blind $3
*** HOLE CARDS ***
Brama Br: folds
Uncalled bet ($2) returned to VolkovDmitri
VolkovDmitri collected $2 from pot
VolkovDmitri: doesn't show hand
*** SUMMARY ***
Total pot $2 | Rake $0
Seat 1: Brama Br (button) (small blind) folded before Flop
Seat 4: VolkovDmitri (big blind) collected ($2)


PokerStars Hand #151500747211:  Hold'em Limit ($3/$6 USD) - 2016/04/05 23:52:40 ET
Table 'Tanga' 6-max Seat #4 is the button
Seat 1: Brama Br ($98.59 in chips)
Seat 4: VolkovDmitri ($121 in chips)
VolkovDmitri: posts small blind $1
Brama Br: posts big blind $3
*** HOLE CARDS ***
VolkovDmitri: raises $3 to $6
Brama Br: calls $3
*** FLOP *** [Qh As Jc]
Brama Br: checks
VolkovDmitri: bets $3
Brama Br: folds
Uncalled bet ($3) returned to VolkovDmitri
VolkovDmitri collected $11.76 from pot
VolkovDmitri: doesn't show hand
*** SUMMARY ***
Total pot $12 | Rake $0.24
Board [Qh As Jc]
Seat 1: Brama Br (big blind) folded on the Flop
Seat 4: VolkovDmitri (button) (small blind) collected ($11.76)


PokerStars Hand #151500745611:  Hold'em Limit ($3/$6 USD) - 2016/04/05 23:52:34 ET
Table 'Tanga' 6-max Seat #1 is the button
Seat 1: Brama Br ($99.59 in chips)
Seat 4: VolkovDmitri ($120 in chips)
Brama Br: posts small blind $1
VolkovDmitri: posts big blind $3
*** HOLE CARDS ***
Brama Br: folds
Uncalled bet ($2) returned to VolkovDmitri
VolkovDmitri collected $2 from pot
VolkovDmitri: doesn't show hand
*** SUMMARY ***
Total pot $2 | Rake $0
Seat 1: Brama Br (button) (small blind) folded before Flop
Seat 4: VolkovDmitri (big blind) collected ($2)


PokerStars Hand #151500737960:  Hold'em Limit ($3/$6 USD) - 2016/04/05 23:52:06 ET
Table 'Tanga' 6-max Seat #4 is the button
Seat 1: Brama Br ($90.95 in chips)
Seat 4: VolkovDmitri ($121 in chips)
VolkovDmitri: posts small blind $1
Brama Br: posts big blind $3
*** HOLE CARDS ***
VolkovDmitri: raises $3 to $6
Brama Br: calls $3
*** FLOP *** [2s 2h 6c]
Brama Br: checks
VolkovDmitri: bets $3
Brama Br: calls $3
*** TURN *** [2s 2h 6c] [8c]
Brama Br: checks
VolkovDmitri: checks
*** RIVER *** [2s 2h 6c 8c] [6s]
Brama Br: bets $6
VolkovDmitri: folds
Uncalled bet ($6) returned to Brama Br
Brama Br collected $17.64 from pot
Brama Br: doesn't show hand
*** SUMMARY ***
Total pot $18 | Rake $0.36
Board [2s 2h 6c 8c 6s]
Seat 1: Brama Br (big blind) collected ($17.64)
Seat 4: VolkovDmitri (button) (small blind) folded on the River


PokerStars Hand #151500764713:  Hold'em Limit ($3/$6 USD) - 2016/04/05 23:53:43 ET
Table 'Tanga' 6-max Seat #1 is the button
Seat 1: Brama Br ($80.59 in chips)
Seat 4: VolkovDmitri ($138.26 in chips)
Brama Br: posts small blind $1
VolkovDmitri: posts big blind $3
*** HOLE CARDS ***
Brama Br: raises $3 to $6
VolkovDmitri: raises $3 to $9
Brama Br: raises $3 to $12
Betting is capped
VolkovDmitri: calls $3
*** FLOP *** [2c 5c 6d]
VolkovDmitri: bets $3
Brama Br: calls $3
*** TURN *** [2c 5c 6d] [2h]
VolkovDmitri: bets $6
Brama Br: calls $6
*** RIVER *** [2c 5c 6d 2h] [4d]
VolkovDmitri: bets $6
Brama Br: calls $6
*** SHOW DOWN ***
VolkovDmitri: shows [6h Ah] (two pair, Sixes and Deuces)
Brama Br: mucks hand
VolkovDmitri collected $53.50 from pot
*** SUMMARY ***
Total pot $54 | Rake $0.50
Board [2c 5c 6d 2h 4d]
Seat 1: Brama Br (button) (small blind) mucked
Seat 4: VolkovDmitri (big blind) showed [6h Ah] and won ($53.50) with two pair, Sixes and Deuces


PokerStars Hand #151500762712:  Hold'em Limit ($3/$6 USD) - 2016/04/05 23:53:36 ET
Table 'Tanga' 6-max Seat #4 is the button
Seat 1: Brama Br ($79.59 in chips)
Seat 4: VolkovDmitri ($139.26 in chips)
VolkovDmitri: posts small blind $1
Brama Br: posts big blind $3
*** HOLE CARDS ***
VolkovDmitri: folds
Uncalled bet ($2) returned to Brama Br
Brama Br collected $2 from pot
Brama Br: doesn't show hand
*** SUMMARY ***
Total pot $2 | Rake $0
Seat 1: Brama Br (big blind) collected ($2)
Seat 4: VolkovDmitri (button) (small blind) folded before Flop


PokerStars Hand #151500760477:  Hold'em Limit ($3/$6 USD) - 2016/04/05 23:53:28 ET
Table 'Tanga' 6-max Seat #1 is the button
Seat 1: Brama Br ($76.59 in chips)
Seat 4: VolkovDmitri ($142.26 in chips)
Brama Br: posts small blind $1
VolkovDmitri: posts big blind $3
*** HOLE CARDS ***
Brama Br: raises $3 to $6
VolkovDmitri: folds
Uncalled bet ($3) returned to Brama Br
Brama Br collected $6 from pot
Brama Br: doesn't show hand
*** SUMMARY ***
Total pot $6 | Rake $0
Seat 1: Brama Br (button) (small blind) collected ($6)
Seat 4: VolkovDmitri (big blind) folded before Flop


PokerStars Hand #151500772158:  Hold'em Limit ($3/$6 USD) - 2016/04/05 23:54:10 ET
Table 'Tanga' 6-max Seat #4 is the button
Seat 1: Brama Br ($53.59 in chips)
Seat 4: VolkovDmitri ($164.76 in chips)
VolkovDmitri: posts small blind $1
Brama Br: posts big blind $3
*** HOLE CARDS ***
VolkovDmitri: raises $3 to $6
Brama Br: raises $3 to $9
VolkovDmitri: calls $3
*** FLOP *** [Qh Jc Th]
Brama Br: bets $3
VolkovDmitri: calls $3
*** TURN *** [Qh Jc Th] [Qc]
Brama Br: bets $6
VolkovDmitri: folds
Uncalled bet ($6) returned to Brama Br
Brama Br collected $23.52 from pot
Brama Br: doesn't show hand
*** SUMMARY ***
Total pot $24 | Rake $0.48
Board [Qh Jc Th Qc]
Seat 1: Brama Br (big blind) collected ($23.52)
Seat 4: VolkovDmitri (button) (small blind) folded on the Turn


PokerStars Hand #151500785461:  Hold'em Limit ($3/$6 USD) - 2016/04/05 23:54:58 ET
Table 'Tanga' 6-max Seat #4 is the button
Seat 1: Brama Br ($64.86 in chips)
Seat 4: VolkovDmitri ($152.51 in chips)
VolkovDmitri: posts small blind $1
Brama Br: posts big blind $3
*** HOLE CARDS ***
VolkovDmitri: raises $3 to $6
Brama Br: calls $3
*** FLOP *** [Kh Ad 4c]
Brama Br: checks
VolkovDmitri: bets $3
Brama Br: calls $3
*** TURN *** [Kh Ad 4c] [6d]
Brama Br: checks
VolkovDmitri: checks
*** RIVER *** [Kh Ad 4c 6d] [9c]
Brama Br: bets $6
VolkovDmitri: calls $6
*** SHOW DOWN ***
Brama Br: shows [Ks 7h] (a pair of Kings)
VolkovDmitri: mucks hand
Brama Br collected $29.50 from pot
*** SUMMARY ***
Total pot $30 | Rake $0.50
Board [Kh Ad 4c 6d 9c]
Seat 1: Brama Br (big blind) showed [Ks 7h] and won ($29.50) with a pair of Kings
Seat 4: VolkovDmitri (button) (small blind) mucked


PokerStars Hand #151500778155:  Hold'em Limit ($3/$6 USD) - 2016/04/05 23:54:32 ET
Table 'Tanga' 6-max Seat #1 is the button
Seat 1: Brama Br ($65.11 in chips)
Seat 4: VolkovDmitri ($152.76 in chips)
Brama Br: posts small blind $1
VolkovDmitri: posts big blind $3
*** HOLE CARDS ***
Brama Br: raises $3 to $6
VolkovDmitri: calls $3
*** FLOP *** [Jd 3h Tc]
VolkovDmitri: checks
Brama Br: bets $3
VolkovDmitri: raises $3 to $6
Brama Br: calls $3
*** TURN *** [Jd 3h Tc] [Kc]
VolkovDmitri: bets $6
Brama Br: calls $6
*** RIVER *** [Jd 3h Tc Kc] [5s]
VolkovDmitri: bets $6
Brama Br: raises $6 to $12
VolkovDmitri: calls $6
*** SHOW DOWN ***
Brama Br: shows [Th Js] (two pair, Jacks and Tens)
VolkovDmitri: shows [Jc Td] (two pair, Jacks and Tens)
VolkovDmitri collected $29.75 from pot
Brama Br collected $29.75 from pot
*** SUMMARY ***
Total pot $60 | Rake $0.50
Board [Jd 3h Tc Kc 5s]
Seat 1: Brama Br (button) (small blind) showed [Th Js] and won ($29.75) with two pair, Jacks and Tens
Seat 4: VolkovDmitri (big blind) showed [Jc Td] and won ($29.75) with two pair, Jacks and Tens


PokerStars Hand #151500806764:  Hold'em Limit ($3/$6 USD) - 2016/04/05 23:56:25 ET
Table 'Tanga' 6-max Seat #4 is the button
Seat 1: Brama Br ($113.38 in chips)
Seat 4: VolkovDmitri ($121 in chips)
VolkovDmitri: posts small blind $1
Brama Br: posts big blind $3
*** HOLE CARDS ***
VolkovDmitri: raises $3 to $6
Brama Br: folds
Uncalled bet ($3) returned to VolkovDmitri
VolkovDmitri collected $6 from pot
VolkovDmitri: doesn't show hand
*** SUMMARY ***
Total pot $6 | Rake $0
Seat 1: Brama Br (big blind) folded before Flop
Seat 4: VolkovDmitri (button) (small blind) collected ($6)


PokerStars Hand #151500804224:  Hold'em Limit ($3/$6 USD) - 2016/04/05 23:56:15 ET
Table 'Tanga' 6-max Seat #1 is the button
Seat 1: Brama Br ($114.38 in chips)
Seat 4: VolkovDmitri ($120 in chips)
Brama Br: posts small blind $1
VolkovDmitri: posts big blind $3
*** HOLE CARDS ***
Brama Br: folds
Uncalled bet ($2) returned to VolkovDmitri
VolkovDmitri collected $2 from pot
VolkovDmitri: doesn't show hand
*** SUMMARY ***
Total pot $2 | Rake $0
Seat 1: Brama Br (button) (small blind) folded before Flop
Seat 4: VolkovDmitri (big blind) collected ($2)


PokerStars Hand #151500797257:  Hold'em Limit ($3/$6 USD) - 2016/04/05 23:55:45 ET
Table 'Tanga' 6-max Seat #4 is the button
Seat 1: Brama Br ($90.88 in chips)
Seat 4: VolkovDmitri ($125.51 in chips)
VolkovDmitri: posts small blind $1
Brama Br: posts big blind $3
*** HOLE CARDS ***
VolkovDmitri: raises $3 to $6
Brama Br: calls $3
*** FLOP *** [4s 5h 7d]
Brama Br: checks
VolkovDmitri: checks
*** TURN *** [4s 5h 7d] [6h]
Brama Br: checks
VolkovDmitri: bets $6
Brama Br: raises $6 to $12
VolkovDmitri: calls $6
*** RIVER *** [4s 5h 7d 6h] [5d]
Brama Br: bets $6
VolkovDmitri: calls $6
*** SHOW DOWN ***
Brama Br: shows [8h Kh] (a straight, Four to Eight)
VolkovDmitri: mucks hand
Brama Br collected $47.50 from pot
*** SUMMARY ***
Total pot $48 | Rake $0.50
Board [4s 5h 7d 6h 5d]
Seat 1: Brama Br (big blind) showed [8h Kh] and won ($47.50) with a straight, Four to Eight
Seat 4: VolkovDmitri (button) (small blind) mucked


PokerStars Hand #151500791327:  Hold'em Limit ($3/$6 USD) - 2016/04/05 23:55:20 ET
Table 'Tanga' 6-max Seat #1 is the button
Seat 1: Brama Br ($79.36 in chips)
Seat 4: VolkovDmitri ($137.51 in chips)
Brama Br: posts small blind $1
VolkovDmitri: posts big blind $3
*** HOLE CARDS ***
Brama Br: raises $3 to $6
VolkovDmitri: raises $3 to $9
Brama Br: calls $3
*** FLOP *** [7h Kc Ks]
VolkovDmitri: bets $3
Brama Br: calls $3
*** TURN *** [7h Kc Ks] [8c]
VolkovDmitri: checks
Brama Br: checks
*** RIVER *** [7h Kc Ks 8c] [9h]
VolkovDmitri: checks
Brama Br: bets $6
VolkovDmitri: folds
Uncalled bet ($6) returned to Brama Br
Brama Br collected $23.52 from pot
Brama Br: doesn't show hand
*** SUMMARY ***
Total pot $24 | Rake $0.48
Board [7h Kc Ks 8c 9h]
Seat 1: Brama Br (button) (small blind) collected ($23.52)
Seat 4: VolkovDmitri (big blind) folded on the River


PokerStars Hand #151500819270:  Hold'em Limit ($3/$6 USD) - 2016/04/05 23:57:17 ET
Table 'Tanga' 6-max Seat #1 is the button
Seat 1: Brama Br ($100.02 in chips)
Seat 4: VolkovDmitri ($133.50 in chips)
Brama Br: posts small blind $1
VolkovDmitri: posts big blind $3
*** HOLE CARDS ***
Brama Br: folds
Uncalled bet ($2) returned to VolkovDmitri
VolkovDmitri collected $2 from pot
VolkovDmitri: doesn't show hand
*** SUMMARY ***
Total pot $2 | Rake $0
Seat 1: Brama Br (button) (small blind) folded before Flop
Seat 4: VolkovDmitri (big blind) collected ($2)


PokerStars Hand #151500815778:  Hold'em Limit ($3/$6 USD) - 2016/04/05 23:57:03 ET
Table 'Tanga' 6-max Seat #4 is the button
Seat 1: Brama Br ($91.38 in chips)
Seat 4: VolkovDmitri ($142.50 in chips)
VolkovDmitri: posts small blind $1
Brama Br: posts big blind $3
*** HOLE CARDS ***
VolkovDmitri: raises $3 to $6
Brama Br: calls $3
*** FLOP *** [Kh 9d 6d]
alpha2777 joins the table at seat #5
Brama Br: checks
VolkovDmitri: bets $3
Brama Br: raises $3 to $6
VolkovDmitri: folds
Uncalled bet ($3) returned to Brama Br
Brama Br collected $17.64 from pot
Brama Br: doesn't show hand
*** SUMMARY ***
Total pot $18 | Rake $0.36
Board [Kh 9d 6d]
Seat 1: Brama Br (big blind) collected ($17.64)
Seat 4: VolkovDmitri (button) (small blind) folded on the Flop


PokerStars Hand #151500809832:  Hold'em Limit ($3/$6 USD) - 2016/04/05 23:56:38 ET
Table 'Tanga' 6-max Seat #4 is the button
Seat 1: Brama Br ($109.38 in chips)
Seat 4: VolkovDmitri ($125 in chips)
VolkovDmitri: posts small blind $1
Brama Br: posts big blind $3
*** HOLE CARDS ***
VolkovDmitri: raises $3 to $6
Brama Br: folds
Uncalled bet ($3) returned to VolkovDmitri
VolkovDmitri collected $6 from pot
VolkovDmitri: doesn't show hand
*** SUMMARY ***
Total pot $6 | Rake $0
Seat 1: Brama Br (big blind) folded before Flop
Seat 4: VolkovDmitri (button) (small blind) collected ($6)


PokerStars Hand #151500808337:  Hold'em Limit ($3/$6 USD) - 2016/04/05 23:56:31 ET
Table 'Tanga' 6-max Seat #1 is the button
Seat 1: Brama Br ($110.38 in chips)
Seat 4: VolkovDmitri ($124 in chips)
Brama Br: posts small blind $1
VolkovDmitri: posts big blind $3
*** HOLE CARDS ***
Brama Br: folds
Uncalled bet ($2) returned to VolkovDmitri
VolkovDmitri collected $2 from pot
VolkovDmitri: doesn't show hand
*** SUMMARY ***
Total pot $2 | Rake $0
Seat 1: Brama Br (button) (small blind) folded before Flop
Seat 4: VolkovDmitri (big blind) collected ($2)


PokerStars Hand #151500811153:  Hold'em Limit ($3/$6 USD) - 2016/04/05 23:56:43 ET
Table 'Tanga' 6-max Seat #1 is the button
Seat 1: Brama Br ($106.38 in chips)
Seat 4: VolkovDmitri ($128 in chips)
Brama Br: posts small blind $1
VolkovDmitri: posts big blind $3
*** HOLE CARDS ***
Brama Br: raises $3 to $6
VolkovDmitri: calls $3
*** FLOP *** [Ts 6d Qc]
VolkovDmitri: checks
Brama Br: bets $3
VolkovDmitri: calls $3
*** TURN *** [Ts 6d Qc] [Ks]
VolkovDmitri: checks
Brama Br: bets $6
VolkovDmitri: raises $6 to $12
Brama Br: folds
Uncalled bet ($6) returned to VolkovDmitri
VolkovDmitri collected $29.50 from pot
VolkovDmitri: doesn't show hand
*** SUMMARY ***
Total pot $30 | Rake $0.50
Board [Ts 6d Qc Ks]
Seat 1: Brama Br (button) (small blind) folded on the Turn
Seat 4: VolkovDmitri (big blind) collected ($29.50)


