PokerStars Hand #167249161512:  Hold'em Limit ($3/$6 USD) - 2017/03/07 11:33:40 ET
Table 'Tanga' 6-max Seat #6 is the button
Seat 2: vestimokrec ($154.81 in chips)
Seat 6: Vincenzo Vs ($111 in chips)
Vincenzo Vs: posts small blind $1
vestimokrec: posts big blind $3
*** HOLE CARDS ***
Vincenzo Vs: folds
Uncalled bet ($2) returned to vestimokrec
vestimokrec collected $2 from pot
vestimokrec: doesn't show hand
*** SUMMARY ***
Total pot $2 | Rake $0
Seat 2: vestimokrec (big blind) collected ($2)
Seat 6: Vincenzo Vs (button) (small blind) folded before Flop


PokerStars Hand #167249132722:  Hold'em Limit ($3/$6 USD) - 2017/03/07 11:33:00 ET
Table 'Tanga' 6-max Seat #2 is the button
Seat 2: vestimokrec ($146.17 in chips)
Seat 6: Vincenzo Vs ($120 in chips)
vestimokrec: posts small blind $1
Agrotait: is sitting out
Vincenzo Vs: posts big blind $3
*** HOLE CARDS ***
vestimokrec: raises $3 to $6
Vincenzo Vs: calls $3
*** FLOP *** [Jd Jh Jc]
Vincenzo Vs: checks
Agrotait leaves the table
vestimokrec: bets $3
Vincenzo Vs: calls $3
*** TURN *** [Jd Jh Jc] [6s]
Vincenzo Vs: checks
vestimokrec: bets $6
Vincenzo Vs: folds
Uncalled bet ($6) returned to vestimokrec
vestimokrec collected $17.64 from pot
vestimokrec: doesn't show hand
*** SUMMARY ***
Total pot $18 | Rake $0.36
Board [Jd Jh Jc 6s]
Seat 2: vestimokrec (button) (small blind) collected ($17.64)
Seat 6: Vincenzo Vs (big blind) folded on the Turn


PokerStars Hand #167249200798:  Hold'em Limit ($3/$6 USD) - 2017/03/07 11:34:35 ET
Table 'Tanga' 6-max Seat #6 is the button
Seat 2: vestimokrec ($153.57 in chips)
Seat 6: Vincenzo Vs ($111.64 in chips)
Vincenzo Vs: posts small blind $1
vestimokrec: posts big blind $3
*** HOLE CARDS ***
Vincenzo Vs: raises $3 to $6
vestimokrec: calls $3
*** FLOP *** [2h 2c 9c]
vestimokrec: checks
Vincenzo Vs: bets $3
vestimokrec: folds
Uncalled bet ($3) returned to Vincenzo Vs
Pelurile joins the table at seat #3
Vincenzo Vs collected $11.76 from pot
Vincenzo Vs: doesn't show hand
*** SUMMARY ***
Total pot $12 | Rake $0.24
Board [2h 2c 9c]
Seat 2: vestimokrec (big blind) folded on the Flop
Seat 6: Vincenzo Vs (button) (small blind) collected ($11.76)


PokerStars Hand #167249189169:  Hold'em Limit ($3/$6 USD) - 2017/03/07 11:34:19 ET
Table 'Tanga' 6-max Seat #2 is the button
Seat 2: vestimokrec ($147.81 in chips)
Seat 6: Vincenzo Vs ($117.64 in chips)
vestimokrec: posts small blind $1
Vincenzo Vs: posts big blind $3
*** HOLE CARDS ***
vestimokrec: raises $3 to $6
Vincenzo Vs: calls $3
*** FLOP *** [Js Td Tc]
Vincenzo Vs: checks
vestimokrec: bets $3
Vincenzo Vs: folds
Uncalled bet ($3) returned to vestimokrec
vestimokrec collected $11.76 from pot
vestimokrec: doesn't show hand
*** SUMMARY ***
Total pot $12 | Rake $0.24
Board [Js Td Tc]
Seat 2: vestimokrec (button) (small blind) collected ($11.76)
Seat 6: Vincenzo Vs (big blind) folded on the Flop


PokerStars Hand #167249184961:  Hold'em Limit ($3/$6 USD) - 2017/03/07 11:34:13 ET
Table 'Tanga' 6-max Seat #6 is the button
Seat 2: vestimokrec ($146.81 in chips)
Seat 6: Vincenzo Vs ($118.64 in chips)
Vincenzo Vs: posts small blind $1
vestimokrec: posts big blind $3
*** HOLE CARDS ***
Vincenzo Vs: folds
Uncalled bet ($2) returned to vestimokrec
vestimokrec collected $2 from pot
vestimokrec: doesn't show hand
*** SUMMARY ***
Total pot $2 | Rake $0
Seat 2: vestimokrec (big blind) collected ($2)
Seat 6: Vincenzo Vs (button) (small blind) folded before Flop


PokerStars Hand #167249166607:  Hold'em Limit ($3/$6 USD) - 2017/03/07 11:33:47 ET
Table 'Tanga' 6-max Seat #2 is the button
Seat 2: vestimokrec ($155.81 in chips)
Seat 6: Vincenzo Vs ($110 in chips)
vestimokrec: posts small blind $1
Vincenzo Vs: posts big blind $3
*** HOLE CARDS ***
vestimokrec: raises $3 to $6
Vincenzo Vs: calls $3
*** FLOP *** [3d Td Kd]
Vincenzo Vs: checks
vestimokrec: bets $3
Vincenzo Vs: calls $3
*** TURN *** [3d Td Kd] [3c]
Vincenzo Vs: checks
vestimokrec: checks
*** RIVER *** [3d Td Kd 3c] [Ad]
Vincenzo Vs: bets $6
vestimokrec: folds
Uncalled bet ($6) returned to Vincenzo Vs
Vincenzo Vs collected $17.64 from pot
Vincenzo Vs: doesn't show hand
*** SUMMARY ***
Total pot $18 | Rake $0.36
Board [3d Td Kd 3c Ad]
Seat 2: vestimokrec (button) (small blind) folded on the River
Seat 6: Vincenzo Vs (big blind) collected ($17.64)


