PokerStars Hand #157706655568:  Hold'em Limit ($3/$6 USD) - 2016/08/25 0:07:19 ET
Table 'Tanina' 6-max Seat #2 is the button
Seat 1: bibbar ($125.76 in chips)
Seat 2: anetkaapro ($72 in chips)
anetkaapro: posts small blind $1
bibbar: posts big blind $3
*** HOLE CARDS ***
anetkaapro: raises $3 to $6
bibbar: calls $3
*** FLOP *** [5c 7s Kd]
bibbar: checks
anetkaapro: bets $3
bibbar: raises $3 to $6
anetkaapro: calls $3
*** TURN *** [5c 7s Kd] [Ah]
bibbar: bets $6
anetkaapro: folds
Uncalled bet ($6) returned to bibbar
bibbar collected $23.52 from pot
bibbar: doesn't show hand
*** SUMMARY ***
Total pot $24 | Rake $0.48
Board [5c 7s Kd Ah]
Seat 1: bibbar (big blind) collected ($23.52)
Seat 2: anetkaapro (button) (small blind) folded on the Turn


PokerStars Hand #157706652188:  Hold'em Limit ($3/$6 USD) - 2016/08/25 0:07:05 ET
Table 'Tanina' 6-max Seat #1 is the button
Seat 1: bibbar ($120 in chips)
Seat 2: anetkaapro ($72 in chips)
bibbar: posts small blind $1
anetkaapro: posts big blind $3
*** HOLE CARDS ***
bibbar: raises $3 to $6
anetkaapro: calls $3
*** FLOP *** [2h Kc 4s]
anetkaapro: checks
bibbar: bets $3
anetkaapro: folds
Uncalled bet ($3) returned to bibbar
bibbar collected $11.76 from pot
bibbar: doesn't show hand
*** SUMMARY ***
Total pot $12 | Rake $0.24
Board [2h Kc 4s]
Seat 1: bibbar (button) (small blind) collected ($11.76)
Seat 2: anetkaapro (big blind) folded on the Flop


PokerStars Hand #157706670665:  Hold'em Limit ($3/$6 USD) - 2016/08/25 0:08:20 ET
Table 'Tanina' 6-max Seat #1 is the button
Seat 1: bibbar ($151.78 in chips)
Seat 2: anetkaapro ($72 in chips)
bibbar: posts small blind $1
anetkaapro: posts big blind $3
*** HOLE CARDS ***
bibbar: raises $3 to $6
anetkaapro: calls $3
*** FLOP *** [9s Qd 8d]
anetkaapro: checks
bibbar: bets $3
anetkaapro: folds
Uncalled bet ($3) returned to bibbar
bibbar collected $11.76 from pot
bibbar: doesn't show hand
*** SUMMARY ***
Total pot $12 | Rake $0.24
Board [9s Qd 8d]
Seat 1: bibbar (button) (small blind) collected ($11.76)
Seat 2: anetkaapro (big blind) folded on the Flop


PokerStars Hand #157706675557:  Hold'em Limit ($3/$6 USD) - 2016/08/25 0:08:39 ET
Table 'Tanina' 6-max Seat #1 is the button
Seat 1: bibbar ($175.04 in chips)
Seat 2: anetkaapro ($72 in chips)
bibbar: posts small blind $1
anetkaapro: posts big blind $3
*** HOLE CARDS ***
bibbar: folds
Uncalled bet ($2) returned to anetkaapro
anetkaapro collected $2 from pot
anetkaapro: doesn't show hand
*** SUMMARY ***
Total pot $2 | Rake $0
Seat 1: bibbar (button) (small blind) folded before Flop
Seat 2: anetkaapro (big blind) collected ($2)


PokerStars Hand #157706672566:  Hold'em Limit ($3/$6 USD) - 2016/08/25 0:08:27 ET
Table 'Tanina' 6-max Seat #2 is the button
Seat 1: bibbar ($157.54 in chips)
Seat 2: anetkaapro ($72 in chips)
anetkaapro: posts small blind $1
bibbar: posts big blind $3
*** HOLE CARDS ***
anetkaapro: raises $3 to $6
bibbar: raises $3 to $9
anetkaapro: calls $3
*** FLOP *** [4s Js 2d]
bibbar: bets $3
anetkaapro: calls $3
*** TURN *** [4s Js 2d] [2c]
bibbar: bets $6
anetkaapro: calls $6
*** RIVER *** [4s Js 2d 2c] [7c]
bibbar: bets $6
anetkaapro: folds
Uncalled bet ($6) returned to bibbar
bibbar collected $35.50 from pot
bibbar: doesn't show hand
*** SUMMARY ***
Total pot $36 | Rake $0.50
Board [4s Js 2d 2c 7c]
Seat 1: bibbar (big blind) collected ($35.50)
Seat 2: anetkaapro (button) (small blind) folded on the River


PokerStars Hand #157706667374:  Hold'em Limit ($3/$6 USD) - 2016/08/25 0:08:06 ET
Table 'Tanina' 6-max Seat #2 is the button
Seat 1: bibbar ($128.28 in chips)
Seat 2: anetkaapro ($80.64 in chips)
anetkaapro: posts small blind $1
bibbar: posts big blind $3
*** HOLE CARDS ***
anetkaapro: raises $3 to $6
bibbar: raises $3 to $9
anetkaapro: calls $3
*** FLOP *** [5s 7s 2d]
bibbar: bets $3
anetkaapro: calls $3
*** TURN *** [5s 7s 2d] [Qs]
bibbar: bets $6
anetkaapro: calls $6
*** RIVER *** [5s 7s 2d Qs] [6d]
bibbar: bets $6
anetkaapro: calls $6
*** SHOW DOWN ***
bibbar: shows [Ad Qc] (a pair of Queens)
anetkaapro: mucks hand
bibbar collected $47.50 from pot
*** SUMMARY ***
Total pot $48 | Rake $0.50
Board [5s 7s 2d Qs 6d]
Seat 1: bibbar (big blind) showed [Ad Qc] and won ($47.50) with a pair of Queens
Seat 2: anetkaapro (button) (small blind) mucked


PokerStars Hand #157706665948:  Hold'em Limit ($3/$6 USD) - 2016/08/25 0:08:00 ET
Table 'Tanina' 6-max Seat #1 is the button
Seat 1: bibbar ($125.28 in chips)
Seat 2: anetkaapro ($83.64 in chips)
bibbar: posts small blind $1
anetkaapro: posts big blind $3
*** HOLE CARDS ***
bibbar: raises $3 to $6
anetkaapro: folds
Uncalled bet ($3) returned to bibbar
bibbar collected $6 from pot
bibbar: doesn't show hand
*** SUMMARY ***
Total pot $6 | Rake $0
Seat 1: bibbar (button) (small blind) collected ($6)
Seat 2: anetkaapro (big blind) folded before Flop


PokerStars Hand #157706664324:  Hold'em Limit ($3/$6 USD) - 2016/08/25 0:07:54 ET
Table 'Tanina' 6-max Seat #2 is the button
Seat 1: bibbar ($128.28 in chips)
Seat 2: anetkaapro ($80.64 in chips)
anetkaapro: posts small blind $1
bibbar: posts big blind $3
*** HOLE CARDS ***
anetkaapro: raises $3 to $6
bibbar: folds
Uncalled bet ($3) returned to anetkaapro
anetkaapro collected $6 from pot
anetkaapro: doesn't show hand
*** SUMMARY ***
Total pot $6 | Rake $0
Seat 1: bibbar (big blind) folded before Flop
Seat 2: anetkaapro (button) (small blind) collected ($6)


PokerStars Hand #157706680062:  Hold'em Limit ($3/$6 USD) - 2016/08/25 0:08:58 ET
Table 'Tanina' 6-max Seat #1 is the button
Seat 1: bibbar ($150.04 in chips)
Seat 2: anetkaapro ($96.50 in chips)
bibbar: posts small blind $1
anetkaapro: posts big blind $3
*** HOLE CARDS ***
bibbar: raises $3 to $6
anetkaapro: raises $3 to $9
bibbar: calls $3
*** FLOP *** [8s 2d Qs]
anetkaapro: bets $3
bibbar: folds
Uncalled bet ($3) returned to anetkaapro
anetkaapro collected $17.64 from pot
anetkaapro: doesn't show hand
*** SUMMARY ***
Total pot $18 | Rake $0.36
Board [8s 2d Qs]
Seat 1: bibbar (button) (small blind) folded on the Flop
Seat 2: anetkaapro (big blind) collected ($17.64)


PokerStars Hand #157706676633:  Hold'em Limit ($3/$6 USD) - 2016/08/25 0:08:44 ET
Table 'Tanina' 6-max Seat #2 is the button
Seat 1: bibbar ($174.04 in chips)
Seat 2: anetkaapro ($73 in chips)
anetkaapro: posts small blind $1
bibbar: posts big blind $3
*** HOLE CARDS ***
anetkaapro: raises $3 to $6
bibbar: raises $3 to $9
anetkaapro: calls $3
*** FLOP *** [Td As Tc]
bibbar: bets $3
anetkaapro: calls $3
*** TURN *** [Td As Tc] [Ad]
bibbar: bets $6
anetkaapro: calls $6
*** RIVER *** [Td As Tc Ad] [8s]
bibbar: checks
anetkaapro: bets $6
bibbar: calls $6
*** SHOW DOWN ***
anetkaapro: shows [Th Ac] (a full house, Aces full of Tens)
bibbar: mucks hand
anetkaapro collected $47.50 from pot
*** SUMMARY ***
Total pot $48 | Rake $0.50
Board [Td As Tc Ad 8s]
Seat 1: bibbar (big blind) mucked
Seat 2: anetkaapro (button) (small blind) showed [Th Ac] and won ($47.50) with a full house, Aces full of Tens


PokerStars Hand #157706682010:  Hold'em Limit ($3/$6 USD) - 2016/08/25 0:09:06 ET
Table 'Tanina' 6-max Seat #2 is the button
Seat 1: bibbar ($141.04 in chips)
Seat 2: anetkaapro ($105.14 in chips)
anetkaapro: posts small blind $1
bibbar: posts big blind $3
*** HOLE CARDS ***
anetkaapro: raises $3 to $6
bibbar: raises $3 to $9
anetkaapro: calls $3
*** FLOP *** [Qc 6d Th]
bibbar: bets $3
anetkaapro: calls $3
*** TURN *** [Qc 6d Th] [3h]
bibbar: checks
anetkaapro: checks
*** RIVER *** [Qc 6d Th 3h] [8c]
bibbar: bets $6
anetkaapro: folds
Uncalled bet ($6) returned to bibbar
bibbar collected $23.52 from pot
bibbar: doesn't show hand
*** SUMMARY ***
Total pot $24 | Rake $0.48
Board [Qc 6d Th 3h 8c]
Seat 1: bibbar (big blind) collected ($23.52)
Seat 2: anetkaapro (button) (small blind) folded on the River


PokerStars Hand #157706688668:  Hold'em Limit ($3/$6 USD) - 2016/08/25 0:09:33 ET
Table 'Tanina' 6-max Seat #2 is the button
Seat 1: bibbar ($146.56 in chips)
Seat 2: anetkaapro ($98.90 in chips)
anetkaapro: posts small blind $1
bibbar: posts big blind $3
*** HOLE CARDS ***
anetkaapro: raises $3 to $6
bibbar: calls $3
*** FLOP *** [Jh Th Qs]
bibbar: checks
anetkaapro: bets $3
bibbar: calls $3
*** TURN *** [Jh Th Qs] [5h]
bibbar: checks
anetkaapro: checks
*** RIVER *** [Jh Th Qs 5h] [9h]
bibbar: bets $6
anetkaapro: calls $6
*** SHOW DOWN ***
bibbar: shows [Ah 5c] (a flush, Ace high)
anetkaapro: mucks hand
bibbar collected $29.50 from pot
*** SUMMARY ***
Total pot $30 | Rake $0.50
Board [Jh Th Qs 5h 9h]
Seat 1: bibbar (big blind) showed [Ah 5c] and won ($29.50) with a flush, Ace high
Seat 2: anetkaapro (button) (small blind) mucked


PokerStars Hand #157706686284:  Hold'em Limit ($3/$6 USD) - 2016/08/25 0:09:23 ET
Table 'Tanina' 6-max Seat #1 is the button
Seat 1: bibbar ($152.56 in chips)
Seat 2: anetkaapro ($93.14 in chips)
bibbar: posts small blind $1
anetkaapro: posts big blind $3
*** HOLE CARDS ***
bibbar: raises $3 to $6
anetkaapro: calls $3
*** FLOP *** [Qh Jh 5h]
anetkaapro: checks
bibbar: checks
*** TURN *** [Qh Jh 5h] [5c]
anetkaapro: bets $6
bibbar: folds
Uncalled bet ($6) returned to anetkaapro
anetkaapro collected $11.76 from pot
anetkaapro: doesn't show hand
*** SUMMARY ***
Total pot $12 | Rake $0.24
Board [Qh Jh 5h 5c]
Seat 1: bibbar (button) (small blind) folded on the Turn
Seat 2: anetkaapro (big blind) collected ($11.76)


PokerStars Hand #157706701228:  Hold'em Limit ($3/$6 USD) - 2016/08/25 0:10:24 ET
Table 'Tanina' 6-max Seat #1 is the button
Seat 1: bibbar ($106.06 in chips)
Seat 2: anetkaapro ($137.90 in chips)
bibbar: posts small blind $1
anetkaapro: posts big blind $3
*** HOLE CARDS ***
bibbar: raises $3 to $6
anetkaapro: calls $3
*** FLOP *** [Kc 9d Kh]
anetkaapro: checks
bibbar: bets $3
anetkaapro: folds
Uncalled bet ($3) returned to bibbar
bibbar collected $11.76 from pot
bibbar: doesn't show hand
*** SUMMARY ***
Total pot $12 | Rake $0.24
Board [Kc 9d Kh]
Seat 1: bibbar (button) (small blind) collected ($11.76)
Seat 2: anetkaapro (big blind) folded on the Flop


PokerStars Hand #157706702757:  Hold'em Limit ($3/$6 USD) - 2016/08/25 0:10:31 ET
Table 'Tanina' 6-max Seat #2 is the button
Seat 1: bibbar ($111.82 in chips)
Seat 2: anetkaapro ($131.90 in chips)
anetkaapro: posts small blind $1
bibbar: posts big blind $3
*** HOLE CARDS ***
anetkaapro: raises $3 to $6
bibbar: raises $3 to $9
anetkaapro: calls $3
*** FLOP *** [5s 6h 4s]
bibbar: bets $3
anetkaapro: calls $3
*** TURN *** [5s 6h 4s] [Qc]
bibbar: bets $6
anetkaapro: raises $6 to $12
bibbar: raises $6 to $18
anetkaapro: calls $6
*** RIVER *** [5s 6h 4s Qc] [5h]
bibbar: bets $6
anetkaapro: raises $6 to $12
bibbar: calls $6
*** SHOW DOWN ***
anetkaapro: shows [Qs As] (two pair, Queens and Fives)
bibbar: mucks hand
anetkaapro collected $83.50 from pot
*** SUMMARY ***
Total pot $84 | Rake $0.50
Board [5s 6h 4s Qc 5h]
Seat 1: bibbar (big blind) mucked
Seat 2: anetkaapro (button) (small blind) showed [Qs As] and won ($83.50) with two pair, Queens and Fives


PokerStars Hand #157706694713:  Hold'em Limit ($3/$6 USD) - 2016/08/25 0:09:57 ET
Table 'Tanina' 6-max Seat #2 is the button
Seat 1: bibbar ($140.06 in chips)
Seat 2: anetkaapro ($104.40 in chips)
anetkaapro: posts small blind $1
bibbar: posts big blind $3
*** HOLE CARDS ***
anetkaapro: folds
Uncalled bet ($2) returned to bibbar
bibbar collected $2 from pot
bibbar: doesn't show hand
*** SUMMARY ***
Total pot $2 | Rake $0
Seat 1: bibbar (big blind) collected ($2)
Seat 2: anetkaapro (button) (small blind) folded before Flop


PokerStars Hand #157706691453:  Hold'em Limit ($3/$6 USD) - 2016/08/25 0:09:44 ET
Table 'Tanina' 6-max Seat #1 is the button
Seat 1: bibbar ($161.06 in chips)
Seat 2: anetkaapro ($83.90 in chips)
bibbar: posts small blind $1
anetkaapro: posts big blind $3
*** HOLE CARDS ***
bibbar: raises $3 to $6
anetkaapro: calls $3
*** FLOP *** [3d Jd 4h]
anetkaapro: checks
bibbar: bets $3
anetkaapro: calls $3
*** TURN *** [3d Jd 4h] [Qs]
anetkaapro: checks
bibbar: bets $6
anetkaapro: raises $6 to $12
bibbar: calls $6
*** RIVER *** [3d Jd 4h Qs] [3s]
anetkaapro: bets $6
bibbar: folds
Uncalled bet ($6) returned to anetkaapro
anetkaapro collected $41.50 from pot
anetkaapro: doesn't show hand
*** SUMMARY ***
Total pot $42 | Rake $0.50
Board [3d Jd 4h Qs 3s]
Seat 1: bibbar (button) (small blind) folded on the River
Seat 2: anetkaapro (big blind) collected ($41.50)


PokerStars Hand #157706699887:  Hold'em Limit ($3/$6 USD) - 2016/08/25 0:10:19 ET
Table 'Tanina' 6-max Seat #2 is the button
Seat 1: bibbar ($105.06 in chips)
Seat 2: anetkaapro ($138.90 in chips)
anetkaapro: posts small blind $1
bibbar: posts big blind $3
*** HOLE CARDS ***
anetkaapro: folds
Uncalled bet ($2) returned to bibbar
bibbar collected $2 from pot
bibbar: doesn't show hand
*** SUMMARY ***
Total pot $2 | Rake $0
Seat 1: bibbar (big blind) collected ($2)
Seat 2: anetkaapro (button) (small blind) folded before Flop


PokerStars Hand #157706695803:  Hold'em Limit ($3/$6 USD) - 2016/08/25 0:10:02 ET
Table 'Tanina' 6-max Seat #1 is the button
Seat 1: bibbar ($141.06 in chips)
Seat 2: anetkaapro ($103.40 in chips)
bibbar: posts small blind $1
anetkaapro: posts big blind $3
*** HOLE CARDS ***
bibbar: raises $3 to $6
anetkaapro: raises $3 to $9
bibbar: raises $3 to $12
Betting is capped
anetkaapro: calls $3
*** FLOP *** [Jc Jd 5s]
anetkaapro: checks
bibbar: bets $3
anetkaapro: raises $3 to $6
bibbar: raises $3 to $9
anetkaapro: raises $3 to $12
Betting is capped
bibbar: calls $3
*** TURN *** [Jc Jd 5s] [4h]
anetkaapro: bets $6
bibbar: calls $6
*** RIVER *** [Jc Jd 5s 4h] [Qd]
anetkaapro: bets $6
bibbar: calls $6
*** SHOW DOWN ***
anetkaapro: shows [Ts Tc] (two pair, Jacks and Tens)
bibbar: mucks hand
anetkaapro collected $71.50 from pot
*** SUMMARY ***
Total pot $72 | Rake $0.50
Board [Jc Jd 5s 4h Qd]
Seat 1: bibbar (button) (small blind) mucked
Seat 2: anetkaapro (big blind) showed [Ts Tc] and won ($71.50) with two pair, Jacks and Tens


PokerStars Hand #157706713248:  Hold'em Limit ($3/$6 USD) - 2016/08/25 0:11:13 ET
Table 'Tanina' 6-max Seat #1 is the button
Seat 1: bibbar ($4466.84 in chips)
Seat 2: anetkaapro ($187.80 in chips)
bibbar: posts small blind $1
anetkaapro: posts big blind $3
*** HOLE CARDS ***
bibbar: raises $3 to $6
anetkaapro: calls $3
*** FLOP *** [6s 3c 7s]
anetkaapro: checks
bibbar: bets $3
anetkaapro: calls $3
*** TURN *** [6s 3c 7s] [Kh]
anetkaapro: checks
bibbar: bets $6
anetkaapro: calls $6
*** RIVER *** [6s 3c 7s Kh] [9d]
anetkaapro: checks
bibbar: bets $6
anetkaapro: folds
Uncalled bet ($6) returned to bibbar
bibbar collected $29.50 from pot
bibbar: doesn't show hand
*** SUMMARY ***
Total pot $30 | Rake $0.50
Board [6s 3c 7s Kh 9d]
Seat 1: bibbar (button) (small blind) collected ($29.50)
Seat 2: anetkaapro (big blind) folded on the River


PokerStars Hand #157706718817:  Hold'em Limit ($3/$6 USD) - 2016/08/25 0:11:35 ET
Table 'Tanina' 6-max Seat #1 is the button
Seat 1: bibbar ($4460.34 in chips)
Seat 2: anetkaapro ($193.30 in chips)
bibbar: posts small blind $1
anetkaapro: posts big blind $3
*** HOLE CARDS ***
bibbar: raises $3 to $6
anetkaapro: raises $3 to $9
bibbar: calls $3
*** FLOP *** [7s Ad 6h]
anetkaapro: bets $3
bibbar: raises $3 to $6
anetkaapro: raises $3 to $9
bibbar: raises $3 to $12
Betting is capped
anetkaapro: calls $3
*** TURN *** [7s Ad 6h] [2s]
anetkaapro: bets $6
bibbar: calls $6
*** RIVER *** [7s Ad 6h 2s] [9h]
anetkaapro: bets $6
bibbar: folds
Uncalled bet ($6) returned to anetkaapro
anetkaapro collected $53.50 from pot
anetkaapro: doesn't show hand
*** SUMMARY ***
Total pot $54 | Rake $0.50
Board [7s Ad 6h 2s 9h]
Seat 1: bibbar (button) (small blind) folded on the River
Seat 2: anetkaapro (big blind) collected ($53.50)


PokerStars Hand #157706711248:  Hold'em Limit ($3/$6 USD) - 2016/08/25 0:11:05 ET
Table 'Tanina' 6-max Seat #2 is the button
Seat 1: bibbar ($4472.84 in chips)
Seat 2: anetkaapro ($182.04 in chips)
anetkaapro: posts small blind $1
bibbar: posts big blind $3
*** HOLE CARDS ***
anetkaapro: raises $3 to $6
bibbar: calls $3
*** FLOP *** [7d Td 7c]
bibbar: checks
anetkaapro: bets $3
bibbar: folds
Uncalled bet ($3) returned to anetkaapro
anetkaapro collected $11.76 from pot
anetkaapro: doesn't show hand
*** SUMMARY ***
Total pot $12 | Rake $0.24
Board [7d Td 7c]
Seat 1: bibbar (big blind) folded on the Flop
Seat 2: anetkaapro (button) (small blind) collected ($11.76)


PokerStars Hand #157706715826:  Hold'em Limit ($3/$6 USD) - 2016/08/25 0:11:23 ET
Table 'Tanina' 6-max Seat #2 is the button
Seat 1: bibbar ($4481.34 in chips)
Seat 2: anetkaapro ($172.80 in chips)
anetkaapro: posts small blind $1
bibbar: posts big blind $3
*** HOLE CARDS ***
anetkaapro: raises $3 to $6
bibbar: calls $3
*** FLOP *** [As Ts 2h]
bibbar: checks
anetkaapro: bets $3
bibbar: calls $3
*** TURN *** [As Ts 2h] [7c]
bibbar: checks
anetkaapro: bets $6
bibbar: calls $6
*** RIVER *** [As Ts 2h 7c] [5d]
bibbar: checks
anetkaapro: bets $6
bibbar: calls $6
*** SHOW DOWN ***
anetkaapro: shows [Ad 4s] (a pair of Aces)
bibbar: mucks hand
anetkaapro collected $41.50 from pot
*** SUMMARY ***
Total pot $42 | Rake $0.50
Board [As Ts 2h 7c 5d]
Seat 1: bibbar (big blind) mucked
Seat 2: anetkaapro (button) (small blind) showed [Ad 4s] and won ($41.50) with a pair of Aces


PokerStars Hand #157706706837:  Hold'em Limit ($3/$6 USD) - 2016/08/25 0:10:47 ET
Table 'Tanina' 6-max Seat #1 is the button
Seat 1: bibbar ($69.82 in chips)
Seat 2: anetkaapro ($173.40 in chips)
bibbar: posts small blind $1
anetkaapro: posts big blind $3
*** HOLE CARDS ***
bibbar: raises $3 to $6
anetkaapro: calls $3
*** FLOP *** [4h 5s As]
anetkaapro: checks
bibbar: bets $3
anetkaapro: calls $3
*** TURN *** [4h 5s As] [3s]
anetkaapro: checks
bibbar: checks
*** RIVER *** [4h 5s As 3s] [Jh]
anetkaapro: bets $6
bibbar: folds
Uncalled bet ($6) returned to anetkaapro
anetkaapro collected $17.64 from pot
anetkaapro: doesn't show hand
*** SUMMARY ***
Total pot $18 | Rake $0.36
Board [4h 5s As 3s Jh]
Seat 1: bibbar (button) (small blind) folded on the River
Seat 2: anetkaapro (big blind) collected ($17.64)


PokerStars Hand #157706731078:  Hold'em Limit ($3/$6 USD) - 2016/08/25 0:12:25 ET
Table 'Tanina' 6-max Seat #1 is the button
Seat 1: bibbar ($4423.74 in chips)
Seat 2: anetkaapro ($228.30 in chips)
bibbar: posts small blind $1
anetkaapro: posts big blind $3
*** HOLE CARDS ***
bibbar: raises $3 to $6
anetkaapro: raises $3 to $9
bibbar: calls $3
*** FLOP *** [9c 9s Jh]
anetkaapro: bets $3
bibbar: folds
Uncalled bet ($3) returned to anetkaapro
anetkaapro collected $17.64 from pot
anetkaapro: doesn't show hand
*** SUMMARY ***
Total pot $18 | Rake $0.36
Board [9c 9s Jh]
Seat 1: bibbar (button) (small blind) folded on the Flop
Seat 2: anetkaapro (big blind) collected ($17.64)


PokerStars Hand #157706726308:  Hold'em Limit ($3/$6 USD) - 2016/08/25 0:12:06 ET
Table 'Tanina' 6-max Seat #2 is the button
Seat 1: bibbar ($4447.74 in chips)
Seat 2: anetkaapro ($204.80 in chips)
anetkaapro: posts small blind $1
bibbar: posts big blind $3
*** HOLE CARDS ***
anetkaapro: raises $3 to $6
bibbar: raises $3 to $9
anetkaapro: calls $3
*** FLOP *** [As 2d 9s]
bibbar: bets $3
anetkaapro: calls $3
*** TURN *** [As 2d 9s] [8d]
bibbar: bets $6
anetkaapro: calls $6
*** RIVER *** [As 2d 9s 8d] [6d]
bibbar: bets $6
anetkaapro: calls $6
*** SHOW DOWN ***
bibbar: shows [4c Qc] (high card Ace)
anetkaapro: shows [Ad 4h] (a pair of Aces)
anetkaapro collected $47.50 from pot
*** SUMMARY ***
Total pot $48 | Rake $0.50
Board [As 2d 9s 8d 6d]
Seat 1: bibbar (big blind) showed [4c Qc] and lost with high card Ace
Seat 2: anetkaapro (button) (small blind) showed [Ad 4h] and won ($47.50) with a pair of Aces


PokerStars Hand #157706729982:  Hold'em Limit ($3/$6 USD) - 2016/08/25 0:12:21 ET
Table 'Tanina' 6-max Seat #2 is the button
Seat 1: bibbar ($4426.74 in chips)
Seat 2: anetkaapro ($225.30 in chips)
anetkaapro: posts small blind $1
bibbar: posts big blind $3
*** HOLE CARDS ***
anetkaapro: raises $3 to $6
bibbar: folds
Uncalled bet ($3) returned to anetkaapro
anetkaapro collected $6 from pot
anetkaapro: doesn't show hand
*** SUMMARY ***
Total pot $6 | Rake $0
Seat 1: bibbar (big blind) folded before Flop
Seat 2: anetkaapro (button) (small blind) collected ($6)


PokerStars Hand #157706728830:  Hold'em Limit ($3/$6 USD) - 2016/08/25 0:12:16 ET
Table 'Tanina' 6-max Seat #1 is the button
Seat 1: bibbar ($4423.74 in chips)
Seat 2: anetkaapro ($228.30 in chips)
bibbar: posts small blind $1
anetkaapro: posts big blind $3
*** HOLE CARDS ***
bibbar: raises $3 to $6
anetkaapro: folds
Uncalled bet ($3) returned to bibbar
bibbar collected $6 from pot
bibbar: doesn't show hand
*** SUMMARY ***
Total pot $6 | Rake $0
Seat 1: bibbar (button) (small blind) collected ($6)
Seat 2: anetkaapro (big blind) folded before Flop


PokerStars Hand #157706736271:  Hold'em Limit ($3/$6 USD) - 2016/08/25 0:12:46 ET
Table 'Tanina' 6-max Seat #2 is the button
Seat 1: bibbar ($4395.74 in chips)
Seat 2: anetkaapro ($255.44 in chips)
anetkaapro: posts small blind $1
bibbar: posts big blind $3
*** HOLE CARDS ***
anetkaapro: raises $3 to $6
bibbar: folds
Uncalled bet ($3) returned to anetkaapro
anetkaapro collected $6 from pot
anetkaapro: doesn't show hand
*** SUMMARY ***
Total pot $6 | Rake $0
Seat 1: bibbar (big blind) folded before Flop
Seat 2: anetkaapro (button) (small blind) collected ($6)


PokerStars Hand #157706735115:  Hold'em Limit ($3/$6 USD) - 2016/08/25 0:12:42 ET
Table 'Tanina' 6-max Seat #1 is the button
Seat 1: bibbar ($4396.74 in chips)
Seat 2: anetkaapro ($254.44 in chips)
bibbar: posts small blind $1
anetkaapro: posts big blind $3
*** HOLE CARDS ***
bibbar: folds
Uncalled bet ($2) returned to anetkaapro
anetkaapro collected $2 from pot
anetkaapro: doesn't show hand
*** SUMMARY ***
Total pot $2 | Rake $0
Seat 1: bibbar (button) (small blind) folded before Flop
Seat 2: anetkaapro (big blind) collected ($2)


PokerStars Hand #157706732787:  Hold'em Limit ($3/$6 USD) - 2016/08/25 0:12:32 ET
Table 'Tanina' 6-max Seat #2 is the button
Seat 1: bibbar ($4414.74 in chips)
Seat 2: anetkaapro ($236.94 in chips)
anetkaapro: posts small blind $1
bibbar: posts big blind $3
*** HOLE CARDS ***
anetkaapro: raises $3 to $6
bibbar: raises $3 to $9
anetkaapro: calls $3
*** FLOP *** [5s 7c 4d]
bibbar: bets $3
anetkaapro: calls $3
*** TURN *** [5s 7c 4d] [Ac]
bibbar: bets $6
anetkaapro: raises $6 to $12
bibbar: folds
Uncalled bet ($6) returned to anetkaapro
anetkaapro collected $35.50 from pot
anetkaapro: doesn't show hand
*** SUMMARY ***
Total pot $36 | Rake $0.50
Board [5s 7c 4d Ac]
Seat 1: bibbar (big blind) folded on the Turn
Seat 2: anetkaapro (button) (small blind) collected ($35.50)


PokerStars Hand #157706724778:  Hold'em Limit ($3/$6 USD) - 2016/08/25 0:12:00 ET
Table 'Tanina' 6-max Seat #1 is the button
Seat 1: bibbar ($4441.98 in chips)
Seat 2: anetkaapro ($210.80 in chips)
bibbar: posts small blind $1
anetkaapro: posts big blind $3
*** HOLE CARDS ***
bibbar: raises $3 to $6
anetkaapro: calls $3
*** FLOP *** [6c As Ad]
anetkaapro: checks
bibbar: bets $3
anetkaapro: folds
Uncalled bet ($3) returned to bibbar
bibbar collected $11.76 from pot
bibbar: doesn't show hand
*** SUMMARY ***
Total pot $12 | Rake $0.24
Board [6c As Ad]
Seat 1: bibbar (button) (small blind) collected ($11.76)
Seat 2: anetkaapro (big blind) folded on the Flop


PokerStars Hand #157706723143:  Hold'em Limit ($3/$6 USD) - 2016/08/25 0:11:53 ET
Table 'Tanina' 6-max Seat #2 is the button
Seat 1: bibbar ($4433.34 in chips)
Seat 2: anetkaapro ($219.80 in chips)
anetkaapro: posts small blind $1
bibbar: posts big blind $3
*** HOLE CARDS ***
anetkaapro: raises $3 to $6
bibbar: raises $3 to $9
anetkaapro: calls $3
*** FLOP *** [Th Qd 6d]
bibbar: bets $3
anetkaapro: folds
Uncalled bet ($3) returned to bibbar
bibbar collected $17.64 from pot
bibbar: doesn't show hand
*** SUMMARY ***
Total pot $18 | Rake $0.36
Board [Th Qd 6d]
Seat 1: bibbar (big blind) collected ($17.64)
Seat 2: anetkaapro (button) (small blind) folded on the Flop


PokerStars Hand #157706740739:  Hold'em Limit ($3/$6 USD) - 2016/08/25 0:13:04 ET
Table 'Tanina' 6-max Seat #2 is the button
Seat 1: bibbar ($4422.24 in chips)
Seat 2: anetkaapro ($228.44 in chips)
anetkaapro: posts small blind $1
bibbar: posts big blind $3
*** HOLE CARDS ***
anetkaapro: raises $3 to $6
bibbar: calls $3
*** FLOP *** [Th Jh 7s]
bibbar: checks
anetkaapro: bets $3
bibbar: raises $3 to $6
anetkaapro: calls $3
*** TURN *** [Th Jh 7s] [5h]
bibbar: bets $6
anetkaapro: calls $6
*** RIVER *** [Th Jh 7s 5h] [Js]
bibbar: bets $6
anetkaapro: folds
Uncalled bet ($6) returned to bibbar
bibbar collected $35.50 from pot
bibbar: doesn't show hand
*** SUMMARY ***
Total pot $36 | Rake $0.50
Board [Th Jh 7s 5h Js]
Seat 1: bibbar (big blind) collected ($35.50)
Seat 2: anetkaapro (button) (small blind) folded on the River


PokerStars Hand #157706749892:  Hold'em Limit ($3/$6 USD) - 2016/08/25 0:13:41 ET
Table 'Tanina' 6-max Seat #2 is the button
Seat 1: bibbar ($4446.24 in chips)
Seat 2: anetkaapro ($202.96 in chips)
anetkaapro: posts small blind $1
bibbar: posts big blind $3
*** HOLE CARDS ***
anetkaapro: folds
Uncalled bet ($2) returned to bibbar
bibbar collected $2 from pot
bibbar: doesn't show hand
*** SUMMARY ***
Total pot $2 | Rake $0
Seat 1: bibbar (big blind) collected ($2)
Seat 2: anetkaapro (button) (small blind) folded before Flop


PokerStars Hand #157706747302:  Hold'em Limit ($3/$6 USD) - 2016/08/25 0:13:31 ET
Table 'Tanina' 6-max Seat #1 is the button
Seat 1: bibbar ($4458.24 in chips)
Seat 2: anetkaapro ($191.44 in chips)
bibbar: posts small blind $1
anetkaapro: posts big blind $3
*** HOLE CARDS ***
bibbar: raises $3 to $6
anetkaapro: calls $3
*** FLOP *** [Qh 3s 8d]
anetkaapro: checks
bibbar: bets $3
anetkaapro: raises $3 to $6
bibbar: calls $3
*** TURN *** [Qh 3s 8d] [Jd]
anetkaapro: bets $6
bibbar: folds
Uncalled bet ($6) returned to anetkaapro
anetkaapro collected $23.52 from pot
anetkaapro: doesn't show hand
*** SUMMARY ***
Total pot $24 | Rake $0.48
Board [Qh 3s 8d Jd]
Seat 1: bibbar (button) (small blind) folded on the Turn
Seat 2: anetkaapro (big blind) collected ($23.52)


PokerStars Hand #157706746147:  Hold'em Limit ($3/$6 USD) - 2016/08/25 0:13:26 ET
Table 'Tanina' 6-max Seat #2 is the button
Seat 1: bibbar ($4457.24 in chips)
Seat 2: anetkaapro ($192.44 in chips)
anetkaapro: posts small blind $1
bibbar: posts big blind $3
*** HOLE CARDS ***
anetkaapro: folds
Uncalled bet ($2) returned to bibbar
bibbar collected $2 from pot
bibbar: doesn't show hand
*** SUMMARY ***
Total pot $2 | Rake $0
Seat 1: bibbar (big blind) collected ($2)
Seat 2: anetkaapro (button) (small blind) folded before Flop


PokerStars Hand #157706743505:  Hold'em Limit ($3/$6 USD) - 2016/08/25 0:13:15 ET
Table 'Tanina' 6-max Seat #1 is the button
Seat 1: bibbar ($4439.74 in chips)
Seat 2: anetkaapro ($210.44 in chips)
bibbar: posts small blind $1
anetkaapro: posts big blind $3
*** HOLE CARDS ***
bibbar: calls $2
anetkaapro: checks
*** FLOP *** [6c 6s Js]
anetkaapro: bets $3
bibbar: calls $3
*** TURN *** [6c 6s Js] [Ac]
anetkaapro: checks
bibbar: bets $6
anetkaapro: calls $6
*** RIVER *** [6c 6s Js Ac] [7c]
anetkaapro: checks
bibbar: bets $6
anetkaapro: calls $6
*** SHOW DOWN ***
bibbar: shows [6h Kd] (three of a kind, Sixes)
anetkaapro: mucks hand
bibbar collected $35.50 from pot
*** SUMMARY ***
Total pot $36 | Rake $0.50
Board [6c 6s Js Ac 7c]
Seat 1: bibbar (button) (small blind) showed [6h Kd] and won ($35.50) with three of a kind, Sixes
Seat 2: anetkaapro (big blind) mucked


PokerStars Hand #157706737532:  Hold'em Limit ($3/$6 USD) - 2016/08/25 0:12:51 ET
Table 'Tanina' 6-max Seat #1 is the button
Seat 1: bibbar ($4392.74 in chips)
Seat 2: anetkaapro ($258.44 in chips)
bibbar: posts small blind $1
anetkaapro: posts big blind $3
*** HOLE CARDS ***
bibbar: raises $3 to $6
anetkaapro: calls $3
*** FLOP *** [Jh 2c 2h]
anetkaapro: checks
bibbar: bets $3
anetkaapro: raises $3 to $6
bibbar: calls $3
*** TURN *** [Jh 2c 2h] [Kd]
anetkaapro: bets $6
bibbar: raises $6 to $12
anetkaapro: calls $6
*** RIVER *** [Jh 2c 2h Kd] [3h]
anetkaapro: checks
bibbar: bets $6
anetkaapro: calls $6
*** SHOW DOWN ***
bibbar: shows [9s Kh] (two pair, Kings and Deuces)
anetkaapro: mucks hand
bibbar collected $59.50 from pot
*** SUMMARY ***
Total pot $60 | Rake $0.50
Board [Jh 2c 2h Kd 3h]
Seat 1: bibbar (button) (small blind) showed [9s Kh] and won ($59.50) with two pair, Kings and Deuces
Seat 2: anetkaapro (big blind) mucked


PokerStars Hand #157706760625:  Hold'em Limit ($3/$6 USD) - 2016/08/25 0:14:25 ET
Table 'Tanina' 6-max Seat #1 is the button
Seat 1: bibbar ($4482.24 in chips)
Seat 2: anetkaapro ($165.72 in chips)
bibbar: posts small blind $1
anetkaapro: posts big blind $3
*** HOLE CARDS ***
bibbar: calls $2
anetkaapro: raises $3 to $6
bibbar: raises $3 to $9
anetkaapro: calls $3
*** FLOP *** [Qd 7d Qh]
anetkaapro: checks
bibbar: checks
*** TURN *** [Qd 7d Qh] [4s]
anetkaapro: checks
bibbar: checks
*** RIVER *** [Qd 7d Qh 4s] [9h]
anetkaapro: bets $6
bibbar: folds
Uncalled bet ($6) returned to anetkaapro
anetkaapro collected $17.64 from pot
anetkaapro: doesn't show hand
*** SUMMARY ***
Total pot $18 | Rake $0.36
Board [Qd 7d Qh 4s 9h]
Seat 1: bibbar (button) (small blind) folded on the River
Seat 2: anetkaapro (big blind) collected ($17.64)


PokerStars Hand #157706754266:  Hold'em Limit ($3/$6 USD) - 2016/08/25 0:13:59 ET
Table 'Tanina' 6-max Seat #2 is the button
Seat 1: bibbar ($4461.74 in chips)
Seat 2: anetkaapro ($186.96 in chips)
anetkaapro: posts small blind $1
bibbar: posts big blind $3
*** HOLE CARDS ***
anetkaapro: raises $3 to $6
bibbar: calls $3
*** FLOP *** [8d 4s 2h]
bibbar: checks
anetkaapro: bets $3
bibbar: folds
Uncalled bet ($3) returned to anetkaapro
anetkaapro collected $11.76 from pot
anetkaapro: doesn't show hand
*** SUMMARY ***
Total pot $12 | Rake $0.24
Board [8d 4s 2h]
Seat 1: bibbar (big blind) folded on the Flop
Seat 2: anetkaapro (button) (small blind) collected ($11.76)


PokerStars Hand #157706750949:  Hold'em Limit ($3/$6 USD) - 2016/08/25 0:13:45 ET
Table 'Tanina' 6-max Seat #1 is the button
Seat 1: bibbar ($4447.24 in chips)
Seat 2: anetkaapro ($201.96 in chips)
bibbar: posts small blind $1
anetkaapro: posts big blind $3
*** HOLE CARDS ***
bibbar: raises $3 to $6
anetkaapro: calls $3
*** FLOP *** [3c 3s 4s]
anetkaapro: checks
bibbar: bets $3
anetkaapro: calls $3
*** TURN *** [3c 3s 4s] [8d]
anetkaapro: checks
bibbar: checks
*** RIVER *** [3c 3s 4s 8d] [6s]
anetkaapro: bets $6
bibbar: calls $6
*** SHOW DOWN ***
anetkaapro: shows [Th 2s] (a pair of Threes)
bibbar: shows [Tc Qh] (a pair of Threes - Queen kicker)
bibbar collected $29.50 from pot
*** SUMMARY ***
Total pot $30 | Rake $0.50
Board [3c 3s 4s 8d 6s]
Seat 1: bibbar (button) (small blind) showed [Tc Qh] and won ($29.50) with a pair of Threes
Seat 2: anetkaapro (big blind) showed [Th 2s] and lost with a pair of Threes


PokerStars Hand #157706766984:  Hold'em Limit ($3/$6 USD) - 2016/08/25 0:14:51 ET
Table 'Tanina' 6-max Seat #1 is the button
Seat 1: bibbar ($4493.74 in chips)
Seat 2: anetkaapro ($153.36 in chips)
bibbar: posts small blind $1
anetkaapro: posts big blind $3
*** HOLE CARDS ***
bibbar: folds
Uncalled bet ($2) returned to anetkaapro
anetkaapro collected $2 from pot
anetkaapro: doesn't show hand
*** SUMMARY ***
Total pot $2 | Rake $0
Seat 1: bibbar (button) (small blind) folded before Flop
Seat 2: anetkaapro (big blind) collected ($2)


PokerStars Hand #157706764052:  Hold'em Limit ($3/$6 USD) - 2016/08/25 0:14:39 ET
Table 'Tanina' 6-max Seat #2 is the button
Seat 1: bibbar ($4473.24 in chips)
Seat 2: anetkaapro ($174.36 in chips)
anetkaapro: posts small blind $1
bibbar: posts big blind $3
*** HOLE CARDS ***
anetkaapro: raises $3 to $6
bibbar: calls $3
*** FLOP *** [Kd Jd 7c]
bibbar: checks
anetkaapro: bets $3
bibbar: calls $3
*** TURN *** [Kd Jd 7c] [6d]
bibbar: checks
anetkaapro: bets $6
bibbar: calls $6
*** RIVER *** [Kd Jd 7c 6d] [7d]
bibbar: checks
anetkaapro: bets $6
bibbar: calls $6
*** SHOW DOWN ***
anetkaapro: shows [3h 5h] (a pair of Sevens)
bibbar: shows [7h 2h] (three of a kind, Sevens)
bibbar collected $41.50 from pot
*** SUMMARY ***
Total pot $42 | Rake $0.50
Board [Kd Jd 7c 6d 7d]
Seat 1: bibbar (big blind) showed [7h 2h] and won ($41.50) with three of a kind, Sevens
Seat 2: anetkaapro (button) (small blind) showed [3h 5h] and lost with a pair of Sevens


PokerStars Hand #157706759330:  Hold'em Limit ($3/$6 USD) - 2016/08/25 0:14:20 ET
Table 'Tanina' 6-max Seat #2 is the button
Seat 1: bibbar ($4485.24 in chips)
Seat 2: anetkaapro ($162.72 in chips)
anetkaapro: posts small blind $1
bibbar: posts big blind $3
*** HOLE CARDS ***
anetkaapro: raises $3 to $6
bibbar: folds
Uncalled bet ($3) returned to anetkaapro
anetkaapro collected $6 from pot
anetkaapro: doesn't show hand
*** SUMMARY ***
Total pot $6 | Rake $0
Seat 1: bibbar (big blind) folded before Flop
Seat 2: anetkaapro (button) (small blind) collected ($6)


PokerStars Hand #157706756145:  Hold'em Limit ($3/$6 USD) - 2016/08/25 0:14:07 ET
Table 'Tanina' 6-max Seat #1 is the button
Seat 1: bibbar ($4455.74 in chips)
Seat 2: anetkaapro ($192.72 in chips)
bibbar: posts small blind $1
anetkaapro: posts big blind $3
*** HOLE CARDS ***
bibbar: raises $3 to $6
anetkaapro: calls $3
*** FLOP *** [5h 2c 2d]
anetkaapro: checks
bibbar: bets $3
anetkaapro: raises $3 to $6
bibbar: calls $3
*** TURN *** [5h 2c 2d] [Th]
anetkaapro: bets $6
bibbar: calls $6
*** RIVER *** [5h 2c 2d Th] [Jh]
anetkaapro: bets $6
bibbar: raises $6 to $12
anetkaapro: calls $6
*** SHOW DOWN ***
bibbar: shows [Ad Js] (two pair, Jacks and Deuces)
anetkaapro: mucks hand
bibbar collected $59.50 from pot
*** SUMMARY ***
Total pot $60 | Rake $0.50
Board [5h 2c 2d Th Jh]
Seat 1: bibbar (button) (small blind) showed [Ad Js] and won ($59.50) with two pair, Jacks and Deuces
Seat 2: anetkaapro (big blind) mucked


PokerStars Hand #157706770318:  Hold'em Limit ($3/$6 USD) - 2016/08/25 0:15:04 ET
Table 'Tanina' 6-max Seat #1 is the button
Seat 1: bibbar ($4486.74 in chips)
Seat 2: anetkaapro ($160.12 in chips)
bibbar: posts small blind $1
anetkaapro: posts big blind $3
*** HOLE CARDS ***
bibbar: raises $3 to $6
anetkaapro: calls $3
*** FLOP *** [Jh 2s Jc]
anetkaapro: checks
bibbar: bets $3
anetkaapro: folds
Uncalled bet ($3) returned to bibbar
bibbar collected $11.76 from pot
bibbar: doesn't show hand
*** SUMMARY ***
Total pot $12 | Rake $0.24
Board [Jh 2s Jc]
Seat 1: bibbar (button) (small blind) collected ($11.76)
Seat 2: anetkaapro (big blind) folded on the Flop


PokerStars Hand #157706768576:  Hold'em Limit ($3/$6 USD) - 2016/08/25 0:14:57 ET
Table 'Tanina' 6-max Seat #2 is the button
Seat 1: bibbar ($4492.74 in chips)
Seat 2: anetkaapro ($154.36 in chips)
anetkaapro: posts small blind $1
bibbar: posts big blind $3
*** HOLE CARDS ***
anetkaapro: raises $3 to $6
bibbar: calls $3
*** FLOP *** [7s 9h 3d]
bibbar: checks
anetkaapro: bets $3
bibbar: folds
Uncalled bet ($3) returned to anetkaapro
anetkaapro collected $11.76 from pot
anetkaapro: doesn't show hand
*** SUMMARY ***
Total pot $12 | Rake $0.24
Board [7s 9h 3d]
Seat 1: bibbar (big blind) folded on the Flop
Seat 2: anetkaapro (button) (small blind) collected ($11.76)


PokerStars Hand #157706776434:  Hold'em Limit ($3/$6 USD) - 2016/08/25 0:15:29 ET
Table 'Tanina' 6-max Seat #2 is the button
Seat 1: bibbar ($4507 in chips)
Seat 2: anetkaapro ($139.12 in chips)
anetkaapro: posts small blind $1
bibbar: posts big blind $3
*** HOLE CARDS ***
anetkaapro: raises $3 to $6
bibbar: calls $3
*** FLOP *** [6s Jh Kh]
bibbar: checks
anetkaapro: bets $3
bibbar: folds
Uncalled bet ($3) returned to anetkaapro
anetkaapro collected $11.76 from pot
anetkaapro: doesn't show hand
*** SUMMARY ***
Total pot $12 | Rake $0.24
Board [6s Jh Kh]
Seat 1: bibbar (big blind) folded on the Flop
Seat 2: anetkaapro (button) (small blind) collected ($11.76)


PokerStars Hand #157706773527:  Hold'em Limit ($3/$6 USD) - 2016/08/25 0:15:18 ET
Table 'Tanina' 6-max Seat #1 is the button
Seat 1: bibbar ($4489.50 in chips)
Seat 2: anetkaapro ($157.12 in chips)
bibbar: posts small blind $1
anetkaapro: posts big blind $3
*** HOLE CARDS ***
bibbar: raises $3 to $6
anetkaapro: raises $3 to $9
bibbar: calls $3
*** FLOP *** [Tc 5h 2d]
anetkaapro: bets $3
bibbar: calls $3
*** TURN *** [Tc 5h 2d] [Jh]
anetkaapro: checks
bibbar: bets $6
anetkaapro: calls $6
*** RIVER *** [Tc 5h 2d Jh] [7h]
anetkaapro: checks
bibbar: bets $6
anetkaapro: folds
Uncalled bet ($6) returned to bibbar
bibbar collected $35.50 from pot
bibbar: doesn't show hand
*** SUMMARY ***
Total pot $36 | Rake $0.50
Board [Tc 5h 2d Jh 7h]
Seat 1: bibbar (button) (small blind) collected ($35.50)
Seat 2: anetkaapro (big blind) folded on the River


PokerStars Hand #157706778222:  Hold'em Limit ($3/$6 USD) - 2016/08/25 0:15:36 ET
Table 'Tanina' 6-max Seat #1 is the button
Seat 1: bibbar ($4501 in chips)
Seat 2: anetkaapro ($144.88 in chips)
bibbar: posts small blind $1
anetkaapro: posts big blind $3
*** HOLE CARDS ***
bibbar: raises $3 to $6
anetkaapro: calls $3
*** FLOP *** [3d Jc 8d]
anetkaapro: checks
bibbar: bets $3
anetkaapro: calls $3
*** TURN *** [3d Jc 8d] [6c]
anetkaapro: checks
bibbar: checks
*** RIVER *** [3d Jc 8d 6c] [9d]
anetkaapro: checks
bibbar: checks
*** SHOW DOWN ***
anetkaapro: shows [Kc 7h] (high card King)
bibbar: shows [Ac 2c] (high card Ace)
bibbar collected $17.64 from pot
*** SUMMARY ***
Total pot $18 | Rake $0.36
Board [3d Jc 8d 6c 9d]
Seat 1: bibbar (button) (small blind) showed [Ac 2c] and won ($17.64) with high card Ace
Seat 2: anetkaapro (big blind) showed [Kc 7h] and lost with high card King


PokerStars Hand #157706789817:  Hold'em Limit ($3/$6 USD) - 2016/08/25 0:16:23 ET
Table 'Tanina' 6-max Seat #2 is the button
Seat 1: bibbar ($4525.90 in chips)
Seat 2: anetkaapro ($118.64 in chips)
anetkaapro: posts small blind $1
bibbar: posts big blind $3
*** HOLE CARDS ***
anetkaapro: raises $3 to $6
bibbar: calls $3
*** FLOP *** [3h Jh 6d]
bibbar: checks
anetkaapro: bets $3
bibbar: folds
Uncalled bet ($3) returned to anetkaapro
anetkaapro collected $11.76 from pot
anetkaapro: doesn't show hand
*** SUMMARY ***
Total pot $12 | Rake $0.24
Board [3h Jh 6d]
Seat 1: bibbar (big blind) folded on the Flop
Seat 2: anetkaapro (button) (small blind) collected ($11.76)


PokerStars Hand #157706781341:  Hold'em Limit ($3/$6 USD) - 2016/08/25 0:15:49 ET
Table 'Tanina' 6-max Seat #2 is the button
Seat 1: bibbar ($4509.64 in chips)
Seat 2: anetkaapro ($135.88 in chips)
anetkaapro: posts small blind $1
bibbar: posts big blind $3
*** HOLE CARDS ***
anetkaapro: raises $3 to $6
bibbar: raises $3 to $9
anetkaapro: calls $3
*** FLOP *** [2d Td Qh]
bibbar: bets $3
anetkaapro: calls $3
*** TURN *** [2d Td Qh] [9d]
bibbar: bets $6
anetkaapro: calls $6
*** RIVER *** [2d Td Qh 9d] [Kd]
bibbar: checks
anetkaapro: checks
*** SHOW DOWN ***
bibbar: shows [Qc Kh] (two pair, Kings and Queens)
anetkaapro: mucks hand
bibbar collected $35.50 from pot
*** SUMMARY ***
Total pot $36 | Rake $0.50
Board [2d Td Qh 9d Kd]
Seat 1: bibbar (big blind) showed [Qc Kh] and won ($35.50) with two pair, Kings and Queens
Seat 2: anetkaapro (button) (small blind) mucked


PokerStars Hand #157706786305:  Hold'em Limit ($3/$6 USD) - 2016/08/25 0:16:09 ET
Table 'Tanina' 6-max Seat #2 is the button
Seat 1: bibbar ($4526.14 in chips)
Seat 2: anetkaapro ($118.88 in chips)
anetkaapro: posts small blind $1
bibbar: posts big blind $3
*** HOLE CARDS ***
anetkaapro: raises $3 to $6
bibbar: calls $3
*** FLOP *** [2s Qd Kc]
bibbar: checks
anetkaapro: bets $3
bibbar: folds
Uncalled bet ($3) returned to anetkaapro
anetkaapro collected $11.76 from pot
anetkaapro: doesn't show hand
*** SUMMARY ***
Total pot $12 | Rake $0.24
Board [2s Qd Kc]
Seat 1: bibbar (big blind) folded on the Flop
Seat 2: anetkaapro (button) (small blind) collected ($11.76)


PokerStars Hand #157706785229:  Hold'em Limit ($3/$6 USD) - 2016/08/25 0:16:05 ET
Table 'Tanina' 6-max Seat #1 is the button
Seat 1: bibbar ($4527.14 in chips)
Seat 2: anetkaapro ($117.88 in chips)
bibbar: posts small blind $1
anetkaapro: posts big blind $3
*** HOLE CARDS ***
bibbar: folds
Uncalled bet ($2) returned to anetkaapro
anetkaapro collected $2 from pot
anetkaapro: doesn't show hand
*** SUMMARY ***
Total pot $2 | Rake $0
Seat 1: bibbar (button) (small blind) folded before Flop
Seat 2: anetkaapro (big blind) collected ($2)


PokerStars Hand #157706795130:  Hold'em Limit ($3/$6 USD) - 2016/08/25 0:16:45 ET
Table 'Tanina' 6-max Seat #1 is the button
Seat 1: bibbar ($4540.40 in chips)
Seat 2: anetkaapro ($103.40 in chips)
bibbar: posts small blind $1
anetkaapro: posts big blind $3
*** HOLE CARDS ***
bibbar: folds
Uncalled bet ($2) returned to anetkaapro
anetkaapro collected $2 from pot
anetkaapro: doesn't show hand
*** SUMMARY ***
Total pot $2 | Rake $0
Seat 1: bibbar (button) (small blind) folded before Flop
Seat 2: anetkaapro (big blind) collected ($2)


PokerStars Hand #157706793970:  Hold'em Limit ($3/$6 USD) - 2016/08/25 0:16:40 ET
Table 'Tanina' 6-max Seat #2 is the button
Seat 1: bibbar ($4543.40 in chips)
Seat 2: anetkaapro ($100.40 in chips)
anetkaapro: posts small blind $1
bibbar: posts big blind $3
*** HOLE CARDS ***
anetkaapro: raises $3 to $6
bibbar: folds
Uncalled bet ($3) returned to anetkaapro
anetkaapro collected $6 from pot
anetkaapro: doesn't show hand
*** SUMMARY ***
Total pot $6 | Rake $0
Seat 1: bibbar (big blind) folded before Flop
Seat 2: anetkaapro (button) (small blind) collected ($6)


PokerStars Hand #157706791561:  Hold'em Limit ($3/$6 USD) - 2016/08/25 0:16:30 ET
Table 'Tanina' 6-max Seat #1 is the button
Seat 1: bibbar ($4519.90 in chips)
Seat 2: anetkaapro ($124.40 in chips)
bibbar: posts small blind $1
anetkaapro: posts big blind $3
*** HOLE CARDS ***
bibbar: raises $3 to $6
anetkaapro: calls $3
*** FLOP *** [Ad 2d Jh]
anetkaapro: checks
bibbar: bets $3
anetkaapro: raises $3 to $6
bibbar: calls $3
*** TURN *** [Ad 2d Jh] [4s]
anetkaapro: bets $6
bibbar: calls $6
*** RIVER *** [Ad 2d Jh 4s] [6h]
anetkaapro: bets $6
bibbar: calls $6
*** SHOW DOWN ***
anetkaapro: shows [Td 5d] (high card Ace)
bibbar: shows [Jc 9s] (a pair of Jacks)
bibbar collected $47.50 from pot
*** SUMMARY ***
Total pot $48 | Rake $0.50
Board [Ad 2d Jh 4s 6h]
Seat 1: bibbar (button) (small blind) showed [Jc 9s] and won ($47.50) with a pair of Jacks
Seat 2: anetkaapro (big blind) showed [Td 5d] and lost with high card Ace


PokerStars Hand #157706788003:  Hold'em Limit ($3/$6 USD) - 2016/08/25 0:16:16 ET
Table 'Tanina' 6-max Seat #1 is the button
Seat 1: bibbar ($4520.14 in chips)
Seat 2: anetkaapro ($124.64 in chips)
bibbar: posts small blind $1
anetkaapro: posts big blind $3
*** HOLE CARDS ***
bibbar: raises $3 to $6
anetkaapro: calls $3
*** FLOP *** [Qs 4s 2h]
anetkaapro: checks
bibbar: bets $3
anetkaapro: folds
Uncalled bet ($3) returned to bibbar
bibbar collected $11.76 from pot
bibbar: doesn't show hand
*** SUMMARY ***
Total pot $12 | Rake $0.24
Board [Qs 4s 2h]
Seat 1: bibbar (button) (small blind) collected ($11.76)
Seat 2: anetkaapro (big blind) folded on the Flop


PokerStars Hand #157706802898:  Hold'em Limit ($3/$6 USD) - 2016/08/25 0:17:16 ET
Table 'Tanina' 6-max Seat #1 is the button
Seat 1: bibbar ($4552.90 in chips)
Seat 2: anetkaapro ($90.04 in chips)
bibbar: posts small blind $1
anetkaapro: posts big blind $3
*** HOLE CARDS ***
bibbar: raises $3 to $6
anetkaapro: calls $3
*** FLOP *** [Jc Jd 2d]
anetkaapro: checks
bibbar: checks
*** TURN *** [Jc Jd 2d] [7s]
anetkaapro: bets $6
bibbar: raises $6 to $12
anetkaapro: calls $6
*** RIVER *** [Jc Jd 2d 7s] [4h]
anetkaapro: checks
bibbar: bets $6
anetkaapro: calls $6
*** SHOW DOWN ***
bibbar: shows [7h Td] (two pair, Jacks and Sevens)
anetkaapro: mucks hand
bibbar collected $47.50 from pot
*** SUMMARY ***
Total pot $48 | Rake $0.50
Board [Jc Jd 2d 7s 4h]
Seat 1: bibbar (button) (small blind) showed [7h Td] and won ($47.50) with two pair, Jacks and Sevens
Seat 2: anetkaapro (big blind) mucked


PokerStars Hand #157706800453:  Hold'em Limit ($3/$6 USD) - 2016/08/25 0:17:06 ET
Table 'Tanina' 6-max Seat #2 is the button
Seat 1: bibbar ($4561.90 in chips)
Seat 2: anetkaapro ($81.40 in chips)
anetkaapro: posts small blind $1
bibbar: posts big blind $3
*** HOLE CARDS ***
anetkaapro: raises $3 to $6
bibbar: calls $3
*** FLOP *** [As 9d Qs]
bibbar: checks
anetkaapro: bets $3
bibbar: calls $3
*** TURN *** [As 9d Qs] [4h]
bibbar: checks
anetkaapro: bets $6
bibbar: folds
Uncalled bet ($6) returned to anetkaapro
anetkaapro collected $17.64 from pot
anetkaapro: doesn't show hand
*** SUMMARY ***
Total pot $18 | Rake $0.36
Board [As 9d Qs 4h]
Seat 1: bibbar (big blind) folded on the Turn
Seat 2: anetkaapro (button) (small blind) collected ($17.64)


PokerStars Hand #157706799371:  Hold'em Limit ($3/$6 USD) - 2016/08/25 0:17:02 ET
Table 'Tanina' 6-max Seat #1 is the button
Seat 1: bibbar ($4562.90 in chips)
Seat 2: anetkaapro ($80.40 in chips)
bibbar: posts small blind $1
anetkaapro: posts big blind $3
*** HOLE CARDS ***
bibbar: folds
Uncalled bet ($2) returned to anetkaapro
anetkaapro collected $2 from pot
anetkaapro: doesn't show hand
*** SUMMARY ***
Total pot $2 | Rake $0
Seat 1: bibbar (button) (small blind) folded before Flop
Seat 2: anetkaapro (big blind) collected ($2)


PokerStars Hand #157706796158:  Hold'em Limit ($3/$6 USD) - 2016/08/25 0:16:49 ET
Table 'Tanina' 6-max Seat #2 is the button
Seat 1: bibbar ($4539.40 in chips)
Seat 2: anetkaapro ($104.40 in chips)
anetkaapro: posts small blind $1
bibbar: posts big blind $3
*** HOLE CARDS ***
anetkaapro: raises $3 to $6
bibbar: calls $3
*** FLOP *** [Jh 6s 7s]
bibbar: checks
anetkaapro: bets $3
bibbar: raises $3 to $6
anetkaapro: calls $3
*** TURN *** [Jh 6s 7s] [Ac]
bibbar: checks
anetkaapro: bets $6
bibbar: calls $6
*** RIVER *** [Jh 6s 7s Ac] [Td]
bibbar: checks
anetkaapro: bets $6
bibbar: calls $6
*** SHOW DOWN ***
anetkaapro: shows [9d 5c] (high card Ace)
bibbar: shows [Js 4h] (a pair of Jacks)
bibbar collected $47.50 from pot
*** SUMMARY ***
Total pot $48 | Rake $0.50
Board [Jh 6s 7s Ac Td]
Seat 1: bibbar (big blind) showed [Js 4h] and won ($47.50) with a pair of Jacks
Seat 2: anetkaapro (button) (small blind) showed [9d 5c] and lost with high card Ace


PokerStars Hand #157706805475:  Hold'em Limit ($3/$6 USD) - 2016/08/25 0:17:27 ET
Table 'Tanina' 6-max Seat #2 is the button
Seat 1: bibbar ($4576.40 in chips)
Seat 2: anetkaapro ($72 in chips)
anetkaapro: posts small blind $1
bibbar: posts big blind $3
*** HOLE CARDS ***
anetkaapro: raises $3 to $6
bibbar: calls $3
*** FLOP *** [8c Qs 8s]
bibbar: checks
anetkaapro: bets $3
bibbar: calls $3
*** TURN *** [8c Qs 8s] [Ts]
bibbar: checks
anetkaapro: bets $6
bibbar: calls $6
*** RIVER *** [8c Qs 8s Ts] [7c]
bibbar: checks
anetkaapro: checks
*** SHOW DOWN ***
bibbar: shows [5s Ad] (a pair of Eights)
anetkaapro: mucks hand
bibbar collected $29.50 from pot
*** SUMMARY ***
Total pot $30 | Rake $0.50
Board [8c Qs 8s Ts 7c]
Seat 1: bibbar (big blind) showed [5s Ad] and won ($29.50) with a pair of Eights
Seat 2: anetkaapro (button) (small blind) mucked


PokerStars Hand #157706819006:  Hold'em Limit ($3/$6 USD) - 2016/08/25 0:18:22 ET
Table 'Tanina' 6-max Seat #2 is the button
Seat 2: anetkaapro ($76 in chips)
Seat 6: Headgtboy ($116 in chips)
anetkaapro: posts small blind $1
Headgtboy: posts big blind $3
*** HOLE CARDS ***
anetkaapro: raises $3 to $6
Headgtboy: calls $3
*** FLOP *** [Qd Js Tc]
Headgtboy: checks
anetkaapro: bets $3
Headgtboy: folds
Uncalled bet ($3) returned to anetkaapro
anetkaapro collected $11.76 from pot
anetkaapro: doesn't show hand
*** SUMMARY ***
Total pot $12 | Rake $0.24
Board [Qd Js Tc]
Seat 2: anetkaapro (button) (small blind) collected ($11.76)
Seat 6: Headgtboy (big blind) folded on the Flop


PokerStars Hand #157706821292:  Hold'em Limit ($3/$6 USD) - 2016/08/25 0:18:32 ET
Table 'Tanina' 6-max Seat #6 is the button
Seat 2: anetkaapro ($81.76 in chips)
Seat 6: Headgtboy ($110 in chips)
Headgtboy: posts small blind $1
anetkaapro: posts big blind $3
*** HOLE CARDS ***
Headgtboy: raises $3 to $6
bibbar leaves the table
anetkaapro: calls $3
*** FLOP *** [3h Qc Tc]
anetkaapro: checks
Headgtboy: bets $3
anetkaapro: folds
Uncalled bet ($3) returned to Headgtboy
Headgtboy collected $11.76 from pot
Headgtboy: doesn't show hand
*** SUMMARY ***
Total pot $12 | Rake $0.24
Board [3h Qc Tc]
Seat 2: anetkaapro (big blind) folded on the Flop
Seat 6: Headgtboy (button) (small blind) collected ($11.76)


PokerStars Hand #157706808360:  Hold'em Limit ($3/$6 USD) - 2016/08/25 0:17:39 ET
Table 'Tanina' 6-max Seat #1 is the button
Seat 1: bibbar ($4590.90 in chips)
Seat 2: anetkaapro ($72 in chips)
bibbar: posts small blind $1
anetkaapro: posts big blind $3
*** HOLE CARDS ***
bibbar: raises $3 to $6
anetkaapro: raises $3 to $9
bibbar: calls $3
*** FLOP *** [8s Kc 7h]
anetkaapro: bets $3
Headgtboy joins the table at seat #6
bibbar: calls $3
*** TURN *** [8s Kc 7h] [Ts]
anetkaapro: bets $6
bibbar: calls $6
*** RIVER *** [8s Kc 7h Ts] [3s]
anetkaapro: checks
bibbar: checks
*** SHOW DOWN ***
anetkaapro: shows [Jd 8d] (a pair of Eights)
bibbar: shows [As 8c] (a pair of Eights - Ace kicker)
bibbar collected $35.50 from pot
*** SUMMARY ***
Total pot $36 | Rake $0.50
Board [8s Kc 7h Ts 3s]
Seat 1: bibbar (button) (small blind) showed [As 8c] and won ($35.50) with a pair of Eights
Seat 2: anetkaapro (big blind) showed [Jd 8d] and lost with a pair of Eights


PokerStars Hand #157706814037:  Hold'em Limit ($3/$6 USD) - 2016/08/25 0:18:02 ET
Table 'Tanina' 6-max Seat #2 is the button
Seat 2: anetkaapro ($72 in chips)
Seat 6: Headgtboy ($120 in chips)
anetkaapro: posts small blind $1
Headgtboy: posts big blind $3
*** HOLE CARDS ***
anetkaapro: raises $3 to $6
Headgtboy: folds
Uncalled bet ($3) returned to anetkaapro
anetkaapro collected $6 from pot
anetkaapro: doesn't show hand
*** SUMMARY ***
Total pot $6 | Rake $0
Seat 2: anetkaapro (button) (small blind) collected ($6)
Seat 6: Headgtboy (big blind) folded before Flop


PokerStars Hand #157706824459:  Hold'em Limit ($3/$6 USD) - 2016/08/25 0:18:44 ET
Table 'Tanina' 6-max Seat #2 is the button
Seat 2: anetkaapro ($75.76 in chips)
Seat 6: Headgtboy ($115.76 in chips)
anetkaapro: posts small blind $1
Headgtboy: posts big blind $3
*** HOLE CARDS ***
anetkaapro: raises $3 to $6
Headgtboy: calls $3
*** FLOP *** [5h Ah 3s]
Headgtboy: checks
anetkaapro: bets $3
Headgtboy: calls $3
*** TURN *** [5h Ah 3s] [6d]
Headgtboy: bets $6
anetkaapro: folds
Uncalled bet ($6) returned to Headgtboy
Headgtboy collected $17.64 from pot
Headgtboy: doesn't show hand
*** SUMMARY ***
Total pot $18 | Rake $0.36
Board [5h Ah 3s 6d]
Seat 2: anetkaapro (button) (small blind) folded on the Turn
Seat 6: Headgtboy (big blind) collected ($17.64)


PokerStars Hand #157708226759:  Hold'em Limit ($3/$6 USD) - 2016/08/25 1:58:11 ET
Table 'Tanina' 6-max Seat #6 is the button
Seat 2: crash19867 ($144.19 in chips)
Seat 6: libaikang ($169.65 in chips)
libaikang: posts small blind $1
aussiestud69: is sitting out
crash19867: posts big blind $3
*** HOLE CARDS ***
libaikang: calls $2
aussiestud69 said, "brb"
crash19867: checks
*** FLOP *** [Qd 9s 3s]
crash19867: checks
libaikang: checks
*** TURN *** [Qd 9s 3s] [7c]
crash19867: checks
libaikang: checks
*** RIVER *** [Qd 9s 3s 7c] [Jh]
crash19867: checks
libaikang: checks
*** SHOW DOWN ***
crash19867: shows [6s Ad] (high card Ace)
libaikang: mucks hand
crash19867 collected $5.88 from pot
*** SUMMARY ***
Total pot $6 | Rake $0.12
Board [Qd 9s 3s 7c Jh]
Seat 2: crash19867 (big blind) showed [6s Ad] and won ($5.88) with high card Ace
Seat 6: libaikang (button) (small blind) mucked


PokerStars Hand #157718877747:  Hold'em Limit ($3/$6 USD) - 2016/08/25 10:00:44 ET
Table 'Tanina' 6-max Seat #3 is the button
Seat 3: simper11 ($120 in chips)
Seat 6: libaikang ($215.50 in chips)
simper11: posts small blind $1
libaikang: posts big blind $3
*** HOLE CARDS ***
simper11: raises $3 to $6
libaikang: calls $3
*** FLOP *** [Ah 4c 6h]
libaikang: checks
simper11: bets $3
libaikang: folds
Uncalled bet ($3) returned to simper11
simper11 collected $11.76 from pot
simper11: doesn't show hand
*** SUMMARY ***
Total pot $12 | Rake $0.24
Board [Ah 4c 6h]
Seat 3: simper11 (button) (small blind) collected ($11.76)
Seat 6: libaikang (big blind) folded on the Flop


PokerStars Hand #157718865468:  Hold'em Limit ($3/$6 USD) - 2016/08/25 10:00:19 ET
Table 'Tanina' 6-max Seat #6 is the button
Seat 3: simper11 ($120 in chips)
Seat 6: libaikang ($189 in chips)
libaikang: posts small blind $1
simper11: posts big blind $3
*** HOLE CARDS ***
libaikang: calls $2
simper11: raises $3 to $6
libaikang: raises $3 to $9
simper11: calls $3
*** FLOP *** [Qs 8c 8s]
simper11: checks
libaikang: checks
*** TURN *** [Qs 8c 8s] [2d]
simper11: bets $6
libaikang: raises $6 to $12
simper11: calls $6
*** RIVER *** [Qs 8c 8s 2d] [Qd]
simper11: checks
libaikang: bets $6
simper11: calls $6
*** SHOW DOWN ***
libaikang: shows [Ah As] (two pair, Aces and Queens)
simper11: mucks hand
libaikang collected $53.50 from pot
*** SUMMARY ***
Total pot $54 | Rake $0.50
Board [Qs 8c 8s 2d Qd]
Seat 3: simper11 (big blind) mucked
Seat 6: libaikang (button) (small blind) showed [Ah As] and won ($53.50) with two pair, Aces and Queens


PokerStars Hand #157718891286:  Hold'em Limit ($3/$6 USD) - 2016/08/25 10:01:10 ET
Table 'Tanina' 6-max Seat #3 is the button
Seat 3: simper11 ($122.76 in chips)
Seat 6: libaikang ($212.38 in chips)
simper11: posts small blind $1
libaikang: posts big blind $3
*** HOLE CARDS ***
simper11: raises $3 to $6
libaikang: folds
Uncalled bet ($3) returned to simper11
simper11 collected $6 from pot
simper11: doesn't show hand
*** SUMMARY ***
Total pot $6 | Rake $0
Seat 3: simper11 (button) (small blind) collected ($6)
Seat 6: libaikang (big blind) folded before Flop


PokerStars Hand #157718883786:  Hold'em Limit ($3/$6 USD) - 2016/08/25 10:00:56 ET
Table 'Tanina' 6-max Seat #6 is the button
Seat 3: simper11 ($125.76 in chips)
Seat 6: libaikang ($209.50 in chips)
libaikang: posts small blind $1
simper11: posts big blind $3
*** HOLE CARDS ***
libaikang: calls $2
simper11: checks
*** FLOP *** [9s 6c Ks]
simper11: checks
libaikang: checks
*** TURN *** [9s 6c Ks] [Qd]
simper11: checks
libaikang: checks
*** RIVER *** [9s 6c Ks Qd] [2s]
simper11: checks
libaikang: checks
*** SHOW DOWN ***
simper11: shows [8h 5h] (high card King)
libaikang: shows [Ah 3h] (high card Ace)
libaikang collected $5.88 from pot
*** SUMMARY ***
Total pot $6 | Rake $0.12
Board [9s 6c Ks Qd 2s]
Seat 3: simper11 (big blind) showed [8h 5h] and lost with high card King
Seat 6: libaikang (button) (small blind) showed [Ah 3h] and won ($5.88) with high card Ace


PokerStars Hand #157718948434:  Hold'em Limit ($3/$6 USD) - 2016/08/25 10:02:46 ET
Table 'Tanina' 6-max Seat #6 is the button
Seat 3: simper11 ($150.26 in chips)
Seat 6: libaikang ($184.02 in chips)
libaikang: posts small blind $1
simper11: posts big blind $3
*** HOLE CARDS ***
libaikang: folds
Uncalled bet ($2) returned to simper11
simper11 collected $2 from pot
simper11: doesn't show hand
*** SUMMARY ***
Total pot $2 | Rake $0
Seat 3: simper11 (big blind) collected ($2)
Seat 6: libaikang (button) (small blind) folded before Flop


PokerStars Hand #157718938329:  Hold'em Limit ($3/$6 USD) - 2016/08/25 10:02:31 ET
Table 'Tanina' 6-max Seat #3 is the button
Seat 3: simper11 ($147.26 in chips)
Seat 6: libaikang ($187.02 in chips)
simper11: posts small blind $1
libaikang: posts big blind $3
*** HOLE CARDS ***
simper11: raises $3 to $6
gazzzzzza joins the table at seat #4
libaikang: folds
Uncalled bet ($3) returned to simper11
simper11 collected $6 from pot
simper11: doesn't show hand
*** SUMMARY ***
Total pot $6 | Rake $0
Seat 3: simper11 (button) (small blind) collected ($6)
Seat 6: libaikang (big blind) folded before Flop


PokerStars Hand #157718934333:  Hold'em Limit ($3/$6 USD) - 2016/08/25 10:02:25 ET
Table 'Tanina' 6-max Seat #6 is the button
Seat 3: simper11 ($146.26 in chips)
Seat 6: libaikang ($188.02 in chips)
libaikang: posts small blind $1
simper11: posts big blind $3
*** HOLE CARDS ***
libaikang: folds
Uncalled bet ($2) returned to simper11
simper11 collected $2 from pot
simper11: doesn't show hand
*** SUMMARY ***
Total pot $2 | Rake $0
Seat 3: simper11 (big blind) collected ($2)
Seat 6: libaikang (button) (small blind) folded before Flop


PokerStars Hand #157718921824:  Hold'em Limit ($3/$6 USD) - 2016/08/25 10:02:03 ET
Table 'Tanina' 6-max Seat #3 is the button
Seat 3: simper11 ($155.26 in chips)
Seat 6: libaikang ($179.38 in chips)
simper11: posts small blind $1
libaikang: posts big blind $3
*** HOLE CARDS ***
simper11: raises $3 to $6
libaikang: raises $3 to $9
simper11: calls $3
*** FLOP *** [Ts 3h Kc]
libaikang: checks
simper11: checks
*** TURN *** [Ts 3h Kc] [8d]
libaikang: checks
simper11: checks
*** RIVER *** [Ts 3h Kc 8d] [5s]
libaikang: bets $6
simper11: folds
Uncalled bet ($6) returned to libaikang
libaikang collected $17.64 from pot
libaikang: doesn't show hand
*** SUMMARY ***
Total pot $18 | Rake $0.36
Board [Ts 3h Kc 8d 5s]
Seat 3: simper11 (button) (small blind) folded on the River
Seat 6: libaikang (big blind) collected ($17.64)


PokerStars Hand #157718894892:  Hold'em Limit ($3/$6 USD) - 2016/08/25 10:01:17 ET
Table 'Tanina' 6-max Seat #6 is the button
Seat 3: simper11 ($125.76 in chips)
Seat 6: libaikang ($209.38 in chips)
libaikang: posts small blind $1
simper11: posts big blind $3
*** HOLE CARDS ***
libaikang: raises $3 to $6
simper11: calls $3
*** FLOP *** [Jh 5c 4c]
simper11: checks
libaikang: checks
*** TURN *** [Jh 5c 4c] [Tc]
simper11: bets $6
libaikang: calls $6
*** RIVER *** [Jh 5c 4c Tc] [Jc]
simper11: bets $6
libaikang: raises $6 to $12
simper11: raises $6 to $18
libaikang: calls $6
*** SHOW DOWN ***
simper11: shows [7d Ac] (a flush, Ace high)
libaikang: mucks hand
simper11 collected $59.50 from pot
*** SUMMARY ***
Total pot $60 | Rake $0.50
Board [Jh 5c 4c Tc Jc]
Seat 3: simper11 (big blind) showed [7d Ac] and won ($59.50) with a flush, Ace high
Seat 6: libaikang (button) (small blind) mucked


PokerStars Hand #157718994450:  Hold'em Limit ($3/$6 USD) - 2016/08/25 10:03:43 ET
Table 'Tanina' 6-max Seat #6 is the button
Seat 3: simper11 ($164.54 in chips)
Seat 6: libaikang ($184.02 in chips)
libaikang: posts small blind $1
simper11: posts big blind $3
*** HOLE CARDS ***
libaikang: calls $2
simper11: checks
*** FLOP *** [Jh Ad Td]
simper11: checks
libaikang: checks
*** TURN *** [Jh Ad Td] [4h]
simper11: checks
libaikang: checks
*** RIVER *** [Jh Ad Td 4h] [Ac]
simper11: checks
libaikang: checks
*** SHOW DOWN ***
simper11: shows [9s Kh] (a pair of Aces)
libaikang: mucks hand
simper11 collected $5.88 from pot
*** SUMMARY ***
Total pot $6 | Rake $0.12
Board [Jh Ad Td 4h Ac]
Seat 3: simper11 (big blind) showed [9s Kh] and won ($5.88) with a pair of Aces
Seat 6: libaikang (button) (small blind) mucked


PokerStars Hand #157718988436:  Hold'em Limit ($3/$6 USD) - 2016/08/25 10:03:36 ET
Table 'Tanina' 6-max Seat #3 is the button
Seat 3: simper11 ($165.54 in chips)
Seat 6: libaikang ($183.02 in chips)
simper11: posts small blind $1
libaikang: posts big blind $3
*** HOLE CARDS ***
simper11: folds
Uncalled bet ($2) returned to libaikang
libaikang collected $2 from pot
libaikang: doesn't show hand
*** SUMMARY ***
Total pot $2 | Rake $0
Seat 3: simper11 (button) (small blind) folded before Flop
Seat 6: libaikang (big blind) collected ($2)


PokerStars Hand #157718965350:  Hold'em Limit ($3/$6 USD) - 2016/08/25 10:03:08 ET
Table 'Tanina' 6-max Seat #4 is the button
Seat 3: simper11 ($156.90 in chips)
Seat 4: gazzzzzza ($48 in chips)
gazzzzzza: posts small blind $1
simper11: posts big blind $3
*** HOLE CARDS ***
gazzzzzza: raises $3 to $6
simper11: calls $3
*** FLOP *** [Ac 3h As]
simper11: checks
gazzzzzza: bets $3
simper11: raises $3 to $6
gazzzzzza: folds
Uncalled bet ($3) returned to simper11
simper11 collected $17.64 from pot
simper11: doesn't show hand
*** SUMMARY ***
Total pot $18 | Rake $0.36
Board [Ac 3h As]
Seat 3: simper11 (big blind) collected ($17.64)
Seat 4: gazzzzzza (button) (small blind) folded on the Flop


PokerStars Hand #157719099793:  Hold'em Limit ($3/$6 USD) - 2016/08/25 10:05:45 ET
Table 'Tanina' 6-max Seat #6 is the button
Seat 3: simper11 ($124 in chips)
Seat 6: libaikang ($174.02 in chips)
libaikang: posts small blind $1
simper11: posts big blind $3
*** HOLE CARDS ***
libaikang: folds
Uncalled bet ($2) returned to simper11
simper11 collected $2 from pot
simper11: doesn't show hand
*** SUMMARY ***
Total pot $2 | Rake $0
Seat 3: simper11 (big blind) collected ($2)
Seat 6: libaikang (button) (small blind) folded before Flop


PokerStars Hand #157719090811:  Hold'em Limit ($3/$6 USD) - 2016/08/25 10:05:35 ET
Table 'Tanina' 6-max Seat #3 is the button
Seat 3: simper11 ($121 in chips)
Seat 6: libaikang ($177.02 in chips)
simper11: posts small blind $1
libaikang: posts big blind $3
*** HOLE CARDS ***
simper11: raises $3 to $6
libaikang: folds
Uncalled bet ($3) returned to simper11
simper11 collected $6 from pot
simper11: doesn't show hand
*** SUMMARY ***
Total pot $6 | Rake $0
Seat 3: simper11 (button) (small blind) collected ($6)
Seat 6: libaikang (big blind) folded before Flop


PokerStars Hand #157719071595:  Hold'em Limit ($3/$6 USD) - 2016/08/25 10:05:13 ET
Table 'Tanina' 6-max Seat #4 is the button
Seat 3: simper11 ($120 in chips)
Seat 4: gazzzzzza ($97.11 in chips)
gazzzzzza: posts small blind $1
simper11: posts big blind $3
*** HOLE CARDS ***
simper11 said, "lolo"
simper11 said, "lololo"
gazzzzzza: folds
Uncalled bet ($2) returned to simper11
simper11 collected $2 from pot
simper11: doesn't show hand
*** SUMMARY ***
Total pot $2 | Rake $0
Seat 3: simper11 (big blind) collected ($2)
Seat 4: gazzzzzza (button) (small blind) folded before Flop


PokerStars Hand #157719055240:  Hold'em Limit ($3/$6 USD) - 2016/08/25 10:04:54 ET
Table 'Tanina' 6-max Seat #3 is the button
Seat 3: simper11 ($134.06 in chips)
Seat 4: gazzzzzza ($73.61 in chips)
simper11: posts small blind $1
gazzzzzza: posts big blind $3
*** HOLE CARDS ***
simper11: raises $3 to $6
gazzzzzza: raises $3 to $9
simper11: calls $3
*** FLOP *** [Ks 4d 5h]
gazzzzzza: bets $3
simper11: calls $3
*** TURN *** [Ks 4d 5h] [Ad]
gazzzzzza: bets $6
simper11: calls $6
*** RIVER *** [Ks 4d 5h Ad] [Jd]
gazzzzzza: bets $6
simper11: calls $6
*** SHOW DOWN ***
gazzzzzza: shows [Ac 2c] (a pair of Aces)
simper11: mucks hand
gazzzzzza collected $47.50 from pot
*** SUMMARY ***
Total pot $48 | Rake $0.50
Board [Ks 4d 5h Ad Jd]
Seat 3: simper11 (button) (small blind) mucked
Seat 4: gazzzzzza (big blind) showed [Ac 2c] and won ($47.50) with a pair of Aces


PokerStars Hand #157719105989:  Hold'em Limit ($3/$6 USD) - 2016/08/25 10:05:52 ET
Table 'Tanina' 6-max Seat #3 is the button
Seat 3: simper11 ($125 in chips)
Seat 6: libaikang ($173.02 in chips)
simper11: posts small blind $1
libaikang: posts big blind $3
*** HOLE CARDS ***
simper11: raises $3 to $6
libaikang: raises $3 to $9
simper11: calls $3
*** FLOP *** [2h 9d 5d]
libaikang: bets $3
simper11: calls $3
*** TURN *** [2h 9d 5d] [5c]
libaikang: checks
simper11: bets $6
libaikang: calls $6
*** RIVER *** [2h 9d 5d 5c] [8h]
Agrotait joins the table at seat #1
libaikang: checks
simper11: bets $6
libaikang: raises $6 to $12
simper11: calls $6
*** SHOW DOWN ***
libaikang: shows [Kh 8c] (two pair, Eights and Fives)
simper11: shows [9c 3c] (two pair, Nines and Fives)
simper11 collected $59.50 from pot
*** SUMMARY ***
Total pot $60 | Rake $0.50
Board [2h 9d 5d 5c 8h]
Seat 3: simper11 (button) (small blind) showed [9c 3c] and won ($59.50) with two pair, Nines and Fives
Seat 6: libaikang (big blind) showed [Kh 8c] and lost with two pair, Eights and Fives


PokerStars Hand #157719231231:  Hold'em Limit ($3/$6 USD) - 2016/08/25 10:08:20 ET
Table 'Tanina' 6-max Seat #3 is the button
Seat 1: Agrotait ($64.82 in chips)
Seat 3: simper11 ($153.72 in chips)
simper11: posts small blind $1
Agrotait: posts big blind $3
*** HOLE CARDS ***
simper11: raises $3 to $6
Agrotait: calls $3
*** FLOP *** [Ah Kh Tc]
Agrotait: checks
simper11: bets $3
Agrotait: folds
Uncalled bet ($3) returned to simper11
simper11 collected $11.76 from pot
simper11: doesn't show hand
*** SUMMARY ***
Total pot $12 | Rake $0.24
Board [Ah Kh Tc]
Seat 1: Agrotait (big blind) folded on the Flop
Seat 3: simper11 (button) (small blind) collected ($11.76)


PokerStars Hand #157719212254:  Hold'em Limit ($3/$6 USD) - 2016/08/25 10:07:57 ET
Table 'Tanina' 6-max Seat #1 is the button
Seat 1: Agrotait ($70.82 in chips)
Seat 3: simper11 ($147.96 in chips)
Agrotait: posts small blind $1
simper11: posts big blind $3
*** HOLE CARDS ***
Agrotait: raises $3 to $6
simper11: calls $3
*** FLOP *** [3s 5c 6h]
simper11: checks
Agrotait: checks
*** TURN *** [3s 5c 6h] [2c]
simper11: bets $6
Agrotait: folds
Uncalled bet ($6) returned to simper11
simper11 collected $11.76 from pot
simper11: doesn't show hand
*** SUMMARY ***
Total pot $12 | Rake $0.24
Board [3s 5c 6h 2c]
Seat 1: Agrotait (button) (small blind) folded on the Turn
Seat 3: simper11 (big blind) collected ($11.76)


PokerStars Hand #157719258135:  Hold'em Limit ($3/$6 USD) - 2016/08/25 10:08:52 ET
Table 'Tanina' 6-max Seat #1 is the button
Seat 1: Agrotait ($72 in chips)
Seat 3: simper11 ($159.48 in chips)
Agrotait: posts small blind $1
simper11: posts big blind $3
*** HOLE CARDS ***
Agrotait: raises $3 to $6
simper11: calls $3
*** FLOP *** [Qs 7c 2c]
simper11: checks
Agrotait: bets $3
simper11: raises $3 to $6
Agrotait: folds
Uncalled bet ($3) returned to simper11
simper11 collected $17.64 from pot
simper11: doesn't show hand
*** SUMMARY ***
Total pot $18 | Rake $0.36
Board [Qs 7c 2c]
Seat 1: Agrotait (button) (small blind) folded on the Flop
Seat 3: simper11 (big blind) collected ($17.64)


