PokerStars Hand #149835723656:  Hold'em Limit ($3/$6 USD) - 2016/03/04 14:46:41 ET
Table 'Tanina II' 6-max Seat #6 is the button
Seat 5: bluebird7551 ($12.48 in chips)
Seat 6: ZinZar ($138.17 in chips)
ZinZar: posts small blind $1
sydd7 was removed from the table for failing to post
bluebird7551: posts big blind $3
*** HOLE CARDS ***
ZinZar: folds
Uncalled bet ($2) returned to bluebird7551
bluebird7551 collected $2 from pot
bluebird7551: doesn't show hand
*** SUMMARY ***
Total pot $2 | Rake $0
Seat 5: bluebird7551 (big blind) collected ($2)
Seat 6: ZinZar (button) (small blind) folded before Flop


PokerStars Hand #149835718565:  Hold'em Limit ($3/$6 USD) - 2016/03/04 14:46:36 ET
Table 'Tanina II' 6-max Seat #5 is the button
Seat 5: bluebird7551 ($13.48 in chips)
Seat 6: ZinZar ($137.17 in chips)
bluebird7551: posts small blind $1
ZinZar: posts big blind $3
*** HOLE CARDS ***
bluebird7551: folds
Uncalled bet ($2) returned to ZinZar
ZinZar collected $2 from pot
ZinZar: doesn't show hand
*** SUMMARY ***
Total pot $2 | Rake $0
Seat 5: bluebird7551 (button) (small blind) folded before Flop
Seat 6: ZinZar (big blind) collected ($2)


PokerStars Hand #149835710666:  Hold'em Limit ($3/$6 USD) - 2016/03/04 14:46:27 ET
Table 'Tanina II' 6-max Seat #6 is the button
Seat 5: bluebird7551 ($16.48 in chips)
Seat 6: ZinZar ($134.17 in chips)
ZinZar: posts small blind $1
bluebird7551: posts big blind $3
*** HOLE CARDS ***
ZinZar: raises $3 to $6
bluebird7551: folds
Uncalled bet ($3) returned to ZinZar
ZinZar collected $6 from pot
ZinZar: doesn't show hand
*** SUMMARY ***
Total pot $6 | Rake $0
Seat 5: bluebird7551 (big blind) folded before Flop
Seat 6: ZinZar (button) (small blind) collected ($6)


PokerStars Hand #149835750555:  Hold'em Limit ($3/$6 USD) - 2016/03/04 14:47:09 ET
Table 'Tanina II' 6-max Seat #6 is the button
Seat 5: bluebird7551 ($26.46 in chips)
Seat 6: ZinZar ($123.69 in chips)
ZinZar: posts small blind $1
bluebird7551: posts big blind $3
*** HOLE CARDS ***
ZinZar: folds
Uncalled bet ($2) returned to bluebird7551
bluebird7551 collected $2 from pot
bluebird7551: doesn't show hand
*** SUMMARY ***
Total pot $2 | Rake $0
Seat 5: bluebird7551 (big blind) collected ($2)
Seat 6: ZinZar (button) (small blind) folded before Flop


PokerStars Hand #149835728801:  Hold'em Limit ($3/$6 USD) - 2016/03/04 14:46:47 ET
Table 'Tanina II' 6-max Seat #5 is the button
Seat 5: bluebird7551 ($13.48 in chips)
Seat 6: ZinZar ($137.17 in chips)
bluebird7551: posts small blind $1
ZinZar: posts big blind $3
*** HOLE CARDS ***
bluebird7551: raises $3 to $6
ZinZar: calls $3
*** FLOP *** [Jh 4s 3h]
ZinZar: checks
bluebird7551: bets $3
ZinZar: raises $3 to $6
bluebird7551: raises $1.48 to $7.48 and is all-in
ZinZar: calls $1.48
*** TURN *** [Jh 4s 3h] [Kc]
*** RIVER *** [Jh 4s 3h Kc] [9s]
*** SHOW DOWN ***
ZinZar: shows [Td 3c] (a pair of Threes)
bluebird7551: shows [Jd 5c] (a pair of Jacks)
bluebird7551 collected $26.46 from pot
*** SUMMARY ***
Total pot $26.96 | Rake $0.50
Board [Jh 4s 3h Kc 9s]
Seat 5: bluebird7551 (button) (small blind) showed [Jd 5c] and won ($26.46) with a pair of Jacks
Seat 6: ZinZar (big blind) showed [Td 3c] and lost with a pair of Threes


PokerStars Hand #149835786057:  Hold'em Limit ($3/$6 USD) - 2016/03/04 14:47:48 ET
Table 'Tanina II' 6-max Seat #6 is the button
Seat 5: bluebird7551 ($29.22 in chips)
Seat 6: ZinZar ($120.69 in chips)
ZinZar: posts small blind $1
bluebird7551: posts big blind $3
*** HOLE CARDS ***
ZinZar: raises $3 to $6
bluebird7551: folds
Uncalled bet ($3) returned to ZinZar
ZinZar collected $6 from pot
ZinZar: doesn't show hand
*** SUMMARY ***
Total pot $6 | Rake $0
Seat 5: bluebird7551 (big blind) folded before Flop
Seat 6: ZinZar (button) (small blind) collected ($6)


PokerStars Hand #149835768516:  Hold'em Limit ($3/$6 USD) - 2016/03/04 14:47:29 ET
Table 'Tanina II' 6-max Seat #5 is the button
Seat 5: bluebird7551 ($23.46 in chips)
Seat 6: ZinZar ($126.69 in chips)
bluebird7551: posts small blind $1
ZinZar: posts big blind $3
*** HOLE CARDS ***
bluebird7551: raises $3 to $6
ZinZar: calls $3
*** FLOP *** [Qh 8s Qs]
ZinZar: checks
bluebird7551: bets $3
ZinZar: folds
Uncalled bet ($3) returned to bluebird7551
bluebird7551 collected $11.76 from pot
bluebird7551: doesn't show hand
*** SUMMARY ***
Total pot $12 | Rake $0.24
Board [Qh 8s Qs]
Seat 5: bluebird7551 (button) (small blind) collected ($11.76)
Seat 6: ZinZar (big blind) folded on the Flop


PokerStars Hand #149835762606:  Hold'em Limit ($3/$6 USD) - 2016/03/04 14:47:22 ET
Table 'Tanina II' 6-max Seat #6 is the button
Seat 5: bluebird7551 ($26.46 in chips)
Seat 6: ZinZar ($123.69 in chips)
ZinZar: posts small blind $1
bluebird7551: posts big blind $3
*** HOLE CARDS ***
ZinZar: raises $3 to $6
bluebird7551: folds
Uncalled bet ($3) returned to ZinZar
ZinZar collected $6 from pot
ZinZar: doesn't show hand
*** SUMMARY ***
Total pot $6 | Rake $0
Seat 5: bluebird7551 (big blind) folded before Flop
Seat 6: ZinZar (button) (small blind) collected ($6)


PokerStars Hand #149835756945:  Hold'em Limit ($3/$6 USD) - 2016/03/04 14:47:16 ET
Table 'Tanina II' 6-max Seat #5 is the button
Seat 5: bluebird7551 ($27.46 in chips)
Seat 6: ZinZar ($122.69 in chips)
bluebird7551: posts small blind $1
ZinZar: posts big blind $3
*** HOLE CARDS ***
bluebird7551: folds
Uncalled bet ($2) returned to ZinZar
ZinZar collected $2 from pot
ZinZar: doesn't show hand
*** SUMMARY ***
Total pot $2 | Rake $0
Seat 5: bluebird7551 (button) (small blind) folded before Flop
Seat 6: ZinZar (big blind) collected ($2)


PokerStars Hand #149835798388:  Hold'em Limit ($3/$6 USD) - 2016/03/04 14:48:01 ET
Table 'Tanina II' 6-max Seat #6 is the button
Seat 5: bluebird7551 ($25.22 in chips)
Seat 6: ZinZar ($124.69 in chips)
ZinZar: posts small blind $1
bluebird7551: posts big blind $3
*** HOLE CARDS ***
ZinZar: folds
Uncalled bet ($2) returned to bluebird7551
bluebird7551 collected $2 from pot
bluebird7551: doesn't show hand
*** SUMMARY ***
Total pot $2 | Rake $0
Seat 5: bluebird7551 (big blind) collected ($2)
Seat 6: ZinZar (button) (small blind) folded before Flop


PokerStars Hand #149835792956:  Hold'em Limit ($3/$6 USD) - 2016/03/04 14:47:55 ET
Table 'Tanina II' 6-max Seat #5 is the button
Seat 5: bluebird7551 ($26.22 in chips)
Seat 6: ZinZar ($123.69 in chips)
bluebird7551: posts small blind $1
ZinZar: posts big blind $3
*** HOLE CARDS ***
bluebird7551: folds
Uncalled bet ($2) returned to ZinZar
ZinZar collected $2 from pot
ZinZar: doesn't show hand
*** SUMMARY ***
Total pot $2 | Rake $0
Seat 5: bluebird7551 (button) (small blind) folded before Flop
Seat 6: ZinZar (big blind) collected ($2)


PokerStars Hand #149835803635:  Hold'em Limit ($3/$6 USD) - 2016/03/04 14:48:06 ET
Table 'Tanina II' 6-max Seat #5 is the button
Seat 5: bluebird7551 ($26.22 in chips)
Seat 6: ZinZar ($123.69 in chips)
bluebird7551: posts small blind $1
ZinZar: posts big blind $3
*** HOLE CARDS ***
bluebird7551: raises $3 to $6
ZinZar: calls $3
*** FLOP *** [5d 4s As]
ZinZar: checks
bluebird7551: bets $3
ZinZar: calls $3
*** TURN *** [5d 4s As] [Th]
ZinZar: checks
bluebird7551: bets $6
ZinZar: calls $6
*** RIVER *** [5d 4s As Th] [Kd]
ZinZar: checks
bluebird7551: bets $6
ZinZar: raises $6 to $12
bluebird7551: folds
Uncalled bet ($6) returned to ZinZar
ZinZar collected $41.50 from pot
ZinZar: doesn't show hand
*** SUMMARY ***
Total pot $42 | Rake $0.50
Board [5d 4s As Th Kd]
Seat 5: bluebird7551 (button) (small blind) folded on the River
Seat 6: ZinZar (big blind) collected ($41.50)


PokerStars Hand #149835834839:  Hold'em Limit ($3/$6 USD) - 2016/03/04 14:48:39 ET
Table 'Tanina II' 6-max Seat #6 is the button
Seat 5: bluebird7551 ($5.22 in chips)
Seat 6: ZinZar ($144.19 in chips)
ZinZar: posts small blind $1
bluebird7551: posts big blind $3
*** HOLE CARDS ***
ZinZar: raises $3 to $6
bluebird7551: calls $2.22 and is all-in
Uncalled bet ($0.78) returned to ZinZar
*** FLOP *** [2c Qc Ks]
*** TURN *** [2c Qc Ks] [4c]
*** RIVER *** [2c Qc Ks 4c] [4d]
*** SHOW DOWN ***
bluebird7551: shows [6d 3s] (a pair of Fours)
ZinZar: shows [5c Kh] (two pair, Kings and Fours)
ZinZar collected $10.23 from pot
*** SUMMARY ***
Total pot $10.44 | Rake $0.21
Board [2c Qc Ks 4c 4d]
Seat 5: bluebird7551 (big blind) showed [6d 3s] and lost with a pair of Fours
Seat 6: ZinZar (button) (small blind) showed [5c Kh] and won ($10.23) with two pair, Kings and Fours


PokerStars Hand #149835873691:  Hold'em Limit ($3/$6 USD) - 2016/03/04 14:49:21 ET
Table 'Tanina II' 6-max Seat #2 is the button
Seat 2: Siwy56 ($106.73 in chips)
Seat 6: ZinZar ($149.20 in chips)
Siwy56: posts small blind $1
ZinZar: posts big blind $3
*** HOLE CARDS ***
Siwy56: calls $2
ZinZar: checks
*** FLOP *** [4s Qd 3c]
ZinZar: checks
Siwy56: bets $3
ZinZar: folds
Uncalled bet ($3) returned to Siwy56
Siwy56 collected $5.88 from pot
Siwy56: doesn't show hand
*** SUMMARY ***
Total pot $6 | Rake $0.12
Board [4s Qd 3c]
Seat 2: Siwy56 (button) (small blind) collected ($5.88)
Seat 6: ZinZar (big blind) folded on the Flop


PokerStars Hand #149835896904:  Hold'em Limit ($3/$6 USD) - 2016/03/04 14:49:45 ET
Table 'Tanina II' 6-max Seat #6 is the button
Seat 2: Siwy56 ($109.61 in chips)
Seat 6: ZinZar ($146.20 in chips)
ZinZar: posts small blind $1
Siwy56: posts big blind $3
*** HOLE CARDS ***
ZinZar: raises $3 to $6
Siwy56: calls $3
*** FLOP *** [Ts 5d 5h]
Siwy56: checks
ZinZar: bets $3
Siwy56: calls $3
*** TURN *** [Ts 5d 5h] [Jc]
Siwy56: bets $6
ZinZar: folds
Uncalled bet ($6) returned to Siwy56
Siwy56 collected $17.64 from pot
Siwy56: doesn't show hand
*** SUMMARY ***
Total pot $18 | Rake $0.36
Board [Ts 5d 5h Jc]
Seat 2: Siwy56 (big blind) collected ($17.64)
Seat 6: ZinZar (button) (small blind) folded on the Turn


PokerStars Hand #149835926111:  Hold'em Limit ($3/$6 USD) - 2016/03/04 14:50:16 ET
Table 'Tanina II' 6-max Seat #6 is the button
Seat 2: Siwy56 ($121.13 in chips)
Seat 6: ZinZar ($134.20 in chips)
ZinZar: posts small blind $1
Siwy56: posts big blind $3
*** HOLE CARDS ***
ZinZar: raises $3 to $6
Siwy56: calls $3
*** FLOP *** [Qc 9d Qh]
Siwy56: checks
ZinZar: bets $3
Siwy56: calls $3
*** TURN *** [Qc 9d Qh] [Ad]
Siwy56: checks
ZinZar: bets $6
Siwy56: raises $6 to $12
ZinZar: folds
Uncalled bet ($6) returned to Siwy56
Siwy56 collected $29.50 from pot
Siwy56: doesn't show hand
*** SUMMARY ***
Total pot $30 | Rake $0.50
Board [Qc 9d Qh Ad]
Seat 2: Siwy56 (big blind) collected ($29.50)
Seat 6: ZinZar (button) (small blind) folded on the Turn


PokerStars Hand #149835912924:  Hold'em Limit ($3/$6 USD) - 2016/03/04 14:50:02 ET
Table 'Tanina II' 6-max Seat #2 is the button
Seat 2: Siwy56 ($118.25 in chips)
Seat 6: ZinZar ($137.20 in chips)
Siwy56: posts small blind $1
ZinZar: posts big blind $3
*** HOLE CARDS ***
Siwy56: calls $2
ZinZar: checks
*** FLOP *** [Jc Ah Ts]
Azrarn joins the table at seat #3
ZinZar: checks
Siwy56: checks
*** TURN *** [Jc Ah Ts] [4h]
ZinZar: checks
Siwy56: bets $6
ZinZar: folds
Uncalled bet ($6) returned to Siwy56
Siwy56 collected $5.88 from pot
Siwy56: doesn't show hand
*** SUMMARY ***
Total pot $6 | Rake $0.12
Board [Jc Ah Ts 4h]
Seat 2: Siwy56 (button) (small blind) collected ($5.88)
Seat 6: ZinZar (big blind) folded on the Turn


