PokerStars Hand #166430814341:  Hold'em Limit ($3/$6 USD) - 2017/02/18 23:20:26 ET
Table 'Tarka' 6-max Seat #1 is the button
Seat 1: LifeisagameX ($84 in chips)
Seat 3: laapin ($120 in chips)
LifeisagameX: posts small blind $1
laapin: posts big blind $3
*** HOLE CARDS ***
LifeisagameX: raises $3 to $6
laapin: calls $3
*** FLOP *** [4s 9d Kh]
laapin: checks
LifeisagameX: checks
*** TURN *** [4s 9d Kh] [As]
laapin: checks
LifeisagameX: checks
*** RIVER *** [4s 9d Kh As] [4d]
laapin: checks
LifeisagameX: bets $6
laapin: calls $6
*** SHOW DOWN ***
LifeisagameX: shows [6d 4c] (three of a kind, Fours)
laapin: mucks hand
LifeisagameX collected $23.52 from pot
*** SUMMARY ***
Total pot $24 | Rake $0.48
Board [4s 9d Kh As 4d]
Seat 1: LifeisagameX (button) (small blind) showed [6d 4c] and won ($23.52) with three of a kind, Fours
Seat 3: laapin (big blind) mucked


PokerStars Hand #166430830931:  Hold'em Limit ($3/$6 USD) - 2017/02/18 23:21:16 ET
Table 'Tarka' 6-max Seat #1 is the button
Seat 1: LifeisagameX ($96.52 in chips)
Seat 3: laapin ($107 in chips)
LifeisagameX: posts small blind $1
laapin: posts big blind $3
*** HOLE CARDS ***
LifeisagameX: raises $3 to $6
laapin: raises $3 to $9
LifeisagameX: calls $3
*** FLOP *** [Jc Qd 3h]
laapin: bets $3
LifeisagameX: calls $3
*** TURN *** [Jc Qd 3h] [Ah]
laapin: bets $6
LifeisagameX: calls $6
*** RIVER *** [Jc Qd 3h Ah] [4s]
laapin: bets $6
LifeisagameX: calls $6
*** SHOW DOWN ***
laapin: shows [Th As] (a pair of Aces)
LifeisagameX: mucks hand
laapin collected $47.50 from pot
*** SUMMARY ***
Total pot $48 | Rake $0.50
Board [Jc Qd 3h Ah 4s]
Seat 1: LifeisagameX (button) (small blind) mucked
Seat 3: laapin (big blind) showed [Th As] and won ($47.50) with a pair of Aces


PokerStars Hand #166430829334:  Hold'em Limit ($3/$6 USD) - 2017/02/18 23:21:11 ET
Table 'Tarka' 6-max Seat #3 is the button
Seat 1: LifeisagameX ($95.52 in chips)
Seat 3: laapin ($108 in chips)
laapin: posts small blind $1
LifeisagameX: posts big blind $3
*** HOLE CARDS ***
laapin: folds
Uncalled bet ($2) returned to LifeisagameX
LifeisagameX collected $2 from pot
LifeisagameX: doesn't show hand
*** SUMMARY ***
Total pot $2 | Rake $0
Seat 1: LifeisagameX (big blind) collected ($2)
Seat 3: laapin (button) (small blind) folded before Flop


PokerStars Hand #166430837479:  Hold'em Limit ($3/$6 USD) - 2017/02/18 23:21:36 ET
Table 'Tarka' 6-max Seat #3 is the button
Seat 1: LifeisagameX ($84 in chips)
Seat 3: laapin ($130.50 in chips)
laapin: posts small blind $1
LifeisagameX: posts big blind $3
*** HOLE CARDS ***
laapin: raises $3 to $6
LifeisagameX: calls $3
*** FLOP *** [6s 5h Ks]
LifeisagameX: checks
laapin: bets $3
LifeisagameX: calls $3
*** TURN *** [6s 5h Ks] [Ts]
LifeisagameX: checks
laapin: checks
*** RIVER *** [6s 5h Ks Ts] [9h]
LifeisagameX: checks
laapin: bets $6
LifeisagameX: folds
Uncalled bet ($6) returned to laapin
laapin collected $17.64 from pot
laapin: doesn't show hand
*** SUMMARY ***
Total pot $18 | Rake $0.36
Board [6s 5h Ks Ts 9h]
Seat 1: LifeisagameX (big blind) folded on the River
Seat 3: laapin (button) (small blind) collected ($17.64)


PokerStars Hand #166430853875:  Hold'em Limit ($3/$6 USD) - 2017/02/18 23:22:26 ET
Table 'Tarka' 6-max Seat #3 is the button
Seat 1: LifeisagameX ($87 in chips)
Seat 3: laapin ($136.14 in chips)
laapin: posts small blind $1
LifeisagameX: posts big blind $3
*** HOLE CARDS ***
laapin: folds
Uncalled bet ($2) returned to LifeisagameX
LifeisagameX collected $2 from pot
LifeisagameX: doesn't show hand
*** SUMMARY ***
Total pot $2 | Rake $0
Seat 1: LifeisagameX (big blind) collected ($2)
Seat 3: laapin (button) (small blind) folded before Flop


PokerStars Hand #166430851219:  Hold'em Limit ($3/$6 USD) - 2017/02/18 23:22:18 ET
Table 'Tarka' 6-max Seat #1 is the button
Seat 1: LifeisagameX ($84 in chips)
Seat 3: laapin ($139.14 in chips)
LifeisagameX: posts small blind $1
laapin: posts big blind $3
*** HOLE CARDS ***
LifeisagameX: raises $3 to $6
laapin: folds
Uncalled bet ($3) returned to LifeisagameX
LifeisagameX collected $6 from pot
LifeisagameX: doesn't show hand
*** SUMMARY ***
Total pot $6 | Rake $0
Seat 1: LifeisagameX (button) (small blind) collected ($6)
Seat 3: laapin (big blind) folded before Flop


PokerStars Hand #166430855466:  Hold'em Limit ($3/$6 USD) - 2017/02/18 23:22:31 ET
Table 'Tarka' 6-max Seat #1 is the button
Seat 1: LifeisagameX ($88 in chips)
Seat 3: laapin ($135.14 in chips)
LifeisagameX: posts small blind $1
laapin: posts big blind $3
*** HOLE CARDS ***
LifeisagameX: raises $3 to $6
laapin: calls $3
*** FLOP *** [Ks Td 5s]
laapin: checks
LifeisagameX: checks
*** TURN *** [Ks Td 5s] [Ts]
laapin: checks
LifeisagameX: bets $6
laapin: folds
Uncalled bet ($6) returned to LifeisagameX
LifeisagameX collected $11.76 from pot
LifeisagameX: doesn't show hand
*** SUMMARY ***
Total pot $12 | Rake $0.24
Board [Ks Td 5s Ts]
Seat 1: LifeisagameX (button) (small blind) collected ($11.76)
Seat 3: laapin (big blind) folded on the Turn


PokerStars Hand #166430887857:  Hold'em Limit ($3/$6 USD) - 2017/02/18 23:24:11 ET
Table 'Tarka' 6-max Seat #3 is the button
Seat 1: LifeisagameX ($101.02 in chips)
Seat 3: laapin ($120.64 in chips)
laapin: posts small blind $1
LifeisagameX: posts big blind $3
*** HOLE CARDS ***
laapin: folds
Uncalled bet ($2) returned to LifeisagameX
LifeisagameX collected $2 from pot
LifeisagameX: doesn't show hand
*** SUMMARY ***
Total pot $2 | Rake $0
Seat 1: LifeisagameX (big blind) collected ($2)
Seat 3: laapin (button) (small blind) folded before Flop


PokerStars Hand #166430883991:  Hold'em Limit ($3/$6 USD) - 2017/02/18 23:23:59 ET
Table 'Tarka' 6-max Seat #1 is the button
Seat 1: LifeisagameX ($95.26 in chips)
Seat 3: laapin ($126.64 in chips)
LifeisagameX: posts small blind $1
laapin: posts big blind $3
*** HOLE CARDS ***
LifeisagameX: raises $3 to $6
laapin: calls $3
*** FLOP *** [7c 9s Ah]
laapin: checks
LifeisagameX: bets $3
laapin: folds
Uncalled bet ($3) returned to LifeisagameX
LifeisagameX collected $11.76 from pot
LifeisagameX: doesn't show hand
*** SUMMARY ***
Total pot $12 | Rake $0.24
Board [7c 9s Ah]
Seat 1: LifeisagameX (button) (small blind) collected ($11.76)
Seat 3: laapin (big blind) folded on the Flop


PokerStars Hand #166430876552:  Hold'em Limit ($3/$6 USD) - 2017/02/18 23:23:36 ET
Table 'Tarka' 6-max Seat #3 is the button
Seat 1: LifeisagameX ($110.26 in chips)
Seat 3: laapin ($112.14 in chips)
laapin: posts small blind $1
LifeisagameX: posts big blind $3
*** HOLE CARDS ***
laapin: raises $3 to $6
LifeisagameX: calls $3
*** FLOP *** [4d Kd Jh]
LifeisagameX: checks
laapin: bets $3
LifeisagameX: calls $3
*** TURN *** [4d Kd Jh] [3d]
LifeisagameX: checks
laapin: bets $6
LifeisagameX: calls $6
*** RIVER *** [4d Kd Jh 3d] [Kh]
LifeisagameX: checks
laapin: checks
*** SHOW DOWN ***
LifeisagameX: shows [Ac 7d] (a pair of Kings)
laapin: shows [6h 3h] (two pair, Kings and Threes)
laapin collected $29.50 from pot
*** SUMMARY ***
Total pot $30 | Rake $0.50
Board [4d Kd Jh 3d Kh]
Seat 1: LifeisagameX (big blind) showed [Ac 7d] and lost with a pair of Kings
Seat 3: laapin (button) (small blind) showed [6h 3h] and won ($29.50) with two pair, Kings and Threes


PokerStars Hand #166430874590:  Hold'em Limit ($3/$6 USD) - 2017/02/18 23:23:30 ET
Table 'Tarka' 6-max Seat #1 is the button
Seat 1: LifeisagameX ($111.26 in chips)
Seat 3: laapin ($111.14 in chips)
LifeisagameX: posts small blind $1
laapin: posts big blind $3
*** HOLE CARDS ***
LifeisagameX: folds
Uncalled bet ($2) returned to laapin
laapin collected $2 from pot
laapin: doesn't show hand
*** SUMMARY ***
Total pot $2 | Rake $0
Seat 1: LifeisagameX (button) (small blind) folded before Flop
Seat 3: laapin (big blind) collected ($2)


PokerStars Hand #166430866757:  Hold'em Limit ($3/$6 USD) - 2017/02/18 23:23:06 ET
Table 'Tarka' 6-max Seat #3 is the button
Seat 1: LifeisagameX ($93.76 in chips)
Seat 3: laapin ($129.14 in chips)
laapin: posts small blind $1
LifeisagameX: posts big blind $3
*** HOLE CARDS ***
laapin: raises $3 to $6
LifeisagameX: calls $3
*** FLOP *** [7h Tc As]
LifeisagameX: checks
laapin: bets $3
LifeisagameX: raises $3 to $6
laapin: calls $3
*** TURN *** [7h Tc As] [3h]
LifeisagameX: bets $6
laapin: calls $6
*** RIVER *** [7h Tc As 3h] [4c]
LifeisagameX: bets $6
laapin: folds
Uncalled bet ($6) returned to LifeisagameX
LifeisagameX collected $35.50 from pot
LifeisagameX: doesn't show hand
*** SUMMARY ***
Total pot $36 | Rake $0.50
Board [7h Tc As 3h 4c]
Seat 1: LifeisagameX (big blind) collected ($35.50)
Seat 3: laapin (button) (small blind) folded on the River


PokerStars Hand #166430896067:  Hold'em Limit ($3/$6 USD) - 2017/02/18 23:24:36 ET
Table 'Tarka' 6-max Seat #3 is the button
Seat 1: LifeisagameX ($116.52 in chips)
Seat 3: laapin ($104.64 in chips)
laapin: posts small blind $1
LifeisagameX: posts big blind $3
*** HOLE CARDS ***
laapin: raises $3 to $6
LifeisagameX: raises $3 to $9
laapin: calls $3
*** FLOP *** [6d Ks Kd]
LifeisagameX: bets $3
laapin: folds
Uncalled bet ($3) returned to LifeisagameX
LifeisagameX collected $17.64 from pot
LifeisagameX: doesn't show hand
*** SUMMARY ***
Total pot $18 | Rake $0.36
Board [6d Ks Kd]
Seat 1: LifeisagameX (big blind) collected ($17.64)
Seat 3: laapin (button) (small blind) folded on the Flop


PokerStars Hand #166430900088:  Hold'em Limit ($3/$6 USD) - 2017/02/18 23:24:48 ET
Table 'Tarka' 6-max Seat #1 is the button
Seat 1: LifeisagameX ($125.16 in chips)
Seat 3: laapin ($95.64 in chips)
LifeisagameX: posts small blind $1
laapin: posts big blind $3
*** HOLE CARDS ***
LifeisagameX: raises $3 to $6
laapin: calls $3
*** FLOP *** [5d Ad 3d]
laapin: checks
LifeisagameX: bets $3
laapin: calls $3
*** TURN *** [5d Ad 3d] [Kc]
laapin: checks
LifeisagameX: bets $6
laapin: folds
Uncalled bet ($6) returned to LifeisagameX
LifeisagameX collected $17.64 from pot
LifeisagameX: doesn't show hand
*** SUMMARY ***
Total pot $18 | Rake $0.36
Board [5d Ad 3d Kc]
Seat 1: LifeisagameX (button) (small blind) collected ($17.64)
Seat 3: laapin (big blind) folded on the Turn


PokerStars Hand #166430889351:  Hold'em Limit ($3/$6 USD) - 2017/02/18 23:24:15 ET
Table 'Tarka' 6-max Seat #1 is the button
Seat 1: LifeisagameX ($102.02 in chips)
Seat 3: laapin ($119.64 in chips)
LifeisagameX: posts small blind $1
laapin: posts big blind $3
*** HOLE CARDS ***
LifeisagameX: raises $3 to $6
laapin: calls $3
*** FLOP *** [Ad 5s 5c]
laapin: checks
LifeisagameX: bets $3
laapin: calls $3
*** TURN *** [Ad 5s 5c] [Kc]
laapin: checks
LifeisagameX: checks
*** RIVER *** [Ad 5s 5c Kc] [6d]
laapin: bets $6
LifeisagameX: calls $6
*** SHOW DOWN ***
laapin: shows [7s Tc] (a pair of Fives)
LifeisagameX: shows [Qh Kh] (two pair, Kings and Fives)
LifeisagameX collected $29.50 from pot
*** SUMMARY ***
Total pot $30 | Rake $0.50
Board [Ad 5s 5c Kc 6d]
Seat 1: LifeisagameX (button) (small blind) showed [Qh Kh] and won ($29.50) with two pair, Kings and Fives
Seat 3: laapin (big blind) showed [7s Tc] and lost with a pair of Fives


PokerStars Hand #166430905577:  Hold'em Limit ($3/$6 USD) - 2017/02/18 23:25:05 ET
Table 'Tarka' 6-max Seat #3 is the button
Seat 1: LifeisagameX ($133.80 in chips)
Seat 3: laapin ($86.64 in chips)
laapin: posts small blind $1
LifeisagameX: posts big blind $3
*** HOLE CARDS ***
laapin: raises $3 to $6
LifeisagameX: raises $3 to $9
laapin: raises $3 to $12
Betting is capped
LifeisagameX: calls $3
*** FLOP *** [Ad 4h 3c]
LifeisagameX: checks
laapin: checks
*** TURN *** [Ad 4h 3c] [9c]
LifeisagameX: checks
laapin: bets $6
LifeisagameX: calls $6
*** RIVER *** [Ad 4h 3c 9c] [Qd]
LifeisagameX: checks
laapin: bets $6
LifeisagameX: calls $6
*** SHOW DOWN ***
laapin: shows [Kc Ah] (a pair of Aces)
LifeisagameX: mucks hand
laapin collected $47.50 from pot
*** SUMMARY ***
Total pot $48 | Rake $0.50
Board [Ad 4h 3c 9c Qd]
Seat 1: LifeisagameX (big blind) mucked
Seat 3: laapin (button) (small blind) showed [Kc Ah] and won ($47.50) with a pair of Aces


PokerStars Hand #166430917176:  Hold'em Limit ($3/$6 USD) - 2017/02/18 23:25:41 ET
Table 'Tarka' 6-max Seat #3 is the button
Seat 1: LifeisagameX ($115.56 in chips)
Seat 3: laapin ($104.14 in chips)
laapin: posts small blind $1
LifeisagameX: posts big blind $3
*** HOLE CARDS ***
laapin: folds
Uncalled bet ($2) returned to LifeisagameX
LifeisagameX collected $2 from pot
LifeisagameX: doesn't show hand
*** SUMMARY ***
Total pot $2 | Rake $0
Seat 1: LifeisagameX (big blind) collected ($2)
Seat 3: laapin (button) (small blind) folded before Flop


PokerStars Hand #166430912418:  Hold'em Limit ($3/$6 USD) - 2017/02/18 23:25:26 ET
Table 'Tarka' 6-max Seat #1 is the button
Seat 1: LifeisagameX ($109.80 in chips)
Seat 3: laapin ($110.14 in chips)
LifeisagameX: posts small blind $1
laapin: posts big blind $3
*** HOLE CARDS ***
LifeisagameX: raises $3 to $6
laapin: calls $3
*** FLOP *** [Qh Td Kd]
laapin: checks
LifeisagameX: bets $3
laapin: folds
Uncalled bet ($3) returned to LifeisagameX
LifeisagameX collected $11.76 from pot
LifeisagameX: doesn't show hand
*** SUMMARY ***
Total pot $12 | Rake $0.24
Board [Qh Td Kd]
Seat 1: LifeisagameX (button) (small blind) collected ($11.76)
Seat 3: laapin (big blind) folded on the Flop


PokerStars Hand #166430931220:  Hold'em Limit ($3/$6 USD) - 2017/02/18 23:26:25 ET
Table 'Tarka' 6-max Seat #3 is the button
Seat 1: LifeisagameX ($107.56 in chips)
Seat 3: laapin ($111.78 in chips)
laapin: posts small blind $1
LifeisagameX: posts big blind $3
*** HOLE CARDS ***
laapin: raises $3 to $6
LifeisagameX: calls $3
*** FLOP *** [5c Qc Kd]
LifeisagameX: checks
laapin: bets $3
LifeisagameX: calls $3
*** TURN *** [5c Qc Kd] [Ah]
LifeisagameX: checks
laapin: checks
*** RIVER *** [5c Qc Kd Ah] [3s]
LifeisagameX: checks
laapin: checks
*** SHOW DOWN ***
LifeisagameX: shows [5d 9h] (a pair of Fives)
laapin: mucks hand
LifeisagameX collected $17.64 from pot
*** SUMMARY ***
Total pot $18 | Rake $0.36
Board [5c Qc Kd Ah 3s]
Seat 1: LifeisagameX (big blind) showed [5d 9h] and won ($17.64) with a pair of Fives
Seat 3: laapin (button) (small blind) mucked


PokerStars Hand #166430918764:  Hold'em Limit ($3/$6 USD) - 2017/02/18 23:25:46 ET
Table 'Tarka' 6-max Seat #1 is the button
Seat 1: LifeisagameX ($116.56 in chips)
Seat 3: laapin ($103.14 in chips)
LifeisagameX: posts small blind $1
laapin: posts big blind $3
*** HOLE CARDS ***
LifeisagameX: raises $3 to $6
laapin: calls $3
*** FLOP *** [6d Kd Jc]
laapin: checks
LifeisagameX: bets $3
laapin: raises $3 to $6
LifeisagameX: folds
Uncalled bet ($3) returned to laapin
laapin collected $17.64 from pot
laapin: doesn't show hand
*** SUMMARY ***
Total pot $18 | Rake $0.36
Board [6d Kd Jc]
Seat 1: LifeisagameX (button) (small blind) folded on the Flop
Seat 3: laapin (big blind) collected ($17.64)


PokerStars Hand #166430953603:  Hold'em Limit ($3/$6 USD) - 2017/02/18 23:27:34 ET
Table 'Tarka' 6-max Seat #1 is the button
Seat 1: LifeisagameX ($125.84 in chips)
Seat 3: laapin ($92.78 in chips)
LifeisagameX: posts small blind $1
laapin: posts big blind $3
*** HOLE CARDS ***
LifeisagameX: raises $3 to $6
laapin: calls $3
*** FLOP *** [5h 3s 8s]
laapin: checks
LifeisagameX: bets $3
laapin: calls $3
*** TURN *** [5h 3s 8s] [Ts]
laapin: bets $6
LifeisagameX: calls $6
*** RIVER *** [5h 3s 8s Ts] [9h]
laapin: checks
LifeisagameX: bets $6
laapin: folds
Uncalled bet ($6) returned to LifeisagameX
LifeisagameX collected $29.50 from pot
LifeisagameX: doesn't show hand
*** SUMMARY ***
Total pot $30 | Rake $0.50
Board [5h 3s 8s Ts 9h]
Seat 1: LifeisagameX (button) (small blind) collected ($29.50)
Seat 3: laapin (big blind) folded on the River


PokerStars Hand #166430951945:  Hold'em Limit ($3/$6 USD) - 2017/02/18 23:27:29 ET
Table 'Tarka' 6-max Seat #3 is the button
Seat 1: LifeisagameX ($124.84 in chips)
Seat 3: laapin ($93.78 in chips)
laapin: posts small blind $1
LifeisagameX: posts big blind $3
*** HOLE CARDS ***
laapin: folds
Uncalled bet ($2) returned to LifeisagameX
LifeisagameX collected $2 from pot
LifeisagameX: doesn't show hand
*** SUMMARY ***
Total pot $2 | Rake $0
Seat 1: LifeisagameX (big blind) collected ($2)
Seat 3: laapin (button) (small blind) folded before Flop


PokerStars Hand #166430942982:  Hold'em Limit ($3/$6 USD) - 2017/02/18 23:27:01 ET
Table 'Tarka' 6-max Seat #1 is the button
Seat 1: LifeisagameX ($116.20 in chips)
Seat 3: laapin ($102.78 in chips)
LifeisagameX: posts small blind $1
laapin: posts big blind $3
*** HOLE CARDS ***
LifeisagameX: raises $3 to $6
laapin: calls $3
*** FLOP *** [8d 2s 9d]
laapin: checks
LifeisagameX: bets $3
laapin: calls $3
*** TURN *** [8d 2s 9d] [Qh]
laapin: checks
LifeisagameX: bets $6
laapin: folds
Uncalled bet ($6) returned to LifeisagameX
LifeisagameX collected $17.64 from pot
LifeisagameX: doesn't show hand
*** SUMMARY ***
Total pot $18 | Rake $0.36
Board [8d 2s 9d Qh]
Seat 1: LifeisagameX (button) (small blind) collected ($17.64)
Seat 3: laapin (big blind) folded on the Turn


PokerStars Hand #166430966746:  Hold'em Limit ($3/$6 USD) - 2017/02/18 23:28:15 ET
Table 'Tarka' 6-max Seat #3 is the button
Seat 1: LifeisagameX ($140.34 in chips)
Seat 3: laapin ($77.78 in chips)
laapin: posts small blind $1
LifeisagameX: posts big blind $3
*** HOLE CARDS ***
laapin: raises $3 to $6
LifeisagameX: calls $3
*** FLOP *** [8d 4c Js]
LifeisagameX: checks
laapin: bets $3
LifeisagameX: calls $3
*** TURN *** [8d 4c Js] [4d]
LifeisagameX: checks
laapin: bets $6
LifeisagameX: folds
Uncalled bet ($6) returned to laapin
laapin collected $17.64 from pot
laapin: doesn't show hand
*** SUMMARY ***
Total pot $18 | Rake $0.36
Board [8d 4c Js 4d]
Seat 1: LifeisagameX (big blind) folded on the Turn
Seat 3: laapin (button) (small blind) collected ($17.64)


PokerStars Hand #166430990042:  Hold'em Limit ($3/$6 USD) - 2017/02/18 23:29:29 ET
Table 'Tarka' 6-max Seat #3 is the button
Seat 1: LifeisagameX ($122.34 in chips)
Seat 3: laapin ($95.06 in chips)
laapin: posts small blind $1
LifeisagameX: posts big blind $3
*** HOLE CARDS ***
laapin: raises $3 to $6
LifeisagameX: calls $3
*** FLOP *** [Qc 4d Ah]
LifeisagameX: checks
laapin: bets $3
LifeisagameX: folds
Uncalled bet ($3) returned to laapin
laapin collected $11.76 from pot
laapin: doesn't show hand
*** SUMMARY ***
Total pot $12 | Rake $0.24
Board [Qc 4d Ah]
Seat 1: LifeisagameX (big blind) folded on the Flop
Seat 3: laapin (button) (small blind) collected ($11.76)


PokerStars Hand #166430979284:  Hold'em Limit ($3/$6 USD) - 2017/02/18 23:28:54 ET
Table 'Tarka' 6-max Seat #1 is the button
Seat 1: LifeisagameX ($131.34 in chips)
Seat 3: laapin ($86.42 in chips)
LifeisagameX: posts small blind $1
laapin: posts big blind $3
*** HOLE CARDS ***
LifeisagameX: raises $3 to $6
laapin: calls $3
*** FLOP *** [Qh 9d Ad]
laapin: checks
LifeisagameX: bets $3
laapin: calls $3
*** TURN *** [Qh 9d Ad] [7d]
laapin: checks
LifeisagameX: checks
*** RIVER *** [Qh 9d Ad 7d] [Js]
laapin: checks
gabsaid joins the table at seat #2
LifeisagameX: checks
*** SHOW DOWN ***
laapin: shows [6c Ac] (a pair of Aces)
LifeisagameX: mucks hand
laapin collected $17.64 from pot
*** SUMMARY ***
Total pot $18 | Rake $0.36
Board [Qh 9d Ad 7d Js]
Seat 1: LifeisagameX (button) (small blind) mucked
Seat 3: laapin (big blind) showed [6c Ac] and won ($17.64) with a pair of Aces


PokerStars Hand #166431010827:  Hold'em Limit ($3/$6 USD) - 2017/02/18 23:30:33 ET
Table 'Tarka' 6-max Seat #3 is the button
Seat 2: gabsaid ($70.23 in chips)
Seat 3: laapin ($112.34 in chips)
laapin: posts small blind $1
gabsaid: posts big blind $3
*** HOLE CARDS ***
laapin: raises $3 to $6
gabsaid: calls $3
*** FLOP *** [Ad 6s As]
gabsaid: checks
laapin: bets $3
gabsaid: folds
Uncalled bet ($3) returned to laapin
laapin collected $11.76 from pot
laapin: doesn't show hand
*** SUMMARY ***
Total pot $12 | Rake $0.24
Board [Ad 6s As]
Seat 2: gabsaid (big blind) folded on the Flop
Seat 3: laapin (button) (small blind) collected ($11.76)


PokerStars Hand #166431006200:  Hold'em Limit ($3/$6 USD) - 2017/02/18 23:30:19 ET
Table 'Tarka' 6-max Seat #2 is the button
Seat 2: gabsaid ($82.23 in chips)
Seat 3: laapin ($100.82 in chips)
gabsaid: posts small blind $1
laapin: posts big blind $3
*** HOLE CARDS ***
gabsaid: raises $3 to $6
laapin: raises $3 to $9
gabsaid: calls $3
*** FLOP *** [6h 5s Jc]
laapin: bets $3
gabsaid: calls $3
*** TURN *** [6h 5s Jc] [Jd]
LifeisagameX leaves the table
laapin: bets $6
gabsaid: folds
Uncalled bet ($6) returned to laapin
laapin collected $23.52 from pot
laapin: doesn't show hand
*** SUMMARY ***
Total pot $24 | Rake $0.48
Board [6h 5s Jc Jd]
Seat 2: gabsaid (button) (small blind) folded on the Turn
Seat 3: laapin (big blind) collected ($23.52)


PokerStars Hand #166431019512:  Hold'em Limit ($3/$6 USD) - 2017/02/18 23:31:00 ET
Table 'Tarka' 6-max Seat #3 is the button
Seat 2: gabsaid ($72.87 in chips)
Seat 3: laapin ($109.10 in chips)
laapin: posts small blind $1
gabsaid: posts big blind $3
*** HOLE CARDS ***
laapin: folds
Uncalled bet ($2) returned to gabsaid
gabsaid collected $2 from pot
gabsaid: doesn't show hand
*** SUMMARY ***
Total pot $2 | Rake $0
Seat 2: gabsaid (big blind) collected ($2)
Seat 3: laapin (button) (small blind) folded before Flop


PokerStars Hand #166431013793:  Hold'em Limit ($3/$6 USD) - 2017/02/18 23:30:42 ET
Table 'Tarka' 6-max Seat #2 is the button
Seat 2: gabsaid ($64.23 in chips)
Seat 3: laapin ($118.10 in chips)
gabsaid: posts small blind $1
laapin: posts big blind $3
*** HOLE CARDS ***
gabsaid: calls $2
laapin: checks
*** FLOP *** [8d 5s As]
laapin: checks
gabsaid: checks
*** TURN *** [8d 5s As] [3s]
laapin: checks
gabsaid: checks
*** RIVER *** [8d 5s As 3s] [7d]
laapin: checks
gabsaid: bets $6
laapin: calls $6
*** SHOW DOWN ***
gabsaid: shows [4d 6c] (a straight, Four to Eight)
laapin: mucks hand
gabsaid collected $17.64 from pot
*** SUMMARY ***
Total pot $18 | Rake $0.36
Board [8d 5s As 3s 7d]
Seat 2: gabsaid (button) (small blind) showed [4d 6c] and won ($17.64) with a straight, Four to Eight
Seat 3: laapin (big blind) mucked


PokerStars Hand #166431021188:  Hold'em Limit ($3/$6 USD) - 2017/02/18 23:31:06 ET
Table 'Tarka' 6-max Seat #2 is the button
Seat 2: gabsaid ($73.87 in chips)
Seat 3: laapin ($108.10 in chips)
gabsaid: posts small blind $1
laapin: posts big blind $3
*** HOLE CARDS ***
gabsaid: raises $3 to $6
laapin: raises $3 to $9
gabsaid: calls $3
*** FLOP *** [3s 5h 2d]
laapin: bets $3
gabsaid: calls $3
*** TURN *** [3s 5h 2d] [6s]
laapin: checks
gabsaid: checks
*** RIVER *** [3s 5h 2d 6s] [3h]
laapin: checks
gabsaid: checks
*** SHOW DOWN ***
laapin: shows [Ah Qh] (a pair of Threes)
gabsaid: mucks hand
laapin collected $23.52 from pot
*** SUMMARY ***
Total pot $24 | Rake $0.48
Board [3s 5h 2d 6s 3h]
Seat 2: gabsaid (button) (small blind) mucked
Seat 3: laapin (big blind) showed [Ah Qh] and won ($23.52) with a pair of Threes


PokerStars Hand #166431027236:  Hold'em Limit ($3/$6 USD) - 2017/02/18 23:31:25 ET
Table 'Tarka' 6-max Seat #3 is the button
Seat 2: gabsaid ($61.87 in chips)
Seat 3: laapin ($119.62 in chips)
laapin: posts small blind $1
gabsaid: posts big blind $3
*** HOLE CARDS ***
laapin: folds
Uncalled bet ($2) returned to gabsaid
gabsaid collected $2 from pot
gabsaid: doesn't show hand
*** SUMMARY ***
Total pot $2 | Rake $0
Seat 2: gabsaid (big blind) collected ($2)
Seat 3: laapin (button) (small blind) folded before Flop


PokerStars Hand #166431035375:  Hold'em Limit ($3/$6 USD) - 2017/02/18 23:31:50 ET
Table 'Tarka' 6-max Seat #3 is the button
Seat 2: gabsaid ($83.37 in chips)
Seat 3: laapin ($97.62 in chips)
laapin: posts small blind $1
gabsaid: posts big blind $3
*** HOLE CARDS ***
laapin: raises $3 to $6
gabsaid: calls $3
*** FLOP *** [Qd Jh 5d]
gabsaid: checks
laapin: bets $3
gabsaid: calls $3
*** TURN *** [Qd Jh 5d] [7s]
gabsaid: checks
laapin: bets $6
gabsaid: raises $6 to $12
laapin: folds
Uncalled bet ($6) returned to gabsaid
gabsaid collected $29.50 from pot
gabsaid: doesn't show hand
*** SUMMARY ***
Total pot $30 | Rake $0.50
Board [Qd Jh 5d 7s]
Seat 2: gabsaid (big blind) collected ($29.50)
Seat 3: laapin (button) (small blind) folded on the Turn


PokerStars Hand #166431028733:  Hold'em Limit ($3/$6 USD) - 2017/02/18 23:31:29 ET
Table 'Tarka' 6-max Seat #2 is the button
Seat 2: gabsaid ($62.87 in chips)
Seat 3: laapin ($118.62 in chips)
gabsaid: posts small blind $1
laapin: posts big blind $3
*** HOLE CARDS ***
gabsaid: raises $3 to $6
laapin: calls $3
*** FLOP *** [Ts Kc Qs]
laapin: checks
gabsaid: bets $3
laapin: calls $3
*** TURN *** [Ts Kc Qs] [5d]
laapin: checks
gabsaid: bets $6
laapin: raises $6 to $12
gabsaid: calls $6
*** RIVER *** [Ts Kc Qs 5d] [Ah]
laapin: checks
gabsaid: checks
*** SHOW DOWN ***
laapin: shows [Ks 7s] (a pair of Kings)
gabsaid: shows [9h Ac] (a pair of Aces)
gabsaid collected $41.50 from pot
*** SUMMARY ***
Total pot $42 | Rake $0.50
Board [Ts Kc Qs 5d Ah]
Seat 2: gabsaid (button) (small blind) showed [9h Ac] and won ($41.50) with a pair of Aces
Seat 3: laapin (big blind) showed [Ks 7s] and lost with a pair of Kings


PokerStars Hand #166431055060:  Hold'em Limit ($3/$6 USD) - 2017/02/18 23:32:52 ET
Table 'Tarka' 6-max Seat #2 is the button
Seat 2: gabsaid ($81.87 in chips)
Seat 3: laapin ($98.12 in chips)
gabsaid: posts small blind $1
laapin: posts big blind $3
*** HOLE CARDS ***
gabsaid: folds
Uncalled bet ($2) returned to laapin
laapin collected $2 from pot
laapin: doesn't show hand
gabsaid leaves the table
*** SUMMARY ***
Total pot $2 | Rake $0
Seat 2: gabsaid (button) (small blind) folded before Flop
Seat 3: laapin (big blind) collected ($2)


PokerStars Hand #166431045229:  Hold'em Limit ($3/$6 USD) - 2017/02/18 23:32:21 ET
Table 'Tarka' 6-max Seat #3 is the button
Seat 2: gabsaid ($96.87 in chips)
Seat 3: laapin ($83.62 in chips)
laapin: posts small blind $1
gabsaid: posts big blind $3
*** HOLE CARDS ***
laapin: raises $3 to $6
gabsaid: calls $3
*** FLOP *** [4c Ts Kd]
gabsaid: checks
laapin: bets $3
gabsaid: calls $3
*** TURN *** [4c Ts Kd] [2d]
gabsaid: checks
laapin: bets $6
gabsaid: calls $6
*** RIVER *** [4c Ts Kd 2d] [4d]
gabsaid: checks
laapin: bets $6
gabsaid: folds
Uncalled bet ($6) returned to laapin
laapin collected $29.50 from pot
laapin: doesn't show hand
*** SUMMARY ***
Total pot $30 | Rake $0.50
Board [4c Ts Kd 2d 4d]
Seat 2: gabsaid (big blind) folded on the River
Seat 3: laapin (button) (small blind) collected ($29.50)


PokerStars Hand #166431043441:  Hold'em Limit ($3/$6 USD) - 2017/02/18 23:32:16 ET
Table 'Tarka' 6-max Seat #2 is the button
Seat 2: gabsaid ($97.87 in chips)
Seat 3: laapin ($82.62 in chips)
gabsaid: posts small blind $1
laapin: posts big blind $3
*** HOLE CARDS ***
gabsaid: folds
Uncalled bet ($2) returned to laapin
laapin collected $2 from pot
laapin: doesn't show hand
*** SUMMARY ***
Total pot $2 | Rake $0
Seat 2: gabsaid (button) (small blind) folded before Flop
Seat 3: laapin (big blind) collected ($2)


