PokerStars Hand #161996440132:  Hold'em Limit ($3/$6 USD) - 2016/11/26 13:11:10 ET
Table 'Tarka' 6-max Seat #1 is the button
Seat 1: assitoni ($95.50 in chips)
Seat 6: BlinkBak ($6 in chips)
assitoni: posts small blind $1
BlinkBak: posts big blind $3
*** HOLE CARDS ***
assitoni: raises $3 to $6
BlinkBak: calls $3 and is all-in
*** FLOP *** [3c Js 2d]
*** TURN *** [3c Js 2d] [Jc]
*** RIVER *** [3c Js 2d Jc] [Jh]
*** SHOW DOWN ***
BlinkBak: shows [6d 5h] (three of a kind, Jacks)
assitoni: shows [9s 6c] (three of a kind, Jacks - Nine kicker)
assitoni collected $11.76 from pot
*** SUMMARY ***
Total pot $12 | Rake $0.24
Board [3c Js 2d Jc Jh]
Seat 1: assitoni (button) (small blind) showed [9s 6c] and won ($11.76) with three of a kind, Jacks
Seat 6: BlinkBak (big blind) showed [6d 5h] and lost with three of a kind, Jacks


PokerStars Hand #161996399431:  Hold'em Limit ($3/$6 USD) - 2016/11/26 13:10:27 ET
Table 'Tarka' 6-max Seat #6 is the button
Seat 1: assitoni ($72 in chips)
Seat 6: BlinkBak ($30 in chips)
BlinkBak: posts small blind $1
assitoni: posts big blind $3
*** HOLE CARDS ***
BlinkBak: calls $2
assitoni: raises $3 to $6
BlinkBak: calls $3
*** FLOP *** [5s 9s 8c]
assitoni: bets $3
BlinkBak: raises $3 to $6
assitoni: raises $3 to $9
BlinkBak: raises $3 to $12
Betting is capped
assitoni: calls $3
*** TURN *** [5s 9s 8c] [4s]
assitoni: checks
BlinkBak: bets $6
assitoni: calls $6
*** RIVER *** [5s 9s 8c 4s] [Th]
assitoni: checks
BlinkBak: checks
*** SHOW DOWN ***
assitoni: shows [9d Ts] (two pair, Tens and Nines)
BlinkBak: mucks hand
assitoni collected $47.50 from pot
*** SUMMARY ***
Total pot $48 | Rake $0.50
Board [5s 9s 8c 4s Th]
Seat 1: assitoni (big blind) showed [9d Ts] and won ($47.50) with two pair, Tens and Nines
Seat 6: BlinkBak (button) (small blind) mucked


PokerStars Hand #161997593729:  Hold'em Limit ($3/$6 USD) - 2016/11/26 13:31:42 ET
Table 'Tarka' 6-max Seat #6 is the button
Seat 3: Yuppy13 ($151 in chips)
Seat 6: LifeisagameX ($60 in chips)
LifeisagameX: posts small blind $1
Yuppy13: posts big blind $3
*** HOLE CARDS ***
LifeisagameX: raises $3 to $6
Yuppy13: calls $3
*** FLOP *** [9s Td 3c]
Yuppy13: checks
LifeisagameX: checks
*** TURN *** [9s Td 3c] [Qc]
ToDaFelt joins the table at seat #4
StormToTo joins the table at seat #2
Yuppy13: checks
LifeisagameX: bets $6
Mr_Producer7 joins the table at seat #1
Yuppy13: folds
Uncalled bet ($6) returned to LifeisagameX
LifeisagameX collected $11.76 from pot
LifeisagameX: doesn't show hand
*** SUMMARY ***
Total pot $12 | Rake $0.24
Board [9s Td 3c Qc]
Seat 3: Yuppy13 (big blind) folded on the Turn
Seat 6: LifeisagameX (button) (small blind) collected ($11.76)


PokerStars Hand #162002981204:  Hold'em Limit ($3/$6 USD) - 2016/11/26 15:11:32 ET
Table 'Tarka' 6-max Seat #4 is the button
Seat 2: kolaz03 ($92.83 in chips)
Seat 4: ToDaFelt ($159.51 in chips)
ToDaFelt: posts small blind $1
Mr_Producer7: is sitting out
kolaz03: posts big blind $3
*** HOLE CARDS ***
Mr_Producer7 leaves the table
ToDaFelt: raises $3 to $6
kolaz03: folds
Uncalled bet ($3) returned to ToDaFelt
ToDaFelt collected $6 from pot
ToDaFelt: doesn't show hand
*** SUMMARY ***
Total pot $6 | Rake $0
Seat 2: kolaz03 (big blind) folded before Flop
Seat 4: ToDaFelt (button) (small blind) collected ($6)


