PokerStars Hand #145119920488:  Hold'em Limit ($3/$6 USD) - 2015/12/10 8:55:28 ET
Table 'Tarka III' 2-max Seat #1 is the button
Seat 1: RAFAELO_440 ($128.84 in chips)
Seat 2: BuzovaPro ($77.76 in chips)
RAFAELO_440: posts small blind $1
BuzovaPro: posts big blind $3
*** HOLE CARDS ***
RAFAELO_440: folds
Uncalled bet ($2) returned to BuzovaPro
BuzovaPro collected $2 from pot
BuzovaPro: doesn't show hand
*** SUMMARY ***
Total pot $2 | Rake $0
Seat 1: RAFAELO_440 (button) (small blind) folded before Flop
Seat 2: BuzovaPro (big blind) collected ($2)


PokerStars Hand #145119891721:  Hold'em Limit ($3/$6 USD) - 2015/12/10 8:54:39 ET
Table 'Tarka III' 2-max Seat #1 is the button
Seat 1: RAFAELO_440 ($102.84 in chips)
Seat 2: BuzovaPro ($94.92 in chips)
RAFAELO_440: posts small blind $1
BuzovaPro: posts big blind $3
*** HOLE CARDS ***
RAFAELO_440: raises $3 to $6
BuzovaPro: calls $3
*** FLOP *** [Qc 2d 9s]
BuzovaPro: checks
RAFAELO_440: checks
*** TURN *** [Qc 2d 9s] [Kc]
BuzovaPro: checks
RAFAELO_440: bets $6
BuzovaPro: raises $6 to $12
RAFAELO_440: calls $6
*** RIVER *** [Qc 2d 9s Kc] [3s]
BuzovaPro: checks
RAFAELO_440: checks
*** SHOW DOWN ***
BuzovaPro: shows [7c 5h] (high card King)
RAFAELO_440: shows [8c Jc] (high card King - Queen+Jack kicker)
RAFAELO_440 collected $35.50 from pot
*** SUMMARY ***
Total pot $36 | Rake $0.50
Board [Qc 2d 9s Kc 3s]
Seat 1: RAFAELO_440 (button) (small blind) showed [8c Jc] and won ($35.50) with high card King
Seat 2: BuzovaPro (big blind) showed [7c 5h] and lost with high card King


PokerStars Hand #145119902096:  Hold'em Limit ($3/$6 USD) - 2015/12/10 8:54:56 ET
Table 'Tarka III' 2-max Seat #2 is the button
Seat 1: RAFAELO_440 ($120.34 in chips)
Seat 2: BuzovaPro ($76.92 in chips)
BuzovaPro: posts small blind $1
RAFAELO_440: posts big blind $3
*** HOLE CARDS ***
BuzovaPro: raises $3 to $6
RAFAELO_440: folds
Uncalled bet ($3) returned to BuzovaPro
BuzovaPro collected $6 from pot
BuzovaPro: doesn't show hand
*** SUMMARY ***
Total pot $6 | Rake $0
Seat 1: RAFAELO_440 (big blind) folded before Flop
Seat 2: BuzovaPro (button) (small blind) collected ($6)


PokerStars Hand #145119905488:  Hold'em Limit ($3/$6 USD) - 2015/12/10 8:55:01 ET
Table 'Tarka III' 2-max Seat #1 is the button
Seat 1: RAFAELO_440 ($117.34 in chips)
Seat 2: BuzovaPro ($79.92 in chips)
RAFAELO_440: posts small blind $1
BuzovaPro: posts big blind $3
*** HOLE CARDS ***
RAFAELO_440: raises $3 to $6
BuzovaPro: calls $3
*** FLOP *** [Kc 2s 4s]
BuzovaPro: checks
RAFAELO_440: checks
*** TURN *** [Kc 2s 4s] [3s]
BuzovaPro: checks
RAFAELO_440: bets $6
BuzovaPro: calls $6
*** RIVER *** [Kc 2s 4s 3s] [Ts]
BuzovaPro: bets $6
RAFAELO_440: calls $6
*** SHOW DOWN ***
BuzovaPro: shows [9h 7s] (a flush, Ten high)
RAFAELO_440: shows [Ks Jh] (a flush, King high)
RAFAELO_440 collected $35.50 from pot
*** SUMMARY ***
Total pot $36 | Rake $0.50
Board [Kc 2s 4s 3s Ts]
Seat 1: RAFAELO_440 (button) (small blind) showed [Ks Jh] and won ($35.50) with a flush, King high
Seat 2: BuzovaPro (big blind) showed [9h 7s] and lost with a flush, Ten high


PokerStars Hand #145119915747:  Hold'em Limit ($3/$6 USD) - 2015/12/10 8:55:19 ET
Table 'Tarka III' 2-max Seat #2 is the button
Seat 1: RAFAELO_440 ($134.84 in chips)
Seat 2: BuzovaPro ($72 in chips)
BuzovaPro: posts small blind $1
RAFAELO_440: posts big blind $3
*** HOLE CARDS ***
BuzovaPro: raises $3 to $6
RAFAELO_440: calls $3
*** FLOP *** [7h 9d 2h]
RAFAELO_440: checks
BuzovaPro: bets $3
RAFAELO_440: folds
Uncalled bet ($3) returned to BuzovaPro
BuzovaPro collected $11.76 from pot
BuzovaPro: doesn't show hand
*** SUMMARY ***
Total pot $12 | Rake $0.24
Board [7h 9d 2h]
Seat 1: RAFAELO_440 (big blind) folded on the Flop
Seat 2: BuzovaPro (button) (small blind) collected ($11.76)


PokerStars Hand #145119933586:  Hold'em Limit ($3/$6 USD) - 2015/12/10 8:55:53 ET
Table 'Tarka III' 2-max Seat #2 is the button
Seat 1: RAFAELO_440 ($130.59 in chips)
Seat 2: BuzovaPro ($75.51 in chips)
BuzovaPro: posts small blind $1
RAFAELO_440: posts big blind $3
*** HOLE CARDS ***
BuzovaPro: folds
Uncalled bet ($2) returned to RAFAELO_440
RAFAELO_440 collected $2 from pot
RAFAELO_440: doesn't show hand
*** SUMMARY ***
Total pot $2 | Rake $0
Seat 1: RAFAELO_440 (big blind) collected ($2)
Seat 2: BuzovaPro (button) (small blind) folded before Flop


PokerStars Hand #145119930443:  Hold'em Limit ($3/$6 USD) - 2015/12/10 8:55:47 ET
Table 'Tarka III' 2-max Seat #1 is the button
Seat 1: RAFAELO_440 ($127.59 in chips)
Seat 2: BuzovaPro ($78.51 in chips)
RAFAELO_440: posts small blind $1
BuzovaPro: posts big blind $3
*** HOLE CARDS ***
RAFAELO_440: raises $3 to $6
BuzovaPro: folds
Uncalled bet ($3) returned to RAFAELO_440
RAFAELO_440 collected $6 from pot
RAFAELO_440: doesn't show hand
*** SUMMARY ***
Total pot $6 | Rake $0
Seat 1: RAFAELO_440 (button) (small blind) collected ($6)
Seat 2: BuzovaPro (big blind) folded before Flop


PokerStars Hand #145119936094:  Hold'em Limit ($3/$6 USD) - 2015/12/10 8:55:57 ET
Table 'Tarka III' 2-max Seat #1 is the button
Seat 1: RAFAELO_440 ($131.59 in chips)
Seat 2: BuzovaPro ($74.51 in chips)
RAFAELO_440: posts small blind $1
BuzovaPro: posts big blind $3
*** HOLE CARDS ***
RAFAELO_440: folds
Uncalled bet ($2) returned to BuzovaPro
BuzovaPro collected $2 from pot
BuzovaPro: doesn't show hand
*** SUMMARY ***
Total pot $2 | Rake $0
Seat 1: RAFAELO_440 (button) (small blind) folded before Flop
Seat 2: BuzovaPro (big blind) collected ($2)


PokerStars Hand #145119938292:  Hold'em Limit ($3/$6 USD) - 2015/12/10 8:56:01 ET
Table 'Tarka III' 2-max Seat #2 is the button
Seat 1: RAFAELO_440 ($130.59 in chips)
Seat 2: BuzovaPro ($75.51 in chips)
BuzovaPro: posts small blind $1
RAFAELO_440: posts big blind $3
*** HOLE CARDS ***
BuzovaPro: raises $3 to $6
RAFAELO_440: calls $3
*** FLOP *** [Qh Qc 3d]
RAFAELO_440: checks
BuzovaPro: bets $3
RAFAELO_440: folds
Uncalled bet ($3) returned to BuzovaPro
BuzovaPro collected $11.76 from pot
BuzovaPro: doesn't show hand
*** SUMMARY ***
Total pot $12 | Rake $0.24
Board [Qh Qc 3d]
Seat 1: RAFAELO_440 (big blind) folded on the Flop
Seat 2: BuzovaPro (button) (small blind) collected ($11.76)


PokerStars Hand #145119943141:  Hold'em Limit ($3/$6 USD) - 2015/12/10 8:56:11 ET
Table 'Tarka III' 2-max Seat #1 is the button
Seat 1: RAFAELO_440 ($124.59 in chips)
Seat 2: BuzovaPro ($81.27 in chips)
RAFAELO_440: posts small blind $1
BuzovaPro: posts big blind $3
*** HOLE CARDS ***
RAFAELO_440: raises $3 to $6
BuzovaPro: calls $3
*** FLOP *** [Ts 9h 3h]
BuzovaPro: checks
RAFAELO_440: checks
*** TURN *** [Ts 9h 3h] [3s]
BuzovaPro: checks
RAFAELO_440: bets $6
BuzovaPro: folds
Uncalled bet ($6) returned to RAFAELO_440
RAFAELO_440 collected $11.76 from pot
RAFAELO_440: doesn't show hand
*** SUMMARY ***
Total pot $12 | Rake $0.24
Board [Ts 9h 3h 3s]
Seat 1: RAFAELO_440 (button) (small blind) collected ($11.76)
Seat 2: BuzovaPro (big blind) folded on the Turn


PokerStars Hand #145119949550:  Hold'em Limit ($3/$6 USD) - 2015/12/10 8:56:23 ET
Table 'Tarka III' 2-max Seat #2 is the button
Seat 1: RAFAELO_440 ($130.35 in chips)
Seat 2: BuzovaPro ($75.27 in chips)
BuzovaPro: posts small blind $1
RAFAELO_440: posts big blind $3
*** HOLE CARDS ***
BuzovaPro: raises $3 to $6
RAFAELO_440: calls $3
*** FLOP *** [4h 9h 3h]
RAFAELO_440: checks
BuzovaPro: checks
*** TURN *** [4h 9h 3h] [7c]
RAFAELO_440: checks
BuzovaPro: checks
*** RIVER *** [4h 9h 3h 7c] [Tc]
RAFAELO_440: checks
BuzovaPro: checks
*** SHOW DOWN ***
RAFAELO_440: shows [4s Qh] (a pair of Fours)
BuzovaPro: mucks hand
RAFAELO_440 collected $11.76 from pot
*** SUMMARY ***
Total pot $12 | Rake $0.24
Board [4h 9h 3h 7c Tc]
Seat 1: RAFAELO_440 (big blind) showed [4s Qh] and won ($11.76) with a pair of Fours
Seat 2: BuzovaPro (button) (small blind) mucked


PokerStars Hand #145119922688:  Hold'em Limit ($3/$6 USD) - 2015/12/10 8:55:32 ET
Table 'Tarka III' 2-max Seat #2 is the button
Seat 1: RAFAELO_440 ($127.84 in chips)
Seat 2: BuzovaPro ($78.76 in chips)
BuzovaPro: posts small blind $1
RAFAELO_440: posts big blind $3
*** HOLE CARDS ***
BuzovaPro: raises $3 to $6
RAFAELO_440: calls $3
*** FLOP *** [Tc 7s 8h]
RAFAELO_440: checks
BuzovaPro: checks
*** TURN *** [Tc 7s 8h] [7c]
RAFAELO_440: bets $6
BuzovaPro: calls $6
*** RIVER *** [Tc 7s 8h 7c] [9s]
RAFAELO_440: checks
BuzovaPro: bets $6
RAFAELO_440: calls $6
*** SHOW DOWN ***
BuzovaPro: shows [6s Qd] (a straight, Six to Ten)
RAFAELO_440: shows [Th 6h] (a straight, Six to Ten)
RAFAELO_440 collected $17.75 from pot
BuzovaPro collected $17.75 from pot
*** SUMMARY ***
Total pot $36 | Rake $0.50
Board [Tc 7s 8h 7c 9s]
Seat 1: RAFAELO_440 (big blind) showed [Th 6h] and won ($17.75) with a straight, Six to Ten
Seat 2: BuzovaPro (button) (small blind) showed [6s Qd] and won ($17.75) with a straight, Six to Ten


PokerStars Hand #145119955975:  Hold'em Limit ($3/$6 USD) - 2015/12/10 8:56:35 ET
Table 'Tarka III' 2-max Seat #1 is the button
Seat 1: RAFAELO_440 ($136.11 in chips)
Seat 2: BuzovaPro ($72 in chips)
RAFAELO_440: posts small blind $1
BuzovaPro: posts big blind $3
*** HOLE CARDS ***
RAFAELO_440: raises $3 to $6
BuzovaPro: calls $3
*** FLOP *** [8c Qc Ts]
BuzovaPro: checks
RAFAELO_440: bets $3
BuzovaPro: calls $3
*** TURN *** [8c Qc Ts] [3c]
BuzovaPro: checks
RAFAELO_440: checks
*** RIVER *** [8c Qc Ts 3c] [7h]
BuzovaPro: checks
RAFAELO_440: bets $6
BuzovaPro: folds
Uncalled bet ($6) returned to RAFAELO_440
RAFAELO_440 collected $17.64 from pot
RAFAELO_440: doesn't show hand
*** SUMMARY ***
Total pot $18 | Rake $0.36
Board [8c Qc Ts 3c 7h]
Seat 1: RAFAELO_440 (button) (small blind) collected ($17.64)
Seat 2: BuzovaPro (big blind) folded on the River


PokerStars Hand #145119974872:  Hold'em Limit ($3/$6 USD) - 2015/12/10 8:57:10 ET
Table 'Tarka III' 2-max Seat #1 is the button
Seat 1: RAFAELO_440 ($129.75 in chips)
Seat 2: BuzovaPro ($86.50 in chips)
RAFAELO_440: posts small blind $1
BuzovaPro: posts big blind $3
*** HOLE CARDS ***
RAFAELO_440: raises $3 to $6
BuzovaPro: raises $3 to $9
RAFAELO_440: calls $3
*** FLOP *** [6s Qd 6d]
BuzovaPro: bets $3
RAFAELO_440: folds
Uncalled bet ($3) returned to BuzovaPro
BuzovaPro collected $17.64 from pot
BuzovaPro: doesn't show hand
*** SUMMARY ***
Total pot $18 | Rake $0.36
Board [6s Qd 6d]
Seat 1: RAFAELO_440 (button) (small blind) folded on the Flop
Seat 2: BuzovaPro (big blind) collected ($17.64)


PokerStars Hand #145119966306:  Hold'em Limit ($3/$6 USD) - 2015/12/10 8:56:54 ET
Table 'Tarka III' 2-max Seat #2 is the button
Seat 1: RAFAELO_440 ($144.75 in chips)
Seat 2: BuzovaPro ($72 in chips)
BuzovaPro: posts small blind $1
RAFAELO_440: posts big blind $3
*** HOLE CARDS ***
BuzovaPro: raises $3 to $6
RAFAELO_440: calls $3
*** FLOP *** [Qc 9s 7c]
RAFAELO_440: checks
BuzovaPro: bets $3
RAFAELO_440: calls $3
*** TURN *** [Qc 9s 7c] [Kd]
RAFAELO_440: checks
BuzovaPro: bets $6
RAFAELO_440: calls $6
*** RIVER *** [Qc 9s 7c Kd] [5c]
RAFAELO_440: checks
BuzovaPro: bets $6
RAFAELO_440: folds
Uncalled bet ($6) returned to BuzovaPro
BuzovaPro collected $29.50 from pot
BuzovaPro: doesn't show hand
*** SUMMARY ***
Total pot $30 | Rake $0.50
Board [Qc 9s 7c Kd 5c]
Seat 1: RAFAELO_440 (big blind) folded on the River
Seat 2: BuzovaPro (button) (small blind) collected ($29.50)


PokerStars Hand #145119979346:  Hold'em Limit ($3/$6 USD) - 2015/12/10 8:57:19 ET
Table 'Tarka III' 2-max Seat #2 is the button
Seat 1: RAFAELO_440 ($120.75 in chips)
Seat 2: BuzovaPro ($95.14 in chips)
BuzovaPro: posts small blind $1
RAFAELO_440: posts big blind $3
*** HOLE CARDS ***
BuzovaPro: raises $3 to $6
RAFAELO_440: raises $3 to $9
BuzovaPro: calls $3
*** FLOP *** [6d Qd Qs]
RAFAELO_440: bets $3
BuzovaPro: calls $3
*** TURN *** [6d Qd Qs] [8d]
RAFAELO_440: bets $6
BuzovaPro: folds
Uncalled bet ($6) returned to RAFAELO_440
RAFAELO_440 collected $23.52 from pot
RAFAELO_440: doesn't show hand
*** SUMMARY ***
Total pot $24 | Rake $0.48
Board [6d Qd Qs 8d]
Seat 1: RAFAELO_440 (big blind) collected ($23.52)
Seat 2: BuzovaPro (button) (small blind) folded on the Turn


PokerStars Hand #145119988646:  Hold'em Limit ($3/$6 USD) - 2015/12/10 8:57:36 ET
Table 'Tarka III' 2-max Seat #1 is the button
Seat 1: RAFAELO_440 ($132.27 in chips)
Seat 2: BuzovaPro ($83.14 in chips)
RAFAELO_440: posts small blind $1
BuzovaPro: posts big blind $3
*** HOLE CARDS ***
RAFAELO_440: raises $3 to $6
BuzovaPro: raises $3 to $9
RAFAELO_440: calls $3
*** FLOP *** [Td Qd Tc]
BuzovaPro: bets $3
RAFAELO_440: calls $3
*** TURN *** [Td Qd Tc] [Qs]
BuzovaPro: bets $6
RAFAELO_440: calls $6
*** RIVER *** [Td Qd Tc Qs] [5s]
BuzovaPro: bets $6
RAFAELO_440: raises $6 to $12
BuzovaPro: folds
Uncalled bet ($6) returned to RAFAELO_440
RAFAELO_440 collected $47.50 from pot
RAFAELO_440: doesn't show hand
*** SUMMARY ***
Total pot $48 | Rake $0.50
Board [Td Qd Tc Qs 5s]
Seat 1: RAFAELO_440 (button) (small blind) collected ($47.50)
Seat 2: BuzovaPro (big blind) folded on the River


PokerStars Hand #145119997994:  Hold'em Limit ($3/$6 USD) - 2015/12/10 8:57:54 ET
Table 'Tarka III' 2-max Seat #2 is the button
Seat 1: RAFAELO_440 ($155.77 in chips)
Seat 2: BuzovaPro ($72 in chips)
BuzovaPro: posts small blind $1
RAFAELO_440: posts big blind $3
*** HOLE CARDS ***
BuzovaPro: raises $3 to $6
RAFAELO_440: calls $3
*** FLOP *** [3h Jd 3d]
RAFAELO_440: checks
BuzovaPro: bets $3
RAFAELO_440: calls $3
*** TURN *** [3h Jd 3d] [Th]
RAFAELO_440: checks
BuzovaPro: bets $6
RAFAELO_440: calls $6
*** RIVER *** [3h Jd 3d Th] [As]
RAFAELO_440: checks
BuzovaPro: checks
*** SHOW DOWN ***
RAFAELO_440: shows [Qh Ah] (two pair, Aces and Threes)
BuzovaPro: mucks hand
RAFAELO_440 collected $29.50 from pot
*** SUMMARY ***
Total pot $30 | Rake $0.50
Board [3h Jd 3d Th As]
Seat 1: RAFAELO_440 (big blind) showed [Qh Ah] and won ($29.50) with two pair, Aces and Threes
Seat 2: BuzovaPro (button) (small blind) mucked


PokerStars Hand #145120007026:  Hold'em Limit ($3/$6 USD) - 2015/12/10 8:58:11 ET
Table 'Tarka III' 2-max Seat #1 is the button
Seat 1: RAFAELO_440 ($170.27 in chips)
Seat 2: BuzovaPro ($72 in chips)
RAFAELO_440: posts small blind $1
BuzovaPro: posts big blind $3
*** HOLE CARDS ***
RAFAELO_440: raises $3 to $6
BuzovaPro: calls $3
*** FLOP *** [6d 6c 5h]
BuzovaPro: checks
RAFAELO_440: bets $3
BuzovaPro: calls $3
*** TURN *** [6d 6c 5h] [Ac]
BuzovaPro: bets $6
RAFAELO_440: calls $6
*** RIVER *** [6d 6c 5h Ac] [7h]
BuzovaPro: bets $6
RAFAELO_440: calls $6
*** SHOW DOWN ***
BuzovaPro: shows [3c 2c] (a pair of Sixes)
RAFAELO_440: shows [Kc Ks] (two pair, Kings and Sixes)
RAFAELO_440 collected $41.50 from pot
*** SUMMARY ***
Total pot $42 | Rake $0.50
Board [6d 6c 5h Ac 7h]
Seat 1: RAFAELO_440 (button) (small blind) showed [Kc Ks] and won ($41.50) with two pair, Kings and Sixes
Seat 2: BuzovaPro (big blind) showed [3c 2c] and lost with a pair of Sixes


PokerStars Hand #145120014824:  Hold'em Limit ($3/$6 USD) - 2015/12/10 8:58:25 ET
Table 'Tarka III' 2-max Seat #2 is the button
Seat 1: RAFAELO_440 ($190.77 in chips)
Seat 2: BuzovaPro ($72 in chips)
BuzovaPro: posts small blind $1
RAFAELO_440: posts big blind $3
*** HOLE CARDS ***
BuzovaPro: raises $3 to $6
RAFAELO_440: calls $3
*** FLOP *** [6s Kc 7h]
RAFAELO_440: checks
BuzovaPro: bets $3
RAFAELO_440: folds
Uncalled bet ($3) returned to BuzovaPro
BuzovaPro collected $11.76 from pot
BuzovaPro: doesn't show hand
*** SUMMARY ***
Total pot $12 | Rake $0.24
Board [6s Kc 7h]
Seat 1: RAFAELO_440 (big blind) folded on the Flop
Seat 2: BuzovaPro (button) (small blind) collected ($11.76)


PokerStars Hand #145120025875:  Hold'em Limit ($3/$6 USD) - 2015/12/10 8:58:45 ET
Table 'Tarka III' 2-max Seat #2 is the button
Seat 1: RAFAELO_440 ($183.77 in chips)
Seat 2: BuzovaPro ($78.76 in chips)
BuzovaPro: posts small blind $1
RAFAELO_440: posts big blind $3
*** HOLE CARDS ***
BuzovaPro: raises $3 to $6
RAFAELO_440: raises $3 to $9
BuzovaPro: calls $3
*** FLOP *** [Tc 9s 7s]
RAFAELO_440: bets $3
BuzovaPro: calls $3
*** TURN *** [Tc 9s 7s] [Ad]
RAFAELO_440: bets $6
BuzovaPro: calls $6
*** RIVER *** [Tc 9s 7s Ad] [5c]
RAFAELO_440: bets $6
BuzovaPro: raises $6 to $12
RAFAELO_440: calls $6
*** SHOW DOWN ***
BuzovaPro: shows [3h Kd] (high card Ace)
RAFAELO_440: shows [Kh As] (a pair of Aces)
RAFAELO_440 collected $59.50 from pot
*** SUMMARY ***
Total pot $60 | Rake $0.50
Board [Tc 9s 7s Ad 5c]
Seat 1: RAFAELO_440 (big blind) showed [Kh As] and won ($59.50) with a pair of Aces
Seat 2: BuzovaPro (button) (small blind) showed [3h Kd] and lost with high card Ace


PokerStars Hand #145120033575:  Hold'em Limit ($3/$6 USD) - 2015/12/10 8:59:00 ET
Table 'Tarka III' 2-max Seat #1 is the button
Seat 1: RAFAELO_440 ($213.27 in chips)
Seat 2: BuzovaPro ($72 in chips)
RAFAELO_440: posts small blind $1
BuzovaPro: posts big blind $3
*** HOLE CARDS ***
RAFAELO_440: raises $3 to $6
BuzovaPro: raises $3 to $9
RAFAELO_440: calls $3
*** FLOP *** [2h Tc 3s]
BuzovaPro: bets $3
RAFAELO_440: calls $3
*** TURN *** [2h Tc 3s] [5s]
BuzovaPro: checks
RAFAELO_440: checks
*** RIVER *** [2h Tc 3s 5s] [8d]
BuzovaPro: checks
RAFAELO_440: checks
*** SHOW DOWN ***
BuzovaPro: shows [Jd Qc] (high card Queen)
RAFAELO_440: shows [4s 5d] (a pair of Fives)
RAFAELO_440 collected $23.52 from pot
*** SUMMARY ***
Total pot $24 | Rake $0.48
Board [2h Tc 3s 5s 8d]
Seat 1: RAFAELO_440 (button) (small blind) showed [4s 5d] and won ($23.52) with a pair of Fives
Seat 2: BuzovaPro (big blind) showed [Jd Qc] and lost with high card Queen


PokerStars Hand #145120041398:  Hold'em Limit ($3/$6 USD) - 2015/12/10 8:59:14 ET
Table 'Tarka III' 2-max Seat #2 is the button
Seat 1: RAFAELO_440 ($224.79 in chips)
Seat 2: BuzovaPro ($72 in chips)
BuzovaPro: posts small blind $1
RAFAELO_440: posts big blind $3
*** HOLE CARDS ***
BuzovaPro: raises $3 to $6
RAFAELO_440: calls $3
*** FLOP *** [2c Jh Qd]
RAFAELO_440: checks
BuzovaPro: checks
*** TURN *** [2c Jh Qd] [Qs]
RAFAELO_440: checks
BuzovaPro: bets $6
RAFAELO_440: folds
Uncalled bet ($6) returned to BuzovaPro
BuzovaPro collected $11.76 from pot
BuzovaPro: doesn't show hand
*** SUMMARY ***
Total pot $12 | Rake $0.24
Board [2c Jh Qd Qs]
Seat 1: RAFAELO_440 (big blind) folded on the Turn
Seat 2: BuzovaPro (button) (small blind) collected ($11.76)


PokerStars Hand #145120047274:  Hold'em Limit ($3/$6 USD) - 2015/12/10 8:59:25 ET
Table 'Tarka III' 2-max Seat #1 is the button
Seat 1: RAFAELO_440 ($218.79 in chips)
Seat 2: BuzovaPro ($77.76 in chips)
RAFAELO_440: posts small blind $1
BuzovaPro: posts big blind $3
*** HOLE CARDS ***
RAFAELO_440: raises $3 to $6
BuzovaPro: raises $3 to $9
RAFAELO_440: calls $3
*** FLOP *** [Tc Js 2c]
BuzovaPro: bets $3
RAFAELO_440: calls $3
*** TURN *** [Tc Js 2c] [3h]
BuzovaPro: checks
RAFAELO_440: checks
*** RIVER *** [Tc Js 2c 3h] [6d]
BuzovaPro: checks
RAFAELO_440: checks
*** SHOW DOWN ***
BuzovaPro: shows [Ac Ts] (a pair of Tens)
RAFAELO_440: mucks hand
BuzovaPro collected $23.52 from pot
*** SUMMARY ***
Total pot $24 | Rake $0.48
Board [Tc Js 2c 3h 6d]
Seat 1: RAFAELO_440 (button) (small blind) mucked
Seat 2: BuzovaPro (big blind) showed [Ac Ts] and won ($23.52) with a pair of Tens


PokerStars Hand #145120019834:  Hold'em Limit ($3/$6 USD) - 2015/12/10 8:58:34 ET
Table 'Tarka III' 2-max Seat #1 is the button
Seat 1: RAFAELO_440 ($184.77 in chips)
Seat 2: BuzovaPro ($77.76 in chips)
RAFAELO_440: posts small blind $1
BuzovaPro: posts big blind $3
*** HOLE CARDS ***
RAFAELO_440: folds
Uncalled bet ($2) returned to BuzovaPro
BuzovaPro collected $2 from pot
BuzovaPro: doesn't show hand
*** SUMMARY ***
Total pot $2 | Rake $0
Seat 1: RAFAELO_440 (button) (small blind) folded before Flop
Seat 2: BuzovaPro (big blind) collected ($2)


PokerStars Hand #145120058151:  Hold'em Limit ($3/$6 USD) - 2015/12/10 8:59:46 ET
Table 'Tarka III' 2-max Seat #1 is the button
Seat 1: RAFAELO_440 ($203.79 in chips)
Seat 2: BuzovaPro ($92.28 in chips)
RAFAELO_440: posts small blind $1
BuzovaPro: posts big blind $3
*** HOLE CARDS ***
RAFAELO_440: raises $3 to $6
BuzovaPro: folds
Uncalled bet ($3) returned to RAFAELO_440
RAFAELO_440 collected $6 from pot
RAFAELO_440: doesn't show hand
*** SUMMARY ***
Total pot $6 | Rake $0
Seat 1: RAFAELO_440 (button) (small blind) collected ($6)
Seat 2: BuzovaPro (big blind) folded before Flop


PokerStars Hand #145120068665:  Hold'em Limit ($3/$6 USD) - 2015/12/10 9:00:05 ET
Table 'Tarka III' 2-max Seat #1 is the button
Seat 1: RAFAELO_440 ($191.79 in chips)
Seat 2: BuzovaPro ($103.78 in chips)
RAFAELO_440: posts small blind $1
BuzovaPro: posts big blind $3
*** HOLE CARDS ***
RAFAELO_440: raises $3 to $6
BuzovaPro: folds
Uncalled bet ($3) returned to RAFAELO_440
RAFAELO_440 collected $6 from pot
RAFAELO_440: doesn't show hand
*** SUMMARY ***
Total pot $6 | Rake $0
Seat 1: RAFAELO_440 (button) (small blind) collected ($6)
Seat 2: BuzovaPro (big blind) folded before Flop


PokerStars Hand #145120060969:  Hold'em Limit ($3/$6 USD) - 2015/12/10 8:59:51 ET
Table 'Tarka III' 2-max Seat #2 is the button
Seat 1: RAFAELO_440 ($206.79 in chips)
Seat 2: BuzovaPro ($89.28 in chips)
BuzovaPro: posts small blind $1
RAFAELO_440: posts big blind $3
*** HOLE CARDS ***
BuzovaPro: raises $3 to $6
RAFAELO_440: calls $3
*** FLOP *** [4c 3d Ad]
RAFAELO_440: checks
BuzovaPro: bets $3
RAFAELO_440: calls $3
*** TURN *** [4c 3d Ad] [Ac]
RAFAELO_440: checks
BuzovaPro: bets $6
RAFAELO_440: calls $6
*** RIVER *** [4c 3d Ad Ac] [Ks]
RAFAELO_440: checks
BuzovaPro: checks
*** SHOW DOWN ***
RAFAELO_440: shows [9d 6d] (a pair of Aces)
BuzovaPro: shows [2h Qd] (a pair of Aces - King+Queen kicker)
BuzovaPro collected $29.50 from pot
*** SUMMARY ***
Total pot $30 | Rake $0.50
Board [4c 3d Ad Ac Ks]
Seat 1: RAFAELO_440 (big blind) showed [9d 6d] and lost with a pair of Aces
Seat 2: BuzovaPro (button) (small blind) showed [2h Qd] and won ($29.50) with a pair of Aces


PokerStars Hand #145120072394:  Hold'em Limit ($3/$6 USD) - 2015/12/10 9:00:10 ET
Table 'Tarka III' 2-max Seat #2 is the button
Seat 1: RAFAELO_440 ($194.79 in chips)
Seat 2: BuzovaPro ($100.78 in chips)
BuzovaPro: posts small blind $1
RAFAELO_440: posts big blind $3
*** HOLE CARDS ***
BuzovaPro: raises $3 to $6
RAFAELO_440: calls $3
*** FLOP *** [2s 9c Qd]
RAFAELO_440: checks
BuzovaPro: bets $3
RAFAELO_440: calls $3
*** TURN *** [2s 9c Qd] [Js]
RAFAELO_440: checks
BuzovaPro: bets $6
RAFAELO_440: calls $6
*** RIVER *** [2s 9c Qd Js] [Tc]
RAFAELO_440: checks
BuzovaPro: checks
*** SHOW DOWN ***
RAFAELO_440: shows [8d Jc] (a straight, Eight to Queen)
BuzovaPro: mucks hand
RAFAELO_440 collected $29.50 from pot
*** SUMMARY ***
Total pot $30 | Rake $0.50
Board [2s 9c Qd Js Tc]
Seat 1: RAFAELO_440 (big blind) showed [8d Jc] and won ($29.50) with a straight, Eight to Queen
Seat 2: BuzovaPro (button) (small blind) mucked


PokerStars Hand #145120079803:  Hold'em Limit ($3/$6 USD) - 2015/12/10 9:00:22 ET
Table 'Tarka III' 2-max Seat #1 is the button
Seat 1: RAFAELO_440 ($209.29 in chips)
Seat 2: BuzovaPro ($85.78 in chips)
RAFAELO_440: posts small blind $1
BuzovaPro: posts big blind $3
*** HOLE CARDS ***
RAFAELO_440: calls $2
BuzovaPro: checks
*** FLOP *** [Ts 2s 2c]
BuzovaPro: bets $3
RAFAELO_440: folds
Uncalled bet ($3) returned to BuzovaPro
BuzovaPro collected $5.88 from pot
BuzovaPro: doesn't show hand
*** SUMMARY ***
Total pot $6 | Rake $0.12
Board [Ts 2s 2c]
Seat 1: RAFAELO_440 (button) (small blind) folded on the Flop
Seat 2: BuzovaPro (big blind) collected ($5.88)


PokerStars Hand #145120055416:  Hold'em Limit ($3/$6 USD) - 2015/12/10 8:59:41 ET
Table 'Tarka III' 2-max Seat #2 is the button
Seat 1: RAFAELO_440 ($206.79 in chips)
Seat 2: BuzovaPro ($89.28 in chips)
BuzovaPro: posts small blind $1
RAFAELO_440: posts big blind $3
*** HOLE CARDS ***
BuzovaPro: raises $3 to $6
RAFAELO_440: folds
Uncalled bet ($3) returned to BuzovaPro
BuzovaPro collected $6 from pot
BuzovaPro: doesn't show hand
*** SUMMARY ***
Total pot $6 | Rake $0
Seat 1: RAFAELO_440 (big blind) folded before Flop
Seat 2: BuzovaPro (button) (small blind) collected ($6)


PokerStars Hand #145120092924:  Hold'em Limit ($3/$6 USD) - 2015/12/10 9:00:46 ET
Table 'Tarka III' 2-max Seat #1 is the button
Seat 1: RAFAELO_440 ($232.79 in chips)
Seat 2: BuzovaPro ($72 in chips)
RAFAELO_440: posts small blind $1
BuzovaPro: posts big blind $3
*** HOLE CARDS ***
RAFAELO_440: calls $2
BuzovaPro: raises $3 to $6
RAFAELO_440: calls $3
*** FLOP *** [Th 2c 4h]
BuzovaPro: bets $3
RAFAELO_440: calls $3
*** TURN *** [Th 2c 4h] [7h]
BuzovaPro: bets $6
RAFAELO_440: calls $6
*** RIVER *** [Th 2c 4h 7h] [9d]
BuzovaPro: bets $6
RAFAELO_440: calls $6
*** SHOW DOWN ***
BuzovaPro: shows [2h 8d] (a pair of Deuces)
RAFAELO_440: shows [9h Ks] (a pair of Nines)
RAFAELO_440 collected $41.50 from pot
*** SUMMARY ***
Total pot $42 | Rake $0.50
Board [Th 2c 4h 7h 9d]
Seat 1: RAFAELO_440 (button) (small blind) showed [9h Ks] and won ($41.50) with a pair of Nines
Seat 2: BuzovaPro (big blind) showed [2h 8d] and lost with a pair of Deuces


PokerStars Hand #145120101372:  Hold'em Limit ($3/$6 USD) - 2015/12/10 9:01:00 ET
Table 'Tarka III' 2-max Seat #2 is the button
Seat 1: RAFAELO_440 ($253.29 in chips)
Seat 2: BuzovaPro ($72 in chips)
BuzovaPro: posts small blind $1
RAFAELO_440: posts big blind $3
*** HOLE CARDS ***
BuzovaPro: folds
Uncalled bet ($2) returned to RAFAELO_440
RAFAELO_440 collected $2 from pot
RAFAELO_440: doesn't show hand
*** SUMMARY ***
Total pot $2 | Rake $0
Seat 1: RAFAELO_440 (big blind) collected ($2)
Seat 2: BuzovaPro (button) (small blind) folded before Flop


PokerStars Hand #145120104454:  Hold'em Limit ($3/$6 USD) - 2015/12/10 9:01:05 ET
Table 'Tarka III' 2-max Seat #1 is the button
Seat 1: RAFAELO_440 ($254.29 in chips)
Seat 2: BuzovaPro ($72 in chips)
RAFAELO_440: posts small blind $1
BuzovaPro: posts big blind $3
*** HOLE CARDS ***
RAFAELO_440: raises $3 to $6
BuzovaPro: calls $3
*** FLOP *** [2d Jh 4s]
BuzovaPro: bets $3
RAFAELO_440: calls $3
*** TURN *** [2d Jh 4s] [7h]
BuzovaPro: bets $6
RAFAELO_440: calls $6
*** RIVER *** [2d Jh 4s 7h] [9c]
BuzovaPro: bets $6
RAFAELO_440: folds
Uncalled bet ($6) returned to BuzovaPro
BuzovaPro collected $29.50 from pot
BuzovaPro: doesn't show hand
*** SUMMARY ***
Total pot $30 | Rake $0.50
Board [2d Jh 4s 7h 9c]
Seat 1: RAFAELO_440 (button) (small blind) folded on the River
Seat 2: BuzovaPro (big blind) collected ($29.50)


PokerStars Hand #145120112935:  Hold'em Limit ($3/$6 USD) - 2015/12/10 9:01:19 ET
Table 'Tarka III' 2-max Seat #2 is the button
Seat 1: RAFAELO_440 ($239.29 in chips)
Seat 2: BuzovaPro ($86.50 in chips)
BuzovaPro: posts small blind $1
RAFAELO_440: posts big blind $3
*** HOLE CARDS ***
BuzovaPro: raises $3 to $6
RAFAELO_440: calls $3
*** FLOP *** [Kh 9s Tc]
RAFAELO_440: checks
BuzovaPro: bets $3
RAFAELO_440: calls $3
*** TURN *** [Kh 9s Tc] [3d]
RAFAELO_440: checks
BuzovaPro: bets $6
RAFAELO_440: calls $6
*** RIVER *** [Kh 9s Tc 3d] [5c]
RAFAELO_440: checks
BuzovaPro: checks
*** SHOW DOWN ***
RAFAELO_440: shows [As Qh] (high card Ace)
BuzovaPro: shows [Jh 3h] (a pair of Threes)
BuzovaPro collected $29.50 from pot
*** SUMMARY ***
Total pot $30 | Rake $0.50
Board [Kh 9s Tc 3d 5c]
Seat 1: RAFAELO_440 (big blind) showed [As Qh] and lost with high card Ace
Seat 2: BuzovaPro (button) (small blind) showed [Jh 3h] and won ($29.50) with a pair of Threes


PokerStars Hand #145120084929:  Hold'em Limit ($3/$6 USD) - 2015/12/10 9:00:32 ET
Table 'Tarka III' 2-max Seat #2 is the button
Seat 1: RAFAELO_440 ($206.29 in chips)
Seat 2: BuzovaPro ($88.66 in chips)
BuzovaPro: posts small blind $1
RAFAELO_440: posts big blind $3
*** HOLE CARDS ***
BuzovaPro: raises $3 to $6
RAFAELO_440: calls $3
*** FLOP *** [6c 3c 4c]
RAFAELO_440: checks
BuzovaPro: bets $3
RAFAELO_440: calls $3
*** TURN *** [6c 3c 4c] [Kd]
RAFAELO_440: checks
BuzovaPro: bets $6
RAFAELO_440: raises $6 to $12
BuzovaPro: calls $6
*** RIVER *** [6c 3c 4c Kd] [6h]
RAFAELO_440: bets $6
BuzovaPro: calls $6
*** SHOW DOWN ***
RAFAELO_440: shows [Ks 6s] (a full house, Sixes full of Kings)
BuzovaPro: mucks hand
RAFAELO_440 collected $53.50 from pot
*** SUMMARY ***
Total pot $54 | Rake $0.50
Board [6c 3c 4c Kd 6h]
Seat 1: RAFAELO_440 (big blind) showed [Ks 6s] and won ($53.50) with a full house, Sixes full of Kings
Seat 2: BuzovaPro (button) (small blind) mucked


PokerStars Hand #145120131881:  Hold'em Limit ($3/$6 USD) - 2015/12/10 9:01:49 ET
Table 'Tarka III' 2-max Seat #1 is the button
Seat 1: RAFAELO_440 ($209.29 in chips)
Seat 2: BuzovaPro ($115.52 in chips)
RAFAELO_440: posts small blind $1
BuzovaPro: posts big blind $3
*** HOLE CARDS ***
RAFAELO_440: raises $3 to $6
BuzovaPro: calls $3
*** FLOP *** [Jc 9s 6c]
BuzovaPro: checks
RAFAELO_440: bets $3
BuzovaPro: folds
Uncalled bet ($3) returned to RAFAELO_440
RAFAELO_440 collected $11.76 from pot
RAFAELO_440: doesn't show hand
*** SUMMARY ***
Total pot $12 | Rake $0.24
Board [Jc 9s 6c]
Seat 1: RAFAELO_440 (button) (small blind) collected ($11.76)
Seat 2: BuzovaPro (big blind) folded on the Flop


PokerStars Hand #145120138000:  Hold'em Limit ($3/$6 USD) - 2015/12/10 9:01:59 ET
Table 'Tarka III' 2-max Seat #2 is the button
Seat 1: RAFAELO_440 ($215.05 in chips)
Seat 2: BuzovaPro ($109.52 in chips)
BuzovaPro: posts small blind $1
RAFAELO_440: posts big blind $3
*** HOLE CARDS ***
BuzovaPro: raises $3 to $6
RAFAELO_440: folds
Uncalled bet ($3) returned to BuzovaPro
BuzovaPro collected $6 from pot
BuzovaPro: doesn't show hand
*** SUMMARY ***
Total pot $6 | Rake $0
Seat 1: RAFAELO_440 (big blind) folded before Flop
Seat 2: BuzovaPro (button) (small blind) collected ($6)


PokerStars Hand #145120140943:  Hold'em Limit ($3/$6 USD) - 2015/12/10 9:02:04 ET
Table 'Tarka III' 2-max Seat #1 is the button
Seat 1: RAFAELO_440 ($212.05 in chips)
Seat 2: BuzovaPro ($112.52 in chips)
RAFAELO_440: posts small blind $1
BuzovaPro: posts big blind $3
*** HOLE CARDS ***
RAFAELO_440: raises $3 to $6
BuzovaPro: raises $3 to $9
RAFAELO_440: calls $3
*** FLOP *** [Qs 5s 7h]
BuzovaPro: bets $3
RAFAELO_440: calls $3
*** TURN *** [Qs 5s 7h] [Jd]
BuzovaPro: bets $6
RAFAELO_440: raises $6 to $12
BuzovaPro: calls $6
*** RIVER *** [Qs 5s 7h Jd] [Jh]
BuzovaPro: checks
RAFAELO_440: bets $6
BuzovaPro: calls $6
*** SHOW DOWN ***
RAFAELO_440: shows [Js 8s] (three of a kind, Jacks)
BuzovaPro: mucks hand
RAFAELO_440 collected $59.50 from pot
*** SUMMARY ***
Total pot $60 | Rake $0.50
Board [Qs 5s 7h Jd Jh]
Seat 1: RAFAELO_440 (button) (small blind) showed [Js 8s] and won ($59.50) with three of a kind, Jacks
Seat 2: BuzovaPro (big blind) mucked


PokerStars Hand #145120151832:  Hold'em Limit ($3/$6 USD) - 2015/12/10 9:02:21 ET
Table 'Tarka III' 2-max Seat #2 is the button
Seat 1: RAFAELO_440 ($241.55 in chips)
Seat 2: BuzovaPro ($82.52 in chips)
BuzovaPro: posts small blind $1
RAFAELO_440: posts big blind $3
*** HOLE CARDS ***
BuzovaPro: raises $3 to $6
RAFAELO_440: calls $3
*** FLOP *** [Tc 2h 7d]
RAFAELO_440: checks
BuzovaPro: bets $3
RAFAELO_440: calls $3
*** TURN *** [Tc 2h 7d] [Ac]
RAFAELO_440: checks
BuzovaPro: bets $6
RAFAELO_440: calls $6
*** RIVER *** [Tc 2h 7d Ac] [8s]
RAFAELO_440: checks
BuzovaPro: bets $6
RAFAELO_440: folds
Uncalled bet ($6) returned to BuzovaPro
BuzovaPro collected $29.50 from pot
BuzovaPro: doesn't show hand
*** SUMMARY ***
Total pot $30 | Rake $0.50
Board [Tc 2h 7d Ac 8s]
Seat 1: RAFAELO_440 (big blind) folded on the River
Seat 2: BuzovaPro (button) (small blind) collected ($29.50)


PokerStars Hand #145120129124:  Hold'em Limit ($3/$6 USD) - 2015/12/10 9:01:45 ET
Table 'Tarka III' 2-max Seat #2 is the button
Seat 1: RAFAELO_440 ($212.29 in chips)
Seat 2: BuzovaPro ($112.52 in chips)
BuzovaPro: posts small blind $1
RAFAELO_440: posts big blind $3
*** HOLE CARDS ***
BuzovaPro: raises $3 to $6
RAFAELO_440: folds
Uncalled bet ($3) returned to BuzovaPro
BuzovaPro collected $6 from pot
BuzovaPro: doesn't show hand
*** SUMMARY ***
Total pot $6 | Rake $0
Seat 1: RAFAELO_440 (big blind) folded before Flop
Seat 2: BuzovaPro (button) (small blind) collected ($6)


PokerStars Hand #145120121096:  Hold'em Limit ($3/$6 USD) - 2015/12/10 9:01:32 ET
Table 'Tarka III' 2-max Seat #1 is the button
Seat 1: RAFAELO_440 ($224.29 in chips)
Seat 2: BuzovaPro ($101 in chips)
RAFAELO_440: posts small blind $1
BuzovaPro: posts big blind $3
*** HOLE CARDS ***
RAFAELO_440: raises $3 to $6
BuzovaPro: calls $3
*** FLOP *** [Ts 5s 8c]
BuzovaPro: checks
RAFAELO_440: checks
*** TURN *** [Ts 5s 8c] [9c]
BuzovaPro: bets $6
RAFAELO_440: calls $6
*** RIVER *** [Ts 5s 8c 9c] [Js]
BuzovaPro: checks
RAFAELO_440: checks
*** SHOW DOWN ***
BuzovaPro: shows [As 9h] (a pair of Nines)
RAFAELO_440: mucks hand
BuzovaPro collected $23.52 from pot
*** SUMMARY ***
Total pot $24 | Rake $0.48
Board [Ts 5s 8c 9c Js]
Seat 1: RAFAELO_440 (button) (small blind) mucked
Seat 2: BuzovaPro (big blind) showed [As 9h] and won ($23.52) with a pair of Nines


PokerStars Hand #145120172601:  Hold'em Limit ($3/$6 USD) - 2015/12/10 9:02:52 ET
Table 'Tarka III' 2-max Seat #1 is the button
Seat 1: RAFAELO_440 ($233.31 in chips)
Seat 2: BuzovaPro ($90.02 in chips)
RAFAELO_440: posts small blind $1
BuzovaPro: posts big blind $3
*** HOLE CARDS ***
RAFAELO_440: folds
Uncalled bet ($2) returned to BuzovaPro
BuzovaPro collected $2 from pot
BuzovaPro: doesn't show hand
*** SUMMARY ***
Total pot $2 | Rake $0
Seat 1: RAFAELO_440 (button) (small blind) folded before Flop
Seat 2: BuzovaPro (big blind) collected ($2)


PokerStars Hand #145120169634:  Hold'em Limit ($3/$6 USD) - 2015/12/10 9:02:48 ET
Table 'Tarka III' 2-max Seat #2 is the button
Seat 1: RAFAELO_440 ($232.31 in chips)
Seat 2: BuzovaPro ($91.02 in chips)
BuzovaPro: posts small blind $1
RAFAELO_440: posts big blind $3
*** HOLE CARDS ***
BuzovaPro: folds
Uncalled bet ($2) returned to RAFAELO_440
RAFAELO_440 collected $2 from pot
RAFAELO_440: doesn't show hand
*** SUMMARY ***
Total pot $2 | Rake $0
Seat 1: RAFAELO_440 (big blind) collected ($2)
Seat 2: BuzovaPro (button) (small blind) folded before Flop


PokerStars Hand #145120175891:  Hold'em Limit ($3/$6 USD) - 2015/12/10 9:02:58 ET
Table 'Tarka III' 2-max Seat #2 is the button
Seat 1: RAFAELO_440 ($232.31 in chips)
Seat 2: BuzovaPro ($91.02 in chips)
BuzovaPro: posts small blind $1
RAFAELO_440: posts big blind $3
*** HOLE CARDS ***
BuzovaPro: raises $3 to $6
RAFAELO_440: calls $3
*** FLOP *** [6c Qh 2c]
RAFAELO_440: checks
BuzovaPro: checks
*** TURN *** [6c Qh 2c] [Jd]
RAFAELO_440: checks
BuzovaPro: bets $6
RAFAELO_440: calls $6
*** RIVER *** [6c Qh 2c Jd] [7h]
RAFAELO_440: checks
BuzovaPro: bets $6
RAFAELO_440: calls $6
*** SHOW DOWN ***
BuzovaPro: shows [5s Qs] (a pair of Queens)
RAFAELO_440: mucks hand
BuzovaPro collected $35.50 from pot
*** SUMMARY ***
Total pot $36 | Rake $0.50
Board [6c Qh 2c Jd 7h]
Seat 1: RAFAELO_440 (big blind) mucked
Seat 2: BuzovaPro (button) (small blind) showed [5s Qs] and won ($35.50) with a pair of Queens


PokerStars Hand #145120192249:  Hold'em Limit ($3/$6 USD) - 2015/12/10 9:03:22 ET
Table 'Tarka III' 2-max Seat #1 is the button
Seat 1: RAFAELO_440 ($214.31 in chips)
Seat 2: BuzovaPro ($108.52 in chips)
RAFAELO_440: posts small blind $1
BuzovaPro: posts big blind $3
*** HOLE CARDS ***
RAFAELO_440: raises $3 to $6
BuzovaPro: calls $3
*** FLOP *** [3h Ad Ks]
BuzovaPro: checks
RAFAELO_440: checks
*** TURN *** [3h Ad Ks] [3c]
BuzovaPro: checks
RAFAELO_440: checks
*** RIVER *** [3h Ad Ks 3c] [2s]
BuzovaPro: checks
RAFAELO_440: bets $6
BuzovaPro: folds
Uncalled bet ($6) returned to RAFAELO_440
RAFAELO_440 collected $11.76 from pot
RAFAELO_440: doesn't show hand
*** SUMMARY ***
Total pot $12 | Rake $0.24
Board [3h Ad Ks 3c 2s]
Seat 1: RAFAELO_440 (button) (small blind) collected ($11.76)
Seat 2: BuzovaPro (big blind) folded on the River


PokerStars Hand #145120161482:  Hold'em Limit ($3/$6 USD) - 2015/12/10 9:02:35 ET
Table 'Tarka III' 2-max Seat #1 is the button
Seat 1: RAFAELO_440 ($226.55 in chips)
Seat 2: BuzovaPro ($97.02 in chips)
RAFAELO_440: posts small blind $1
BuzovaPro: posts big blind $3
*** HOLE CARDS ***
RAFAELO_440: raises $3 to $6
BuzovaPro: calls $3
*** FLOP *** [6d Js Qc]
BuzovaPro: checks
RAFAELO_440: checks
*** TURN *** [6d Js Qc] [Kc]
BuzovaPro: checks
RAFAELO_440: bets $6
BuzovaPro: folds
Uncalled bet ($6) returned to RAFAELO_440
RAFAELO_440 collected $11.76 from pot
RAFAELO_440: doesn't show hand
*** SUMMARY ***
Total pot $12 | Rake $0.24
Board [6d Js Qc Kc]
Seat 1: RAFAELO_440 (button) (small blind) collected ($11.76)
Seat 2: BuzovaPro (big blind) folded on the Turn


PokerStars Hand #145120203536:  Hold'em Limit ($3/$6 USD) - 2015/12/10 9:03:39 ET
Table 'Tarka III' 2-max Seat #2 is the button
Seat 1: RAFAELO_440 ($220.07 in chips)
Seat 2: BuzovaPro ($102.52 in chips)
BuzovaPro: posts small blind $1
RAFAELO_440: posts big blind $3
*** HOLE CARDS ***
BuzovaPro: raises $3 to $6
RAFAELO_440: calls $3
*** FLOP *** [3d 7s Ac]
RAFAELO_440: checks
BuzovaPro: bets $3
RAFAELO_440: calls $3
*** TURN *** [3d 7s Ac] [9s]
RAFAELO_440: checks
BuzovaPro: bets $6
RAFAELO_440: calls $6
*** RIVER *** [3d 7s Ac 9s] [9d]
RAFAELO_440: checks
BuzovaPro: bets $6
RAFAELO_440: calls $6
*** SHOW DOWN ***
BuzovaPro: shows [Kd 7c] (two pair, Nines and Sevens)
RAFAELO_440: mucks hand
BuzovaPro collected $41.50 from pot
*** SUMMARY ***
Total pot $42 | Rake $0.50
Board [3d 7s Ac 9s 9d]
Seat 1: RAFAELO_440 (big blind) mucked
Seat 2: BuzovaPro (button) (small blind) showed [Kd 7c] and won ($41.50) with two pair, Nines and Sevens


PokerStars Hand #145120700241:  Hold'em Limit ($3/$6 USD) - 2015/12/10 9:16:05 ET
Table 'Tarka III' 2-max Seat #2 is the button
Seat 1: Baltimorris ($179.96 in chips)
Seat 2: BuzovaPro ($73 in chips)
BuzovaPro: posts small blind $1
Baltimorris: posts big blind $3
*** HOLE CARDS ***
BuzovaPro: raises $3 to $6
Baltimorris: calls $3
*** FLOP *** [7h 5d 9c]
Baltimorris: checks
BuzovaPro: checks
*** TURN *** [7h 5d 9c] [6c]
Baltimorris: checks
BuzovaPro: checks
*** RIVER *** [7h 5d 9c 6c] [Kh]
Baltimorris: checks
BuzovaPro: checks
*** SHOW DOWN ***
Baltimorris: shows [3h 5c] (a pair of Fives)
BuzovaPro: mucks hand
Baltimorris collected $11.76 from pot
*** SUMMARY ***
Total pot $12 | Rake $0.24
Board [7h 5d 9c 6c Kh]
Seat 1: Baltimorris (big blind) showed [3h 5c] and won ($11.76) with a pair of Fives
Seat 2: BuzovaPro (button) (small blind) mucked


PokerStars Hand #145120709531:  Hold'em Limit ($3/$6 USD) - 2015/12/10 9:16:19 ET
Table 'Tarka III' 2-max Seat #1 is the button
Seat 1: Baltimorris ($185.72 in chips)
Seat 2: BuzovaPro ($72 in chips)
Baltimorris: posts small blind $1
BuzovaPro: posts big blind $3
*** HOLE CARDS ***
Baltimorris: raises $3 to $6
BuzovaPro: raises $3 to $9
Baltimorris: calls $3
*** FLOP *** [Td Ad 9s]
BuzovaPro: bets $3
Baltimorris: calls $3
*** TURN *** [Td Ad 9s] [3h]
BuzovaPro: bets $6
Baltimorris: folds
Uncalled bet ($6) returned to BuzovaPro
BuzovaPro collected $23.52 from pot
BuzovaPro: doesn't show hand
*** SUMMARY ***
Total pot $24 | Rake $0.48
Board [Td Ad 9s 3h]
Seat 1: Baltimorris (button) (small blind) folded on the Turn
Seat 2: BuzovaPro (big blind) collected ($23.52)


PokerStars Hand #145120721598:  Hold'em Limit ($3/$6 USD) - 2015/12/10 9:16:37 ET
Table 'Tarka III' 2-max Seat #2 is the button
Seat 1: Baltimorris ($173.72 in chips)
Seat 2: BuzovaPro ($83.52 in chips)
BuzovaPro: posts small blind $1
Baltimorris: posts big blind $3
*** HOLE CARDS ***
BuzovaPro: raises $3 to $6
Baltimorris: calls $3
*** FLOP *** [Qh 7c Kd]
Baltimorris: checks
BuzovaPro: bets $3
Baltimorris: calls $3
*** TURN *** [Qh 7c Kd] [9c]
Baltimorris: checks
BuzovaPro: bets $6
Baltimorris: calls $6
*** RIVER *** [Qh 7c Kd 9c] [8s]
Baltimorris: checks
BuzovaPro: bets $6
Baltimorris: folds
Uncalled bet ($6) returned to BuzovaPro
BuzovaPro collected $29.50 from pot
BuzovaPro: doesn't show hand
*** SUMMARY ***
Total pot $30 | Rake $0.50
Board [Qh 7c Kd 9c 8s]
Seat 1: Baltimorris (big blind) folded on the River
Seat 2: BuzovaPro (button) (small blind) collected ($29.50)


PokerStars Hand #145120736670:  Hold'em Limit ($3/$6 USD) - 2015/12/10 9:16:59 ET
Table 'Tarka III' 2-max Seat #1 is the button
Seat 1: Baltimorris ($158.72 in chips)
Seat 2: BuzovaPro ($98.02 in chips)
Baltimorris: posts small blind $1
BuzovaPro: posts big blind $3
*** HOLE CARDS ***
Baltimorris: raises $3 to $6
BuzovaPro: calls $3
*** FLOP *** [2d As 4h]
BuzovaPro: checks
Baltimorris: bets $3
BuzovaPro: folds
Uncalled bet ($3) returned to Baltimorris
Baltimorris collected $11.76 from pot
*** SUMMARY ***
Total pot $12 | Rake $0.24
Board [2d As 4h]
Seat 1: Baltimorris (button) (small blind) collected ($11.76)
Seat 2: BuzovaPro (big blind) folded on the Flop


PokerStars Hand #145120743171:  Hold'em Limit ($3/$6 USD) - 2015/12/10 9:17:09 ET
Table 'Tarka III' 2-max Seat #2 is the button
Seat 1: Baltimorris ($164.48 in chips)
Seat 2: BuzovaPro ($92.02 in chips)
BuzovaPro: posts small blind $1
Baltimorris: posts big blind $3
*** HOLE CARDS ***
BuzovaPro: raises $3 to $6
Baltimorris: calls $3
*** FLOP *** [Ah 6h Ks]
Baltimorris: checks
BuzovaPro: bets $3
Baltimorris: calls $3
*** TURN *** [Ah 6h Ks] [3h]
Baltimorris: checks
BuzovaPro: checks
*** RIVER *** [Ah 6h Ks 3h] [As]
Baltimorris: bets $6
BuzovaPro: folds
Uncalled bet ($6) returned to Baltimorris
Baltimorris collected $17.64 from pot
*** SUMMARY ***
Total pot $18 | Rake $0.36
Board [Ah 6h Ks 3h As]
Seat 1: Baltimorris (big blind) collected ($17.64)
Seat 2: BuzovaPro (button) (small blind) folded on the River


PokerStars Hand #145120753680:  Hold'em Limit ($3/$6 USD) - 2015/12/10 9:17:25 ET
Table 'Tarka III' 2-max Seat #1 is the button
Seat 1: Baltimorris ($173.12 in chips)
Seat 2: BuzovaPro ($83.02 in chips)
Baltimorris: posts small blind $1
BuzovaPro: posts big blind $3
*** HOLE CARDS ***
Baltimorris: folds
Uncalled bet ($2) returned to BuzovaPro
BuzovaPro collected $2 from pot
BuzovaPro: doesn't show hand
*** SUMMARY ***
Total pot $2 | Rake $0
Seat 1: Baltimorris (button) (small blind) folded before Flop
Seat 2: BuzovaPro (big blind) collected ($2)


PokerStars Hand #145120764930:  Hold'em Limit ($3/$6 USD) - 2015/12/10 9:17:42 ET
Table 'Tarka III' 2-max Seat #1 is the button
Seat 1: Baltimorris ($177.88 in chips)
Seat 2: BuzovaPro ($78.02 in chips)
Baltimorris: posts small blind $1
BuzovaPro: posts big blind $3
*** HOLE CARDS ***
Baltimorris: folds
Uncalled bet ($2) returned to BuzovaPro
BuzovaPro collected $2 from pot
BuzovaPro: doesn't show hand
*** SUMMARY ***
Total pot $2 | Rake $0
Seat 1: Baltimorris (button) (small blind) folded before Flop
Seat 2: BuzovaPro (big blind) collected ($2)


PokerStars Hand #145120756658:  Hold'em Limit ($3/$6 USD) - 2015/12/10 9:17:29 ET
Table 'Tarka III' 2-max Seat #2 is the button
Seat 1: Baltimorris ($172.12 in chips)
Seat 2: BuzovaPro ($84.02 in chips)
BuzovaPro: posts small blind $1
Baltimorris: posts big blind $3
*** HOLE CARDS ***
BuzovaPro: raises $3 to $6
Baltimorris: calls $3
*** FLOP *** [Td 5s 2d]
Baltimorris: checks
BuzovaPro: checks
*** TURN *** [Td 5s 2d] [4c]
Baltimorris: bets $6
BuzovaPro: folds
Uncalled bet ($6) returned to Baltimorris
Baltimorris collected $11.76 from pot
*** SUMMARY ***
Total pot $12 | Rake $0.24
Board [Td 5s 2d 4c]
Seat 1: Baltimorris (big blind) collected ($11.76)
Seat 2: BuzovaPro (button) (small blind) folded on the Turn


PokerStars Hand #145120773571:  Hold'em Limit ($3/$6 USD) - 2015/12/10 9:17:55 ET
Table 'Tarka III' 2-max Seat #1 is the button
Seat 1: Baltimorris ($170.88 in chips)
Seat 2: BuzovaPro ($84.78 in chips)
Baltimorris: posts small blind $1
BuzovaPro: posts big blind $3
*** HOLE CARDS ***
Baltimorris: raises $3 to $6
BuzovaPro: calls $3
*** FLOP *** [9h 8s 3d]
BuzovaPro: checks
Baltimorris: bets $3
BuzovaPro: calls $3
*** TURN *** [9h 8s 3d] [4c]
BuzovaPro: checks
Baltimorris: bets $6
BuzovaPro: calls $6
*** RIVER *** [9h 8s 3d 4c] [8d]
BuzovaPro: checks
Baltimorris: checks
*** SHOW DOWN ***
BuzovaPro: shows [Ac 4h] (two pair, Eights and Fours)
Baltimorris: mucks hand
BuzovaPro collected $29.50 from pot
*** SUMMARY ***
Total pot $30 | Rake $0.50
Board [9h 8s 3d 4c 8d]
Seat 1: Baltimorris (button) (small blind) mucked
Seat 2: BuzovaPro (big blind) showed [Ac 4h] and won ($29.50) with two pair, Eights and Fours


PokerStars Hand #145120788396:  Hold'em Limit ($3/$6 USD) - 2015/12/10 9:18:17 ET
Table 'Tarka III' 2-max Seat #2 is the button
Seat 1: Baltimorris ($155.88 in chips)
Seat 2: BuzovaPro ($99.28 in chips)
BuzovaPro: posts small blind $1
Baltimorris: posts big blind $3
*** HOLE CARDS ***
BuzovaPro: folds
Uncalled bet ($2) returned to Baltimorris
Baltimorris collected $2 from pot
*** SUMMARY ***
Total pot $2 | Rake $0
Seat 1: Baltimorris (big blind) collected ($2)
Seat 2: BuzovaPro (button) (small blind) folded before Flop


PokerStars Hand #145120792764:  Hold'em Limit ($3/$6 USD) - 2015/12/10 9:18:23 ET
Table 'Tarka III' 2-max Seat #1 is the button
Seat 1: Baltimorris ($156.88 in chips)
Seat 2: BuzovaPro ($98.28 in chips)
Baltimorris: posts small blind $1
BuzovaPro: posts big blind $3
*** HOLE CARDS ***
Baltimorris: raises $3 to $6
BuzovaPro: folds
Uncalled bet ($3) returned to Baltimorris
Baltimorris collected $6 from pot
*** SUMMARY ***
Total pot $6 | Rake $0
Seat 1: Baltimorris (button) (small blind) collected ($6)
Seat 2: BuzovaPro (big blind) folded before Flop


PokerStars Hand #145120797206:  Hold'em Limit ($3/$6 USD) - 2015/12/10 9:18:30 ET
Table 'Tarka III' 2-max Seat #2 is the button
Seat 1: Baltimorris ($159.88 in chips)
Seat 2: BuzovaPro ($95.28 in chips)
BuzovaPro: posts small blind $1
Baltimorris: posts big blind $3
*** HOLE CARDS ***
BuzovaPro: raises $3 to $6
Baltimorris: calls $3
*** FLOP *** [5s 2d Ks]
Baltimorris: checks
BuzovaPro: checks
*** TURN *** [5s 2d Ks] [5c]
Baltimorris: checks
BuzovaPro: bets $6
Baltimorris: folds
Uncalled bet ($6) returned to BuzovaPro
BuzovaPro collected $11.76 from pot
BuzovaPro: doesn't show hand
*** SUMMARY ***
Total pot $12 | Rake $0.24
Board [5s 2d Ks 5c]
Seat 1: Baltimorris (big blind) folded on the Turn
Seat 2: BuzovaPro (button) (small blind) collected ($11.76)


PokerStars Hand #145120767867:  Hold'em Limit ($3/$6 USD) - 2015/12/10 9:17:46 ET
Table 'Tarka III' 2-max Seat #2 is the button
Seat 1: Baltimorris ($176.88 in chips)
Seat 2: BuzovaPro ($79.02 in chips)
BuzovaPro: posts small blind $1
Baltimorris: posts big blind $3
*** HOLE CARDS ***
BuzovaPro: raises $3 to $6
Baltimorris: calls $3
*** FLOP *** [Ad 3h Js]
Baltimorris: checks
BuzovaPro: bets $3
Baltimorris: folds
Uncalled bet ($3) returned to BuzovaPro
BuzovaPro collected $11.76 from pot
BuzovaPro: doesn't show hand
*** SUMMARY ***
Total pot $12 | Rake $0.24
Board [Ad 3h Js]
Seat 1: Baltimorris (big blind) folded on the Flop
Seat 2: BuzovaPro (button) (small blind) collected ($11.76)


PokerStars Hand #145120824750:  Hold'em Limit ($3/$6 USD) - 2015/12/10 9:19:11 ET
Table 'Tarka III' 2-max Seat #1 is the button
Seat 1: Baltimorris ($183.14 in chips)
Seat 2: BuzovaPro ($72 in chips)
Baltimorris: posts small blind $1
BuzovaPro: posts big blind $3
*** HOLE CARDS ***
Baltimorris: raises $3 to $6
BuzovaPro: folds
Uncalled bet ($3) returned to Baltimorris
Baltimorris collected $6 from pot
*** SUMMARY ***
Total pot $6 | Rake $0
Seat 1: Baltimorris (button) (small blind) collected ($6)
Seat 2: BuzovaPro (big blind) folded before Flop


PokerStars Hand #145120816040:  Hold'em Limit ($3/$6 USD) - 2015/12/10 9:18:58 ET
Table 'Tarka III' 2-max Seat #2 is the button
Seat 1: Baltimorris ($159.64 in chips)
Seat 2: BuzovaPro ($95.04 in chips)
BuzovaPro: posts small blind $1
Baltimorris: posts big blind $3
*** HOLE CARDS ***
BuzovaPro: raises $3 to $6
Baltimorris: raises $3 to $9
BuzovaPro: calls $3
*** FLOP *** [8h 2s Ah]
Baltimorris: bets $3
BuzovaPro: calls $3
*** TURN *** [8h 2s Ah] [7s]
Baltimorris: bets $6
BuzovaPro: calls $6
*** RIVER *** [8h 2s Ah 7s] [3h]
Baltimorris: bets $6
BuzovaPro: calls $6
*** SHOW DOWN ***
Baltimorris: shows [Th Qh] (a flush, Ace high)
BuzovaPro: mucks hand
Baltimorris collected $47.50 from pot
*** SUMMARY ***
Total pot $48 | Rake $0.50
Board [8h 2s Ah 7s 3h]
Seat 1: Baltimorris (big blind) showed [Th Qh] and won ($47.50) with a flush, Ace high
Seat 2: BuzovaPro (button) (small blind) mucked


PokerStars Hand #145120828403:  Hold'em Limit ($3/$6 USD) - 2015/12/10 9:19:17 ET
Table 'Tarka III' 2-max Seat #2 is the button
Seat 1: Baltimorris ($186.14 in chips)
Seat 2: BuzovaPro ($72 in chips)
BuzovaPro: posts small blind $1
Baltimorris: posts big blind $3
*** HOLE CARDS ***
BuzovaPro: raises $3 to $6
Baltimorris: raises $3 to $9
BuzovaPro: calls $3
*** FLOP *** [9c Qd Kh]
Baltimorris: bets $3
BuzovaPro: calls $3
*** TURN *** [9c Qd Kh] [5c]
Baltimorris: bets $6
BuzovaPro: folds
Uncalled bet ($6) returned to Baltimorris
Baltimorris collected $23.52 from pot
*** SUMMARY ***
Total pot $24 | Rake $0.48
Board [9c Qd Kh 5c]
Seat 1: Baltimorris (big blind) collected ($23.52)
Seat 2: BuzovaPro (button) (small blind) folded on the Turn


PokerStars Hand #145120837005:  Hold'em Limit ($3/$6 USD) - 2015/12/10 9:19:29 ET
Table 'Tarka III' 2-max Seat #1 is the button
Seat 1: Baltimorris ($197.66 in chips)
Seat 2: BuzovaPro ($72 in chips)
Baltimorris: posts small blind $1
BuzovaPro: posts big blind $3
*** HOLE CARDS ***
Baltimorris: raises $3 to $6
BuzovaPro: calls $3
*** FLOP *** [Kd 8h Jh]
BuzovaPro: checks
Baltimorris: bets $3
BuzovaPro: raises $3 to $6
Baltimorris: calls $3
*** TURN *** [Kd 8h Jh] [5c]
BuzovaPro: bets $6
Baltimorris: folds
Uncalled bet ($6) returned to BuzovaPro
BuzovaPro collected $23.52 from pot
BuzovaPro: doesn't show hand
*** SUMMARY ***
Total pot $24 | Rake $0.48
Board [Kd 8h Jh 5c]
Seat 1: Baltimorris (button) (small blind) folded on the Turn
Seat 2: BuzovaPro (big blind) collected ($23.52)


PokerStars Hand #145120807251:  Hold'em Limit ($3/$6 USD) - 2015/12/10 9:18:45 ET
Table 'Tarka III' 2-max Seat #1 is the button
Seat 1: Baltimorris ($153.88 in chips)
Seat 2: BuzovaPro ($101.04 in chips)
Baltimorris: posts small blind $1
BuzovaPro: posts big blind $3
*** HOLE CARDS ***
Baltimorris: raises $3 to $6
BuzovaPro: calls $3
*** FLOP *** [Js Ts Jc]
BuzovaPro: checks
Baltimorris: checks
*** TURN *** [Js Ts Jc] [6s]
BuzovaPro: checks
Baltimorris: bets $6
BuzovaPro: folds
Uncalled bet ($6) returned to Baltimorris
Baltimorris collected $11.76 from pot
*** SUMMARY ***
Total pot $12 | Rake $0.24
Board [Js Ts Jc 6s]
Seat 1: Baltimorris (button) (small blind) collected ($11.76)
Seat 2: BuzovaPro (big blind) folded on the Turn


PokerStars Hand #145120848428:  Hold'em Limit ($3/$6 USD) - 2015/12/10 9:19:46 ET
Table 'Tarka III' 2-max Seat #2 is the button
Seat 1: Baltimorris ($185.66 in chips)
Seat 2: BuzovaPro ($83.52 in chips)
BuzovaPro: posts small blind $1
Baltimorris: posts big blind $3
*** HOLE CARDS ***
BuzovaPro: raises $3 to $6
Baltimorris: calls $3
*** FLOP *** [8h 6h 9h]
Baltimorris: checks
BuzovaPro: bets $3
Baltimorris: raises $3 to $6
BuzovaPro: calls $3
*** TURN *** [8h 6h 9h] [6s]
Baltimorris: bets $6
BuzovaPro: calls $6
*** RIVER *** [8h 6h 9h 6s] [4h]
Baltimorris: bets $6
BuzovaPro: raises $6 to $12
Baltimorris: calls $6
*** SHOW DOWN ***
BuzovaPro: shows [Jd Ad] (a pair of Sixes)
Baltimorris: shows [Tc 7h] (a flush, Nine high)
Baltimorris collected $59.50 from pot
*** SUMMARY ***
Total pot $60 | Rake $0.50
Board [8h 6h 9h 6s 4h]
Seat 1: Baltimorris (big blind) showed [Tc 7h] and won ($59.50) with a flush, Nine high
Seat 2: BuzovaPro (button) (small blind) showed [Jd Ad] and lost with a pair of Sixes


PokerStars Hand #145120861103:  Hold'em Limit ($3/$6 USD) - 2015/12/10 9:20:05 ET
Table 'Tarka III' 2-max Seat #1 is the button
Seat 1: Baltimorris ($215.16 in chips)
Seat 2: BuzovaPro ($72 in chips)
Baltimorris: posts small blind $1
BuzovaPro: posts big blind $3
*** HOLE CARDS ***
Baltimorris: raises $3 to $6
BuzovaPro: calls $3
*** FLOP *** [9d 8c 2h]
BuzovaPro: checks
Baltimorris: bets $3
BuzovaPro: raises $3 to $6
Baltimorris: calls $3
*** TURN *** [9d 8c 2h] [Kc]
BuzovaPro: bets $6
Baltimorris: calls $6
*** RIVER *** [9d 8c 2h Kc] [7c]
BuzovaPro: bets $6
Baltimorris: calls $6
*** SHOW DOWN ***
BuzovaPro: shows [Jh Tc] (a straight, Seven to Jack)
Baltimorris: mucks hand
BuzovaPro collected $47.50 from pot
*** SUMMARY ***
Total pot $48 | Rake $0.50
Board [9d 8c 2h Kc 7c]
Seat 1: Baltimorris (button) (small blind) mucked
Seat 2: BuzovaPro (big blind) showed [Jh Tc] and won ($47.50) with a straight, Seven to Jack


PokerStars Hand #145120872599:  Hold'em Limit ($3/$6 USD) - 2015/12/10 9:20:23 ET
Table 'Tarka III' 2-max Seat #2 is the button
Seat 1: Baltimorris ($191.16 in chips)
Seat 2: BuzovaPro ($95.50 in chips)
BuzovaPro: posts small blind $1
Baltimorris: posts big blind $3
*** HOLE CARDS ***
BuzovaPro: raises $3 to $6
Baltimorris: calls $3
*** FLOP *** [2c Js 5s]
Baltimorris: checks
BuzovaPro: bets $3
Baltimorris: raises $3 to $6
BuzovaPro: raises $3 to $9
Baltimorris: calls $3
*** TURN *** [2c Js 5s] [3c]
Baltimorris: checks
BuzovaPro: bets $6
Baltimorris: calls $6
*** RIVER *** [2c Js 5s 3c] [6d]
Baltimorris: checks
BuzovaPro: checks
*** SHOW DOWN ***
Baltimorris: shows [4s Jh] (a straight, Deuce to Six)
BuzovaPro: mucks hand
Baltimorris collected $41.50 from pot
*** SUMMARY ***
Total pot $42 | Rake $0.50
Board [2c Js 5s 3c 6d]
Seat 1: Baltimorris (big blind) showed [4s Jh] and won ($41.50) with a straight, Deuce to Six
Seat 2: BuzovaPro (button) (small blind) mucked


PokerStars Hand #145120886341:  Hold'em Limit ($3/$6 USD) - 2015/12/10 9:20:44 ET
Table 'Tarka III' 2-max Seat #2 is the button
Seat 1: Baltimorris ($210.66 in chips)
Seat 2: BuzovaPro ($75.50 in chips)
BuzovaPro: posts small blind $1
Baltimorris: posts big blind $3
*** HOLE CARDS ***
BuzovaPro: folds
Uncalled bet ($2) returned to Baltimorris
Baltimorris collected $2 from pot
*** SUMMARY ***
Total pot $2 | Rake $0
Seat 1: Baltimorris (big blind) collected ($2)
Seat 2: BuzovaPro (button) (small blind) folded before Flop


PokerStars Hand #145120883464:  Hold'em Limit ($3/$6 USD) - 2015/12/10 9:20:39 ET
Table 'Tarka III' 2-max Seat #1 is the button
Seat 1: Baltimorris ($211.66 in chips)
Seat 2: BuzovaPro ($74.50 in chips)
Baltimorris: posts small blind $1
BuzovaPro: posts big blind $3
*** HOLE CARDS ***
Baltimorris: folds
Uncalled bet ($2) returned to BuzovaPro
BuzovaPro collected $2 from pot
BuzovaPro: doesn't show hand
*** SUMMARY ***
Total pot $2 | Rake $0
Seat 1: Baltimorris (button) (small blind) folded before Flop
Seat 2: BuzovaPro (big blind) collected ($2)


PokerStars Hand #145120898761:  Hold'em Limit ($3/$6 USD) - 2015/12/10 9:21:02 ET
Table 'Tarka III' 2-max Seat #2 is the button
Seat 1: Baltimorris ($202.66 in chips)
Seat 2: BuzovaPro ($83.14 in chips)
BuzovaPro: posts small blind $1
Baltimorris: posts big blind $3
*** HOLE CARDS ***
BuzovaPro: folds
Uncalled bet ($2) returned to Baltimorris
Baltimorris collected $2 from pot
*** SUMMARY ***
Total pot $2 | Rake $0
Seat 1: Baltimorris (big blind) collected ($2)
Seat 2: BuzovaPro (button) (small blind) folded before Flop


PokerStars Hand #145120889822:  Hold'em Limit ($3/$6 USD) - 2015/12/10 9:20:49 ET
Table 'Tarka III' 2-max Seat #1 is the button
Seat 1: Baltimorris ($211.66 in chips)
Seat 2: BuzovaPro ($74.50 in chips)
Baltimorris: posts small blind $1
BuzovaPro: posts big blind $3
*** HOLE CARDS ***
Baltimorris: raises $3 to $6
BuzovaPro: calls $3
*** FLOP *** [Th Kc Kd]
BuzovaPro: checks
Baltimorris: bets $3
BuzovaPro: raises $3 to $6
Baltimorris: folds
Uncalled bet ($3) returned to BuzovaPro
BuzovaPro collected $17.64 from pot
BuzovaPro: doesn't show hand
*** SUMMARY ***
Total pot $18 | Rake $0.36
Board [Th Kc Kd]
Seat 1: Baltimorris (button) (small blind) folded on the Flop
Seat 2: BuzovaPro (big blind) collected ($17.64)


PokerStars Hand #145120902016:  Hold'em Limit ($3/$6 USD) - 2015/12/10 9:21:07 ET
Table 'Tarka III' 2-max Seat #1 is the button
Seat 1: Baltimorris ($203.66 in chips)
Seat 2: BuzovaPro ($82.14 in chips)
Baltimorris: posts small blind $1
BuzovaPro: posts big blind $3
*** HOLE CARDS ***
Baltimorris: raises $3 to $6
BuzovaPro: folds
Uncalled bet ($3) returned to Baltimorris
Baltimorris collected $6 from pot
*** SUMMARY ***
Total pot $6 | Rake $0
Seat 1: Baltimorris (button) (small blind) collected ($6)
Seat 2: BuzovaPro (big blind) folded before Flop


PokerStars Hand #145120905516:  Hold'em Limit ($3/$6 USD) - 2015/12/10 9:21:12 ET
Table 'Tarka III' 2-max Seat #2 is the button
Seat 1: Baltimorris ($206.66 in chips)
Seat 2: BuzovaPro ($79.14 in chips)
BuzovaPro: posts small blind $1
Baltimorris: posts big blind $3
*** HOLE CARDS ***
BuzovaPro: raises $3 to $6
Baltimorris: calls $3
*** FLOP *** [3s 6d Kd]
Baltimorris: checks
BuzovaPro: bets $3
Baltimorris: calls $3
*** TURN *** [3s 6d Kd] [Kh]
Baltimorris: checks
BuzovaPro: bets $6
Baltimorris: calls $6
*** RIVER *** [3s 6d Kd Kh] [9s]
Baltimorris: checks
BuzovaPro: bets $6
Baltimorris: folds
Uncalled bet ($6) returned to BuzovaPro
BuzovaPro collected $29.50 from pot
BuzovaPro: doesn't show hand
*** SUMMARY ***
Total pot $30 | Rake $0.50
Board [3s 6d Kd Kh 9s]
Seat 1: Baltimorris (big blind) folded on the River
Seat 2: BuzovaPro (button) (small blind) collected ($29.50)


PokerStars Hand #145120915225:  Hold'em Limit ($3/$6 USD) - 2015/12/10 9:21:27 ET
Table 'Tarka III' 2-max Seat #1 is the button
Seat 1: Baltimorris ($191.66 in chips)
Seat 2: BuzovaPro ($93.64 in chips)
Baltimorris: posts small blind $1
BuzovaPro: posts big blind $3
*** HOLE CARDS ***
Baltimorris: folds
Uncalled bet ($2) returned to BuzovaPro
BuzovaPro collected $2 from pot
BuzovaPro: doesn't show hand
*** SUMMARY ***
Total pot $2 | Rake $0
Seat 1: Baltimorris (button) (small blind) folded before Flop
Seat 2: BuzovaPro (big blind) collected ($2)


PokerStars Hand #145120917721:  Hold'em Limit ($3/$6 USD) - 2015/12/10 9:21:31 ET
Table 'Tarka III' 2-max Seat #2 is the button
Seat 1: Baltimorris ($190.66 in chips)
Seat 2: BuzovaPro ($94.64 in chips)
BuzovaPro: posts small blind $1
Baltimorris: posts big blind $3
*** HOLE CARDS ***
BuzovaPro: raises $3 to $6
Baltimorris: calls $3
*** FLOP *** [5c 6h Ks]
Baltimorris: checks
BuzovaPro: bets $3
Baltimorris: calls $3
*** TURN *** [5c 6h Ks] [Kc]
Baltimorris: checks
BuzovaPro: bets $6
Baltimorris: folds
Uncalled bet ($6) returned to BuzovaPro
BuzovaPro collected $17.64 from pot
BuzovaPro: doesn't show hand
*** SUMMARY ***
Total pot $18 | Rake $0.36
Board [5c 6h Ks Kc]
Seat 1: Baltimorris (big blind) folded on the Turn
Seat 2: BuzovaPro (button) (small blind) collected ($17.64)


PokerStars Hand #145120945082:  Hold'em Limit ($3/$6 USD) - 2015/12/10 9:22:12 ET
Table 'Tarka III' 2-max Seat #1 is the button
Seat 1: Baltimorris ($175.30 in chips)
Seat 2: BuzovaPro ($108.78 in chips)
Baltimorris: posts small blind $1
BuzovaPro: posts big blind $3
*** HOLE CARDS ***
Baltimorris: folds
Uncalled bet ($2) returned to BuzovaPro
BuzovaPro collected $2 from pot
BuzovaPro: doesn't show hand
*** SUMMARY ***
Total pot $2 | Rake $0
Seat 1: Baltimorris (button) (small blind) folded before Flop
Seat 2: BuzovaPro (big blind) collected ($2)


PokerStars Hand #145120935438:  Hold'em Limit ($3/$6 USD) - 2015/12/10 9:21:57 ET
Table 'Tarka III' 2-max Seat #2 is the button
Seat 1: Baltimorris ($190.30 in chips)
Seat 2: BuzovaPro ($94.28 in chips)
BuzovaPro: posts small blind $1
Baltimorris: posts big blind $3
*** HOLE CARDS ***
BuzovaPro: raises $3 to $6
Baltimorris: calls $3
*** FLOP *** [Jh Js Kd]
Baltimorris: checks
BuzovaPro: bets $3
Baltimorris: calls $3
*** TURN *** [Jh Js Kd] [5d]
Baltimorris: checks
BuzovaPro: checks
*** RIVER *** [Jh Js Kd 5d] [5s]
Baltimorris: bets $6
BuzovaPro: calls $6
*** SHOW DOWN ***
Baltimorris: shows [6d 4d] (two pair, Jacks and Fives)
BuzovaPro: shows [Ks 4h] (two pair, Kings and Jacks)
BuzovaPro collected $29.50 from pot
*** SUMMARY ***
Total pot $30 | Rake $0.50
Board [Jh Js Kd 5d 5s]
Seat 1: Baltimorris (big blind) showed [6d 4d] and lost with two pair, Jacks and Fives
Seat 2: BuzovaPro (button) (small blind) showed [Ks 4h] and won ($29.50) with two pair, Kings and Jacks


PokerStars Hand #145120960359:  Hold'em Limit ($3/$6 USD) - 2015/12/10 9:22:34 ET
Table 'Tarka III' 2-max Seat #1 is the button
Seat 1: Baltimorris ($206.80 in chips)
Seat 2: BuzovaPro ($76.78 in chips)
Baltimorris: posts small blind $1
BuzovaPro: posts big blind $3
*** HOLE CARDS ***
Baltimorris: folds
Uncalled bet ($2) returned to BuzovaPro
BuzovaPro collected $2 from pot
BuzovaPro: doesn't show hand
*** SUMMARY ***
Total pot $2 | Rake $0
Seat 1: Baltimorris (button) (small blind) folded before Flop
Seat 2: BuzovaPro (big blind) collected ($2)


PokerStars Hand #145120948190:  Hold'em Limit ($3/$6 USD) - 2015/12/10 9:22:16 ET
Table 'Tarka III' 2-max Seat #2 is the button
Seat 1: Baltimorris ($174.30 in chips)
Seat 2: BuzovaPro ($109.78 in chips)
BuzovaPro: posts small blind $1
Baltimorris: posts big blind $3
*** HOLE CARDS ***
BuzovaPro: raises $3 to $6
Baltimorris: raises $3 to $9
BuzovaPro: calls $3
*** FLOP *** [Qh Jc 8d]
Baltimorris: bets $3
BuzovaPro: raises $3 to $6
Baltimorris: calls $3
*** TURN *** [Qh Jc 8d] [Jh]
Baltimorris: checks
BuzovaPro: bets $6
Baltimorris: raises $6 to $12
BuzovaPro: calls $6
*** RIVER *** [Qh Jc 8d Jh] [6h]
Baltimorris: bets $6
BuzovaPro: calls $6
*** SHOW DOWN ***
Baltimorris: shows [Js Qs] (a full house, Jacks full of Queens)
BuzovaPro: mucks hand
Baltimorris collected $65.50 from pot
*** SUMMARY ***
Total pot $66 | Rake $0.50
Board [Qh Jc 8d Jh 6h]
Seat 1: Baltimorris (big blind) showed [Js Qs] and won ($65.50) with a full house, Jacks full of Queens
Seat 2: BuzovaPro (button) (small blind) mucked


PokerStars Hand #145120925039:  Hold'em Limit ($3/$6 USD) - 2015/12/10 9:21:42 ET
Table 'Tarka III' 2-max Seat #1 is the button
Seat 1: Baltimorris ($181.66 in chips)
Seat 2: BuzovaPro ($103.28 in chips)
Baltimorris: posts small blind $1
BuzovaPro: posts big blind $3
*** HOLE CARDS ***
Baltimorris: raises $3 to $6
BuzovaPro: calls $3
*** FLOP *** [Js 5c Ts]
BuzovaPro: checks
Baltimorris: bets $3
BuzovaPro: calls $3
*** TURN *** [Js 5c Ts] [2c]
BuzovaPro: checks
Baltimorris: checks
*** RIVER *** [Js 5c Ts 2c] [4d]
BuzovaPro: checks
Baltimorris: checks
*** SHOW DOWN ***
BuzovaPro: shows [8h Qc] (high card Queen)
Baltimorris: shows [2s Kd] (a pair of Deuces)
Baltimorris collected $17.64 from pot
*** SUMMARY ***
Total pot $18 | Rake $0.36
Board [Js 5c Ts 2c 4d]
Seat 1: Baltimorris (button) (small blind) showed [2s Kd] and won ($17.64) with a pair of Deuces
Seat 2: BuzovaPro (big blind) showed [8h Qc] and lost with high card Queen


PokerStars Hand #145120987484:  Hold'em Limit ($3/$6 USD) - 2015/12/10 9:23:15 ET
Table 'Tarka III' 2-max Seat #1 is the button
Seat 1: Baltimorris ($159.80 in chips)
Seat 2: BuzovaPro ($122.78 in chips)
Baltimorris: posts small blind $1
BuzovaPro: posts big blind $3
*** HOLE CARDS ***
Baltimorris: raises $3 to $6
BuzovaPro: folds
Uncalled bet ($3) returned to Baltimorris
Baltimorris collected $6 from pot
*** SUMMARY ***
Total pot $6 | Rake $0
Seat 1: Baltimorris (button) (small blind) collected ($6)
Seat 2: BuzovaPro (big blind) folded before Flop


PokerStars Hand #145120977247:  Hold'em Limit ($3/$6 USD) - 2015/12/10 9:23:00 ET
Table 'Tarka III' 2-max Seat #2 is the button
Seat 1: Baltimorris ($183.80 in chips)
Seat 2: BuzovaPro ($99.28 in chips)
BuzovaPro: posts small blind $1
Baltimorris: posts big blind $3
*** HOLE CARDS ***
BuzovaPro: raises $3 to $6
Baltimorris: raises $3 to $9
BuzovaPro: calls $3
*** FLOP *** [Td Tc 6s]
Baltimorris: bets $3
BuzovaPro: calls $3
*** TURN *** [Td Tc 6s] [5d]
Baltimorris: bets $6
BuzovaPro: calls $6
*** RIVER *** [Td Tc 6s 5d] [2d]
Baltimorris: bets $6
BuzovaPro: calls $6
*** SHOW DOWN ***
Baltimorris: shows [Jc Ac] (a pair of Tens)
BuzovaPro: shows [Qs 6c] (two pair, Tens and Sixes)
BuzovaPro collected $47.50 from pot
*** SUMMARY ***
Total pot $48 | Rake $0.50
Board [Td Tc 6s 5d 2d]
Seat 1: Baltimorris (big blind) showed [Jc Ac] and lost with a pair of Tens
Seat 2: BuzovaPro (button) (small blind) showed [Qs 6c] and won ($47.50) with two pair, Tens and Sixes


PokerStars Hand #145120991378:  Hold'em Limit ($3/$6 USD) - 2015/12/10 9:23:21 ET
Table 'Tarka III' 2-max Seat #2 is the button
Seat 1: Baltimorris ($162.80 in chips)
Seat 2: BuzovaPro ($119.78 in chips)
BuzovaPro: posts small blind $1
Baltimorris: posts big blind $3
*** HOLE CARDS ***
BuzovaPro: raises $3 to $6
Baltimorris: calls $3
*** FLOP *** [3s 3c 9s]
Baltimorris: checks
BuzovaPro: checks
*** TURN *** [3s 3c 9s] [8c]
Baltimorris: bets $6
BuzovaPro: calls $6
*** RIVER *** [3s 3c 9s 8c] [6d]
Baltimorris: bets $6
BuzovaPro: calls $6
*** SHOW DOWN ***
Baltimorris: shows [2c 9h] (two pair, Nines and Threes)
BuzovaPro: mucks hand
Baltimorris collected $35.50 from pot
*** SUMMARY ***
Total pot $36 | Rake $0.50
Board [3s 3c 9s 8c 6d]
Seat 1: Baltimorris (big blind) showed [2c 9h] and won ($35.50) with two pair, Nines and Threes
Seat 2: BuzovaPro (button) (small blind) mucked


PokerStars Hand #145121003030:  Hold'em Limit ($3/$6 USD) - 2015/12/10 9:23:38 ET
Table 'Tarka III' 2-max Seat #1 is the button
Seat 1: Baltimorris ($180.30 in chips)
Seat 2: BuzovaPro ($101.78 in chips)
Baltimorris: posts small blind $1
BuzovaPro: posts big blind $3
*** HOLE CARDS ***
Baltimorris: raises $3 to $6
BuzovaPro: calls $3
*** FLOP *** [Jd Jc Kh]
BuzovaPro: checks
Baltimorris: bets $3
BuzovaPro: folds
Uncalled bet ($3) returned to Baltimorris
Baltimorris collected $11.76 from pot
*** SUMMARY ***
Total pot $12 | Rake $0.24
Board [Jd Jc Kh]
Seat 1: Baltimorris (button) (small blind) collected ($11.76)
Seat 2: BuzovaPro (big blind) folded on the Flop


PokerStars Hand #145120974373:  Hold'em Limit ($3/$6 USD) - 2015/12/10 9:22:55 ET
Table 'Tarka III' 2-max Seat #1 is the button
Seat 1: Baltimorris ($184.80 in chips)
Seat 2: BuzovaPro ($98.28 in chips)
Baltimorris: posts small blind $1
BuzovaPro: posts big blind $3
*** HOLE CARDS ***
Baltimorris: folds
Uncalled bet ($2) returned to BuzovaPro
BuzovaPro collected $2 from pot
BuzovaPro: doesn't show hand
*** SUMMARY ***
Total pot $2 | Rake $0
Seat 1: Baltimorris (button) (small blind) folded before Flop
Seat 2: BuzovaPro (big blind) collected ($2)


PokerStars Hand #145120963413:  Hold'em Limit ($3/$6 USD) - 2015/12/10 9:22:39 ET
Table 'Tarka III' 2-max Seat #2 is the button
Seat 1: Baltimorris ($205.80 in chips)
Seat 2: BuzovaPro ($77.78 in chips)
BuzovaPro: posts small blind $1
Baltimorris: posts big blind $3
*** HOLE CARDS ***
BuzovaPro: raises $3 to $6
Baltimorris: calls $3
*** FLOP *** [5s 5h 2d]
Baltimorris: checks
BuzovaPro: bets $3
Baltimorris: calls $3
*** TURN *** [5s 5h 2d] [Ts]
Baltimorris: checks
BuzovaPro: bets $6
Baltimorris: calls $6
*** RIVER *** [5s 5h 2d Ts] [Qc]
Baltimorris: checks
BuzovaPro: bets $6
Baltimorris: calls $6
*** SHOW DOWN ***
BuzovaPro: shows [Qd Js] (two pair, Queens and Fives)
Baltimorris: mucks hand
BuzovaPro collected $41.50 from pot
*** SUMMARY ***
Total pot $42 | Rake $0.50
Board [5s 5h 2d Ts Qc]
Seat 1: Baltimorris (big blind) mucked
Seat 2: BuzovaPro (button) (small blind) showed [Qd Js] and won ($41.50) with two pair, Queens and Fives


PokerStars Hand #145121013663:  Hold'em Limit ($3/$6 USD) - 2015/12/10 9:23:54 ET
Table 'Tarka III' 2-max Seat #1 is the button
Seat 1: Baltimorris ($187.06 in chips)
Seat 2: BuzovaPro ($94.78 in chips)
Baltimorris: posts small blind $1
BuzovaPro: posts big blind $3
*** HOLE CARDS ***
Baltimorris: raises $3 to $6
BuzovaPro: raises $3 to $9
Baltimorris: calls $3
*** FLOP *** [4s Kh 7s]
BuzovaPro: bets $3
Baltimorris: calls $3
*** TURN *** [4s Kh 7s] [3s]
BuzovaPro: bets $6
Baltimorris: calls $6
*** RIVER *** [4s Kh 7s 3s] [8d]
BuzovaPro: bets $6
Baltimorris: calls $6
*** SHOW DOWN ***
BuzovaPro: shows [5s 6s] (a straight flush, Three to Seven)
Baltimorris: mucks hand
BuzovaPro collected $47.50 from pot
*** SUMMARY ***
Total pot $48 | Rake $0.50
Board [4s Kh 7s 3s 8d]
Seat 1: Baltimorris (button) (small blind) mucked
Seat 2: BuzovaPro (big blind) showed [5s 6s] and won ($47.50) with a straight flush, Three to Seven


PokerStars Hand #145121033974:  Hold'em Limit ($3/$6 USD) - 2015/12/10 9:24:25 ET
Table 'Tarka III' 2-max Seat #1 is the button
Seat 1: Baltimorris ($151.06 in chips)
Seat 2: BuzovaPro ($129.80 in chips)
Baltimorris: posts small blind $1
BuzovaPro: posts big blind $3
*** HOLE CARDS ***
Baltimorris: raises $3 to $6
BuzovaPro: folds
Uncalled bet ($3) returned to Baltimorris
Baltimorris collected $6 from pot
*** SUMMARY ***
Total pot $6 | Rake $0
Seat 1: Baltimorris (button) (small blind) collected ($6)
Seat 2: BuzovaPro (big blind) folded before Flop


PokerStars Hand #145121024748:  Hold'em Limit ($3/$6 USD) - 2015/12/10 9:24:11 ET
Table 'Tarka III' 2-max Seat #2 is the button
Seat 1: Baltimorris ($163.06 in chips)
Seat 2: BuzovaPro ($118.28 in chips)
BuzovaPro: posts small blind $1
Baltimorris: posts big blind $3
*** HOLE CARDS ***
BuzovaPro: raises $3 to $6
Baltimorris: calls $3
*** FLOP *** [8h 5s Tc]
Baltimorris: checks
BuzovaPro: checks
*** TURN *** [8h 5s Tc] [Td]
Baltimorris: checks
BuzovaPro: bets $6
Baltimorris: calls $6
*** RIVER *** [8h 5s Tc Td] [5h]
Baltimorris: checks
BuzovaPro: checks
*** SHOW DOWN ***
Baltimorris: shows [9s Qs] (two pair, Tens and Fives)
BuzovaPro: shows [3h Ad] (two pair, Tens and Fives - Ace kicker)
BuzovaPro collected $23.52 from pot
*** SUMMARY ***
Total pot $24 | Rake $0.48
Board [8h 5s Tc Td 5h]
Seat 1: Baltimorris (big blind) showed [9s Qs] and lost with two pair, Tens and Fives
Seat 2: BuzovaPro (button) (small blind) showed [3h Ad] and won ($23.52) with two pair, Tens and Fives


PokerStars Hand #145121037372:  Hold'em Limit ($3/$6 USD) - 2015/12/10 9:24:30 ET
Table 'Tarka III' 2-max Seat #2 is the button
Seat 1: Baltimorris ($154.06 in chips)
Seat 2: BuzovaPro ($126.80 in chips)
BuzovaPro: posts small blind $1
Baltimorris: posts big blind $3
*** HOLE CARDS ***
BuzovaPro: folds
Uncalled bet ($2) returned to Baltimorris
Baltimorris collected $2 from pot
*** SUMMARY ***
Total pot $2 | Rake $0
Seat 1: Baltimorris (big blind) collected ($2)
Seat 2: BuzovaPro (button) (small blind) folded before Flop


PokerStars Hand #145121040483:  Hold'em Limit ($3/$6 USD) - 2015/12/10 9:24:34 ET
Table 'Tarka III' 2-max Seat #1 is the button
Seat 1: Baltimorris ($155.06 in chips)
Seat 2: BuzovaPro ($125.80 in chips)
Baltimorris: posts small blind $1
BuzovaPro: posts big blind $3
*** HOLE CARDS ***
Baltimorris: raises $3 to $6
BuzovaPro: raises $3 to $9
Baltimorris: calls $3
*** FLOP *** [9c 4c 3d]
BuzovaPro: bets $3
Baltimorris: calls $3
*** TURN *** [9c 4c 3d] [6d]
BuzovaPro: bets $6
Baltimorris: folds
Uncalled bet ($6) returned to BuzovaPro
BuzovaPro collected $23.52 from pot
BuzovaPro: doesn't show hand
*** SUMMARY ***
Total pot $24 | Rake $0.48
Board [9c 4c 3d 6d]
Seat 1: Baltimorris (button) (small blind) folded on the Turn
Seat 2: BuzovaPro (big blind) collected ($23.52)


PokerStars Hand #145121009313:  Hold'em Limit ($3/$6 USD) - 2015/12/10 9:23:48 ET
Table 'Tarka III' 2-max Seat #2 is the button
Seat 1: Baltimorris ($186.06 in chips)
Seat 2: BuzovaPro ($95.78 in chips)
BuzovaPro: posts small blind $1
Baltimorris: posts big blind $3
*** HOLE CARDS ***
BuzovaPro: folds
Uncalled bet ($2) returned to Baltimorris
Baltimorris collected $2 from pot
*** SUMMARY ***
Total pot $2 | Rake $0
Seat 1: Baltimorris (big blind) collected ($2)
Seat 2: BuzovaPro (button) (small blind) folded before Flop


PokerStars Hand #145121056381:  Hold'em Limit ($3/$6 USD) - 2015/12/10 9:24:58 ET
Table 'Tarka III' 2-max Seat #1 is the button
Seat 1: Baltimorris ($137.06 in chips)
Seat 2: BuzovaPro ($143.08 in chips)
Baltimorris: posts small blind $1
BuzovaPro: posts big blind $3
*** HOLE CARDS ***
Baltimorris: raises $3 to $6
BuzovaPro: calls $3
*** FLOP *** [7s Qc 3c]
BuzovaPro: checks
Baltimorris: bets $3
BuzovaPro: folds
Uncalled bet ($3) returned to Baltimorris
Baltimorris collected $11.76 from pot
*** SUMMARY ***
Total pot $12 | Rake $0.24
Board [7s Qc 3c]
Seat 1: Baltimorris (button) (small blind) collected ($11.76)
Seat 2: BuzovaPro (big blind) folded on the Flop


PokerStars Hand #145121062812:  Hold'em Limit ($3/$6 USD) - 2015/12/10 9:25:08 ET
Table 'Tarka III' 2-max Seat #2 is the button
Seat 1: Baltimorris ($142.82 in chips)
Seat 2: BuzovaPro ($137.08 in chips)
BuzovaPro: posts small blind $1
Baltimorris: posts big blind $3
*** HOLE CARDS ***
BuzovaPro: folds
Uncalled bet ($2) returned to Baltimorris
Baltimorris collected $2 from pot
*** SUMMARY ***
Total pot $2 | Rake $0
Seat 1: Baltimorris (big blind) collected ($2)
Seat 2: BuzovaPro (button) (small blind) folded before Flop


PokerStars Hand #145121065682:  Hold'em Limit ($3/$6 USD) - 2015/12/10 9:25:12 ET
Table 'Tarka III' 2-max Seat #1 is the button
Seat 1: Baltimorris ($143.82 in chips)
Seat 2: BuzovaPro ($136.08 in chips)
Baltimorris: posts small blind $1
BuzovaPro: posts big blind $3
*** HOLE CARDS ***
Baltimorris: raises $3 to $6
BuzovaPro: calls $3
*** FLOP *** [2s 2h 4d]
BuzovaPro: checks
Baltimorris: bets $3
BuzovaPro: calls $3
*** TURN *** [2s 2h 4d] [Jc]
BuzovaPro: checks
Baltimorris: bets $6
BuzovaPro: raises $6 to $12
Baltimorris: calls $6
*** RIVER *** [2s 2h 4d Jc] [9s]
BuzovaPro: bets $6
Baltimorris: calls $6
*** SHOW DOWN ***
BuzovaPro: shows [Qc 5s] (a pair of Deuces)
Baltimorris: shows [Kh Ts] (a pair of Deuces - King kicker)
Baltimorris collected $53.50 from pot
*** SUMMARY ***
Total pot $54 | Rake $0.50
Board [2s 2h 4d Jc 9s]
Seat 1: Baltimorris (button) (small blind) showed [Kh Ts] and won ($53.50) with a pair of Deuces
Seat 2: BuzovaPro (big blind) showed [Qc 5s] and lost with a pair of Deuces


PokerStars Hand #145121078575:  Hold'em Limit ($3/$6 USD) - 2015/12/10 9:25:31 ET
Table 'Tarka III' 2-max Seat #2 is the button
Seat 1: Baltimorris ($170.32 in chips)
Seat 2: BuzovaPro ($109.08 in chips)
BuzovaPro: posts small blind $1
Baltimorris: posts big blind $3
*** HOLE CARDS ***
BuzovaPro: raises $3 to $6
Baltimorris: calls $3
*** FLOP *** [6s 3c 8s]
Baltimorris: checks
BuzovaPro: bets $3
Baltimorris: calls $3
*** TURN *** [6s 3c 8s] [7c]
Baltimorris: checks
BuzovaPro: checks
*** RIVER *** [6s 3c 8s 7c] [Ts]
Baltimorris: checks
BuzovaPro: bets $6
Baltimorris: folds
Uncalled bet ($6) returned to BuzovaPro
BuzovaPro collected $17.64 from pot
BuzovaPro: doesn't show hand
*** SUMMARY ***
Total pot $18 | Rake $0.36
Board [6s 3c 8s 7c Ts]
Seat 1: Baltimorris (big blind) folded on the River
Seat 2: BuzovaPro (button) (small blind) collected ($17.64)


PokerStars Hand #145121048446:  Hold'em Limit ($3/$6 USD) - 2015/12/10 9:24:46 ET
Table 'Tarka III' 2-max Seat #2 is the button
Seat 1: Baltimorris ($143.06 in chips)
Seat 2: BuzovaPro ($137.32 in chips)
BuzovaPro: posts small blind $1
Baltimorris: posts big blind $3
*** HOLE CARDS ***
BuzovaPro: raises $3 to $6
Baltimorris: calls $3
*** FLOP *** [8d 5d 9d]
Baltimorris: checks
BuzovaPro: checks
*** TURN *** [8d 5d 9d] [Ac]
Baltimorris: checks
BuzovaPro: bets $6
Baltimorris: folds
Uncalled bet ($6) returned to BuzovaPro
BuzovaPro collected $11.76 from pot
BuzovaPro: doesn't show hand
*** SUMMARY ***
Total pot $12 | Rake $0.24
Board [8d 5d 9d Ac]
Seat 1: Baltimorris (big blind) folded on the Turn
Seat 2: BuzovaPro (button) (small blind) collected ($11.76)


PokerStars Hand #145121092295:  Hold'em Limit ($3/$6 USD) - 2015/12/10 9:25:52 ET
Table 'Tarka III' 2-max Seat #1 is the button
Seat 1: Baltimorris ($161.32 in chips)
Seat 2: BuzovaPro ($117.72 in chips)
Baltimorris: posts small blind $1
BuzovaPro: posts big blind $3
*** HOLE CARDS ***
Baltimorris: raises $3 to $6
BuzovaPro: calls $3
*** FLOP *** [Kc Qs 9s]
BuzovaPro: checks
Baltimorris: bets $3
BuzovaPro: calls $3
*** TURN *** [Kc Qs 9s] [7h]
BuzovaPro: checks
Baltimorris: checks
*** RIVER *** [Kc Qs 9s 7h] [9d]
BuzovaPro: bets $6
Baltimorris: calls $6
*** SHOW DOWN ***
BuzovaPro: shows [Kd 3h] (two pair, Kings and Nines)
Baltimorris: mucks hand
BuzovaPro collected $29.50 from pot
*** SUMMARY ***
Total pot $30 | Rake $0.50
Board [Kc Qs 9s 7h 9d]
Seat 1: Baltimorris (button) (small blind) mucked
Seat 2: BuzovaPro (big blind) showed [Kd 3h] and won ($29.50) with two pair, Kings and Nines


PokerStars Hand #145121103384:  Hold'em Limit ($3/$6 USD) - 2015/12/10 9:26:08 ET
Table 'Tarka III' 2-max Seat #2 is the button
Seat 1: Baltimorris ($146.32 in chips)
Seat 2: BuzovaPro ($132.22 in chips)
BuzovaPro: posts small blind $1
Baltimorris: posts big blind $3
*** HOLE CARDS ***
BuzovaPro: raises $3 to $6
Baltimorris: folds
Uncalled bet ($3) returned to BuzovaPro
BuzovaPro collected $6 from pot
BuzovaPro: doesn't show hand
*** SUMMARY ***
Total pot $6 | Rake $0
Seat 1: Baltimorris (big blind) folded before Flop
Seat 2: BuzovaPro (button) (small blind) collected ($6)


PokerStars Hand #145121115849:  Hold'em Limit ($3/$6 USD) - 2015/12/10 9:26:27 ET
Table 'Tarka III' 2-max Seat #2 is the button
Seat 1: Baltimorris ($134.32 in chips)
Seat 2: BuzovaPro ($143.86 in chips)
BuzovaPro: posts small blind $1
Baltimorris: posts big blind $3
*** HOLE CARDS ***
BuzovaPro: folds
Uncalled bet ($2) returned to Baltimorris
Baltimorris collected $2 from pot
*** SUMMARY ***
Total pot $2 | Rake $0
Seat 1: Baltimorris (big blind) collected ($2)
Seat 2: BuzovaPro (button) (small blind) folded before Flop


PokerStars Hand #145121107195:  Hold'em Limit ($3/$6 USD) - 2015/12/10 9:26:14 ET
Table 'Tarka III' 2-max Seat #1 is the button
Seat 1: Baltimorris ($143.32 in chips)
Seat 2: BuzovaPro ($135.22 in chips)
Baltimorris: posts small blind $1
BuzovaPro: posts big blind $3
*** HOLE CARDS ***
Baltimorris: raises $3 to $6
BuzovaPro: calls $3
*** FLOP *** [4c Ac 7d]
BuzovaPro: checks
Baltimorris: bets $3
BuzovaPro: raises $3 to $6
Baltimorris: folds
Uncalled bet ($3) returned to BuzovaPro
BuzovaPro collected $17.64 from pot
BuzovaPro: doesn't show hand
*** SUMMARY ***
Total pot $18 | Rake $0.36
Board [4c Ac 7d]
Seat 1: Baltimorris (button) (small blind) folded on the Flop
Seat 2: BuzovaPro (big blind) collected ($17.64)


PokerStars Hand #145121118924:  Hold'em Limit ($3/$6 USD) - 2015/12/10 9:26:31 ET
Table 'Tarka III' 2-max Seat #1 is the button
Seat 1: Baltimorris ($135.32 in chips)
Seat 2: BuzovaPro ($142.86 in chips)
Baltimorris: posts small blind $1
BuzovaPro: posts big blind $3
*** HOLE CARDS ***
Baltimorris: raises $3 to $6
BuzovaPro: folds
Uncalled bet ($3) returned to Baltimorris
Baltimorris collected $6 from pot
*** SUMMARY ***
Total pot $6 | Rake $0
Seat 1: Baltimorris (button) (small blind) collected ($6)
Seat 2: BuzovaPro (big blind) folded before Flop


PokerStars Hand #145121122679:  Hold'em Limit ($3/$6 USD) - 2015/12/10 9:26:37 ET
Table 'Tarka III' 2-max Seat #2 is the button
Seat 1: Baltimorris ($138.32 in chips)
Seat 2: BuzovaPro ($139.86 in chips)
BuzovaPro: posts small blind $1
Baltimorris: posts big blind $3
*** HOLE CARDS ***
BuzovaPro: raises $3 to $6
Baltimorris: calls $3
*** FLOP *** [Kc 5h 4d]
Baltimorris: checks
BuzovaPro: bets $3
Baltimorris: calls $3
*** TURN *** [Kc 5h 4d] [7c]
Baltimorris: checks
BuzovaPro: bets $6
Baltimorris: folds
Uncalled bet ($6) returned to BuzovaPro
BuzovaPro collected $17.64 from pot
BuzovaPro: doesn't show hand
*** SUMMARY ***
Total pot $18 | Rake $0.36
Board [Kc 5h 4d 7c]
Seat 1: Baltimorris (big blind) folded on the Turn
Seat 2: BuzovaPro (button) (small blind) collected ($17.64)


PokerStars Hand #145121131343:  Hold'em Limit ($3/$6 USD) - 2015/12/10 9:26:50 ET
Table 'Tarka III' 2-max Seat #1 is the button
Seat 1: Baltimorris ($129.32 in chips)
Seat 2: BuzovaPro ($148.50 in chips)
Baltimorris: posts small blind $1
BuzovaPro: posts big blind $3
*** HOLE CARDS ***
Baltimorris: raises $3 to $6
BuzovaPro: folds
Uncalled bet ($3) returned to Baltimorris
Baltimorris collected $6 from pot
*** SUMMARY ***
Total pot $6 | Rake $0
Seat 1: Baltimorris (button) (small blind) collected ($6)
Seat 2: BuzovaPro (big blind) folded before Flop


PokerStars Hand #145121134891:  Hold'em Limit ($3/$6 USD) - 2015/12/10 9:26:55 ET
Table 'Tarka III' 2-max Seat #2 is the button
Seat 1: Baltimorris ($132.32 in chips)
Seat 2: BuzovaPro ($145.50 in chips)
BuzovaPro: posts small blind $1
Baltimorris: posts big blind $3
*** HOLE CARDS ***
BuzovaPro: raises $3 to $6
Baltimorris: calls $3
*** FLOP *** [7c 8d 8h]
Baltimorris: checks
BuzovaPro: checks
*** TURN *** [7c 8d 8h] [8c]
Baltimorris: checks
BuzovaPro: checks
*** RIVER *** [7c 8d 8h 8c] [5h]
Baltimorris: bets $6
BuzovaPro: folds
Uncalled bet ($6) returned to Baltimorris
Baltimorris collected $11.76 from pot
*** SUMMARY ***
Total pot $12 | Rake $0.24
Board [7c 8d 8h 8c 5h]
Seat 1: Baltimorris (big blind) collected ($11.76)
Seat 2: BuzovaPro (button) (small blind) folded on the River


PokerStars Hand #145121144954:  Hold'em Limit ($3/$6 USD) - 2015/12/10 9:27:11 ET
Table 'Tarka III' 2-max Seat #1 is the button
Seat 1: Baltimorris ($138.08 in chips)
Seat 2: BuzovaPro ($139.50 in chips)
Baltimorris: posts small blind $1
BuzovaPro: posts big blind $3
*** HOLE CARDS ***
Baltimorris: raises $3 to $6
BuzovaPro: calls $3
*** FLOP *** [2h Ts 7d]
BuzovaPro: checks
Baltimorris: bets $3
BuzovaPro: calls $3
*** TURN *** [2h Ts 7d] [6h]
BuzovaPro: checks
Baltimorris: checks
*** RIVER *** [2h Ts 7d 6h] [Td]
BuzovaPro: checks
Baltimorris: checks
*** SHOW DOWN ***
BuzovaPro: shows [6s Tc] (a full house, Tens full of Sixes)
Baltimorris: mucks hand
BuzovaPro collected $17.64 from pot
*** SUMMARY ***
Total pot $18 | Rake $0.36
Board [2h Ts 7d 6h Td]
Seat 1: Baltimorris (button) (small blind) mucked
Seat 2: BuzovaPro (big blind) showed [6s Tc] and won ($17.64) with a full house, Tens full of Sixes


PokerStars Hand #145121156530:  Hold'em Limit ($3/$6 USD) - 2015/12/10 9:27:28 ET
Table 'Tarka III' 2-max Seat #2 is the button
Seat 1: Baltimorris ($129.08 in chips)
Seat 2: BuzovaPro ($148.14 in chips)
BuzovaPro: posts small blind $1
Baltimorris: posts big blind $3
*** HOLE CARDS ***
BuzovaPro: raises $3 to $6
Baltimorris: calls $3
*** FLOP *** [Ac 5h 6h]
Baltimorris: checks
BuzovaPro: bets $3
Baltimorris: calls $3
*** TURN *** [Ac 5h 6h] [8d]
Baltimorris: checks
BuzovaPro: checks
*** RIVER *** [Ac 5h 6h 8d] [8s]
Baltimorris: bets $6
BuzovaPro: folds
Uncalled bet ($6) returned to Baltimorris
Baltimorris collected $17.64 from pot
*** SUMMARY ***
Total pot $18 | Rake $0.36
Board [Ac 5h 6h 8d 8s]
Seat 1: Baltimorris (big blind) collected ($17.64)
Seat 2: BuzovaPro (button) (small blind) folded on the River


PokerStars Hand #145121166248:  Hold'em Limit ($3/$6 USD) - 2015/12/10 9:27:43 ET
Table 'Tarka III' 2-max Seat #1 is the button
Seat 1: Baltimorris ($137.72 in chips)
Seat 2: BuzovaPro ($139.14 in chips)
Baltimorris: posts small blind $1
BuzovaPro: posts big blind $3
*** HOLE CARDS ***
Baltimorris: raises $3 to $6
BuzovaPro: calls $3
*** FLOP *** [8c 4c Ts]
BuzovaPro: checks
Baltimorris: bets $3
BuzovaPro: calls $3
*** TURN *** [8c 4c Ts] [9d]
BuzovaPro: bets $6
Baltimorris: raises $6 to $12
BuzovaPro: raises $6 to $18
Baltimorris: calls $6
*** RIVER *** [8c 4c Ts 9d] [Ac]
BuzovaPro: bets $6
Baltimorris: calls $6
*** SHOW DOWN ***
BuzovaPro: shows [Jd 7d] (a straight, Seven to Jack)
Baltimorris: mucks hand
BuzovaPro collected $65.50 from pot
*** SUMMARY ***
Total pot $66 | Rake $0.50
Board [8c 4c Ts 9d Ac]
Seat 1: Baltimorris (button) (small blind) mucked
Seat 2: BuzovaPro (big blind) showed [Jd 7d] and won ($65.50) with a straight, Seven to Jack


PokerStars Hand #145121178623:  Hold'em Limit ($3/$6 USD) - 2015/12/10 9:28:01 ET
Table 'Tarka III' 2-max Seat #2 is the button
Seat 1: Baltimorris ($104.72 in chips)
Seat 2: BuzovaPro ($171.64 in chips)
BuzovaPro: posts small blind $1
Baltimorris: posts big blind $3
*** HOLE CARDS ***
BuzovaPro: folds
Uncalled bet ($2) returned to Baltimorris
Baltimorris collected $2 from pot
*** SUMMARY ***
Total pot $2 | Rake $0
Seat 1: Baltimorris (big blind) collected ($2)
Seat 2: BuzovaPro (button) (small blind) folded before Flop


PokerStars Hand #145121181655:  Hold'em Limit ($3/$6 USD) - 2015/12/10 9:28:06 ET
Table 'Tarka III' 2-max Seat #1 is the button
Seat 1: Baltimorris ($105.72 in chips)
Seat 2: BuzovaPro ($170.64 in chips)
Baltimorris: posts small blind $1
BuzovaPro: posts big blind $3
*** HOLE CARDS ***
Baltimorris: raises $3 to $6
BuzovaPro: calls $3
*** FLOP *** [Td 9d Th]
BuzovaPro: checks
Baltimorris: bets $3
BuzovaPro: calls $3
*** TURN *** [Td 9d Th] [4c]
BuzovaPro: checks
Baltimorris: checks
*** RIVER *** [Td 9d Th 4c] [8h]
BuzovaPro: bets $6
Baltimorris: folds
Uncalled bet ($6) returned to BuzovaPro
BuzovaPro collected $17.64 from pot
BuzovaPro: doesn't show hand
*** SUMMARY ***
Total pot $18 | Rake $0.36
Board [Td 9d Th 4c 8h]
Seat 1: Baltimorris (button) (small blind) folded on the River
Seat 2: BuzovaPro (big blind) collected ($17.64)


PokerStars Hand #145121190728:  Hold'em Limit ($3/$6 USD) - 2015/12/10 9:28:19 ET
Table 'Tarka III' 2-max Seat #2 is the button
Seat 1: Baltimorris ($96.72 in chips)
Seat 2: BuzovaPro ($179.28 in chips)
BuzovaPro: posts small blind $1
Baltimorris: posts big blind $3
*** HOLE CARDS ***
BuzovaPro: raises $3 to $6
Baltimorris: calls $3
*** FLOP *** [8s 4h 6d]
Baltimorris: checks
BuzovaPro: checks
*** TURN *** [8s 4h 6d] [Kc]
Baltimorris: bets $6
BuzovaPro: calls $6
*** RIVER *** [8s 4h 6d Kc] [Ah]
Baltimorris: bets $6
BuzovaPro: calls $6
*** SHOW DOWN ***
Baltimorris: shows [Kd 9s] (a pair of Kings)
BuzovaPro: mucks hand
Baltimorris collected $35.50 from pot
*** SUMMARY ***
Total pot $36 | Rake $0.50
Board [8s 4h 6d Kc Ah]
Seat 1: Baltimorris (big blind) showed [Kd 9s] and won ($35.50) with a pair of Kings
Seat 2: BuzovaPro (button) (small blind) mucked


PokerStars Hand #145121199460:  Hold'em Limit ($3/$6 USD) - 2015/12/10 9:28:33 ET
Table 'Tarka III' 2-max Seat #1 is the button
Seat 1: Baltimorris ($114.22 in chips)
Seat 2: BuzovaPro ($161.28 in chips)
Baltimorris: posts small blind $1
BuzovaPro: posts big blind $3
*** HOLE CARDS ***
Baltimorris: raises $3 to $6
BuzovaPro: calls $3
*** FLOP *** [Th 3d Tc]
BuzovaPro: checks
Baltimorris: bets $3
BuzovaPro: calls $3
*** TURN *** [Th 3d Tc] [Kd]
BuzovaPro: checks
Baltimorris: bets $6
BuzovaPro: raises $6 to $12
Baltimorris: calls $6
*** RIVER *** [Th 3d Tc Kd] [5h]
BuzovaPro: bets $6
Baltimorris: folds
Uncalled bet ($6) returned to BuzovaPro
BuzovaPro collected $41.50 from pot
BuzovaPro: doesn't show hand
*** SUMMARY ***
Total pot $42 | Rake $0.50
Board [Th 3d Tc Kd 5h]
Seat 1: Baltimorris (button) (small blind) folded on the River
Seat 2: BuzovaPro (big blind) collected ($41.50)


PokerStars Hand #145121211095:  Hold'em Limit ($3/$6 USD) - 2015/12/10 9:28:50 ET
Table 'Tarka III' 2-max Seat #2 is the button
Seat 1: Baltimorris ($93.22 in chips)
Seat 2: BuzovaPro ($181.78 in chips)
BuzovaPro: posts small blind $1
Baltimorris: posts big blind $3
*** HOLE CARDS ***
BuzovaPro: raises $3 to $6
Baltimorris: calls $3
*** FLOP *** [Qs 8d 8h]
Baltimorris: checks
BuzovaPro: checks
*** TURN *** [Qs 8d 8h] [7h]
Baltimorris: checks
BuzovaPro: bets $6
Baltimorris: folds
Uncalled bet ($6) returned to BuzovaPro
BuzovaPro collected $11.76 from pot
BuzovaPro: doesn't show hand
*** SUMMARY ***
Total pot $12 | Rake $0.24
Board [Qs 8d 8h 7h]
Seat 1: Baltimorris (big blind) folded on the Turn
Seat 2: BuzovaPro (button) (small blind) collected ($11.76)


PokerStars Hand #145121218174:  Hold'em Limit ($3/$6 USD) - 2015/12/10 9:29:01 ET
Table 'Tarka III' 2-max Seat #1 is the button
Seat 1: Baltimorris ($87.22 in chips)
Seat 2: BuzovaPro ($187.54 in chips)
Baltimorris: posts small blind $1
BuzovaPro: posts big blind $3
*** HOLE CARDS ***
Baltimorris: raises $3 to $6
BuzovaPro: raises $3 to $9
Baltimorris: calls $3
*** FLOP *** [9s 9c Th]
BuzovaPro: bets $3
Baltimorris: calls $3
*** TURN *** [9s 9c Th] [Kh]
BuzovaPro: checks
Baltimorris: bets $6
BuzovaPro: calls $6
*** RIVER *** [9s 9c Th Kh] [7h]
BuzovaPro: checks
Baltimorris: bets $6
BuzovaPro: folds
Uncalled bet ($6) returned to Baltimorris
Baltimorris collected $35.50 from pot
*** SUMMARY ***
Total pot $36 | Rake $0.50
Board [9s 9c Th Kh 7h]
Seat 1: Baltimorris (button) (small blind) collected ($35.50)
Seat 2: BuzovaPro (big blind) folded on the River


PokerStars Hand #145121229178:  Hold'em Limit ($3/$6 USD) - 2015/12/10 9:29:18 ET
Table 'Tarka III' 2-max Seat #2 is the button
Seat 1: Baltimorris ($104.72 in chips)
Seat 2: BuzovaPro ($169.54 in chips)
BuzovaPro: posts small blind $1
Baltimorris: posts big blind $3
*** HOLE CARDS ***
BuzovaPro: raises $3 to $6
Baltimorris: calls $3
*** FLOP *** [Qh 8d 2c]
Baltimorris: checks
BuzovaPro: bets $3
Baltimorris: folds
Uncalled bet ($3) returned to BuzovaPro
BuzovaPro collected $11.76 from pot
BuzovaPro: doesn't show hand
*** SUMMARY ***
Total pot $12 | Rake $0.24
Board [Qh 8d 2c]
Seat 1: Baltimorris (big blind) folded on the Flop
Seat 2: BuzovaPro (button) (small blind) collected ($11.76)


PokerStars Hand #145121235411:  Hold'em Limit ($3/$6 USD) - 2015/12/10 9:29:27 ET
Table 'Tarka III' 2-max Seat #1 is the button
Seat 1: Baltimorris ($98.72 in chips)
Seat 2: BuzovaPro ($175.30 in chips)
Baltimorris: posts small blind $1
BuzovaPro: posts big blind $3
*** HOLE CARDS ***
Baltimorris: raises $3 to $6
BuzovaPro: calls $3
*** FLOP *** [Jc Kc Qs]
BuzovaPro: checks
Baltimorris: bets $3
BuzovaPro: calls $3
*** TURN *** [Jc Kc Qs] [4h]
BuzovaPro: checks
Baltimorris: bets $6
BuzovaPro: raises $6 to $12
Baltimorris: calls $6
*** RIVER *** [Jc Kc Qs 4h] [3c]
BuzovaPro: bets $6
Baltimorris: calls $6
*** SHOW DOWN ***
BuzovaPro: shows [5h Kd] (a pair of Kings)
Baltimorris: mucks hand
BuzovaPro collected $53.50 from pot
*** SUMMARY ***
Total pot $54 | Rake $0.50
Board [Jc Kc Qs 4h 3c]
Seat 1: Baltimorris (button) (small blind) mucked
Seat 2: BuzovaPro (big blind) showed [5h Kd] and won ($53.50) with a pair of Kings


PokerStars Hand #145121249346:  Hold'em Limit ($3/$6 USD) - 2015/12/10 9:29:48 ET
Table 'Tarka III' 2-max Seat #2 is the button
Seat 1: Baltimorris ($71.72 in chips)
Seat 2: BuzovaPro ($201.80 in chips)
BuzovaPro: posts small blind $1
Baltimorris: posts big blind $3
*** HOLE CARDS ***
BuzovaPro: raises $3 to $6
Baltimorris: raises $3 to $9
BuzovaPro: calls $3
*** FLOP *** [9d 7d 8d]
Baltimorris: bets $3
BuzovaPro: calls $3
*** TURN *** [9d 7d 8d] [Jd]
Baltimorris: bets $6
BuzovaPro: calls $6
*** RIVER *** [9d 7d 8d Jd] [Js]
Baltimorris: bets $6
BuzovaPro: calls $6
*** SHOW DOWN ***
Baltimorris: shows [Ad As] (a flush, Ace high)
BuzovaPro: mucks hand
Baltimorris collected $47.50 from pot
*** SUMMARY ***
Total pot $48 | Rake $0.50
Board [9d 7d 8d Jd Js]
Seat 1: Baltimorris (big blind) showed [Ad As] and won ($47.50) with a flush, Ace high
Seat 2: BuzovaPro (button) (small blind) mucked


PokerStars Hand #145121259298:  Hold'em Limit ($3/$6 USD) - 2015/12/10 9:30:03 ET
Table 'Tarka III' 2-max Seat #1 is the button
Seat 1: Baltimorris ($95.22 in chips)
Seat 2: BuzovaPro ($177.80 in chips)
Baltimorris: posts small blind $1
BuzovaPro: posts big blind $3
*** HOLE CARDS ***
Baltimorris: raises $3 to $6
BuzovaPro: calls $3
*** FLOP *** [5s Ac Th]
BuzovaPro: checks
Baltimorris: bets $3
BuzovaPro: calls $3
*** TURN *** [5s Ac Th] [Td]
BuzovaPro: checks
Baltimorris: bets $6
BuzovaPro: folds
Uncalled bet ($6) returned to Baltimorris
Baltimorris collected $17.64 from pot
*** SUMMARY ***
Total pot $18 | Rake $0.36
Board [5s Ac Th Td]
Seat 1: Baltimorris (button) (small blind) collected ($17.64)
Seat 2: BuzovaPro (big blind) folded on the Turn


PokerStars Hand #145121268063:  Hold'em Limit ($3/$6 USD) - 2015/12/10 9:30:16 ET
Table 'Tarka III' 2-max Seat #2 is the button
Seat 1: Baltimorris ($103.86 in chips)
Seat 2: BuzovaPro ($168.80 in chips)
BuzovaPro: posts small blind $1
Baltimorris: posts big blind $3
*** HOLE CARDS ***
BuzovaPro: raises $3 to $6
Baltimorris: raises $3 to $9
BuzovaPro: calls $3
*** FLOP *** [5h 7s Ks]
Baltimorris: bets $3
BuzovaPro: calls $3
*** TURN *** [5h 7s Ks] [6h]
Baltimorris: bets $6
BuzovaPro: raises $6 to $12
Baltimorris: calls $6
*** RIVER *** [5h 7s Ks 6h] [Jd]
Baltimorris: checks
BuzovaPro: bets $6
Baltimorris: calls $6
*** SHOW DOWN ***
BuzovaPro: shows [Kh As] (a pair of Kings)
Baltimorris: mucks hand
BuzovaPro collected $59.50 from pot
*** SUMMARY ***
Total pot $60 | Rake $0.50
Board [5h 7s Ks 6h Jd]
Seat 1: Baltimorris (big blind) mucked
Seat 2: BuzovaPro (button) (small blind) showed [Kh As] and won ($59.50) with a pair of Kings


PokerStars Hand #145121322683:  Hold'em Limit ($3/$6 USD) - 2015/12/10 9:31:38 ET
Table 'Tarka III' 2-max Seat #2 is the button
Seat 1: Baltimorris ($94.36 in chips)
Seat 2: BuzovaPro ($177.30 in chips)
BuzovaPro: posts small blind $1
Baltimorris: posts big blind $3
*** HOLE CARDS ***
BuzovaPro: folds
Uncalled bet ($2) returned to Baltimorris
Baltimorris collected $2 from pot
*** SUMMARY ***
Total pot $2 | Rake $0
Seat 1: Baltimorris (big blind) collected ($2)
Seat 2: BuzovaPro (button) (small blind) folded before Flop


PokerStars Hand #145121279339:  Hold'em Limit ($3/$6 USD) - 2015/12/10 9:30:33 ET
Table 'Tarka III' 2-max Seat #1 is the button
Seat 1: Baltimorris ($73.86 in chips)
Seat 2: BuzovaPro ($198.30 in chips)
Baltimorris: posts small blind $1
BuzovaPro: posts big blind $3
*** HOLE CARDS ***
Baltimorris: raises $3 to $6
BuzovaPro: calls $3
*** FLOP *** [9d Ad 7d]
BuzovaPro is connected
BuzovaPro: checks
Baltimorris: bets $3
BuzovaPro: calls $3
*** TURN *** [9d Ad 7d] [6c]
BuzovaPro: checks
Baltimorris: bets $6
BuzovaPro: calls $6
*** RIVER *** [9d Ad 7d 6c] [Ah]
BuzovaPro: checks
Baltimorris: bets $6
BuzovaPro: calls $6
*** SHOW DOWN ***
Baltimorris: shows [9h 8c] (two pair, Aces and Nines)
BuzovaPro: mucks hand
Baltimorris collected $41.50 from pot
*** SUMMARY ***
Total pot $42 | Rake $0.50
Board [9d Ad 7d 6c Ah]
Seat 1: Baltimorris (button) (small blind) showed [9h 8c] and won ($41.50) with two pair, Aces and Nines
Seat 2: BuzovaPro (big blind) mucked


PokerStars Hand #145121367482:  Hold'em Limit ($3/$6 USD) - 2015/12/10 9:32:45 ET
Table 'Tarka III' 2-max Seat #2 is the button
Seat 1: Baltimorris ($51.36 in chips)
Seat 2: BuzovaPro ($219.06 in chips)
BuzovaPro: posts small blind $1
Baltimorris: posts big blind $3
*** HOLE CARDS ***
BuzovaPro: folds
Uncalled bet ($2) returned to Baltimorris
Baltimorris collected $2 from pot
*** SUMMARY ***
Total pot $2 | Rake $0
Seat 1: Baltimorris (big blind) collected ($2)
Seat 2: BuzovaPro (button) (small blind) folded before Flop


PokerStars Hand #145121360847:  Hold'em Limit ($3/$6 USD) - 2015/12/10 9:32:35 ET
Table 'Tarka III' 2-max Seat #1 is the button
Seat 1: Baltimorris ($48.36 in chips)
Seat 2: BuzovaPro ($222.06 in chips)
Baltimorris: posts small blind $1
BuzovaPro: posts big blind $3
*** HOLE CARDS ***
Baltimorris: raises $3 to $6
BuzovaPro: folds
Uncalled bet ($3) returned to Baltimorris
Baltimorris collected $6 from pot
*** SUMMARY ***
Total pot $6 | Rake $0
Seat 1: Baltimorris (button) (small blind) collected ($6)
Seat 2: BuzovaPro (big blind) folded before Flop


PokerStars Hand #145121356947:  Hold'em Limit ($3/$6 USD) - 2015/12/10 9:32:29 ET
Table 'Tarka III' 2-max Seat #2 is the button
Seat 1: Baltimorris ($47.36 in chips)
Seat 2: BuzovaPro ($223.06 in chips)
BuzovaPro: posts small blind $1
Baltimorris: posts big blind $3
*** HOLE CARDS ***
BuzovaPro: folds
Uncalled bet ($2) returned to Baltimorris
Baltimorris collected $2 from pot
*** SUMMARY ***
Total pot $2 | Rake $0
Seat 1: Baltimorris (big blind) collected ($2)
Seat 2: BuzovaPro (button) (small blind) folded before Flop


PokerStars Hand #145121345391:  Hold'em Limit ($3/$6 USD) - 2015/12/10 9:32:12 ET
Table 'Tarka III' 2-max Seat #1 is the button
Seat 1: Baltimorris ($71.36 in chips)
Seat 2: BuzovaPro ($199.56 in chips)
Baltimorris: posts small blind $1
BuzovaPro: posts big blind $3
*** HOLE CARDS ***
Baltimorris: raises $3 to $6
BuzovaPro: calls $3
*** FLOP *** [3c Ac Ks]
BuzovaPro: checks
Baltimorris: bets $3
BuzovaPro: raises $3 to $6
Baltimorris: calls $3
*** TURN *** [3c Ac Ks] [4s]
BuzovaPro: bets $6
Baltimorris: calls $6
*** RIVER *** [3c Ac Ks 4s] [2h]
BuzovaPro: bets $6
Baltimorris: calls $6
*** SHOW DOWN ***
BuzovaPro: shows [5s 2s] (a straight, Ace to Five)
Baltimorris: mucks hand
BuzovaPro collected $47.50 from pot
*** SUMMARY ***
Total pot $48 | Rake $0.50
Board [3c Ac Ks 4s 2h]
Seat 1: Baltimorris (button) (small blind) mucked
Seat 2: BuzovaPro (big blind) showed [5s 2s] and won ($47.50) with a straight, Ace to Five


PokerStars Hand #145121336131:  Hold'em Limit ($3/$6 USD) - 2015/12/10 9:31:58 ET
Table 'Tarka III' 2-max Seat #2 is the button
Seat 1: Baltimorris ($77.36 in chips)
Seat 2: BuzovaPro ($193.80 in chips)
BuzovaPro: posts small blind $1
Baltimorris: posts big blind $3
*** HOLE CARDS ***
BuzovaPro: raises $3 to $6
Baltimorris: calls $3
*** FLOP *** [5h Qh 2d]
Baltimorris: checks
BuzovaPro: checks
*** TURN *** [5h Qh 2d] [3d]
Baltimorris: checks
BuzovaPro: bets $6
Baltimorris: folds
Uncalled bet ($6) returned to BuzovaPro
BuzovaPro collected $11.76 from pot
BuzovaPro: doesn't show hand
*** SUMMARY ***
Total pot $12 | Rake $0.24
Board [5h Qh 2d 3d]
Seat 1: Baltimorris (big blind) folded on the Turn
Seat 2: BuzovaPro (button) (small blind) collected ($11.76)


PokerStars Hand #145121325746:  Hold'em Limit ($3/$6 USD) - 2015/12/10 9:31:42 ET
Table 'Tarka III' 2-max Seat #1 is the button
Seat 1: Baltimorris ($95.36 in chips)
Seat 2: BuzovaPro ($176.30 in chips)
Baltimorris: posts small blind $1
BuzovaPro: posts big blind $3
*** HOLE CARDS ***
Baltimorris: raises $3 to $6
BuzovaPro: raises $3 to $9
Baltimorris: calls $3
*** FLOP *** [3c 7s 9d]
BuzovaPro: bets $3
Baltimorris: calls $3
*** TURN *** [3c 7s 9d] [Tc]
BuzovaPro: bets $6
Baltimorris: calls $6
*** RIVER *** [3c 7s 9d Tc] [Kd]
BuzovaPro: checks
Baltimorris: checks
*** SHOW DOWN ***
BuzovaPro: shows [7h 7d] (three of a kind, Sevens)
Baltimorris: mucks hand
BuzovaPro collected $35.50 from pot
*** SUMMARY ***
Total pot $36 | Rake $0.50
Board [3c 7s 9d Tc Kd]
Seat 1: Baltimorris (button) (small blind) mucked
Seat 2: BuzovaPro (big blind) showed [7h 7d] and won ($35.50) with three of a kind, Sevens


PokerStars Hand #145121396866:  Hold'em Limit ($3/$6 USD) - 2015/12/10 9:33:28 ET
Table 'Tarka III' 2-max Seat #2 is the button
Seat 1: Baltimorris ($85.50 in chips)
Seat 2: BuzovaPro ($184.06 in chips)
BuzovaPro: posts small blind $1
Baltimorris: posts big blind $3
*** HOLE CARDS ***
BuzovaPro: raises $3 to $6
Baltimorris: calls $3
*** FLOP *** [3s Kd 6s]
Baltimorris: checks
BuzovaPro: bets $3
Baltimorris: calls $3
*** TURN *** [3s Kd 6s] [8h]
Baltimorris: checks
BuzovaPro: bets $6
Baltimorris: calls $6
*** RIVER *** [3s Kd 6s 8h] [Js]
Baltimorris: checks
BuzovaPro: bets $6
Baltimorris: calls $6
*** SHOW DOWN ***
BuzovaPro: shows [Ks Ad] (a pair of Kings)
Baltimorris: mucks hand
BuzovaPro collected $41.50 from pot
*** SUMMARY ***
Total pot $42 | Rake $0.50
Board [3s Kd 6s 8h Js]
Seat 1: Baltimorris (big blind) mucked
Seat 2: BuzovaPro (button) (small blind) showed [Ks Ad] and won ($41.50) with a pair of Kings


PokerStars Hand #145121386899:  Hold'em Limit ($3/$6 USD) - 2015/12/10 9:33:13 ET
Table 'Tarka III' 2-max Seat #1 is the button
Seat 1: Baltimorris ($76.86 in chips)
Seat 2: BuzovaPro ($193.06 in chips)
Baltimorris: posts small blind $1
BuzovaPro: posts big blind $3
*** HOLE CARDS ***
Baltimorris: raises $3 to $6
BuzovaPro: calls $3
*** FLOP *** [Kh 7c 6h]
BuzovaPro: checks
Baltimorris: bets $3
BuzovaPro: calls $3
*** TURN *** [Kh 7c 6h] [Td]
BuzovaPro: checks
Baltimorris: bets $6
BuzovaPro: folds
Uncalled bet ($6) returned to Baltimorris
Baltimorris collected $17.64 from pot
*** SUMMARY ***
Total pot $18 | Rake $0.36
Board [Kh 7c 6h Td]
Seat 1: Baltimorris (button) (small blind) collected ($17.64)
Seat 2: BuzovaPro (big blind) folded on the Turn


PokerStars Hand #145121383604:  Hold'em Limit ($3/$6 USD) - 2015/12/10 9:33:08 ET
Table 'Tarka III' 2-max Seat #2 is the button
Seat 1: Baltimorris ($75.86 in chips)
Seat 2: BuzovaPro ($194.06 in chips)
BuzovaPro: posts small blind $1
Baltimorris: posts big blind $3
*** HOLE CARDS ***
BuzovaPro: folds
Uncalled bet ($2) returned to Baltimorris
Baltimorris collected $2 from pot
*** SUMMARY ***
Total pot $2 | Rake $0
Seat 1: Baltimorris (big blind) collected ($2)
Seat 2: BuzovaPro (button) (small blind) folded before Flop


PokerStars Hand #145121370563:  Hold'em Limit ($3/$6 USD) - 2015/12/10 9:32:49 ET
Table 'Tarka III' 2-max Seat #1 is the button
Seat 1: Baltimorris ($52.36 in chips)
Seat 2: BuzovaPro ($218.06 in chips)
Baltimorris: posts small blind $1
BuzovaPro: posts big blind $3
*** HOLE CARDS ***
Baltimorris: raises $3 to $6
BuzovaPro: calls $3
*** FLOP *** [8d 3d 6s]
BuzovaPro: checks
Baltimorris: bets $3
BuzovaPro: raises $3 to $6
Baltimorris: calls $3
*** TURN *** [8d 3d 6s] [5d]
BuzovaPro: bets $6
Baltimorris: calls $6
*** RIVER *** [8d 3d 6s 5d] [9s]
BuzovaPro: checks
Baltimorris: bets $6
BuzovaPro: calls $6
*** SHOW DOWN ***
Baltimorris: shows [7s Td] (a straight, Six to Ten)
BuzovaPro: mucks hand
Baltimorris collected $47.50 from pot
*** SUMMARY ***
Total pot $48 | Rake $0.50
Board [8d 3d 6s 5d 9s]
Seat 1: Baltimorris (button) (small blind) showed [7s Td] and won ($47.50) with a straight, Six to Ten
Seat 2: BuzovaPro (big blind) mucked


PokerStars Hand #145121451466:  Hold'em Limit ($3/$6 USD) - 2015/12/10 9:34:49 ET
Table 'Tarka III' 2-max Seat #1 is the button
Seat 1: Baltimorris ($61.76 in chips)
Seat 2: BuzovaPro ($206.06 in chips)
Baltimorris: posts small blind $1
BuzovaPro: posts big blind $3
*** HOLE CARDS ***
Baltimorris: raises $3 to $6
BuzovaPro: folds
Uncalled bet ($3) returned to Baltimorris
Baltimorris collected $6 from pot
*** SUMMARY ***
Total pot $6 | Rake $0
Seat 1: Baltimorris (button) (small blind) collected ($6)
Seat 2: BuzovaPro (big blind) folded before Flop


PokerStars Hand #145121436373:  Hold'em Limit ($3/$6 USD) - 2015/12/10 9:34:27 ET
Table 'Tarka III' 2-max Seat #2 is the button
Seat 1: Baltimorris ($44.26 in chips)
Seat 2: BuzovaPro ($224.06 in chips)
BuzovaPro: posts small blind $1
Baltimorris: posts big blind $3
*** HOLE CARDS ***
BuzovaPro: raises $3 to $6
Baltimorris: calls $3
*** FLOP *** [6s Qh As]
Baltimorris: checks
BuzovaPro: bets $3
Baltimorris: raises $3 to $6
BuzovaPro: calls $3
*** TURN *** [6s Qh As] [7h]
Baltimorris: bets $6
BuzovaPro: calls $6
*** RIVER *** [6s Qh As 7h] [2s]
Baltimorris: bets $6
BuzovaPro: folds
Uncalled bet ($6) returned to Baltimorris
Baltimorris collected $35.50 from pot
*** SUMMARY ***
Total pot $36 | Rake $0.50
Board [6s Qh As 7h 2s]
Seat 1: Baltimorris (big blind) collected ($35.50)
Seat 2: BuzovaPro (button) (small blind) folded on the River


PokerStars Hand #145121433488:  Hold'em Limit ($3/$6 USD) - 2015/12/10 9:34:22 ET
Table 'Tarka III' 2-max Seat #1 is the button
Seat 1: Baltimorris ($45.26 in chips)
Seat 2: BuzovaPro ($223.06 in chips)
Baltimorris: posts small blind $1
BuzovaPro: posts big blind $3
*** HOLE CARDS ***
Baltimorris: folds
Uncalled bet ($2) returned to BuzovaPro
BuzovaPro collected $2 from pot
BuzovaPro: doesn't show hand
*** SUMMARY ***
Total pot $2 | Rake $0
Seat 1: Baltimorris (button) (small blind) folded before Flop
Seat 2: BuzovaPro (big blind) collected ($2)


PokerStars Hand #145121430057:  Hold'em Limit ($3/$6 USD) - 2015/12/10 9:34:17 ET
Table 'Tarka III' 2-max Seat #2 is the button
Seat 1: Baltimorris ($44.26 in chips)
Seat 2: BuzovaPro ($224.06 in chips)
BuzovaPro: posts small blind $1
Baltimorris: posts big blind $3
*** HOLE CARDS ***
BuzovaPro: folds
Uncalled bet ($2) returned to Baltimorris
Baltimorris collected $2 from pot
*** SUMMARY ***
Total pot $2 | Rake $0
Seat 1: Baltimorris (big blind) collected ($2)
Seat 2: BuzovaPro (button) (small blind) folded before Flop


PokerStars Hand #145121423823:  Hold'em Limit ($3/$6 USD) - 2015/12/10 9:34:08 ET
Table 'Tarka III' 2-max Seat #1 is the button
Seat 1: Baltimorris ($38.50 in chips)
Seat 2: BuzovaPro ($230.06 in chips)
Baltimorris: posts small blind $1
BuzovaPro: posts big blind $3
*** HOLE CARDS ***
Baltimorris: raises $3 to $6
BuzovaPro: calls $3
*** FLOP *** [Ad Kh 3s]
BuzovaPro: checks
Baltimorris: bets $3
BuzovaPro: folds
Uncalled bet ($3) returned to Baltimorris
Baltimorris collected $11.76 from pot
*** SUMMARY ***
Total pot $12 | Rake $0.24
Board [Ad Kh 3s]
Seat 1: Baltimorris (button) (small blind) collected ($11.76)
Seat 2: BuzovaPro (big blind) folded on the Flop


PokerStars Hand #145121420653:  Hold'em Limit ($3/$6 USD) - 2015/12/10 9:34:03 ET
Table 'Tarka III' 2-max Seat #2 is the button
Seat 1: Baltimorris ($37.50 in chips)
Seat 2: BuzovaPro ($231.06 in chips)
BuzovaPro: posts small blind $1
Baltimorris: posts big blind $3
*** HOLE CARDS ***
BuzovaPro: folds
Uncalled bet ($2) returned to Baltimorris
Baltimorris collected $2 from pot
*** SUMMARY ***
Total pot $2 | Rake $0
Seat 1: Baltimorris (big blind) collected ($2)
Seat 2: BuzovaPro (button) (small blind) folded before Flop


PokerStars Hand #145121406333:  Hold'em Limit ($3/$6 USD) - 2015/12/10 9:33:42 ET
Table 'Tarka III' 2-max Seat #1 is the button
Seat 1: Baltimorris ($64.50 in chips)
Seat 2: BuzovaPro ($204.56 in chips)
Baltimorris: posts small blind $1
BuzovaPro: posts big blind $3
*** HOLE CARDS ***
Baltimorris: raises $3 to $6
BuzovaPro: calls $3
*** FLOP *** [8h Qd Js]
BuzovaPro: checks
Baltimorris: bets $3
BuzovaPro: calls $3
*** TURN *** [8h Qd Js] [8d]
BuzovaPro: checks
Baltimorris: bets $6
BuzovaPro: raises $6 to $12
Baltimorris: calls $6
*** RIVER *** [8h Qd Js 8d] [7h]
BuzovaPro: bets $6
Baltimorris: calls $6
*** SHOW DOWN ***
BuzovaPro: shows [Ks 8c] (three of a kind, Eights)
Baltimorris: mucks hand
BuzovaPro collected $53.50 from pot
*** SUMMARY ***
Total pot $54 | Rake $0.50
Board [8h Qd Js 8d 7h]
Seat 1: Baltimorris (button) (small blind) mucked
Seat 2: BuzovaPro (big blind) showed [Ks 8c] and won ($53.50) with three of a kind, Eights


PokerStars Hand #145121488598:  Hold'em Limit ($3/$6 USD) - 2015/12/10 9:35:44 ET
Table 'Tarka III' 2-max Seat #2 is the button
Seat 1: Baltimorris ($74.78 in chips)
Seat 2: BuzovaPro ($191.56 in chips)
BuzovaPro: posts small blind $1
Baltimorris: posts big blind $3
*** HOLE CARDS ***
BuzovaPro: folds
Uncalled bet ($2) returned to Baltimorris
Baltimorris collected $2 from pot
*** SUMMARY ***
Total pot $2 | Rake $0
Seat 1: Baltimorris (big blind) collected ($2)
Seat 2: BuzovaPro (button) (small blind) folded before Flop


PokerStars Hand #145121485618:  Hold'em Limit ($3/$6 USD) - 2015/12/10 9:35:40 ET
Table 'Tarka III' 2-max Seat #1 is the button
Seat 1: Baltimorris ($75.78 in chips)
Seat 2: BuzovaPro ($190.56 in chips)
Baltimorris: posts small blind $1
BuzovaPro: posts big blind $3
*** HOLE CARDS ***
Baltimorris: folds
Uncalled bet ($2) returned to BuzovaPro
BuzovaPro collected $2 from pot
BuzovaPro: doesn't show hand
*** SUMMARY ***
Total pot $2 | Rake $0
Seat 1: Baltimorris (button) (small blind) folded before Flop
Seat 2: BuzovaPro (big blind) collected ($2)


PokerStars Hand #145121478166:  Hold'em Limit ($3/$6 USD) - 2015/12/10 9:35:29 ET
Table 'Tarka III' 2-max Seat #2 is the button
Seat 1: Baltimorris ($64.26 in chips)
Seat 2: BuzovaPro ($202.56 in chips)
BuzovaPro: posts small blind $1
Baltimorris: posts big blind $3
*** HOLE CARDS ***
BuzovaPro: raises $3 to $6
Baltimorris: raises $3 to $9
BuzovaPro: calls $3
*** FLOP *** [6h Jd 8s]
Baltimorris: bets $3
BuzovaPro: calls $3
*** TURN *** [6h Jd 8s] [6c]
Baltimorris: bets $6
BuzovaPro: folds
Uncalled bet ($6) returned to Baltimorris
Baltimorris collected $23.52 from pot
*** SUMMARY ***
Total pot $24 | Rake $0.48
Board [6h Jd 8s 6c]
Seat 1: Baltimorris (big blind) collected ($23.52)
Seat 2: BuzovaPro (button) (small blind) folded on the Turn


PokerStars Hand #145121467779:  Hold'em Limit ($3/$6 USD) - 2015/12/10 9:35:13 ET
Table 'Tarka III' 2-max Seat #1 is the button
Seat 1: Baltimorris ($43.76 in chips)
Seat 2: BuzovaPro ($223.56 in chips)
Baltimorris: posts small blind $1
BuzovaPro: posts big blind $3
*** HOLE CARDS ***
Baltimorris: raises $3 to $6
BuzovaPro: calls $3
*** FLOP *** [Ts 9c Jd]
BuzovaPro: checks
Baltimorris: bets $3
BuzovaPro: calls $3
*** TURN *** [Ts 9c Jd] [6s]
BuzovaPro: checks
Baltimorris: bets $6
BuzovaPro: calls $6
*** RIVER *** [Ts 9c Jd 6s] [7c]
BuzovaPro: checks
Baltimorris: bets $6
BuzovaPro: calls $6
*** SHOW DOWN ***
Baltimorris: shows [9s 8c] (a straight, Seven to Jack)
BuzovaPro: mucks hand
Baltimorris collected $41.50 from pot
*** SUMMARY ***
Total pot $42 | Rake $0.50
Board [Ts 9c Jd 6s 7c]
Seat 1: Baltimorris (button) (small blind) showed [9s 8c] and won ($41.50) with a straight, Seven to Jack
Seat 2: BuzovaPro (big blind) mucked


PokerStars Hand #145121455125:  Hold'em Limit ($3/$6 USD) - 2015/12/10 9:34:54 ET
Table 'Tarka III' 2-max Seat #2 is the button
Seat 1: Baltimorris ($64.76 in chips)
Seat 2: BuzovaPro ($203.06 in chips)
BuzovaPro: posts small blind $1
Baltimorris: posts big blind $3
*** HOLE CARDS ***
BuzovaPro: raises $3 to $6
Baltimorris: calls $3
*** FLOP *** [3s 3h Qs]
Baltimorris: checks
BuzovaPro: bets $3
Baltimorris: calls $3
*** TURN *** [3s 3h Qs] [6d]
Baltimorris: checks
BuzovaPro: bets $6
Baltimorris: calls $6
*** RIVER *** [3s 3h Qs 6d] [Td]
Baltimorris: checks
BuzovaPro: bets $6
Baltimorris: calls $6
*** SHOW DOWN ***
BuzovaPro: shows [4c 6h] (two pair, Sixes and Threes)
Baltimorris: mucks hand
BuzovaPro collected $41.50 from pot
*** SUMMARY ***
Total pot $42 | Rake $0.50
Board [3s 3h Qs 6d Td]
Seat 1: Baltimorris (big blind) mucked
Seat 2: BuzovaPro (button) (small blind) showed [4c 6h] and won ($41.50) with two pair, Sixes and Threes


PokerStars Hand #145121521432:  Hold'em Limit ($3/$6 USD) - 2015/12/10 9:36:32 ET
Table 'Tarka III' 2-max Seat #2 is the button
Seat 1: Baltimorris ($48.42 in chips)
Seat 2: BuzovaPro ($216.56 in chips)
BuzovaPro: posts small blind $1
Baltimorris: posts big blind $3
*** HOLE CARDS ***
BuzovaPro: raises $3 to $6
Baltimorris: calls $3
*** FLOP *** [7s 6c 9h]
Baltimorris: checks
BuzovaPro: bets $3
Baltimorris: raises $3 to $6
BuzovaPro: calls $3
*** TURN *** [7s 6c 9h] [3h]
Baltimorris: bets $6
BuzovaPro: calls $6
*** RIVER *** [7s 6c 9h 3h] [Tc]
Baltimorris: bets $6
BuzovaPro: calls $6
*** SHOW DOWN ***
Baltimorris: shows [3c 9d] (two pair, Nines and Threes)
BuzovaPro: mucks hand
Baltimorris collected $47.50 from pot
*** SUMMARY ***
Total pot $48 | Rake $0.50
Board [7s 6c 9h 3h Tc]
Seat 1: Baltimorris (big blind) showed [3c 9d] and won ($47.50) with two pair, Nines and Threes
Seat 2: BuzovaPro (button) (small blind) mucked


PokerStars Hand #145121510308:  Hold'em Limit ($3/$6 USD) - 2015/12/10 9:36:16 ET
Table 'Tarka III' 2-max Seat #1 is the button
Seat 1: Baltimorris ($63.42 in chips)
Seat 2: BuzovaPro ($202.06 in chips)
Baltimorris: posts small blind $1
BuzovaPro: posts big blind $3
*** HOLE CARDS ***
Baltimorris: raises $3 to $6
BuzovaPro: calls $3
*** FLOP *** [Th 6h 9d]
BuzovaPro: checks
Baltimorris: bets $3
BuzovaPro: calls $3
*** TURN *** [Th 6h 9d] [Ac]
BuzovaPro: checks
Baltimorris: bets $6
BuzovaPro: calls $6
*** RIVER *** [Th 6h 9d Ac] [3c]
BuzovaPro: checks
Baltimorris: checks
*** SHOW DOWN ***
BuzovaPro: shows [6d 8h] (a pair of Sixes)
Baltimorris: mucks hand
BuzovaPro collected $29.50 from pot
*** SUMMARY ***
Total pot $30 | Rake $0.50
Board [Th 6h 9d Ac 3c]
Seat 1: Baltimorris (button) (small blind) mucked
Seat 2: BuzovaPro (big blind) showed [6d 8h] and won ($29.50) with a pair of Sixes


PokerStars Hand #145121504533:  Hold'em Limit ($3/$6 USD) - 2015/12/10 9:36:07 ET
Table 'Tarka III' 2-max Seat #2 is the button
Seat 1: Baltimorris ($54.78 in chips)
Seat 2: BuzovaPro ($211.06 in chips)
BuzovaPro: posts small blind $1
Baltimorris: posts big blind $3
*** HOLE CARDS ***
BuzovaPro: raises $3 to $6
Baltimorris: raises $3 to $9
BuzovaPro: calls $3
*** FLOP *** [4d 9s Jh]
Baltimorris: bets $3
BuzovaPro: folds
Uncalled bet ($3) returned to Baltimorris
Baltimorris collected $17.64 from pot
*** SUMMARY ***
Total pot $18 | Rake $0.36
Board [4d 9s Jh]
Seat 1: Baltimorris (big blind) collected ($17.64)
Seat 2: BuzovaPro (button) (small blind) folded on the Flop


PokerStars Hand #145121491630:  Hold'em Limit ($3/$6 USD) - 2015/12/10 9:35:48 ET
Table 'Tarka III' 2-max Seat #1 is the button
Seat 1: Baltimorris ($75.78 in chips)
Seat 2: BuzovaPro ($190.56 in chips)
Baltimorris: posts small blind $1
BuzovaPro: posts big blind $3
*** HOLE CARDS ***
Baltimorris: raises $3 to $6
BuzovaPro: calls $3
*** FLOP *** [3d 4h Jd]
BuzovaPro: checks
Baltimorris: bets $3
BuzovaPro: calls $3
*** TURN *** [3d 4h Jd] [Qs]
BuzovaPro: checks
Baltimorris: bets $6
BuzovaPro: raises $6 to $12
Baltimorris: calls $6
*** RIVER *** [3d 4h Jd Qs] [2c]
BuzovaPro: bets $6
Baltimorris: folds
Uncalled bet ($6) returned to BuzovaPro
BuzovaPro collected $41.50 from pot
BuzovaPro: doesn't show hand
*** SUMMARY ***
Total pot $42 | Rake $0.50
Board [3d 4h Jd Qs 2c]
Seat 1: Baltimorris (button) (small blind) folded on the River
Seat 2: BuzovaPro (big blind) collected ($41.50)


PokerStars Hand #145121567781:  Hold'em Limit ($3/$6 USD) - 2015/12/10 9:37:41 ET
Table 'Tarka III' 2-max Seat #1 is the button
Seat 1: Baltimorris ($21.92 in chips)
Seat 2: BuzovaPro ($241.06 in chips)
Baltimorris: posts small blind $1
BuzovaPro: posts big blind $3
*** HOLE CARDS ***
Baltimorris: raises $3 to $6
BuzovaPro: folds
Uncalled bet ($3) returned to Baltimorris
Baltimorris collected $6 from pot
*** SUMMARY ***
Total pot $6 | Rake $0
Seat 1: Baltimorris (button) (small blind) collected ($6)
Seat 2: BuzovaPro (big blind) folded before Flop


PokerStars Hand #145121556787:  Hold'em Limit ($3/$6 USD) - 2015/12/10 9:37:25 ET
Table 'Tarka III' 2-max Seat #2 is the button
Seat 1: Baltimorris ($42.92 in chips)
Seat 2: BuzovaPro ($220.56 in chips)
BuzovaPro: posts small blind $1
Baltimorris: posts big blind $3
*** HOLE CARDS ***
BuzovaPro: raises $3 to $6
Baltimorris: calls $3
*** FLOP *** [9d Qs 3c]
Baltimorris: checks
BuzovaPro: bets $3
Baltimorris: calls $3
*** TURN *** [9d Qs 3c] [Tc]
Baltimorris: checks
BuzovaPro: bets $6
Baltimorris: calls $6
*** RIVER *** [9d Qs 3c Tc] [5h]
Baltimorris: checks
BuzovaPro: bets $6
Baltimorris: calls $6
*** SHOW DOWN ***
BuzovaPro: shows [Kc Jd] (a straight, Nine to King)
Baltimorris: mucks hand
BuzovaPro collected $41.50 from pot
*** SUMMARY ***
Total pot $42 | Rake $0.50
Board [9d Qs 3c Tc 5h]
Seat 1: Baltimorris (big blind) mucked
Seat 2: BuzovaPro (button) (small blind) showed [Kc Jd] and won ($41.50) with a straight, Nine to King


PokerStars Hand #145121544337:  Hold'em Limit ($3/$6 USD) - 2015/12/10 9:37:06 ET
Table 'Tarka III' 2-max Seat #1 is the button
Seat 1: Baltimorris ($57.92 in chips)
Seat 2: BuzovaPro ($206.06 in chips)
Baltimorris: posts small blind $1
BuzovaPro: posts big blind $3
*** HOLE CARDS ***
Baltimorris: raises $3 to $6
BuzovaPro: calls $3
*** FLOP *** [3c Ah 6d]
BuzovaPro: checks
Baltimorris: bets $3
BuzovaPro: calls $3
*** TURN *** [3c Ah 6d] [Ac]
BuzovaPro: checks
Baltimorris: bets $6
BuzovaPro: calls $6
*** RIVER *** [3c Ah 6d Ac] [Ts]
BuzovaPro: checks
Baltimorris: checks
*** SHOW DOWN ***
BuzovaPro: shows [Kh 7c] (a pair of Aces)
Baltimorris: mucks hand
BuzovaPro collected $29.50 from pot
*** SUMMARY ***
Total pot $30 | Rake $0.50
Board [3c Ah 6d Ac Ts]
Seat 1: Baltimorris (button) (small blind) mucked
Seat 2: BuzovaPro (big blind) showed [Kh 7c] and won ($29.50) with a pair of Aces


PokerStars Hand #145121541007:  Hold'em Limit ($3/$6 USD) - 2015/12/10 9:37:01 ET
Table 'Tarka III' 2-max Seat #2 is the button
Seat 1: Baltimorris ($56.92 in chips)
Seat 2: BuzovaPro ($207.06 in chips)
BuzovaPro: posts small blind $1
Baltimorris: posts big blind $3
*** HOLE CARDS ***
BuzovaPro: folds
Uncalled bet ($2) returned to Baltimorris
Baltimorris collected $2 from pot
*** SUMMARY ***
Total pot $2 | Rake $0
Seat 1: Baltimorris (big blind) collected ($2)
Seat 2: BuzovaPro (button) (small blind) folded before Flop


PokerStars Hand #145121530419:  Hold'em Limit ($3/$6 USD) - 2015/12/10 9:36:45 ET
Table 'Tarka III' 2-max Seat #1 is the button
Seat 1: Baltimorris ($71.92 in chips)
Seat 2: BuzovaPro ($192.56 in chips)
Baltimorris: posts small blind $1
BuzovaPro: posts big blind $3
*** HOLE CARDS ***
Baltimorris: raises $3 to $6
BuzovaPro: calls $3
*** FLOP *** [Ts 8c 5c]
BuzovaPro: checks
Baltimorris: bets $3
BuzovaPro: calls $3
*** TURN *** [Ts 8c 5c] [7c]
BuzovaPro: checks
Baltimorris: checks
*** RIVER *** [Ts 8c 5c 7c] [2d]
BuzovaPro: bets $6
Baltimorris: calls $6
*** SHOW DOWN ***
BuzovaPro: shows [6c 4d] (a straight, Four to Eight)
Baltimorris: mucks hand
BuzovaPro collected $29.50 from pot
*** SUMMARY ***
Total pot $30 | Rake $0.50
Board [Ts 8c 5c 7c 2d]
Seat 1: Baltimorris (button) (small blind) mucked
Seat 2: BuzovaPro (big blind) showed [6c 4d] and won ($29.50) with a straight, Four to Eight


PokerStars Hand #145121604078:  Hold'em Limit ($3/$6 USD) - 2015/12/10 9:38:35 ET
Table 'Tarka III' 2-max Seat #2 is the button
Seat 1: Baltimorris ($51.84 in chips)
Seat 2: BuzovaPro ($209.78 in chips)
BuzovaPro: posts small blind $1
Baltimorris: posts big blind $3
*** HOLE CARDS ***
BuzovaPro: raises $3 to $6
Baltimorris: raises $3 to $9
BuzovaPro: calls $3
*** FLOP *** [3c 2h 6c]
Baltimorris: bets $3
BuzovaPro: raises $3 to $6
Baltimorris: raises $3 to $9
BuzovaPro: calls $3
*** TURN *** [3c 2h 6c] [7c]
Baltimorris: bets $6
BuzovaPro: calls $6
*** RIVER *** [3c 2h 6c 7c] [5s]
Baltimorris: bets $6
BuzovaPro: calls $6
*** SHOW DOWN ***
Baltimorris: shows [Ah As] (a pair of Aces)
BuzovaPro: mucks hand
Baltimorris collected $59.50 from pot
*** SUMMARY ***
Total pot $60 | Rake $0.50
Board [3c 2h 6c 7c 5s]
Seat 1: Baltimorris (big blind) showed [Ah As] and won ($59.50) with a pair of Aces
Seat 2: BuzovaPro (button) (small blind) mucked


PokerStars Hand #145121595400:  Hold'em Limit ($3/$6 USD) - 2015/12/10 9:38:22 ET
Table 'Tarka III' 2-max Seat #1 is the button
Seat 1: Baltimorris ($37.34 in chips)
Seat 2: BuzovaPro ($224.78 in chips)
Baltimorris: posts small blind $1
BuzovaPro: posts big blind $3
*** HOLE CARDS ***
Baltimorris: raises $3 to $6
BuzovaPro: calls $3
*** FLOP *** [Ah 7s 6c]
BuzovaPro: checks
Baltimorris: bets $3
BuzovaPro: calls $3
*** TURN *** [Ah 7s 6c] [4d]
BuzovaPro: checks
Baltimorris: checks
*** RIVER *** [Ah 7s 6c 4d] [As]
BuzovaPro: bets $6
Baltimorris: calls $6
*** SHOW DOWN ***
BuzovaPro: shows [Th 9d] (a pair of Aces)
Baltimorris: shows [Td Kh] (a pair of Aces - King kicker)
Baltimorris collected $29.50 from pot
*** SUMMARY ***
Total pot $30 | Rake $0.50
Board [Ah 7s 6c 4d As]
Seat 1: Baltimorris (button) (small blind) showed [Td Kh] and won ($29.50) with a pair of Aces
Seat 2: BuzovaPro (big blind) showed [Th 9d] and lost with a pair of Aces


PokerStars Hand #145121591934:  Hold'em Limit ($3/$6 USD) - 2015/12/10 9:38:17 ET
Table 'Tarka III' 2-max Seat #2 is the button
Seat 1: Baltimorris ($40.34 in chips)
Seat 2: BuzovaPro ($221.78 in chips)
BuzovaPro: posts small blind $1
Baltimorris: posts big blind $3
*** HOLE CARDS ***
BuzovaPro: raises $3 to $6
Baltimorris: folds
Uncalled bet ($3) returned to BuzovaPro
BuzovaPro collected $6 from pot
BuzovaPro: doesn't show hand
*** SUMMARY ***
Total pot $6 | Rake $0
Seat 1: Baltimorris (big blind) folded before Flop
Seat 2: BuzovaPro (button) (small blind) collected ($6)


PokerStars Hand #145121582660:  Hold'em Limit ($3/$6 USD) - 2015/12/10 9:38:03 ET
Table 'Tarka III' 2-max Seat #1 is the button
Seat 1: Baltimorris ($49.34 in chips)
Seat 2: BuzovaPro ($213.14 in chips)
Baltimorris: posts small blind $1
BuzovaPro: posts big blind $3
*** HOLE CARDS ***
Baltimorris: raises $3 to $6
BuzovaPro: calls $3
*** FLOP *** [2h 8h Ad]
BuzovaPro: checks
Baltimorris: bets $3
BuzovaPro: calls $3
*** TURN *** [2h 8h Ad] [9c]
BuzovaPro: checks
Baltimorris: checks
*** RIVER *** [2h 8h Ad 9c] [Qh]
BuzovaPro: bets $6
Baltimorris: folds
Uncalled bet ($6) returned to BuzovaPro
BuzovaPro collected $17.64 from pot
BuzovaPro: doesn't show hand
*** SUMMARY ***
Total pot $18 | Rake $0.36
Board [2h 8h Ad 9c Qh]
Seat 1: Baltimorris (button) (small blind) folded on the River
Seat 2: BuzovaPro (big blind) collected ($17.64)


PokerStars Hand #145121571631:  Hold'em Limit ($3/$6 USD) - 2015/12/10 9:37:46 ET
Table 'Tarka III' 2-max Seat #2 is the button
Seat 1: Baltimorris ($24.92 in chips)
Seat 2: BuzovaPro ($238.06 in chips)
BuzovaPro: posts small blind $1
Baltimorris: posts big blind $3
*** HOLE CARDS ***
BuzovaPro: raises $3 to $6
Baltimorris: calls $3
*** FLOP *** [4d Kh Ts]
Baltimorris: checks
BuzovaPro: bets $3
Baltimorris: calls $3
*** TURN *** [4d Kh Ts] [Td]
Baltimorris: checks
BuzovaPro: bets $6
Baltimorris: raises $6 to $12
BuzovaPro: calls $6
*** RIVER *** [4d Kh Ts Td] [7d]
Baltimorris: bets $3.92 and is all-in
BuzovaPro: calls $3.92
*** SHOW DOWN ***
Baltimorris: shows [Kd 7c] (two pair, Kings and Tens)
BuzovaPro: shows [9c 9d] (two pair, Tens and Nines)
Baltimorris collected $49.34 from pot
*** SUMMARY ***
Total pot $49.84 | Rake $0.50
Board [4d Kh Ts Td 7d]
Seat 1: Baltimorris (big blind) showed [Kd 7c] and won ($49.34) with two pair, Kings and Tens
Seat 2: BuzovaPro (button) (small blind) showed [9c 9d] and lost with two pair, Tens and Nines


PokerStars Hand #145121646732:  Hold'em Limit ($3/$6 USD) - 2015/12/10 9:39:38 ET
Table 'Tarka III' 2-max Seat #2 is the button
Seat 1: Baltimorris ($76.98 in chips)
Seat 2: BuzovaPro ($183.18 in chips)
BuzovaPro: posts small blind $1
Baltimorris: posts big blind $3
*** HOLE CARDS ***
BuzovaPro: raises $3 to $6
Baltimorris: calls $3
*** FLOP *** [Ac Tc Kh]
Baltimorris: checks
BuzovaPro: bets $3
Baltimorris: folds
Uncalled bet ($3) returned to BuzovaPro
BuzovaPro collected $11.76 from pot
BuzovaPro: doesn't show hand
*** SUMMARY ***
Total pot $12 | Rake $0.24
Board [Ac Tc Kh]
Seat 1: Baltimorris (big blind) folded on the Flop
Seat 2: BuzovaPro (button) (small blind) collected ($11.76)


PokerStars Hand #145121642570:  Hold'em Limit ($3/$6 USD) - 2015/12/10 9:39:32 ET
Table 'Tarka III' 2-max Seat #1 is the button
Seat 1: Baltimorris ($73.98 in chips)
Seat 2: BuzovaPro ($186.18 in chips)
Baltimorris: posts small blind $1
BuzovaPro: posts big blind $3
*** HOLE CARDS ***
Baltimorris: raises $3 to $6
BuzovaPro: folds
Uncalled bet ($3) returned to Baltimorris
Baltimorris collected $6 from pot
*** SUMMARY ***
Total pot $6 | Rake $0
Seat 1: Baltimorris (button) (small blind) collected ($6)
Seat 2: BuzovaPro (big blind) folded before Flop


PokerStars Hand #145121636597:  Hold'em Limit ($3/$6 USD) - 2015/12/10 9:39:23 ET
Table 'Tarka III' 2-max Seat #2 is the button
Seat 1: Baltimorris ($79.98 in chips)
Seat 2: BuzovaPro ($180.42 in chips)
BuzovaPro: posts small blind $1
Baltimorris: posts big blind $3
*** HOLE CARDS ***
BuzovaPro: raises $3 to $6
Baltimorris: calls $3
*** FLOP *** [Th 9d Ad]
Baltimorris: checks
BuzovaPro: bets $3
Baltimorris: folds
Uncalled bet ($3) returned to BuzovaPro
BuzovaPro collected $11.76 from pot
BuzovaPro: doesn't show hand
*** SUMMARY ***
Total pot $12 | Rake $0.24
Board [Th 9d Ad]
Seat 1: Baltimorris (big blind) folded on the Flop
Seat 2: BuzovaPro (button) (small blind) collected ($11.76)


PokerStars Hand #145121633735:  Hold'em Limit ($3/$6 USD) - 2015/12/10 9:39:19 ET
Table 'Tarka III' 2-max Seat #1 is the button
Seat 1: Baltimorris ($80.98 in chips)
Seat 2: BuzovaPro ($179.42 in chips)
Baltimorris: posts small blind $1
BuzovaPro: posts big blind $3
*** HOLE CARDS ***
Baltimorris: folds
Uncalled bet ($2) returned to BuzovaPro
BuzovaPro collected $2 from pot
BuzovaPro: doesn't show hand
*** SUMMARY ***
Total pot $2 | Rake $0
Seat 1: Baltimorris (button) (small blind) folded before Flop
Seat 2: BuzovaPro (big blind) collected ($2)


PokerStars Hand #145121624268:  Hold'em Limit ($3/$6 USD) - 2015/12/10 9:39:05 ET
Table 'Tarka III' 2-max Seat #2 is the button
Seat 1: Baltimorris ($72.34 in chips)
Seat 2: BuzovaPro ($188.42 in chips)
BuzovaPro: posts small blind $1
Baltimorris: posts big blind $3
*** HOLE CARDS ***
BuzovaPro: raises $3 to $6
Baltimorris: calls $3
*** FLOP *** [8d 4h 3s]
Baltimorris: checks
BuzovaPro: bets $3
Baltimorris: calls $3
*** TURN *** [8d 4h 3s] [2c]
Baltimorris: checks
BuzovaPro: checks
*** RIVER *** [8d 4h 3s 2c] [Ah]
Baltimorris: bets $6
BuzovaPro: folds
Uncalled bet ($6) returned to Baltimorris
Baltimorris collected $17.64 from pot
*** SUMMARY ***
Total pot $18 | Rake $0.36
Board [8d 4h 3s 2c Ah]
Seat 1: Baltimorris (big blind) collected ($17.64)
Seat 2: BuzovaPro (button) (small blind) folded on the River


PokerStars Hand #145121616097:  Hold'em Limit ($3/$6 USD) - 2015/12/10 9:38:53 ET
Table 'Tarka III' 2-max Seat #1 is the button
Seat 1: Baltimorris ($81.34 in chips)
Seat 2: BuzovaPro ($179.78 in chips)
Baltimorris: posts small blind $1
BuzovaPro: posts big blind $3
*** HOLE CARDS ***
Baltimorris: raises $3 to $6
BuzovaPro: calls $3
*** FLOP *** [2d Kh Jc]
BuzovaPro: checks
Baltimorris: bets $3
BuzovaPro: raises $3 to $6
Baltimorris: folds
Uncalled bet ($3) returned to BuzovaPro
BuzovaPro collected $17.64 from pot
BuzovaPro: doesn't show hand
*** SUMMARY ***
Total pot $18 | Rake $0.36
Board [2d Kh Jc]
Seat 1: Baltimorris (button) (small blind) folded on the Flop
Seat 2: BuzovaPro (big blind) collected ($17.64)


PokerStars Hand #145121652151:  Hold'em Limit ($3/$6 USD) - 2015/12/10 9:39:46 ET
Table 'Tarka III' 2-max Seat #1 is the button
Seat 1: Baltimorris ($70.98 in chips)
Seat 2: BuzovaPro ($188.94 in chips)
Baltimorris: posts small blind $1
BuzovaPro: posts big blind $3
*** HOLE CARDS ***
Baltimorris: folds
Uncalled bet ($2) returned to BuzovaPro
BuzovaPro collected $2 from pot
BuzovaPro: doesn't show hand
*** SUMMARY ***
Total pot $2 | Rake $0
Seat 1: Baltimorris (button) (small blind) folded before Flop
Seat 2: BuzovaPro (big blind) collected ($2)


PokerStars Hand #145121690287:  Hold'em Limit ($3/$6 USD) - 2015/12/10 9:40:42 ET
Table 'Tarka III' 2-max Seat #2 is the button
Seat 1: Baltimorris ($33.62 in chips)
Seat 2: BuzovaPro ($224.70 in chips)
BuzovaPro: posts small blind $1
Baltimorris: posts big blind $3
*** HOLE CARDS ***
BuzovaPro: folds
Uncalled bet ($2) returned to Baltimorris
Baltimorris collected $2 from pot
*** SUMMARY ***
Total pot $2 | Rake $0
Seat 1: Baltimorris (big blind) collected ($2)
Seat 2: BuzovaPro (button) (small blind) folded before Flop


PokerStars Hand #145121682027:  Hold'em Limit ($3/$6 USD) - 2015/12/10 9:40:30 ET
Table 'Tarka III' 2-max Seat #1 is the button
Seat 1: Baltimorris ($24.98 in chips)
Seat 2: BuzovaPro ($233.70 in chips)
Baltimorris: posts small blind $1
BuzovaPro: posts big blind $3
*** HOLE CARDS ***
Baltimorris: raises $3 to $6
BuzovaPro: calls $3
*** FLOP *** [5d 9s 3h]
BuzovaPro: checks
Baltimorris: bets $3
BuzovaPro: calls $3
*** TURN *** [5d 9s 3h] [9d]
BuzovaPro: checks
Baltimorris: bets $6
BuzovaPro: folds
Uncalled bet ($6) returned to Baltimorris
Baltimorris collected $17.64 from pot
*** SUMMARY ***
Total pot $18 | Rake $0.36
Board [5d 9s 3h 9d]
Seat 1: Baltimorris (button) (small blind) collected ($17.64)
Seat 2: BuzovaPro (big blind) folded on the Turn


PokerStars Hand #145121671836:  Hold'em Limit ($3/$6 USD) - 2015/12/10 9:40:15 ET
Table 'Tarka III' 2-max Seat #2 is the button
Seat 1: Baltimorris ($48.98 in chips)
Seat 2: BuzovaPro ($210.20 in chips)
BuzovaPro: posts small blind $1
Baltimorris: posts big blind $3
*** HOLE CARDS ***
BuzovaPro: raises $3 to $6
Baltimorris: raises $3 to $9
BuzovaPro: calls $3
*** FLOP *** [7d Qd 3h]
Baltimorris: bets $3
BuzovaPro: calls $3
*** TURN *** [7d Qd 3h] [Qh]
Baltimorris: bets $6
BuzovaPro: calls $6
*** RIVER *** [7d Qd 3h Qh] [5s]
Baltimorris: bets $6
BuzovaPro: calls $6
*** SHOW DOWN ***
Baltimorris: shows [Kh Td] (a pair of Queens)
BuzovaPro: shows [4h Ad] (a pair of Queens - Ace kicker)
BuzovaPro collected $47.50 from pot
*** SUMMARY ***
Total pot $48 | Rake $0.50
Board [7d Qd 3h Qh 5s]
Seat 1: Baltimorris (big blind) showed [Kh Td] and lost with a pair of Queens
Seat 2: BuzovaPro (button) (small blind) showed [4h Ad] and won ($47.50) with a pair of Queens


PokerStars Hand #145121661068:  Hold'em Limit ($3/$6 USD) - 2015/12/10 9:39:59 ET
Table 'Tarka III' 2-max Seat #1 is the button
Seat 1: Baltimorris ($63.98 in chips)
Seat 2: BuzovaPro ($195.70 in chips)
Baltimorris: posts small blind $1
BuzovaPro: posts big blind $3
*** HOLE CARDS ***
Baltimorris: raises $3 to $6
BuzovaPro: calls $3
*** FLOP *** [7c 2h Qd]
BuzovaPro: checks
Baltimorris: bets $3
BuzovaPro: calls $3
*** TURN *** [7c 2h Qd] [6c]
BuzovaPro: checks
Baltimorris: bets $6
BuzovaPro: raises $6 to $12
Baltimorris: folds
Uncalled bet ($6) returned to BuzovaPro
BuzovaPro collected $29.50 from pot
BuzovaPro: doesn't show hand
*** SUMMARY ***
Total pot $30 | Rake $0.50
Board [7c 2h Qd 6c]
Seat 1: Baltimorris (button) (small blind) folded on the Turn
Seat 2: BuzovaPro (big blind) collected ($29.50)


PokerStars Hand #145121654918:  Hold'em Limit ($3/$6 USD) - 2015/12/10 9:39:50 ET
Table 'Tarka III' 2-max Seat #2 is the button
Seat 1: Baltimorris ($69.98 in chips)
Seat 2: BuzovaPro ($189.94 in chips)
BuzovaPro: posts small blind $1
Baltimorris: posts big blind $3
*** HOLE CARDS ***
BuzovaPro: raises $3 to $6
Baltimorris: calls $3
*** FLOP *** [Ad Kd Ts]
Baltimorris: checks
BuzovaPro: bets $3
Baltimorris: folds
Uncalled bet ($3) returned to BuzovaPro
BuzovaPro collected $11.76 from pot
BuzovaPro: doesn't show hand
*** SUMMARY ***
Total pot $12 | Rake $0.24
Board [Ad Kd Ts]
Seat 1: Baltimorris (big blind) folded on the Flop
Seat 2: BuzovaPro (button) (small blind) collected ($11.76)


PokerStars Hand #145121693260:  Hold'em Limit ($3/$6 USD) - 2015/12/10 9:40:47 ET
Table 'Tarka III' 2-max Seat #1 is the button
Seat 1: Baltimorris ($34.62 in chips)
Seat 2: BuzovaPro ($223.70 in chips)
Baltimorris: posts small blind $1
BuzovaPro: posts big blind $3
*** HOLE CARDS ***
Baltimorris: folds
Uncalled bet ($2) returned to BuzovaPro
BuzovaPro collected $2 from pot
BuzovaPro: doesn't show hand
*** SUMMARY ***
Total pot $2 | Rake $0
Seat 1: Baltimorris (button) (small blind) folded before Flop
Seat 2: BuzovaPro (big blind) collected ($2)


PokerStars Hand #145121726414:  Hold'em Limit ($3/$6 USD) - 2015/12/10 9:41:36 ET
Table 'Tarka III' 2-max Seat #1 is the button
Seat 1: Baltimorris ($18.38 in chips)
Seat 2: BuzovaPro ($238.96 in chips)
Baltimorris: posts small blind $1
BuzovaPro: posts big blind $3
*** HOLE CARDS ***
Baltimorris: raises $3 to $6
BuzovaPro: calls $3
*** FLOP *** [Jh Qd Kc]
BuzovaPro: checks
Baltimorris: bets $3
BuzovaPro: folds
Uncalled bet ($3) returned to Baltimorris
Baltimorris collected $11.76 from pot
*** SUMMARY ***
Total pot $12 | Rake $0.24
Board [Jh Qd Kc]
Seat 1: Baltimorris (button) (small blind) collected ($11.76)
Seat 2: BuzovaPro (big blind) folded on the Flop


PokerStars Hand #145121723320:  Hold'em Limit ($3/$6 USD) - 2015/12/10 9:41:31 ET
Table 'Tarka III' 2-max Seat #2 is the button
Seat 1: Baltimorris ($17.38 in chips)
Seat 2: BuzovaPro ($239.96 in chips)
BuzovaPro: posts small blind $1
Baltimorris: posts big blind $3
*** HOLE CARDS ***
BuzovaPro: folds
Uncalled bet ($2) returned to Baltimorris
Baltimorris collected $2 from pot
*** SUMMARY ***
Total pot $2 | Rake $0
Seat 1: Baltimorris (big blind) collected ($2)
Seat 2: BuzovaPro (button) (small blind) folded before Flop


PokerStars Hand #145121713435:  Hold'em Limit ($3/$6 USD) - 2015/12/10 9:41:16 ET
Table 'Tarka III' 2-max Seat #1 is the button
Seat 1: Baltimorris ($32.38 in chips)
Seat 2: BuzovaPro ($225.46 in chips)
Baltimorris: posts small blind $1
BuzovaPro: posts big blind $3
*** HOLE CARDS ***
Baltimorris: raises $3 to $6
BuzovaPro: calls $3
*** FLOP *** [Qd Kc 8s]
BuzovaPro: checks
Baltimorris: bets $3
BuzovaPro: calls $3
*** TURN *** [Qd Kc 8s] [8h]
BuzovaPro: checks
Baltimorris: checks
*** RIVER *** [Qd Kc 8s 8h] [4c]
BuzovaPro: bets $6
Baltimorris: calls $6
*** SHOW DOWN ***
BuzovaPro: shows [As 4h] (two pair, Eights and Fours)
Baltimorris: mucks hand
BuzovaPro collected $29.50 from pot
*** SUMMARY ***
Total pot $30 | Rake $0.50
Board [Qd Kc 8s 8h 4c]
Seat 1: Baltimorris (button) (small blind) mucked
Seat 2: BuzovaPro (big blind) showed [As 4h] and won ($29.50) with two pair, Eights and Fours


PokerStars Hand #145121707622:  Hold'em Limit ($3/$6 USD) - 2015/12/10 9:41:08 ET
Table 'Tarka III' 2-max Seat #2 is the button
Seat 1: Baltimorris ($38.38 in chips)
Seat 2: BuzovaPro ($219.70 in chips)
BuzovaPro: posts small blind $1
Baltimorris: posts big blind $3
*** HOLE CARDS ***
BuzovaPro: raises $3 to $6
Baltimorris: calls $3
*** FLOP *** [Jd 9s Tc]
Baltimorris: checks
BuzovaPro: bets $3
Baltimorris: folds
Uncalled bet ($3) returned to BuzovaPro
BuzovaPro collected $11.76 from pot
BuzovaPro: doesn't show hand
*** SUMMARY ***
Total pot $12 | Rake $0.24
Board [Jd 9s Tc]
Seat 1: Baltimorris (big blind) folded on the Flop
Seat 2: BuzovaPro (button) (small blind) collected ($11.76)


PokerStars Hand #145121704751:  Hold'em Limit ($3/$6 USD) - 2015/12/10 9:41:04 ET
Table 'Tarka III' 2-max Seat #1 is the button
Seat 1: Baltimorris ($39.38 in chips)
Seat 2: BuzovaPro ($218.70 in chips)
Baltimorris: posts small blind $1
BuzovaPro: posts big blind $3
*** HOLE CARDS ***
Baltimorris: folds
Uncalled bet ($2) returned to BuzovaPro
BuzovaPro collected $2 from pot
BuzovaPro: doesn't show hand
*** SUMMARY ***
Total pot $2 | Rake $0
Seat 1: Baltimorris (button) (small blind) folded before Flop
Seat 2: BuzovaPro (big blind) collected ($2)


PokerStars Hand #145121696308:  Hold'em Limit ($3/$6 USD) - 2015/12/10 9:40:51 ET
Table 'Tarka III' 2-max Seat #2 is the button
Seat 1: Baltimorris ($33.62 in chips)
Seat 2: BuzovaPro ($224.70 in chips)
BuzovaPro: posts small blind $1
Baltimorris: posts big blind $3
*** HOLE CARDS ***
BuzovaPro: raises $3 to $6
Baltimorris: calls $3
*** FLOP *** [Qh 3h 5c]
Baltimorris: checks
BuzovaPro: checks
*** TURN *** [Qh 3h 5c] [3c]
Baltimorris: bets $6
BuzovaPro: folds
Uncalled bet ($6) returned to Baltimorris
Baltimorris collected $11.76 from pot
*** SUMMARY ***
Total pot $12 | Rake $0.24
Board [Qh 3h 5c 3c]
Seat 1: Baltimorris (big blind) collected ($11.76)
Seat 2: BuzovaPro (button) (small blind) folded on the Turn


PokerStars Hand #145121734056:  Hold'em Limit ($3/$6 USD) - 2015/12/10 9:41:47 ET
Table 'Tarka III' 2-max Seat #2 is the button
Seat 1: Baltimorris ($24.14 in chips)
Seat 2: BuzovaPro ($232.96 in chips)
BuzovaPro: posts small blind $1
Baltimorris: posts big blind $3
*** HOLE CARDS ***
BuzovaPro: raises $3 to $6
Baltimorris: calls $3
*** FLOP *** [9d Kh 2d]
Baltimorris: checks
BuzovaPro: bets $3
Baltimorris: folds
Uncalled bet ($3) returned to BuzovaPro
BuzovaPro collected $11.76 from pot
BuzovaPro: doesn't show hand
*** SUMMARY ***
Total pot $12 | Rake $0.24
Board [9d Kh 2d]
Seat 1: Baltimorris (big blind) folded on the Flop
Seat 2: BuzovaPro (button) (small blind) collected ($11.76)


PokerStars Hand #145121753585:  Hold'em Limit ($3/$6 USD) - 2015/12/10 9:42:15 ET
Table 'Tarka III' 2-max Seat #1 is the button
Seat 1: Baltimorris ($10.14 in chips)
Seat 2: BuzovaPro ($246.36 in chips)
Baltimorris: posts small blind $1
BuzovaPro: posts big blind $3
*** HOLE CARDS ***
Baltimorris: raises $3 to $6
BuzovaPro: raises $3 to $9
Baltimorris: raises $1.14 to $10.14 and is all-in
Betting is capped
BuzovaPro: calls $1.14
*** FLOP *** [2c Jh Ad]
*** TURN *** [2c Jh Ad] [6d]
*** RIVER *** [2c Jh Ad 6d] [9c]
*** SHOW DOWN ***
BuzovaPro: shows [4c Ac] (a pair of Aces)
Baltimorris: shows [2d Kc] (a pair of Deuces)
BuzovaPro collected $19.87 from pot
*** SUMMARY ***
Total pot $20.28 | Rake $0.41
Board [2c Jh Ad 6d 9c]
Seat 1: Baltimorris (button) (small blind) showed [2d Kc] and lost with a pair of Deuces
Seat 2: BuzovaPro (big blind) showed [4c Ac] and won ($19.87) with a pair of Aces


PokerStars Hand #145121750388:  Hold'em Limit ($3/$6 USD) - 2015/12/10 9:42:11 ET
Table 'Tarka III' 2-max Seat #2 is the button
Seat 1: Baltimorris ($9.14 in chips)
Seat 2: BuzovaPro ($247.36 in chips)
BuzovaPro: posts small blind $1
Baltimorris: posts big blind $3
*** HOLE CARDS ***
BuzovaPro: folds
Uncalled bet ($2) returned to Baltimorris
Baltimorris collected $2 from pot
*** SUMMARY ***
Total pot $2 | Rake $0
Seat 1: Baltimorris (big blind) collected ($2)
Seat 2: BuzovaPro (button) (small blind) folded before Flop


PokerStars Hand #145121740495:  Hold'em Limit ($3/$6 USD) - 2015/12/10 9:41:56 ET
Table 'Tarka III' 2-max Seat #1 is the button
Seat 1: Baltimorris ($18.14 in chips)
Seat 2: BuzovaPro ($238.72 in chips)
Baltimorris: posts small blind $1
BuzovaPro: posts big blind $3
*** HOLE CARDS ***
Baltimorris: raises $3 to $6
BuzovaPro: raises $3 to $9
Baltimorris: calls $3
*** FLOP *** [Ah Jh 9s]
BuzovaPro: bets $3
Baltimorris: folds
Uncalled bet ($3) returned to BuzovaPro
BuzovaPro collected $17.64 from pot
BuzovaPro: doesn't show hand
*** SUMMARY ***
Total pot $18 | Rake $0.36
Board [Ah Jh 9s]
Seat 1: Baltimorris (button) (small blind) folded on the Flop
Seat 2: BuzovaPro (big blind) collected ($17.64)


