PokerStars Hand #147626415154:  Hold'em Limit ($3/$6 USD) - 2016/01/24 18:39:35 ET
Table 'Tarvos' 2-max Seat #1 is the button
Seat 1: elifnur2008 ($119.75 in chips)
Seat 2: gogogirl206 ($40.83 in chips)
elifnur2008: posts small blind $1
gogogirl206: posts big blind $3
*** HOLE CARDS ***
elifnur2008: raises $3 to $6
gogogirl206: raises $3 to $9
elifnur2008: calls $3
*** FLOP *** [2h Ah Kd]
gogogirl206: bets $3
elifnur2008: folds
Uncalled bet ($3) returned to gogogirl206
gogogirl206 collected $17.64 from pot
gogogirl206: doesn't show hand
*** SUMMARY ***
Total pot $18 | Rake $0.36
Board [2h Ah Kd]
Seat 1: elifnur2008 (button) (small blind) folded on the Flop
Seat 2: gogogirl206 (big blind) collected ($17.64)


PokerStars Hand #147626404121:  Hold'em Limit ($3/$6 USD) - 2016/01/24 18:39:21 ET
Table 'Tarvos' 2-max Seat #2 is the button
Seat 1: elifnur2008 ($120 in chips)
Seat 2: gogogirl206 ($41.08 in chips)
gogogirl206: posts small blind $1
elifnur2008: posts big blind $3
*** HOLE CARDS ***
gogogirl206: raises $3 to $6
elifnur2008: raises $3 to $9
gogogirl206: calls $3
*** FLOP *** [9s 7s 9c]
elifnur2008: bets $3
gogogirl206: calls $3
*** TURN *** [9s 7s 9c] [Jd]
elifnur2008: bets $6
gogogirl206: calls $6
*** RIVER *** [9s 7s 9c Jd] [7h]
elifnur2008: bets $6
gogogirl206: calls $6
*** SHOW DOWN ***
elifnur2008: shows [3s Ac] (two pair, Nines and Sevens)
gogogirl206: shows [2s Ah] (two pair, Nines and Sevens)
elifnur2008 collected $23.75 from pot
gogogirl206 collected $23.75 from pot
*** SUMMARY ***
Total pot $48 | Rake $0.50
Board [9s 7s 9c Jd 7h]
Seat 1: elifnur2008 (big blind) showed [3s Ac] and won ($23.75) with two pair, Nines and Sevens
Seat 2: gogogirl206 (button) (small blind) showed [2s Ah] and won ($23.75) with two pair, Nines and Sevens


PokerStars Hand #147626449854:  Hold'em Limit ($3/$6 USD) - 2016/01/24 18:40:20 ET
Table 'Tarvos' 2-max Seat #2 is the button
Seat 1: elifnur2008 ($82.75 in chips)
Seat 2: gogogirl206 ($76.97 in chips)
gogogirl206: posts small blind $1
elifnur2008: posts big blind $3
*** HOLE CARDS ***
gogogirl206: raises $3 to $6
elifnur2008: raises $3 to $9
gogogirl206: calls $3
*** FLOP *** [Ac 2s 5c]
elifnur2008: bets $3
gogogirl206: calls $3
*** TURN *** [Ac 2s 5c] [6d]
elifnur2008: bets $6
gogogirl206: raises $6 to $12
elifnur2008: folds
Uncalled bet ($6) returned to gogogirl206
gogogirl206 collected $35.50 from pot
gogogirl206: doesn't show hand
*** SUMMARY ***
Total pot $36 | Rake $0.50
Board [Ac 2s 5c 6d]
Seat 1: elifnur2008 (big blind) folded on the Turn
Seat 2: gogogirl206 (button) (small blind) collected ($35.50)


PokerStars Hand #147626445180:  Hold'em Limit ($3/$6 USD) - 2016/01/24 18:40:14 ET
Table 'Tarvos' 2-max Seat #1 is the button
Seat 1: elifnur2008 ($83.75 in chips)
Seat 2: gogogirl206 ($75.97 in chips)
elifnur2008: posts small blind $1
gogogirl206: posts big blind $3
*** HOLE CARDS ***
elifnur2008: folds
Uncalled bet ($2) returned to gogogirl206
gogogirl206 collected $2 from pot
gogogirl206: doesn't show hand
*** SUMMARY ***
Total pot $2 | Rake $0
Seat 1: elifnur2008 (button) (small blind) folded before Flop
Seat 2: gogogirl206 (big blind) collected ($2)


PokerStars Hand #147626422938:  Hold'em Limit ($3/$6 USD) - 2016/01/24 18:39:45 ET
Table 'Tarvos' 2-max Seat #2 is the button
Seat 1: elifnur2008 ($110.75 in chips)
Seat 2: gogogirl206 ($49.47 in chips)
gogogirl206: posts small blind $1
elifnur2008: posts big blind $3
*** HOLE CARDS ***
gogogirl206: raises $3 to $6
elifnur2008: calls $3
*** FLOP *** [2s Qd 4s]
elifnur2008: checks
gogogirl206: bets $3
elifnur2008: calls $3
*** TURN *** [2s Qd 4s] [Ad]
elifnur2008: checks
gogogirl206: bets $6
elifnur2008: raises $6 to $12
gogogirl206: calls $6
*** RIVER *** [2s Qd 4s Ad] [Jh]
elifnur2008: checks
gogogirl206: bets $6
elifnur2008: calls $6
*** SHOW DOWN ***
gogogirl206: shows [Ah 9d] (a pair of Aces)
elifnur2008: mucks hand
gogogirl206 collected $53.50 from pot
*** SUMMARY ***
Total pot $54 | Rake $0.50
Board [2s Qd 4s Ad Jh]
Seat 1: elifnur2008 (big blind) mucked
Seat 2: gogogirl206 (button) (small blind) showed [Ah 9d] and won ($53.50) with a pair of Aces


PokerStars Hand #147626496722:  Hold'em Limit ($3/$6 USD) - 2016/01/24 18:41:20 ET
Table 'Tarvos' 2-max Seat #2 is the button
Seat 1: elifnur2008 ($104.75 in chips)
Seat 2: gogogirl206 ($53.47 in chips)
gogogirl206: posts small blind $1
elifnur2008: posts big blind $3
*** HOLE CARDS ***
gogogirl206: raises $3 to $6
elifnur2008: calls $3
*** FLOP *** [As Ts Kh]
elifnur2008: checks
gogogirl206: bets $3
elifnur2008: calls $3
*** TURN *** [As Ts Kh] [2h]
elifnur2008: checks
gogogirl206: bets $6
elifnur2008: raises $6 to $12
gogogirl206: calls $6
*** RIVER *** [As Ts Kh 2h] [9h]
elifnur2008: bets $6
gogogirl206: calls $6
*** SHOW DOWN ***
elifnur2008: shows [Td 8h] (a pair of Tens)
gogogirl206: shows [Kd Jc] (a pair of Kings)
gogogirl206 collected $53.50 from pot
*** SUMMARY ***
Total pot $54 | Rake $0.50
Board [As Ts Kh 2h 9h]
Seat 1: elifnur2008 (big blind) showed [Td 8h] and lost with a pair of Tens
Seat 2: gogogirl206 (button) (small blind) showed [Kd Jc] and won ($53.50) with a pair of Kings


PokerStars Hand #147626492590:  Hold'em Limit ($3/$6 USD) - 2016/01/24 18:41:14 ET
Table 'Tarvos' 2-max Seat #1 is the button
Seat 1: elifnur2008 ($105.75 in chips)
Seat 2: gogogirl206 ($52.47 in chips)
elifnur2008: posts small blind $1
gogogirl206: posts big blind $3
*** HOLE CARDS ***
elifnur2008: folds
Uncalled bet ($2) returned to gogogirl206
gogogirl206 collected $2 from pot
gogogirl206: doesn't show hand
*** SUMMARY ***
Total pot $2 | Rake $0
Seat 1: elifnur2008 (button) (small blind) folded before Flop
Seat 2: gogogirl206 (big blind) collected ($2)


PokerStars Hand #147626477672:  Hold'em Limit ($3/$6 USD) - 2016/01/24 18:40:56 ET
Table 'Tarvos' 2-max Seat #2 is the button
Seat 1: elifnur2008 ($85.25 in chips)
Seat 2: gogogirl206 ($73.47 in chips)
gogogirl206: posts small blind $1
elifnur2008: posts big blind $3
*** HOLE CARDS ***
gogogirl206: raises $3 to $6
elifnur2008: calls $3
*** FLOP *** [2s 5h 5s]
elifnur2008: checks
gogogirl206: bets $3
elifnur2008: calls $3
*** TURN *** [2s 5h 5s] [9c]
elifnur2008: checks
gogogirl206: bets $6
elifnur2008: raises $6 to $12
gogogirl206: calls $6
*** RIVER *** [2s 5h 5s 9c] [Ts]
elifnur2008: bets $6
gogogirl206: folds
Uncalled bet ($6) returned to elifnur2008
elifnur2008 collected $41.50 from pot
elifnur2008: doesn't show hand
*** SUMMARY ***
Total pot $42 | Rake $0.50
Board [2s 5h 5s 9c Ts]
Seat 1: elifnur2008 (big blind) collected ($41.50)
Seat 2: gogogirl206 (button) (small blind) folded on the River


PokerStars Hand #147626461567:  Hold'em Limit ($3/$6 USD) - 2016/01/24 18:40:35 ET
Table 'Tarvos' 2-max Seat #1 is the button
Seat 1: elifnur2008 ($64.75 in chips)
Seat 2: gogogirl206 ($94.47 in chips)
elifnur2008: posts small blind $1
gogogirl206: posts big blind $3
*** HOLE CARDS ***
elifnur2008: raises $3 to $6
gogogirl206: calls $3
*** FLOP *** [7s 8d Qh]
gogogirl206: checks
elifnur2008: bets $3
gogogirl206: calls $3
*** TURN *** [7s 8d Qh] [2h]
gogogirl206: checks
elifnur2008: checks
*** RIVER *** [7s 8d Qh 2h] [9d]
gogogirl206: bets $6
elifnur2008: raises $6 to $12
gogogirl206: calls $6
*** SHOW DOWN ***
elifnur2008: shows [9h Ah] (a pair of Nines)
gogogirl206: mucks hand
elifnur2008 collected $41.50 from pot
*** SUMMARY ***
Total pot $42 | Rake $0.50
Board [7s 8d Qh 2h 9d]
Seat 1: elifnur2008 (button) (small blind) showed [9h Ah] and won ($41.50) with a pair of Nines
Seat 2: gogogirl206 (big blind) mucked


PokerStars Hand #147626546651:  Hold'em Limit ($3/$6 USD) - 2016/01/24 18:42:21 ET
Table 'Tarvos' 2-max Seat #1 is the button
Seat 1: elifnur2008 ($118.75 in chips)
Seat 2: gogogirl206 ($37.97 in chips)
elifnur2008: posts small blind $1
gogogirl206: posts big blind $3
*** HOLE CARDS ***
elifnur2008: raises $3 to $6
gogogirl206: calls $3
*** FLOP *** [4s 9d 6c]
gogogirl206: checks
elifnur2008: bets $3
gogogirl206: calls $3
*** TURN *** [4s 9d 6c] [Qh]
gogogirl206: checks
elifnur2008: checks
*** RIVER *** [4s 9d 6c Qh] [6h]
gogogirl206: bets $6
elifnur2008: folds
Uncalled bet ($6) returned to gogogirl206
gogogirl206 collected $17.64 from pot
gogogirl206: doesn't show hand
*** SUMMARY ***
Total pot $18 | Rake $0.36
Board [4s 9d 6c Qh 6h]
Seat 1: elifnur2008 (button) (small blind) folded on the River
Seat 2: gogogirl206 (big blind) collected ($17.64)


PokerStars Hand #147626533109:  Hold'em Limit ($3/$6 USD) - 2016/01/24 18:42:04 ET
Table 'Tarvos' 2-max Seat #2 is the button
Seat 1: elifnur2008 ($95.25 in chips)
Seat 2: gogogirl206 ($61.97 in chips)
gogogirl206: posts small blind $1
elifnur2008: posts big blind $3
*** HOLE CARDS ***
gogogirl206: raises $3 to $6
elifnur2008: raises $3 to $9
gogogirl206: calls $3
*** FLOP *** [7s 8h 2c]
elifnur2008: bets $3
gogogirl206: calls $3
*** TURN *** [7s 8h 2c] [8d]
elifnur2008: bets $6
gogogirl206: raises $6 to $12
elifnur2008: raises $6 to $18
gogogirl206: folds
Uncalled bet ($6) returned to elifnur2008
elifnur2008 collected $47.50 from pot
elifnur2008: doesn't show hand
*** SUMMARY ***
Total pot $48 | Rake $0.50
Board [7s 8h 2c 8d]
Seat 1: elifnur2008 (big blind) collected ($47.50)
Seat 2: gogogirl206 (button) (small blind) folded on the Turn


PokerStars Hand #147626513422:  Hold'em Limit ($3/$6 USD) - 2016/01/24 18:41:41 ET
Table 'Tarvos' 2-max Seat #1 is the button
Seat 1: elifnur2008 ($77.75 in chips)
Seat 2: gogogirl206 ($79.97 in chips)
elifnur2008: posts small blind $1
gogogirl206: posts big blind $3
*** HOLE CARDS ***
elifnur2008: calls $2
gogogirl206: raises $3 to $6
elifnur2008: raises $3 to $9
gogogirl206: calls $3
*** FLOP *** [8d Kd Ad]
gogogirl206: bets $3
elifnur2008: calls $3
*** TURN *** [8d Kd Ad] [8h]
gogogirl206: bets $6
elifnur2008: raises $6 to $12
gogogirl206: folds
Uncalled bet ($6) returned to elifnur2008
elifnur2008 collected $35.50 from pot
elifnur2008: doesn't show hand
*** SUMMARY ***
Total pot $36 | Rake $0.50
Board [8d Kd Ad 8h]
Seat 1: elifnur2008 (button) (small blind) collected ($35.50)
Seat 2: gogogirl206 (big blind) folded on the Turn


PokerStars Hand #147626595996:  Hold'em Limit ($3/$6 USD) - 2016/01/24 18:43:22 ET
Table 'Tarvos' 2-max Seat #1 is the button
Seat 1: elifnur2008 ($124.25 in chips)
Seat 2: gogogirl206 ($31.37 in chips)
elifnur2008: posts small blind $1
gogogirl206: posts big blind $3
*** HOLE CARDS ***
elifnur2008: raises $3 to $6
gogogirl206: folds
Uncalled bet ($3) returned to elifnur2008
elifnur2008 collected $6 from pot
elifnur2008: doesn't show hand
*** SUMMARY ***
Total pot $6 | Rake $0
Seat 1: elifnur2008 (button) (small blind) collected ($6)
Seat 2: gogogirl206 (big blind) folded before Flop


PokerStars Hand #147626587247:  Hold'em Limit ($3/$6 USD) - 2016/01/24 18:43:11 ET
Table 'Tarvos' 2-max Seat #2 is the button
Seat 1: elifnur2008 ($127.25 in chips)
Seat 2: gogogirl206 ($28.37 in chips)
gogogirl206: posts small blind $1
elifnur2008: posts big blind $3
*** HOLE CARDS ***
gogogirl206: raises $3 to $6
elifnur2008: folds
Uncalled bet ($3) returned to gogogirl206
gogogirl206 collected $6 from pot
gogogirl206: doesn't show hand
*** SUMMARY ***
Total pot $6 | Rake $0
Seat 1: elifnur2008 (big blind) folded before Flop
Seat 2: gogogirl206 (button) (small blind) collected ($6)


PokerStars Hand #147626568338:  Hold'em Limit ($3/$6 USD) - 2016/01/24 18:42:48 ET
Table 'Tarvos' 2-max Seat #1 is the button
Seat 1: elifnur2008 ($103.75 in chips)
Seat 2: gogogirl206 ($52.37 in chips)
elifnur2008: posts small blind $1
gogogirl206: posts big blind $3
*** HOLE CARDS ***
elifnur2008: raises $3 to $6
gogogirl206: raises $3 to $9
elifnur2008: calls $3
*** FLOP *** [3c 6d 4s]
gogogirl206: bets $3
elifnur2008: calls $3
*** TURN *** [3c 6d 4s] [7d]
gogogirl206: bets $6
elifnur2008: raises $6 to $12
gogogirl206: calls $6
*** RIVER *** [3c 6d 4s 7d] [Jc]
gogogirl206: checks
elifnur2008: bets $6
gogogirl206: folds
Uncalled bet ($6) returned to elifnur2008
elifnur2008 collected $47.50 from pot
elifnur2008: doesn't show hand
*** SUMMARY ***
Total pot $48 | Rake $0.50
Board [3c 6d 4s 7d Jc]
Seat 1: elifnur2008 (button) (small blind) collected ($47.50)
Seat 2: gogogirl206 (big blind) folded on the River


PokerStars Hand #147626559747:  Hold'em Limit ($3/$6 USD) - 2016/01/24 18:42:37 ET
Table 'Tarvos' 2-max Seat #2 is the button
Seat 1: elifnur2008 ($109.75 in chips)
Seat 2: gogogirl206 ($46.61 in chips)
gogogirl206: posts small blind $1
elifnur2008: posts big blind $3
*** HOLE CARDS ***
gogogirl206: raises $3 to $6
elifnur2008: calls $3
*** FLOP *** [As 2s Ks]
elifnur2008: checks
gogogirl206: bets $3
elifnur2008: folds
Uncalled bet ($3) returned to gogogirl206
gogogirl206 collected $11.76 from pot
gogogirl206: doesn't show hand
*** SUMMARY ***
Total pot $12 | Rake $0.24
Board [As 2s Ks]
Seat 1: elifnur2008 (big blind) folded on the Flop
Seat 2: gogogirl206 (button) (small blind) collected ($11.76)


PokerStars Hand #147626600939:  Hold'em Limit ($3/$6 USD) - 2016/01/24 18:43:28 ET
Table 'Tarvos' 2-max Seat #2 is the button
Seat 1: elifnur2008 ($127.25 in chips)
Seat 2: gogogirl206 ($28.37 in chips)
gogogirl206: posts small blind $1
elifnur2008: posts big blind $3
*** HOLE CARDS ***
gogogirl206: raises $3 to $6
elifnur2008: raises $3 to $9
gogogirl206: calls $3
*** FLOP *** [Ts 5h 7d]
elifnur2008: bets $3
gogogirl206: calls $3
*** TURN *** [Ts 5h 7d] [6h]
elifnur2008: bets $6
gogogirl206: raises $6 to $12
elifnur2008: raises $6 to $18
gogogirl206: calls $4.37 and is all-in
Uncalled bet ($1.63) returned to elifnur2008
*** RIVER *** [Ts 5h 7d 6h] [Qs]
*** SHOW DOWN ***
elifnur2008: shows [Js Jh] (a pair of Jacks)
gogogirl206: shows [Th 8s] (a pair of Tens)
elifnur2008 collected $56.24 from pot
*** SUMMARY ***
Total pot $56.74 | Rake $0.50
Board [Ts 5h 7d 6h Qs]
Seat 1: elifnur2008 (big blind) showed [Js Jh] and won ($56.24) with a pair of Jacks
Seat 2: gogogirl206 (button) (small blind) showed [Th 8s] and lost with a pair of Tens


