PokerStars Hand #175436263785:  Hold'em Limit ($3/$6 USD) - 2017/09/09 19:30:45 ET
Table 'Tatjana II' 6-max Seat #6 is the button
Seat 2: Jesper0808 ($77.23 in chips)
Seat 6: masterblstr8 ($67.18 in chips)
masterblstr8: posts small blind $1
Jesper0808: posts big blind $3
*** HOLE CARDS ***
masterblstr8: raises $3 to $6
Jesper0808: calls $3
*** FLOP *** [8d Jh 7c]
Jesper0808: checks
masterblstr8: bets $3
Jesper0808: folds
Uncalled bet ($3) returned to masterblstr8
masterblstr8 collected $11.76 from pot
masterblstr8: doesn't show hand
*** SUMMARY ***
Total pot $12 | Rake $0.24
Board [8d Jh 7c]
Seat 2: Jesper0808 (big blind) folded on the Flop
Seat 6: masterblstr8 (button) (small blind) collected ($11.76)


PokerStars Hand #175436251837:  Hold'em Limit ($3/$6 USD) - 2017/09/09 19:30:24 ET
Table 'Tatjana II' 6-max Seat #2 is the button
Seat 2: Jesper0808 ($71.47 in chips)
Seat 6: masterblstr8 ($73.18 in chips)
Jesper0808: posts small blind $1
masterblstr8: posts big blind $3
*** HOLE CARDS ***
Jesper0808: raises $3 to $6
masterblstr8: calls $3
*** FLOP *** [9h Kc Kd]
masterblstr8: checks
Jesper0808: bets $3
masterblstr8: folds
Uncalled bet ($3) returned to Jesper0808
Jesper0808 collected $11.76 from pot
Jesper0808: doesn't show hand
*** SUMMARY ***
Total pot $12 | Rake $0.24
Board [9h Kc Kd]
Seat 2: Jesper0808 (button) (small blind) collected ($11.76)
Seat 6: masterblstr8 (big blind) folded on the Flop


