PokerStars Hand #149888425828:  Hold'em Limit ($3/$6 USD) - 2016/03/05 14:34:36 ET
Table 'Tatry III' 6-max Seat #6 is the button
Seat 3: Mudager ($140.50 in chips)
Seat 6: minigus575 ($79 in chips)
minigus575: posts small blind $1
Mudager: posts big blind $3
*** HOLE CARDS ***
JayEm82 joins the table at seat #1
minigus575: raises $3 to $6
Mudager: calls $3
*** FLOP *** [Ad 2h 7h]
Mudager: checks
minigus575: bets $3
ZinZar joins the table at seat #2
Mudager: calls $3
*** TURN *** [Ad 2h 7h] [Tc]
Mudager: checks
minigus575: bets $6
bentinck113 joins the table at seat #5
Mudager: folds
Uncalled bet ($6) returned to minigus575
minigus575 collected $17.64 from pot
minigus575: doesn't show hand
*** SUMMARY ***
Total pot $18 | Rake $0.36
Board [Ad 2h 7h Tc]
Seat 3: Mudager (big blind) folded on the Turn
Seat 6: minigus575 (button) (small blind) collected ($17.64)


PokerStars Hand #149888419896:  Hold'em Limit ($3/$6 USD) - 2016/03/05 14:34:29 ET
Table 'Tatry III' 6-max Seat #3 is the button
Seat 3: Mudager ($137.50 in chips)
Seat 6: minigus575 ($82 in chips)
Mudager: posts small blind $1
minigus575: posts big blind $3
*** HOLE CARDS ***
Mudager: raises $3 to $6
minigus575: folds
Uncalled bet ($3) returned to Mudager
Mudager collected $6 from pot
Mudager: doesn't show hand
*** SUMMARY ***
Total pot $6 | Rake $0
Seat 3: Mudager (button) (small blind) collected ($6)
Seat 6: minigus575 (big blind) folded before Flop


PokerStars Hand #149888391617:  Hold'em Limit ($3/$6 USD) - 2016/03/05 14:33:58 ET
Table 'Tatry III' 6-max Seat #6 is the button
Seat 3: Mudager ($120 in chips)
Seat 6: minigus575 ($100 in chips)
minigus575: posts small blind $1
Mudager: posts big blind $3
*** HOLE CARDS ***
minigus575: raises $3 to $6
Mudager: raises $3 to $9
minigus575: calls $3
*** FLOP *** [Jh 6h Qd]
Mudager: bets $3
minigus575: calls $3
*** TURN *** [Jh 6h Qd] [Qc]
Mudager: bets $6
minigus575: calls $6
*** RIVER *** [Jh 6h Qd Qc] [Th]
Mudager: checks
minigus575: checks
*** SHOW DOWN ***
Mudager: shows [As Ts] (two pair, Queens and Tens)
minigus575: mucks hand
Mudager collected $35.50 from pot
*** SUMMARY ***
Total pot $36 | Rake $0.50
Board [Jh 6h Qd Qc Th]
Seat 3: Mudager (big blind) showed [As Ts] and won ($35.50) with two pair, Queens and Tens
Seat 6: minigus575 (button) (small blind) mucked


PokerStars Hand #149894071807:  Hold'em Limit ($3/$6 USD) - 2016/03/05 16:17:29 ET
Table 'Tatry III' 6-max Seat #1 is the button
Seat 1: JayEm82 ($222.35 in chips)
Seat 2: ZinZar ($221.78 in chips)
JayEm82: posts small blind $1
ZinZar: posts big blind $3
*** HOLE CARDS ***
JayEm82: raises $3 to $6
MaulR leaves the table
ZinZar: calls $3
*** FLOP *** [Qh Ad Kc]
ZinZar: checks
JayEm82: bets $3
ZinZar: calls $3
*** TURN *** [Qh Ad Kc] [6h]
ZinZar: checks
JayEm82: checks
*** RIVER *** [Qh Ad Kc 6h] [Jh]
ZinZar: bets $6
JayEm82: folds
Uncalled bet ($6) returned to ZinZar
ZinZar collected $17.64 from pot
ZinZar: doesn't show hand
*** SUMMARY ***
Total pot $18 | Rake $0.36
Board [Qh Ad Kc 6h Jh]
Seat 1: JayEm82 (button) (small blind) folded on the River
Seat 2: ZinZar (big blind) collected ($17.64)


PokerStars Hand #149894119796:  Hold'em Limit ($3/$6 USD) - 2016/03/05 16:18:20 ET
Table 'Tatry III' 6-max Seat #1 is the button
Seat 1: JayEm82 ($177.35 in chips)
Seat 2: ZinZar ($265.92 in chips)
JayEm82: posts small blind $1
ZinZar: posts big blind $3
*** HOLE CARDS ***
JayEm82: folds
Uncalled bet ($2) returned to ZinZar
ZinZar collected $2 from pot
ZinZar: doesn't show hand
*** SUMMARY ***
Total pot $2 | Rake $0
Seat 1: JayEm82 (button) (small blind) folded before Flop
Seat 2: ZinZar (big blind) collected ($2)


PokerStars Hand #149894096451:  Hold'em Limit ($3/$6 USD) - 2016/03/05 16:17:56 ET
Table 'Tatry III' 6-max Seat #2 is the button
Seat 1: JayEm82 ($213.35 in chips)
Seat 2: ZinZar ($230.42 in chips)
ZinZar: posts small blind $1
JayEm82: posts big blind $3
*** HOLE CARDS ***
ZinZar: raises $3 to $6
JayEm82: raises $3 to $9
ZinZar: calls $3
*** FLOP *** [Ad 8s 3s]
Eklund_1891 said, "lucky ni gger c unts"
JayEm82: bets $3
ZinZar: calls $3
*** TURN *** [Ad 8s 3s] [7c]
JayEm82: bets $6
ZinZar: raises $6 to $12
JayEm82: raises $6 to $18
ZinZar: calls $6
*** RIVER *** [Ad 8s 3s 7c] [5s]
JayEm82: bets $6
ZinZar: calls $6
*** SHOW DOWN ***
JayEm82: shows [8d 7h] (two pair, Eights and Sevens)
ZinZar: shows [Ac 3h] (two pair, Aces and Threes)
ZinZar collected $71.50 from pot
*** SUMMARY ***
Total pot $72 | Rake $0.50
Board [Ad 8s 3s 7c 5s]
Seat 1: JayEm82 (big blind) showed [8d 7h] and lost with two pair, Eights and Sevens
Seat 2: ZinZar (button) (small blind) showed [Ac 3h] and won ($71.50) with two pair, Aces and Threes


PokerStars Hand #149894123595:  Hold'em Limit ($3/$6 USD) - 2016/03/05 16:18:25 ET
Table 'Tatry III' 6-max Seat #2 is the button
Seat 1: JayEm82 ($176.35 in chips)
Seat 2: ZinZar ($266.92 in chips)
ZinZar: posts small blind $1
JayEm82: posts big blind $3
*** HOLE CARDS ***
ZinZar: raises $3 to $6
JayEm82: folds
Uncalled bet ($3) returned to ZinZar
ZinZar collected $6 from pot
ZinZar: doesn't show hand
*** SUMMARY ***
Total pot $6 | Rake $0
Seat 1: JayEm82 (big blind) folded before Flop
Seat 2: ZinZar (button) (small blind) collected ($6)


PokerStars Hand #149894153704:  Hold'em Limit ($3/$6 USD) - 2016/03/05 16:18:57 ET
Table 'Tatry III' 6-max Seat #2 is the button
Seat 1: JayEm82 ($193.85 in chips)
Seat 2: ZinZar ($248.92 in chips)
ZinZar: posts small blind $1
JayEm82: posts big blind $3
*** HOLE CARDS ***
Eklund_1891 said, "****** s"
ZinZar: folds
Uncalled bet ($2) returned to JayEm82
JayEm82 collected $2 from pot
JayEm82: doesn't show hand
*** SUMMARY ***
Total pot $2 | Rake $0
Seat 1: JayEm82 (big blind) collected ($2)
Seat 2: ZinZar (button) (small blind) folded before Flop


PokerStars Hand #149894128773:  Hold'em Limit ($3/$6 USD) - 2016/03/05 16:18:30 ET
Table 'Tatry III' 6-max Seat #1 is the button
Seat 1: JayEm82 ($173.35 in chips)
Seat 2: ZinZar ($269.92 in chips)
JayEm82: posts small blind $1
ZinZar: posts big blind $3
*** HOLE CARDS ***
JayEm82: raises $3 to $6
ZinZar: raises $3 to $9
JayEm82: raises $3 to $12
Betting is capped
Eklund_1891 said, "hope u die y"
ZinZar: calls $3
*** FLOP *** [2c 6d 8s]
ZinZar: checks
JayEm82: bets $3
Eklund_1891 said, "hhhhjjkj"
ZinZar: calls $3
*** TURN *** [2c 6d 8s] [4s]
ZinZar: checks
JayEm82: bets $6
ZinZar: calls $6
*** RIVER *** [2c 6d 8s 4s] [Ah]
ZinZar: checks
JayEm82: bets $6
ZinZar: folds
Uncalled bet ($6) returned to JayEm82
JayEm82 collected $41.50 from pot
JayEm82: doesn't show hand
*** SUMMARY ***
Total pot $42 | Rake $0.50
Board [2c 6d 8s 4s Ah]
Seat 1: JayEm82 (button) (small blind) collected ($41.50)
Seat 2: ZinZar (big blind) folded on the River


PokerStars Hand #149894159400:  Hold'em Limit ($3/$6 USD) - 2016/03/05 16:19:03 ET
Table 'Tatry III' 6-max Seat #1 is the button
Seat 1: JayEm82 ($194.85 in chips)
Seat 2: ZinZar ($247.92 in chips)
JayEm82: posts small blind $1
ZinZar: posts big blind $3
*** HOLE CARDS ***
JayEm82: folds
Uncalled bet ($2) returned to ZinZar
ZinZar collected $2 from pot
ZinZar: doesn't show hand
*** SUMMARY ***
Total pot $2 | Rake $0
Seat 1: JayEm82 (button) (small blind) folded before Flop
Seat 2: ZinZar (big blind) collected ($2)


PokerStars Hand #149894168528:  Hold'em Limit ($3/$6 USD) - 2016/03/05 16:19:13 ET
Table 'Tatry III' 6-max Seat #2 is the button
Seat 1: JayEm82 ($193.85 in chips)
Seat 2: ZinZar ($248.92 in chips)
ZinZar: posts small blind $1
JayEm82: posts big blind $3
*** HOLE CARDS ***
ZinZar: raises $3 to $6
JayEm82: folds
Uncalled bet ($3) returned to ZinZar
ZinZar collected $6 from pot
ZinZar: doesn't show hand
*** SUMMARY ***
Total pot $6 | Rake $0
Seat 1: JayEm82 (big blind) folded before Flop
Seat 2: ZinZar (button) (small blind) collected ($6)


PokerStars Hand #149894189993:  Hold'em Limit ($3/$6 USD) - 2016/03/05 16:19:38 ET
Table 'Tatry III' 6-max Seat #1 is the button
Seat 1: JayEm82 ($190.85 in chips)
Seat 2: ZinZar ($251.92 in chips)
JayEm82: posts small blind $1
ZinZar: posts big blind $3
*** HOLE CARDS ***
Eklund_1891 leaves the table
JayEm82: folds
Uncalled bet ($2) returned to ZinZar
ZinZar collected $2 from pot
ZinZar: doesn't show hand
*** SUMMARY ***
Total pot $2 | Rake $0
Seat 1: JayEm82 (button) (small blind) folded before Flop
Seat 2: ZinZar (big blind) collected ($2)


PokerStars Hand #149894201179:  Hold'em Limit ($3/$6 USD) - 2016/03/05 16:19:51 ET
Table 'Tatry III' 6-max Seat #2 is the button
Seat 1: JayEm82 ($189.85 in chips)
Seat 2: ZinZar ($252.92 in chips)
ZinZar: posts small blind $1
JayEm82: posts big blind $3
*** HOLE CARDS ***
ZinZar: raises $3 to $6
JayEm82: calls $3
*** FLOP *** [6h 5s 9d]
JayEm82: checks
ZinZar: bets $3
JayEm82: raises $3 to $6
ZinZar: calls $3
*** TURN *** [6h 5s 9d] [3s]
JayEm82: bets $6
ZinZar: folds
Uncalled bet ($6) returned to JayEm82
JayEm82 collected $23.52 from pot
JayEm82: doesn't show hand
*** SUMMARY ***
Total pot $24 | Rake $0.48
Board [6h 5s 9d 3s]
Seat 1: JayEm82 (big blind) collected ($23.52)
Seat 2: ZinZar (button) (small blind) folded on the Turn


PokerStars Hand #149894219222:  Hold'em Limit ($3/$6 USD) - 2016/03/05 16:20:11 ET
Table 'Tatry III' 6-max Seat #1 is the button
Seat 1: JayEm82 ($201.37 in chips)
Seat 2: ZinZar ($240.92 in chips)
JayEm82: posts small blind $1
ZinZar: posts big blind $3
*** HOLE CARDS ***
JayEm82: raises $3 to $6
ZinZar: raises $3 to $9
5PRUT5 joins the table at seat #3
JayEm82: raises $3 to $12
Betting is capped
ZinZar: calls $3
*** FLOP *** [Jc 3d 2s]
ZinZar: checks
JayEm82: bets $3
ZinZar: calls $3
*** TURN *** [Jc 3d 2s] [Kd]
ZinZar: checks
JayEm82: bets $6
ZinZar: folds
Uncalled bet ($6) returned to JayEm82
JayEm82 collected $29.50 from pot
JayEm82: doesn't show hand
*** SUMMARY ***
Total pot $30 | Rake $0.50
Board [Jc 3d 2s Kd]
Seat 1: JayEm82 (button) (small blind) collected ($29.50)
Seat 2: ZinZar (big blind) folded on the Turn


PokerStars Hand #149894298718:  Hold'em Limit ($3/$6 USD) - 2016/03/05 16:21:34 ET
Table 'Tatry III' 6-max Seat #1 is the button
Seat 1: JayEm82 ($190.87 in chips)
Seat 2: ZinZar ($278.53 in chips)
JayEm82: posts small blind $1
ZinZar: posts big blind $3
*** HOLE CARDS ***
JayEm82: raises $3 to $6
5PRUT5 leaves the table
ZinZar: calls $3
*** FLOP *** [5d 2h 7c]
ZinZar: checks
JayEm82: bets $3
ZinZar: folds
Uncalled bet ($3) returned to JayEm82
JayEm82 collected $11.76 from pot
JayEm82: doesn't show hand
*** SUMMARY ***
Total pot $12 | Rake $0.24
Board [5d 2h 7c]
Seat 1: JayEm82 (button) (small blind) collected ($11.76)
Seat 2: ZinZar (big blind) folded on the Flop


PokerStars Hand #149894309890:  Hold'em Limit ($3/$6 USD) - 2016/03/05 16:21:46 ET
Table 'Tatry III' 6-max Seat #2 is the button
Seat 1: JayEm82 ($196.63 in chips)
Seat 2: ZinZar ($272.53 in chips)
ZinZar: posts small blind $1
JayEm82: posts big blind $3
*** HOLE CARDS ***
ZinZar: folds
Uncalled bet ($2) returned to JayEm82
JayEm82 collected $2 from pot
JayEm82: doesn't show hand
*** SUMMARY ***
Total pot $2 | Rake $0
Seat 1: JayEm82 (big blind) collected ($2)
Seat 2: ZinZar (button) (small blind) folded before Flop


PokerStars Hand #149894330619:  Hold'em Limit ($3/$6 USD) - 2016/03/05 16:22:08 ET
Table 'Tatry III' 6-max Seat #2 is the button
Seat 1: JayEm82 ($212.13 in chips)
Seat 2: ZinZar ($256.53 in chips)
ZinZar: posts small blind $1
JayEm82: posts big blind $3
*** HOLE CARDS ***
ZinZar: raises $3 to $6
JayEm82: calls $3
*** FLOP *** [Ac 7s 5s]
JayEm82: checks
ZinZar: checks
*** TURN *** [Ac 7s 5s] [7h]
JayEm82: bets $6
ZinZar: calls $6
*** RIVER *** [Ac 7s 5s 7h] [9c]
JayEm82: bets $6
ZinZar: calls $6
*** SHOW DOWN ***
JayEm82: shows [Jc 5c] (two pair, Sevens and Fives)
ZinZar: shows [5h 8h] (two pair, Sevens and Fives)
JayEm82 collected $17.75 from pot
ZinZar collected $17.75 from pot
*** SUMMARY ***
Total pot $36 | Rake $0.50
Board [Ac 7s 5s 7h 9c]
Seat 1: JayEm82 (big blind) showed [Jc 5c] and won ($17.75) with two pair, Sevens and Fives
Seat 2: ZinZar (button) (small blind) showed [5h 8h] and won ($17.75) with two pair, Sevens and Fives


PokerStars Hand #149894344910:  Hold'em Limit ($3/$6 USD) - 2016/03/05 16:22:24 ET
Table 'Tatry III' 6-max Seat #1 is the button
Seat 1: JayEm82 ($211.88 in chips)
Seat 2: ZinZar ($256.28 in chips)
JayEm82: posts small blind $1
ZinZar: posts big blind $3
*** HOLE CARDS ***
JayEm82: folds
Uncalled bet ($2) returned to ZinZar
ZinZar collected $2 from pot
ZinZar: doesn't show hand
*** SUMMARY ***
Total pot $2 | Rake $0
Seat 1: JayEm82 (button) (small blind) folded before Flop
Seat 2: ZinZar (big blind) collected ($2)


PokerStars Hand #149894380258:  Hold'em Limit ($3/$6 USD) - 2016/03/05 16:23:01 ET
Table 'Tatry III' 6-max Seat #1 is the button
Seat 1: JayEm82 ($240.38 in chips)
Seat 2: ZinZar ($227.28 in chips)
JayEm82: posts small blind $1
ZinZar: posts big blind $3
*** HOLE CARDS ***
JayEm82: folds
Uncalled bet ($2) returned to ZinZar
ZinZar collected $2 from pot
ZinZar: doesn't show hand
*** SUMMARY ***
Total pot $2 | Rake $0
Seat 1: JayEm82 (button) (small blind) folded before Flop
Seat 2: ZinZar (big blind) collected ($2)


PokerStars Hand #149894359403:  Hold'em Limit ($3/$6 USD) - 2016/03/05 16:22:39 ET
Table 'Tatry III' 6-max Seat #2 is the button
Seat 1: JayEm82 ($210.88 in chips)
Seat 2: ZinZar ($257.28 in chips)
ZinZar: posts small blind $1
JayEm82: posts big blind $3
*** HOLE CARDS ***
ZinZar: raises $3 to $6
JayEm82: raises $3 to $9
ZinZar: calls $3
*** FLOP *** [Qd Jh 4d]
JayEm82: bets $3
ZinZar: calls $3
*** TURN *** [Qd Jh 4d] [8d]
JayEm82: checks
ZinZar: bets $6
JayEm82: raises $6 to $12
ZinZar: calls $6
*** RIVER *** [Qd Jh 4d 8d] [9c]
JayEm82: bets $6
ZinZar: calls $6
*** SHOW DOWN ***
JayEm82: shows [8h 8c] (three of a kind, Eights)
ZinZar: mucks hand
JayEm82 collected $59.50 from pot
*** SUMMARY ***
Total pot $60 | Rake $0.50
Board [Qd Jh 4d 8d 9c]
Seat 1: JayEm82 (big blind) showed [8h 8c] and won ($59.50) with three of a kind, Eights
Seat 2: ZinZar (button) (small blind) mucked


PokerStars Hand #149894314565:  Hold'em Limit ($3/$6 USD) - 2016/03/05 16:21:51 ET
Table 'Tatry III' 6-max Seat #1 is the button
Seat 1: JayEm82 ($197.63 in chips)
Seat 2: ZinZar ($271.53 in chips)
JayEm82: posts small blind $1
ZinZar: posts big blind $3
*** HOLE CARDS ***
JayEm82: raises $3 to $6
ZinZar: calls $3
*** FLOP *** [5d 8s 2h]
ZinZar: checks
JayEm82: bets $3
ZinZar: calls $3
*** TURN *** [5d 8s 2h] [9d]
ZinZar: checks
JayEm82: bets $6
ZinZar: calls $6
*** RIVER *** [5d 8s 2h 9d] [Ts]
ZinZar: checks
JayEm82: checks
*** SHOW DOWN ***
ZinZar: shows [2d Jc] (a pair of Deuces)
JayEm82: shows [Qc 8h] (a pair of Eights)
JayEm82 collected $29.50 from pot
*** SUMMARY ***
Total pot $30 | Rake $0.50
Board [5d 8s 2h 9d Ts]
Seat 1: JayEm82 (button) (small blind) showed [Qc 8h] and won ($29.50) with a pair of Eights
Seat 2: ZinZar (big blind) showed [2d Jc] and lost with a pair of Deuces


PokerStars Hand #149894384302:  Hold'em Limit ($3/$6 USD) - 2016/03/05 16:23:05 ET
Table 'Tatry III' 6-max Seat #2 is the button
Seat 1: JayEm82 ($239.38 in chips)
Seat 2: ZinZar ($228.28 in chips)
ZinZar: posts small blind $1
JayEm82: posts big blind $3
*** HOLE CARDS ***
ZinZar: raises $3 to $6
JayEm82: folds
Uncalled bet ($3) returned to ZinZar
ZinZar collected $6 from pot
ZinZar: doesn't show hand
*** SUMMARY ***
Total pot $6 | Rake $0
Seat 1: JayEm82 (big blind) folded before Flop
Seat 2: ZinZar (button) (small blind) collected ($6)


PokerStars Hand #149894390259:  Hold'em Limit ($3/$6 USD) - 2016/03/05 16:23:12 ET
Table 'Tatry III' 6-max Seat #1 is the button
Seat 1: JayEm82 ($236.38 in chips)
Seat 2: ZinZar ($231.28 in chips)
JayEm82: posts small blind $1
ZinZar: posts big blind $3
*** HOLE CARDS ***
JayEm82: raises $3 to $6
ZinZar: calls $3
*** FLOP *** [Qd 2h Ts]
ZinZar: checks
JayEm82: bets $3
ZinZar: folds
Uncalled bet ($3) returned to JayEm82
JayEm82 collected $11.76 from pot
JayEm82: doesn't show hand
*** SUMMARY ***
Total pot $12 | Rake $0.24
Board [Qd 2h Ts]
Seat 1: JayEm82 (button) (small blind) collected ($11.76)
Seat 2: ZinZar (big blind) folded on the Flop


PokerStars Hand #149898999462:  Hold'em Limit ($3/$6 USD) - 2016/03/05 17:46:33 ET
Table 'Tatry III' 6-max Seat #3 is the button
Seat 3: sammybeyo ($30 in chips)
Seat 4: AzureCaper ($75 in chips)
sammybeyo: posts small blind $1
AzureCaper: posts big blind $3
*** HOLE CARDS ***
sammybeyo: raises $3 to $6
AzureCaper: calls $3
*** FLOP *** [Td 2c Jh]
AzureCaper: checks
Pilowski joins the table at seat #6
sammybeyo: bets $3
AzureCaper: folds
Uncalled bet ($3) returned to sammybeyo
sammybeyo collected $11.76 from pot
sammybeyo: doesn't show hand
*** SUMMARY ***
Total pot $12 | Rake $0.24
Board [Td 2c Jh]
Seat 3: sammybeyo (button) (small blind) collected ($11.76)
Seat 4: AzureCaper (big blind) folded on the Flop


