PokerStars Hand #155467569243:  Hold'em Limit ($3/$6 USD) - 2016/07/02 10:49:09 ET
Table 'Tatry II' 6-max Seat #4 is the button
Seat 4: VolkovDmitri ($120 in chips)
Seat 5: AAAA_FULL_72 ($134 in chips)
VolkovDmitri: posts small blind $1
AAAA_FULL_72: posts big blind $3
*** HOLE CARDS ***
VolkovDmitri: raises $3 to $6
AAAA_FULL_72: calls $3
*** FLOP *** [6c 4s Kd]
AAAA_FULL_72: checks
VolkovDmitri: bets $3
AAAA_FULL_72: calls $3
*** TURN *** [6c 4s Kd] [8d]
AAAA_FULL_72: checks
VolkovDmitri: checks
*** RIVER *** [6c 4s Kd 8d] [7d]
AAAA_FULL_72: checks
VolkovDmitri: bets $6
AAAA_FULL_72: folds
Uncalled bet ($6) returned to VolkovDmitri
VolkovDmitri collected $17.64 from pot
VolkovDmitri: doesn't show hand
*** SUMMARY ***
Total pot $18 | Rake $0.36
Board [6c 4s Kd 8d 7d]
Seat 4: VolkovDmitri (button) (small blind) collected ($17.64)
Seat 5: AAAA_FULL_72 (big blind) folded on the River


PokerStars Hand #155467552123:  Hold'em Limit ($3/$6 USD) - 2016/07/02 10:48:40 ET
Table 'Tatry II' 6-max Seat #5 is the button
Seat 4: VolkovDmitri ($120 in chips)
Seat 5: AAAA_FULL_72 ($107.50 in chips)
AAAA_FULL_72: posts small blind $1
VolkovDmitri: posts big blind $3
*** HOLE CARDS ***
AAAA_FULL_72: raises $3 to $6
VolkovDmitri: calls $3
*** FLOP *** [5d Ac 2s]
VolkovDmitri: bets $3
AAAA_FULL_72: raises $3 to $6
VolkovDmitri: raises $3 to $9
AAAA_FULL_72: calls $3
*** TURN *** [5d Ac 2s] [Qh]
VolkovDmitri: checks
AAAA_FULL_72: bets $6
VolkovDmitri: calls $6
*** RIVER *** [5d Ac 2s Qh] [7c]
VolkovDmitri: checks
AAAA_FULL_72: bets $6
VolkovDmitri: calls $6
*** SHOW DOWN ***
AAAA_FULL_72: shows [Ah Td] (a pair of Aces)
vestimokrec joins the table at seat #6
VolkovDmitri: mucks hand
AAAA_FULL_72 collected $53.50 from pot
*** SUMMARY ***
Total pot $54 | Rake $0.50
Board [5d Ac 2s Qh 7c]
Seat 4: VolkovDmitri (big blind) mucked
Seat 5: AAAA_FULL_72 (button) (small blind) showed [Ah Td] and won ($53.50) with a pair of Aces


PokerStars Hand #155467625692:  Hold'em Limit ($3/$6 USD) - 2016/07/02 10:50:45 ET
Table 'Tatry II' 6-max Seat #4 is the button
Seat 4: VolkovDmitri ($121 in chips)
Seat 5: AAAA_FULL_72 ($140.89 in chips)
VolkovDmitri: posts small blind $1
AAAA_FULL_72: posts big blind $3
*** HOLE CARDS ***
VolkovDmitri: raises $3 to $6
AAAA_FULL_72: calls $3
*** FLOP *** [7s Qc 8d]
AAAA_FULL_72: checks
VolkovDmitri: bets $3
AAAA_FULL_72: raises $3 to $6
VolkovDmitri: calls $3
*** TURN *** [7s Qc 8d] [Jd]
AAAA_FULL_72: bets $6
VolkovDmitri: calls $6
*** RIVER *** [7s Qc 8d Jd] [Jc]
AAAA_FULL_72: bets $6
VolkovDmitri: raises $6 to $12
AAAA_FULL_72: folds
Uncalled bet ($6) returned to VolkovDmitri
VolkovDmitri collected $47.50 from pot
VolkovDmitri: doesn't show hand
*** SUMMARY ***
Total pot $48 | Rake $0.50
Board [7s Qc 8d Jd Jc]
Seat 4: VolkovDmitri (button) (small blind) collected ($47.50)
Seat 5: AAAA_FULL_72 (big blind) folded on the River


PokerStars Hand #155467622100:  Hold'em Limit ($3/$6 USD) - 2016/07/02 10:50:39 ET
Table 'Tatry II' 6-max Seat #5 is the button
Seat 4: VolkovDmitri ($120 in chips)
Seat 5: AAAA_FULL_72 ($141.89 in chips)
AAAA_FULL_72: posts small blind $1
vestimokrec: is sitting out
VolkovDmitri: posts big blind $3
*** HOLE CARDS ***
vestimokrec leaves the table
AAAA_FULL_72: folds
Uncalled bet ($2) returned to VolkovDmitri
VolkovDmitri collected $2 from pot
VolkovDmitri: doesn't show hand
*** SUMMARY ***
Total pot $2 | Rake $0
Seat 4: VolkovDmitri (big blind) collected ($2)
Seat 5: AAAA_FULL_72 (button) (small blind) folded before Flop


PokerStars Hand #155467650301:  Hold'em Limit ($3/$6 USD) - 2016/07/02 10:51:27 ET
Table 'Tatry II' 6-max Seat #5 is the button
Seat 4: VolkovDmitri ($144.50 in chips)
Seat 5: AAAA_FULL_72 ($116.89 in chips)
AAAA_FULL_72: posts small blind $1
VolkovDmitri: posts big blind $3
*** HOLE CARDS ***
AAAA_FULL_72: calls $2
VolkovDmitri: checks
*** FLOP *** [9h 7h Ts]
VolkovDmitri: bets $3
AAAA_FULL_72: folds
Uncalled bet ($3) returned to VolkovDmitri
VolkovDmitri collected $5.88 from pot
VolkovDmitri: doesn't show hand
*** SUMMARY ***
Total pot $6 | Rake $0.12
Board [9h 7h Ts]
Seat 4: VolkovDmitri (big blind) collected ($5.88)
Seat 5: AAAA_FULL_72 (button) (small blind) folded on the Flop


PokerStars Hand #155468126048:  Hold'em Limit ($3/$6 USD) - 2016/07/02 11:05:23 ET
Table 'Tatry II' 6-max Seat #2 is the button
Seat 2: Fantomet ($67.24 in chips)
Seat 3: kolaz03 ($75 in chips)
Fantomet: posts small blind $1
kolaz03: posts big blind $3
*** HOLE CARDS ***
Fantomet: folds
Uncalled bet ($2) returned to kolaz03
kolaz03 collected $2 from pot
kolaz03: doesn't show hand
*** SUMMARY ***
Total pot $2 | Rake $0
Seat 2: Fantomet (button) (small blind) folded before Flop
Seat 3: kolaz03 (big blind) collected ($2)


PokerStars Hand #155468118964:  Hold'em Limit ($3/$6 USD) - 2016/07/02 11:05:11 ET
Table 'Tatry II' 6-max Seat #3 is the button
Seat 2: Fantomet ($70.24 in chips)
Seat 3: kolaz03 ($72 in chips)
kolaz03: posts small blind $1
VolkovDmitri: is sitting out
Fantomet: posts big blind $3
*** HOLE CARDS ***
kolaz03: raises $3 to $6
VolkovDmitri leaves the table
Fantomet: folds
Uncalled bet ($3) returned to kolaz03
kolaz03 collected $6 from pot
kolaz03: doesn't show hand
*** SUMMARY ***
Total pot $6 | Rake $0
Seat 2: Fantomet (big blind) folded before Flop
Seat 3: kolaz03 (button) (small blind) collected ($6)


PokerStars Hand #155468143220:  Hold'em Limit ($3/$6 USD) - 2016/07/02 11:05:51 ET
Table 'Tatry II' 6-max Seat #2 is the button
Seat 2: Fantomet ($89.74 in chips)
Seat 3: kolaz03 ($72 in chips)
Fantomet: posts small blind $1
kolaz03: posts big blind $3
*** HOLE CARDS ***
Fantomet: raises $3 to $6
kolaz03: raises $3 to $9
Fantomet: calls $3
*** FLOP *** [Jh 8d Kd]
kolaz03: bets $3
Fantomet: calls $3
*** TURN *** [Jh 8d Kd] [2d]
kolaz03: bets $6
Fantomet: calls $6
*** RIVER *** [Jh 8d Kd 2d] [7s]
kolaz03: bets $6
Fantomet: raises $6 to $12
kolaz03: folds
Uncalled bet ($6) returned to Fantomet
Fantomet collected $47.50 from pot
*** SUMMARY ***
Total pot $48 | Rake $0.50
Board [Jh 8d Kd 2d 7s]
Seat 2: Fantomet (button) (small blind) collected ($47.50)
Seat 3: kolaz03 (big blind) folded on the River


PokerStars Hand #155468166667:  Hold'em Limit ($3/$6 USD) - 2016/07/02 11:06:30 ET
Table 'Tatry II' 6-max Seat #3 is the button
Seat 2: Fantomet ($113.24 in chips)
Seat 3: kolaz03 ($72 in chips)
kolaz03: posts small blind $1
Fantomet: posts big blind $3
*** HOLE CARDS ***
kolaz03: raises $3 to $6
Fantomet: folds
Uncalled bet ($3) returned to kolaz03
kolaz03 collected $6 from pot
kolaz03: doesn't show hand
*** SUMMARY ***
Total pot $6 | Rake $0
Seat 2: Fantomet (big blind) folded before Flop
Seat 3: kolaz03 (button) (small blind) collected ($6)


PokerStars Hand #155469774095:  Hold'em Limit ($3/$6 USD) - 2016/07/02 11:50:06 ET
Table 'Tatry II' 6-max Seat #1 is the button
Seat 1: Ale4o ($107 in chips)
Seat 6: manisped ($84.52 in chips)
Ale4o: posts small blind $1
manisped: posts big blind $3
*** HOLE CARDS ***
Ale4o: raises $3 to $6
manisped: calls $3
*** FLOP *** [3h Jh 4s]
manisped: checks
Ale4o: bets $3
manisped: folds
Uncalled bet ($3) returned to Ale4o
Ale4o collected $11.76 from pot
Ale4o: doesn't show hand
*** SUMMARY ***
Total pot $12 | Rake $0.24
Board [3h Jh 4s]
Seat 1: Ale4o (button) (small blind) collected ($11.76)
Seat 6: manisped (big blind) folded on the Flop


PokerStars Hand #155469758928:  Hold'em Limit ($3/$6 USD) - 2016/07/02 11:49:41 ET
Table 'Tatry II' 6-max Seat #6 is the button
Seat 1: Ale4o ($116 in chips)
Seat 6: manisped ($75.88 in chips)
manisped: posts small blind $1
Ale4o: posts big blind $3
*** HOLE CARDS ***
manisped: calls $2
Ale4o: checks
*** FLOP *** [Ac 6h Ts]
Ale4o: checks
manisped: checks
*** TURN *** [Ac 6h Ts] [Td]
Ale4o: bets $6
manisped: calls $6
*** RIVER *** [Ac 6h Ts Td] [3h]
Ale4o: checks
manisped: checks
*** SHOW DOWN ***
Ale4o: shows [4d 2h] (a pair of Tens)
manisped: shows [Qc 9s] (a pair of Tens - Ace+Queen kicker)
manisped collected $17.64 from pot
*** SUMMARY ***
Total pot $18 | Rake $0.36
Board [Ac 6h Ts Td 3h]
Seat 1: Ale4o (big blind) showed [4d 2h] and lost with a pair of Tens
Seat 6: manisped (button) (small blind) showed [Qc 9s] and won ($17.64) with a pair of Tens


PokerStars Hand #155469756605:  Hold'em Limit ($3/$6 USD) - 2016/07/02 11:49:38 ET
Table 'Tatry II' 6-max Seat #1 is the button
Seat 1: Ale4o ($117 in chips)
Seat 6: manisped ($74.88 in chips)
Ale4o: posts small blind $1
manisped: posts big blind $3
*** HOLE CARDS ***
Ale4o: folds
Uncalled bet ($2) returned to manisped
manisped collected $2 from pot
*** SUMMARY ***
Total pot $2 | Rake $0
Seat 1: Ale4o (button) (small blind) folded before Flop
Seat 6: manisped (big blind) collected ($2)


PokerStars Hand #155469717878:  Hold'em Limit ($3/$6 USD) - 2016/07/02 11:48:35 ET
Table 'Tatry II' 6-max Seat #6 is the button
Seat 1: Ale4o ($120 in chips)
Seat 6: manisped ($72 in chips)
manisped: posts small blind $1
Ale4o: posts big blind $3
*** HOLE CARDS ***
manisped: calls $2
Ale4o: checks
*** FLOP *** [4h 7d Qs]
Ale4o: checks
manisped: bets $3
Ale4o: folds
Uncalled bet ($3) returned to manisped
manisped collected $5.88 from pot
*** SUMMARY ***
Total pot $6 | Rake $0.12
Board [4h 7d Qs]
Seat 1: Ale4o (big blind) folded on the Flop
Seat 6: manisped (button) (small blind) collected ($5.88)


PokerStars Hand #155469809254:  Hold'em Limit ($3/$6 USD) - 2016/07/02 11:51:03 ET
Table 'Tatry II' 6-max Seat #6 is the button
Seat 1: Ale4o ($109.76 in chips)
Seat 6: manisped ($81.16 in chips)
manisped: posts small blind $1
Ale4o: posts big blind $3
*** HOLE CARDS ***
manisped: raises $3 to $6
Ale4o: folds
Uncalled bet ($3) returned to manisped
manisped collected $6 from pot
*** SUMMARY ***
Total pot $6 | Rake $0
Seat 1: Ale4o (big blind) folded before Flop
Seat 6: manisped (button) (small blind) collected ($6)


PokerStars Hand #155469804973:  Hold'em Limit ($3/$6 USD) - 2016/07/02 11:50:56 ET
Table 'Tatry II' 6-max Seat #1 is the button
Seat 1: Ale4o ($106.76 in chips)
Seat 6: manisped ($84.16 in chips)
Ale4o: posts small blind $1
manisped: posts big blind $3
*** HOLE CARDS ***
Ale4o: raises $3 to $6
manisped: folds
Uncalled bet ($3) returned to Ale4o
Ale4o collected $6 from pot
Ale4o: doesn't show hand
*** SUMMARY ***
Total pot $6 | Rake $0
Seat 1: Ale4o (button) (small blind) collected ($6)
Seat 6: manisped (big blind) folded before Flop


PokerStars Hand #155469796472:  Hold'em Limit ($3/$6 USD) - 2016/07/02 11:50:42 ET
Table 'Tatry II' 6-max Seat #6 is the button
Seat 1: Ale4o ($109.76 in chips)
Seat 6: manisped ($81.28 in chips)
manisped: posts small blind $1
Ale4o: posts big blind $3
*** HOLE CARDS ***
manisped: calls $2
Ale4o: checks
*** FLOP *** [9d 4h Qh]
Ale4o: checks
manisped: bets $3
Ale4o: folds
Uncalled bet ($3) returned to manisped
manisped collected $5.88 from pot
*** SUMMARY ***
Total pot $6 | Rake $0.12
Board [9d 4h Qh]
Seat 1: Ale4o (big blind) folded on the Flop
Seat 6: manisped (button) (small blind) collected ($5.88)


PokerStars Hand #155469791712:  Hold'em Limit ($3/$6 USD) - 2016/07/02 11:50:34 ET
Table 'Tatry II' 6-max Seat #1 is the button
Seat 1: Ale4o ($106.76 in chips)
Seat 6: manisped ($84.28 in chips)
Ale4o: posts small blind $1
manisped: posts big blind $3
*** HOLE CARDS ***
Ale4o: raises $3 to $6
manisped: folds
Uncalled bet ($3) returned to Ale4o
Ale4o collected $6 from pot
Ale4o: doesn't show hand
*** SUMMARY ***
Total pot $6 | Rake $0
Seat 1: Ale4o (button) (small blind) collected ($6)
Seat 6: manisped (big blind) folded before Flop


PokerStars Hand #155469783067:  Hold'em Limit ($3/$6 USD) - 2016/07/02 11:50:20 ET
Table 'Tatry II' 6-max Seat #6 is the button
Seat 1: Ale4o ($112.76 in chips)
Seat 6: manisped ($78.52 in chips)
manisped: posts small blind $1
Ale4o: posts big blind $3
*** HOLE CARDS ***
manisped: raises $3 to $6
Ale4o: calls $3
*** FLOP *** [As Ts 6s]
Ale4o: checks
manisped: bets $3
Ale4o: folds
Uncalled bet ($3) returned to manisped
manisped collected $11.76 from pot
*** SUMMARY ***
Total pot $12 | Rake $0.24
Board [As Ts 6s]
Seat 1: Ale4o (big blind) folded on the Flop
Seat 6: manisped (button) (small blind) collected ($11.76)


PokerStars Hand #155469832435:  Hold'em Limit ($3/$6 USD) - 2016/07/02 11:51:40 ET
Table 'Tatry II' 6-max Seat #6 is the button
Seat 1: Ale4o ($115.40 in chips)
Seat 6: manisped ($75.16 in chips)
manisped: posts small blind $1
Ale4o: posts big blind $3
*** HOLE CARDS ***
manisped: calls $2
Ale4o: raises $3 to $6
manisped: calls $3
*** FLOP *** [Ad Ts Ah]
Ale4o: bets $3
manisped: calls $3
*** TURN *** [Ad Ts Ah] [4h]
Ale4o: bets $6
manisped: calls $6
*** RIVER *** [Ad Ts Ah 4h] [Qc]
Ale4o: checks
manisped: checks
*** SHOW DOWN ***
Ale4o: shows [5d 5c] (two pair, Aces and Fives)
manisped: mucks hand
Ale4o collected $29.50 from pot
*** SUMMARY ***
Total pot $30 | Rake $0.50
Board [Ad Ts Ah 4h Qc]
Seat 1: Ale4o (big blind) showed [5d 5c] and won ($29.50) with two pair, Aces and Fives
Seat 6: manisped (button) (small blind) mucked


PokerStars Hand #155469815699:  Hold'em Limit ($3/$6 USD) - 2016/07/02 11:51:13 ET
Table 'Tatry II' 6-max Seat #1 is the button
Seat 1: Ale4o ($106.76 in chips)
Seat 6: manisped ($84.16 in chips)
Ale4o: posts small blind $1
manisped: posts big blind $3
*** HOLE CARDS ***
Ale4o: raises $3 to $6
manisped: calls $3
*** FLOP *** [9c 3d As]
manisped: checks
Ale4o: bets $3
manisped: calls $3
*** TURN *** [9c 3d As] [3s]
TheU10 joins the table at seat #2
manisped: checks
Ale4o: bets $6
manisped: folds
Uncalled bet ($6) returned to Ale4o
Ale4o collected $17.64 from pot
Ale4o: doesn't show hand
*** SUMMARY ***
Total pot $18 | Rake $0.36
Board [9c 3d As 3s]
Seat 1: Ale4o (button) (small blind) collected ($17.64)
Seat 6: manisped (big blind) folded on the Turn


PokerStars Hand #155470028637:  Hold'em Limit ($3/$6 USD) - 2016/07/02 11:57:21 ET
Table 'Tatry II' 6-max Seat #6 is the button
Seat 1: Ale4o ($140.92 in chips)
Seat 6: manisped ($72.87 in chips)
manisped: posts small blind $1
Ale4o: posts big blind $3
*** HOLE CARDS ***
manisped: folds
Uncalled bet ($2) returned to Ale4o
Ale4o collected $2 from pot
Ale4o: doesn't show hand
*** SUMMARY ***
Total pot $2 | Rake $0
Seat 1: Ale4o (big blind) collected ($2)
Seat 6: manisped (button) (small blind) folded before Flop


PokerStars Hand #155470016800:  Hold'em Limit ($3/$6 USD) - 2016/07/02 11:56:58 ET
Table 'Tatry II' 6-max Seat #1 is the button
Seat 1: Ale4o ($149.92 in chips)
Seat 6: manisped ($64.23 in chips)
Ale4o: posts small blind $1
manisped: posts big blind $3
*** HOLE CARDS ***
Ale4o: raises $3 to $6
manisped: calls $3
*** FLOP *** [As Qs Ad]
manisped: checks
Ale4o: bets $3
manisped: calls $3
*** TURN *** [As Qs Ad] [7s]
manisped: checks
Ale4o: checks
*** RIVER *** [As Qs Ad 7s] [8s]
manisped: checks
Ale4o: checks
*** SHOW DOWN ***
manisped: shows [Qh 8d] (two pair, Aces and Queens)
Ale4o: mucks hand
manisped collected $17.64 from pot
*** SUMMARY ***
Total pot $18 | Rake $0.36
Board [As Qs Ad 7s 8s]
Seat 1: Ale4o (button) (small blind) mucked
Seat 6: manisped (big blind) showed [Qh 8d] and won ($17.64) with two pair, Aces and Queens


PokerStars Hand #155470014223:  Hold'em Limit ($3/$6 USD) - 2016/07/02 11:56:53 ET
Table 'Tatry II' 6-max Seat #6 is the button
Seat 1: Ale4o ($148.92 in chips)
Seat 6: manisped ($65.23 in chips)
manisped: posts small blind $1
Ale4o: posts big blind $3
*** HOLE CARDS ***
manisped: folds
Uncalled bet ($2) returned to Ale4o
Ale4o collected $2 from pot
Ale4o: doesn't show hand
*** SUMMARY ***
Total pot $2 | Rake $0
Seat 1: Ale4o (big blind) collected ($2)
Seat 6: manisped (button) (small blind) folded before Flop


PokerStars Hand #155470010455:  Hold'em Limit ($3/$6 USD) - 2016/07/02 11:56:46 ET
Table 'Tatry II' 6-max Seat #1 is the button
Seat 1: Ale4o ($145.92 in chips)
Seat 6: manisped ($68.23 in chips)
Ale4o: posts small blind $1
manisped: posts big blind $3
*** HOLE CARDS ***
Ale4o: raises $3 to $6
manisped: folds
Uncalled bet ($3) returned to Ale4o
Ale4o collected $6 from pot
Ale4o: doesn't show hand
*** SUMMARY ***
Total pot $6 | Rake $0
Seat 1: Ale4o (button) (small blind) collected ($6)
Seat 6: manisped (big blind) folded before Flop


PokerStars Hand #155470004025:  Hold'em Limit ($3/$6 USD) - 2016/07/02 11:56:33 ET
Table 'Tatry II' 6-max Seat #6 is the button
Seat 1: Ale4o ($151.92 in chips)
Seat 6: manisped ($62.47 in chips)
manisped: posts small blind $1
Ale4o: posts big blind $3
*** HOLE CARDS ***
manisped: raises $3 to $6
Ale4o: calls $3
*** FLOP *** [Ks 2c 6h]
Ale4o: checks
manisped: bets $3
Ale4o: folds
Uncalled bet ($3) returned to manisped
manisped collected $11.76 from pot
*** SUMMARY ***
Total pot $12 | Rake $0.24
Board [Ks 2c 6h]
Seat 1: Ale4o (big blind) folded on the Flop
Seat 6: manisped (button) (small blind) collected ($11.76)


PokerStars Hand #155469992978:  Hold'em Limit ($3/$6 USD) - 2016/07/02 11:56:12 ET
Table 'Tatry II' 6-max Seat #1 is the button
Seat 1: Ale4o ($157.92 in chips)
Seat 6: manisped ($56.71 in chips)
Ale4o: posts small blind $1
TheU10: is sitting out
manisped: posts big blind $3
*** HOLE CARDS ***
Ale4o: raises $3 to $6
manisped: calls $3
*** FLOP *** [3s 6d 3c]
manisped: checks
Jan Duda leaves the table
Ale4o: checks
*** TURN *** [3s 6d 3c] [Ad]
manisped: checks
Ale4o: checks
*** RIVER *** [3s 6d 3c Ad] [3d]
manisped: checks
Ale4o: checks
*** SHOW DOWN ***
manisped: shows [Kc 8d] (three of a kind, Threes)
Ale4o: mucks hand
manisped collected $11.76 from pot
*** SUMMARY ***
Total pot $12 | Rake $0.24
Board [3s 6d 3c Ad 3d]
Seat 1: Ale4o (button) (small blind) mucked
Seat 6: manisped (big blind) showed [Kc 8d] and won ($11.76) with three of a kind, Threes


PokerStars Hand #155475567964:  Hold'em Limit ($3/$6 USD) - 2016/07/02 14:18:22 ET
Table 'Tatry II' 6-max Seat #3 is the button
Seat 3: 27USTAS ($46.03 in chips)
Seat 5: ZinZar ($129.37 in chips)
27USTAS: posts small blind $1
ZinZar: posts big blind $3
*** HOLE CARDS ***
27USTAS: folds
Uncalled bet ($2) returned to ZinZar
ZinZar collected $2 from pot
ZinZar: doesn't show hand
*** SUMMARY ***
Total pot $2 | Rake $0
Seat 3: 27USTAS (button) (small blind) folded before Flop
Seat 5: ZinZar (big blind) collected ($2)


PokerStars Hand #155475564866:  Hold'em Limit ($3/$6 USD) - 2016/07/02 14:18:17 ET
Table 'Tatry II' 6-max Seat #5 is the button
Seat 3: 27USTAS ($45.03 in chips)
Seat 5: ZinZar ($130.37 in chips)
ZinZar: posts small blind $1
vestimokrec: is sitting out
27USTAS: posts big blind $3
*** HOLE CARDS ***
ZinZar: folds
Uncalled bet ($2) returned to 27USTAS
27USTAS collected $2 from pot
27USTAS: doesn't show hand
*** SUMMARY ***
Total pot $2 | Rake $0
Seat 3: 27USTAS (big blind) collected ($2)
Seat 5: ZinZar (button) (small blind) folded before Flop


