PokerStars Hand #151461489472:  Hold'em Limit ($3/$6 USD) - 2016/04/05 7:27:16 ET
Table 'Tatry' 6-max Seat #3 is the button
Seat 3: broilerfmr77 ($92.37 in chips)
Seat 4: VolkovDmitri ($120 in chips)
broilerfmr77: posts small blind $1
VolkovDmitri: posts big blind $3
*** HOLE CARDS ***
broilerfmr77: calls $2
GoliafUa joins the table at seat #5
VolkovDmitri: checks
*** FLOP *** [Td Ac 5c]
VolkovDmitri: checks
broilerfmr77: bets $3
VolkovDmitri: calls $3
*** TURN *** [Td Ac 5c] [6d]
VolkovDmitri: checks
broilerfmr77: bets $6
VolkovDmitri: calls $6
*** RIVER *** [Td Ac 5c 6d] [8c]
VolkovDmitri: checks
broilerfmr77: bets $6
VolkovDmitri: raises $6 to $12
broilerfmr77: calls $6
*** SHOW DOWN ***
VolkovDmitri: shows [3c Tc] (a flush, Ace high)
broilerfmr77: mucks hand
VolkovDmitri collected $47.50 from pot
*** SUMMARY ***
Total pot $48 | Rake $0.50
Board [Td Ac 5c 6d 8c]
Seat 3: broilerfmr77 (button) (small blind) mucked
Seat 4: VolkovDmitri (big blind) showed [3c Tc] and won ($47.50) with a flush, Ace high


PokerStars Hand #151461523682:  Hold'em Limit ($3/$6 USD) - 2016/04/05 7:28:25 ET
Table 'Tatry' 6-max Seat #3 is the button
Seat 3: broilerfmr77 ($62.37 in chips)
Seat 4: VolkovDmitri ($149.26 in chips)
broilerfmr77: posts small blind $1
VolkovDmitri: posts big blind $3
*** HOLE CARDS ***
broilerfmr77: calls $2
VolkovDmitri: raises $3 to $6
broilerfmr77: calls $3
*** FLOP *** [Ad 5h 6c]
VolkovDmitri: bets $3
broilerfmr77: calls $3
*** TURN *** [Ad 5h 6c] [2c]
VolkovDmitri: bets $6
broilerfmr77: raises $6 to $12
VolkovDmitri: calls $6
*** RIVER *** [Ad 5h 6c 2c] [7h]
VolkovDmitri: checks
broilerfmr77: bets $6
VolkovDmitri: folds
Uncalled bet ($6) returned to broilerfmr77
broilerfmr77 collected $41.50 from pot
*** SUMMARY ***
Total pot $42 | Rake $0.50
Board [Ad 5h 6c 2c 7h]
Seat 3: broilerfmr77 (button) (small blind) collected ($41.50)
Seat 4: VolkovDmitri (big blind) folded on the River


PokerStars Hand #151461512326:  Hold'em Limit ($3/$6 USD) - 2016/04/05 7:28:02 ET
Table 'Tatry' 6-max Seat #4 is the button
Seat 3: broilerfmr77 ($68.37 in chips)
Seat 4: VolkovDmitri ($143.50 in chips)
VolkovDmitri: posts small blind $1
broilerfmr77: posts big blind $3
*** HOLE CARDS ***
VolkovDmitri: raises $3 to $6
broilerfmr77: calls $3
*** FLOP *** [2s Qh Qs]
GoliafUa leaves the table
broilerfmr77: checks
VolkovDmitri: bets $3
broilerfmr77: folds
Uncalled bet ($3) returned to VolkovDmitri
conanboy joins the table at seat #6
VolkovDmitri collected $11.76 from pot
VolkovDmitri: doesn't show hand
*** SUMMARY ***
Total pot $12 | Rake $0.24
Board [2s Qh Qs]
Seat 3: broilerfmr77 (big blind) folded on the Flop
Seat 4: VolkovDmitri (button) (small blind) collected ($11.76)


PokerStars Hand #151461606001:  Hold'em Limit ($3/$6 USD) - 2016/04/05 7:31:07 ET
Table 'Tatry' 6-max Seat #4 is the button
Seat 4: VolkovDmitri ($120 in chips)
Seat 6: conanboy ($117.14 in chips)
VolkovDmitri: posts small blind $1
conanboy: posts big blind $3
*** HOLE CARDS ***
VolkovDmitri: raises $3 to $6
conanboy: raises $3 to $9
VolkovDmitri: calls $3
*** FLOP *** [5s 4d 9c]
conanboy: bets $3
VolkovDmitri: folds
Uncalled bet ($3) returned to conanboy
conanboy collected $17.64 from pot
conanboy: doesn't show hand
*** SUMMARY ***
Total pot $18 | Rake $0.36
Board [5s 4d 9c]
Seat 4: VolkovDmitri (button) (small blind) folded on the Flop
Seat 6: conanboy (big blind) collected ($17.64)


PokerStars Hand #151461650773:  Hold'em Limit ($3/$6 USD) - 2016/04/05 7:32:35 ET
Table 'Tatry' 6-max Seat #4 is the button
Seat 4: VolkovDmitri ($131.52 in chips)
Seat 6: conanboy ($113.78 in chips)
VolkovDmitri: posts small blind $1
conanboy: posts big blind $3
*** HOLE CARDS ***
VolkovDmitri: folds
Uncalled bet ($2) returned to conanboy
conanboy collected $2 from pot
conanboy: doesn't show hand
*** SUMMARY ***
Total pot $2 | Rake $0
Seat 4: VolkovDmitri (button) (small blind) folded before Flop
Seat 6: conanboy (big blind) collected ($2)


PokerStars Hand #151461621185:  Hold'em Limit ($3/$6 USD) - 2016/04/05 7:31:37 ET
Table 'Tatry' 6-max Seat #6 is the button
Seat 4: VolkovDmitri ($120 in chips)
Seat 6: conanboy ($125.78 in chips)
conanboy: posts small blind $1
VolkovDmitri: posts big blind $3
*** HOLE CARDS ***
conanboy: raises $3 to $6
liolilove joins the table at seat #1
VolkovDmitri: calls $3
*** FLOP *** [6d 3c Kh]
VolkovDmitri: checks
conanboy: bets $3
VolkovDmitri: raises $3 to $6
conanboy: calls $3
*** TURN *** [6d 3c Kh] [Th]
VolkovDmitri: checks
conanboy: checks
*** RIVER *** [6d 3c Kh Th] [7h]
VolkovDmitri: bets $6
conanboy: folds
Uncalled bet ($6) returned to VolkovDmitri
VolkovDmitri collected $23.52 from pot
VolkovDmitri: doesn't show hand
*** SUMMARY ***
Total pot $24 | Rake $0.48
Board [6d 3c Kh Th 7h]
Seat 4: VolkovDmitri (big blind) collected ($23.52)
Seat 6: conanboy (button) (small blind) folded on the River


PokerStars Hand #151461693374:  Hold'em Limit ($3/$6 USD) - 2016/04/05 7:33:58 ET
Table 'Tatry' 6-max Seat #6 is the button
Seat 4: VolkovDmitri ($139.77 in chips)
Seat 6: conanboy ($111.78 in chips)
conanboy: posts small blind $1
liolilove: is sitting out
VolkovDmitri: posts big blind $3
*** HOLE CARDS ***
conanboy: folds
Uncalled bet ($2) returned to VolkovDmitri
VolkovDmitri collected $2 from pot
VolkovDmitri: doesn't show hand
*** SUMMARY ***
Total pot $2 | Rake $0
Seat 4: VolkovDmitri (big blind) collected ($2)
Seat 6: conanboy (button) (small blind) folded before Flop


PokerStars Hand #151461696819:  Hold'em Limit ($3/$6 USD) - 2016/04/05 7:34:05 ET
Table 'Tatry' 6-max Seat #4 is the button
Seat 4: VolkovDmitri ($140.77 in chips)
Seat 6: conanboy ($110.78 in chips)
VolkovDmitri: posts small blind $1
conanboy: posts big blind $3
*** HOLE CARDS ***
VolkovDmitri: raises $3 to $6
conanboy: raises $3 to $9
VolkovDmitri: calls $3
*** FLOP *** [Js 7h 5h]
conanboy: bets $3
VolkovDmitri: calls $3
*** TURN *** [Js 7h 5h] [Ts]
conanboy: bets $6
VolkovDmitri: calls $6
*** RIVER *** [Js 7h 5h Ts] [5d]
conanboy: bets $6
VolkovDmitri: folds
Uncalled bet ($6) returned to conanboy
conanboy collected $35.50 from pot
conanboy: doesn't show hand
*** SUMMARY ***
Total pot $36 | Rake $0.50
Board [Js 7h 5h Ts 5d]
Seat 4: VolkovDmitri (button) (small blind) folded on the River
Seat 6: conanboy (big blind) collected ($35.50)


PokerStars Hand #151461710743:  Hold'em Limit ($3/$6 USD) - 2016/04/05 7:34:31 ET
Table 'Tatry' 6-max Seat #6 is the button
Seat 4: VolkovDmitri ($122.77 in chips)
Seat 6: conanboy ($128.28 in chips)
conanboy: posts small blind $1
VolkovDmitri: posts big blind $3
*** HOLE CARDS ***
conanboy: raises $3 to $6
VolkovDmitri: folds
Uncalled bet ($3) returned to conanboy
conanboy collected $6 from pot
conanboy: doesn't show hand
*** SUMMARY ***
Total pot $6 | Rake $0
Seat 4: VolkovDmitri (big blind) folded before Flop
Seat 6: conanboy (button) (small blind) collected ($6)


PokerStars Hand #151461716126:  Hold'em Limit ($3/$6 USD) - 2016/04/05 7:34:42 ET
Table 'Tatry' 6-max Seat #4 is the button
Seat 4: VolkovDmitri ($120 in chips)
Seat 6: conanboy ($131.28 in chips)
VolkovDmitri: posts small blind $1
conanboy: posts big blind $3
*** HOLE CARDS ***
VolkovDmitri: raises $3 to $6
conanboy: raises $3 to $9
VolkovDmitri: calls $3
*** FLOP *** [Jd 4h 8c]
conanboy: bets $3
VolkovDmitri: raises $3 to $6
conanboy: calls $3
*** TURN *** [Jd 4h 8c] [9d]
conanboy: checks
VolkovDmitri: bets $6
conanboy: calls $6
*** RIVER *** [Jd 4h 8c 9d] [5d]
conanboy: checks
VolkovDmitri: bets $6
conanboy: calls $6
*** SHOW DOWN ***
VolkovDmitri: shows [7s Ts] (a straight, Seven to Jack)
conanboy: mucks hand
VolkovDmitri collected $53.50 from pot
*** SUMMARY ***
Total pot $54 | Rake $0.50
Board [Jd 4h 8c 9d 5d]
Seat 4: VolkovDmitri (button) (small blind) showed [7s Ts] and won ($53.50) with a straight, Seven to Jack
Seat 6: conanboy (big blind) mucked


PokerStars Hand #151461732800:  Hold'em Limit ($3/$6 USD) - 2016/04/05 7:35:14 ET
Table 'Tatry' 6-max Seat #6 is the button
Seat 4: VolkovDmitri ($146.50 in chips)
Seat 6: conanboy ($104.28 in chips)
conanboy: posts small blind $1
VolkovDmitri: posts big blind $3
*** HOLE CARDS ***
conanboy: raises $3 to $6
VolkovDmitri: calls $3
*** FLOP *** [8d 6s 9s]
VolkovDmitri: checks
conanboy: bets $3
VolkovDmitri: folds
Uncalled bet ($3) returned to conanboy
conanboy collected $11.76 from pot
conanboy: doesn't show hand
*** SUMMARY ***
Total pot $12 | Rake $0.24
Board [8d 6s 9s]
Seat 4: VolkovDmitri (big blind) folded on the Flop
Seat 6: conanboy (button) (small blind) collected ($11.76)


PokerStars Hand #151461739417:  Hold'em Limit ($3/$6 USD) - 2016/04/05 7:35:27 ET
Table 'Tatry' 6-max Seat #4 is the button
Seat 4: VolkovDmitri ($140.50 in chips)
Seat 6: conanboy ($110.04 in chips)
VolkovDmitri: posts small blind $1
conanboy: posts big blind $3
*** HOLE CARDS ***
VolkovDmitri: raises $3 to $6
conanboy: raises $3 to $9
VolkovDmitri: calls $3
*** FLOP *** [9h 4h 7h]
conanboy: bets $3
VolkovDmitri: raises $3 to $6
conanboy: raises $3 to $9
VolkovDmitri: calls $3
*** TURN *** [9h 4h 7h] [4d]
conanboy: bets $6
VolkovDmitri: calls $6
*** RIVER *** [9h 4h 7h 4d] [6d]
conanboy: bets $6
VolkovDmitri: calls $6
*** SHOW DOWN ***
conanboy: shows [Jc Jd] (two pair, Jacks and Fours)
VolkovDmitri: mucks hand
conanboy collected $59.50 from pot
*** SUMMARY ***
Total pot $60 | Rake $0.50
Board [9h 4h 7h 4d 6d]
Seat 4: VolkovDmitri (button) (small blind) mucked
Seat 6: conanboy (big blind) showed [Jc Jd] and won ($59.50) with two pair, Jacks and Fours


PokerStars Hand #151461778776:  Hold'em Limit ($3/$6 USD) - 2016/04/05 7:36:43 ET
Table 'Tatry' 6-max Seat #4 is the button
Seat 4: VolkovDmitri ($140.50 in chips)
Seat 6: conanboy ($118.54 in chips)
VolkovDmitri: posts small blind $1
conanboy: posts big blind $3
*** HOLE CARDS ***
VolkovDmitri: raises $3 to $6
conanboy: calls $3
*** FLOP *** [5h 6d Jd]
conanboy: checks
VolkovDmitri: bets $3
conanboy: folds
Uncalled bet ($3) returned to VolkovDmitri
VolkovDmitri collected $11.76 from pot
VolkovDmitri: doesn't show hand
*** SUMMARY ***
Total pot $12 | Rake $0.24
Board [5h 6d Jd]
Seat 4: VolkovDmitri (button) (small blind) collected ($11.76)
Seat 6: conanboy (big blind) folded on the Flop


PokerStars Hand #151461755209:  Hold'em Limit ($3/$6 USD) - 2016/04/05 7:35:58 ET
Table 'Tatry' 6-max Seat #6 is the button
Seat 4: VolkovDmitri ($120 in chips)
Seat 6: conanboy ($139.54 in chips)
conanboy: posts small blind $1
VolkovDmitri: posts big blind $3
*** HOLE CARDS ***
conanboy: raises $3 to $6
VolkovDmitri: calls $3
*** FLOP *** [5h Td 7d]
VolkovDmitri: checks
conanboy: bets $3
VolkovDmitri: raises $3 to $6
conanboy: raises $3 to $9
VolkovDmitri: calls $3
*** TURN *** [5h Td 7d] [6h]
VolkovDmitri: checks
conanboy: checks
*** RIVER *** [5h Td 7d 6h] [4s]
VolkovDmitri: bets $6
conanboy: calls $6
*** SHOW DOWN ***
VolkovDmitri: shows [Th 6c] (two pair, Tens and Sixes)
conanboy: mucks hand
VolkovDmitri collected $41.50 from pot
*** SUMMARY ***
Total pot $42 | Rake $0.50
Board [5h Td 7d 6h 4s]
Seat 4: VolkovDmitri (big blind) showed [Th 6c] and won ($41.50) with two pair, Tens and Sixes
Seat 6: conanboy (button) (small blind) mucked


PokerStars Hand #151461805861:  Hold'em Limit ($3/$6 USD) - 2016/04/05 7:37:36 ET
Table 'Tatry' 6-max Seat #4 is the button
Seat 4: VolkovDmitri ($134.26 in chips)
Seat 6: conanboy ($124.06 in chips)
VolkovDmitri: posts small blind $1
conanboy: posts big blind $3
*** HOLE CARDS ***
VolkovDmitri: raises $3 to $6
conanboy: raises $3 to $9
VolkovDmitri: calls $3
*** FLOP *** [7d 8s Td]
conanboy: bets $3
VolkovDmitri: calls $3
*** TURN *** [7d 8s Td] [Qc]
conanboy: bets $6
VolkovDmitri: folds
Uncalled bet ($6) returned to conanboy
conanboy collected $23.52 from pot
conanboy: doesn't show hand
*** SUMMARY ***
Total pot $24 | Rake $0.48
Board [7d 8s Td Qc]
Seat 4: VolkovDmitri (button) (small blind) folded on the Turn
Seat 6: conanboy (big blind) collected ($23.52)


PokerStars Hand #151461791320:  Hold'em Limit ($3/$6 USD) - 2016/04/05 7:37:08 ET
Table 'Tatry' 6-max Seat #6 is the button
Seat 4: VolkovDmitri ($146.26 in chips)
Seat 6: conanboy ($112.54 in chips)
conanboy: posts small blind $1
VolkovDmitri: posts big blind $3
*** HOLE CARDS ***
conanboy: raises $3 to $6
VolkovDmitri: calls $3
*** FLOP *** [9d 2h Ah]
VolkovDmitri: checks
conanboy: bets $3
VolkovDmitri: raises $3 to $6
conanboy: calls $3
*** TURN *** [9d 2h Ah] [Qs]
VolkovDmitri: checks
conanboy: bets $6
VolkovDmitri: folds
Uncalled bet ($6) returned to conanboy
conanboy collected $23.52 from pot
conanboy: doesn't show hand
*** SUMMARY ***
Total pot $24 | Rake $0.48
Board [9d 2h Ah Qs]
Seat 4: VolkovDmitri (big blind) folded on the Turn
Seat 6: conanboy (button) (small blind) collected ($23.52)


PokerStars Hand #151461832080:  Hold'em Limit ($3/$6 USD) - 2016/04/05 7:38:26 ET
Table 'Tatry' 6-max Seat #4 is the button
Seat 4: VolkovDmitri ($120 in chips)
Seat 6: conanboy ($156.08 in chips)
VolkovDmitri: posts small blind $1
conanboy: posts big blind $3
*** HOLE CARDS ***
VolkovDmitri: raises $3 to $6
conanboy: folds
Uncalled bet ($3) returned to VolkovDmitri
VolkovDmitri collected $6 from pot
VolkovDmitri: doesn't show hand
*** SUMMARY ***
Total pot $6 | Rake $0
Seat 4: VolkovDmitri (button) (small blind) collected ($6)
Seat 6: conanboy (big blind) folded before Flop


PokerStars Hand #151461815645:  Hold'em Limit ($3/$6 USD) - 2016/04/05 7:37:55 ET
Table 'Tatry' 6-max Seat #6 is the button
Seat 4: VolkovDmitri ($122.26 in chips)
Seat 6: conanboy ($135.58 in chips)
conanboy: posts small blind $1
VolkovDmitri: posts big blind $3
*** HOLE CARDS ***
conanboy: raises $3 to $6
VolkovDmitri: calls $3
*** FLOP *** [Qc 9s 8s]
VolkovDmitri: checks
conanboy: bets $3
VolkovDmitri: calls $3
*** TURN *** [Qc 9s 8s] [Ah]
VolkovDmitri: bets $6
conanboy: calls $6
*** RIVER *** [Qc 9s 8s Ah] [Ks]
VolkovDmitri: bets $6
conanboy: calls $6
*** SHOW DOWN ***
VolkovDmitri: shows [2h As] (a pair of Aces)
conanboy: shows [Kd 8d] (two pair, Kings and Eights)
conanboy collected $41.50 from pot
*** SUMMARY ***
Total pot $42 | Rake $0.50
Board [Qc 9s 8s Ah Ks]
Seat 4: VolkovDmitri (big blind) showed [2h As] and lost with a pair of Aces
Seat 6: conanboy (button) (small blind) showed [Kd 8d] and won ($41.50) with two pair, Kings and Eights


PokerStars Hand #151461836025:  Hold'em Limit ($3/$6 USD) - 2016/04/05 7:38:34 ET
Table 'Tatry' 6-max Seat #6 is the button
Seat 4: VolkovDmitri ($123 in chips)
Seat 6: conanboy ($153.08 in chips)
conanboy: posts small blind $1
VolkovDmitri: posts big blind $3
*** HOLE CARDS ***
conanboy: raises $3 to $6
VolkovDmitri: calls $3
*** FLOP *** [3s Jd Js]
VolkovDmitri: checks
conanboy: bets $3
VolkovDmitri: raises $3 to $6
conanboy: calls $3
*** TURN *** [3s Jd Js] [7s]
VolkovDmitri: bets $6
conanboy: calls $6
*** RIVER *** [3s Jd Js 7s] [7h]
VolkovDmitri: checks
conanboy: bets $6
VolkovDmitri: folds
Uncalled bet ($6) returned to conanboy
conanboy collected $35.50 from pot
conanboy: doesn't show hand
*** SUMMARY ***
Total pot $36 | Rake $0.50
Board [3s Jd Js 7s 7h]
Seat 4: VolkovDmitri (big blind) folded on the River
Seat 6: conanboy (button) (small blind) collected ($35.50)


PokerStars Hand #151461868687:  Hold'em Limit ($3/$6 USD) - 2016/04/05 7:39:37 ET
Table 'Tatry' 6-max Seat #6 is the button
Seat 4: VolkovDmitri ($137.50 in chips)
Seat 6: conanboy ($152.58 in chips)
conanboy: posts small blind $1
VolkovDmitri: posts big blind $3
*** HOLE CARDS ***
conanboy: raises $3 to $6
VolkovDmitri: calls $3
*** FLOP *** [6c Td 2c]
VolkovDmitri: checks
conanboy: bets $3
VolkovDmitri: raises $3 to $6
conanboy: calls $3
*** TURN *** [6c Td 2c] [3s]
VolkovDmitri: bets $6
conanboy: calls $6
*** RIVER *** [6c Td 2c 3s] [8d]
VolkovDmitri: bets $6
conanboy: calls $6
*** SHOW DOWN ***
VolkovDmitri: shows [9s 6h] (a pair of Sixes)
conanboy: mucks hand
VolkovDmitri collected $47.50 from pot
*** SUMMARY ***
Total pot $48 | Rake $0.50
Board [6c Td 2c 3s 8d]
Seat 4: VolkovDmitri (big blind) showed [9s 6h] and won ($47.50) with a pair of Sixes
Seat 6: conanboy (button) (small blind) mucked


PokerStars Hand #151461855723:  Hold'em Limit ($3/$6 USD) - 2016/04/05 7:39:12 ET
Table 'Tatry' 6-max Seat #4 is the button
Seat 4: VolkovDmitri ($120 in chips)
Seat 6: conanboy ($170.58 in chips)
VolkovDmitri: posts small blind $1
conanboy: posts big blind $3
*** HOLE CARDS ***
VolkovDmitri: raises $3 to $6
conanboy: raises $3 to $9
VolkovDmitri: calls $3
*** FLOP *** [Jh 8c 3c]
conanboy: bets $3
VolkovDmitri: calls $3
*** TURN *** [Jh 8c 3c] [Qh]
conanboy: bets $6
VolkovDmitri: calls $6
*** RIVER *** [Jh 8c 3c Qh] [Td]
conanboy: checks
VolkovDmitri: checks
*** SHOW DOWN ***
conanboy: shows [Ad 5s] (high card Ace)
VolkovDmitri: shows [5d 5c] (a pair of Fives)
VolkovDmitri collected $35.50 from pot
*** SUMMARY ***
Total pot $36 | Rake $0.50
Board [Jh 8c 3c Qh Td]
Seat 4: VolkovDmitri (button) (small blind) showed [5d 5c] and won ($35.50) with a pair of Fives
Seat 6: conanboy (big blind) showed [Ad 5s] and lost with high card Ace


PokerStars Hand #151461884584:  Hold'em Limit ($3/$6 USD) - 2016/04/05 7:40:08 ET
Table 'Tatry' 6-max Seat #4 is the button
Seat 4: VolkovDmitri ($161 in chips)
Seat 6: conanboy ($128.58 in chips)
VolkovDmitri: posts small blind $1
conanboy: posts big blind $3
*** HOLE CARDS ***
VolkovDmitri: raises $3 to $6
conanboy: folds
Uncalled bet ($3) returned to VolkovDmitri
VolkovDmitri collected $6 from pot
VolkovDmitri: doesn't show hand
*** SUMMARY ***
Total pot $6 | Rake $0
Seat 4: VolkovDmitri (button) (small blind) collected ($6)
Seat 6: conanboy (big blind) folded before Flop


PokerStars Hand #151461891790:  Hold'em Limit ($3/$6 USD) - 2016/04/05 7:40:22 ET
Table 'Tatry' 6-max Seat #6 is the button
Seat 4: VolkovDmitri ($164 in chips)
Seat 6: conanboy ($125.58 in chips)
conanboy: posts small blind $1
VolkovDmitri: posts big blind $3
*** HOLE CARDS ***
conanboy: raises $3 to $6
VolkovDmitri: calls $3
*** FLOP *** [7s Ad Qs]
VolkovDmitri: checks
conanboy: bets $3
VolkovDmitri: calls $3
*** TURN *** [7s Ad Qs] [4h]
VolkovDmitri: checks
conanboy: bets $6
VolkovDmitri: calls $6
*** RIVER *** [7s Ad Qs 4h] [7c]
VolkovDmitri: checks
conanboy: bets $6
VolkovDmitri: calls $6
*** SHOW DOWN ***
conanboy: shows [Js 8c] (a pair of Sevens)
VolkovDmitri: shows [9d Ks] (a pair of Sevens - Ace+King kicker)
VolkovDmitri collected $41.50 from pot
*** SUMMARY ***
Total pot $42 | Rake $0.50
Board [7s Ad Qs 4h 7c]
Seat 4: VolkovDmitri (big blind) showed [9d Ks] and won ($41.50) with a pair of Sevens
Seat 6: conanboy (button) (small blind) showed [Js 8c] and lost with a pair of Sevens


PokerStars Hand #151461911012:  Hold'em Limit ($3/$6 USD) - 2016/04/05 7:40:58 ET
Table 'Tatry' 6-max Seat #4 is the button
Seat 4: VolkovDmitri ($184.50 in chips)
Seat 6: conanboy ($104.58 in chips)
VolkovDmitri: posts small blind $1
conanboy: posts big blind $3
*** HOLE CARDS ***
VolkovDmitri: raises $3 to $6
conanboy: raises $3 to $9
VolkovDmitri: calls $3
*** FLOP *** [Ah 9s 5d]
conanboy: bets $3
VolkovDmitri: calls $3
*** TURN *** [Ah 9s 5d] [9c]
conanboy: bets $6
VolkovDmitri: calls $6
*** RIVER *** [Ah 9s 5d 9c] [Jc]
conanboy: bets $6
VolkovDmitri: calls $6
*** SHOW DOWN ***
conanboy: shows [5h As] (two pair, Aces and Nines)
VolkovDmitri: shows [Ad 6d] (two pair, Aces and Nines)
conanboy collected $23.75 from pot
VolkovDmitri collected $23.75 from pot
*** SUMMARY ***
Total pot $48 | Rake $0.50
Board [Ah 9s 5d 9c Jc]
Seat 4: VolkovDmitri (button) (small blind) showed [Ad 6d] and won ($23.75) with two pair, Aces and Nines
Seat 6: conanboy (big blind) showed [5h As] and won ($23.75) with two pair, Aces and Nines


PokerStars Hand #151461937825:  Hold'em Limit ($3/$6 USD) - 2016/04/05 7:41:50 ET
Table 'Tatry' 6-max Seat #4 is the button
Seat 4: VolkovDmitri ($178.25 in chips)
Seat 6: conanboy ($110.09 in chips)
VolkovDmitri: posts small blind $1
conanboy: posts big blind $3
*** HOLE CARDS ***
VolkovDmitri: raises $3 to $6
conanboy: calls $3
*** FLOP *** [4s 6h Kc]
conanboy: checks
VolkovDmitri: bets $3
conanboy: folds
Uncalled bet ($3) returned to VolkovDmitri
VolkovDmitri collected $11.76 from pot
VolkovDmitri: doesn't show hand
*** SUMMARY ***
Total pot $12 | Rake $0.24
Board [4s 6h Kc]
Seat 4: VolkovDmitri (button) (small blind) collected ($11.76)
Seat 6: conanboy (big blind) folded on the Flop


PokerStars Hand #151461949355:  Hold'em Limit ($3/$6 USD) - 2016/04/05 7:42:12 ET
Table 'Tatry' 6-max Seat #6 is the button
Seat 4: VolkovDmitri ($184.01 in chips)
Seat 6: conanboy ($104.09 in chips)
conanboy: posts small blind $1
VolkovDmitri: posts big blind $3
*** HOLE CARDS ***
conanboy: folds
Uncalled bet ($2) returned to VolkovDmitri
VolkovDmitri collected $2 from pot
VolkovDmitri: doesn't show hand
*** SUMMARY ***
Total pot $2 | Rake $0
Seat 4: VolkovDmitri (big blind) collected ($2)
Seat 6: conanboy (button) (small blind) folded before Flop


PokerStars Hand #151461965951:  Hold'em Limit ($3/$6 USD) - 2016/04/05 7:42:44 ET
Table 'Tatry' 6-max Seat #6 is the button
Seat 4: VolkovDmitri ($208.51 in chips)
Seat 6: conanboy ($79.09 in chips)
conanboy: posts small blind $1
VolkovDmitri: posts big blind $3
*** HOLE CARDS ***
shalomrum joins the table at seat #5
conanboy: raises $3 to $6
VolkovDmitri: calls $3
*** FLOP *** [2d 8s 2c]
VolkovDmitri: checks
conanboy: bets $3
VolkovDmitri: raises $3 to $6
conanboy: calls $3
*** TURN *** [2d 8s 2c] [3d]
VolkovDmitri: bets $6
conanboy: folds
Uncalled bet ($6) returned to VolkovDmitri
VolkovDmitri collected $23.52 from pot
VolkovDmitri: doesn't show hand
*** SUMMARY ***
Total pot $24 | Rake $0.48
Board [2d 8s 2c 3d]
Seat 4: VolkovDmitri (big blind) collected ($23.52)
Seat 6: conanboy (button) (small blind) folded on the Turn


PokerStars Hand #151461952301:  Hold'em Limit ($3/$6 USD) - 2016/04/05 7:42:17 ET
Table 'Tatry' 6-max Seat #4 is the button
Seat 4: VolkovDmitri ($185.01 in chips)
Seat 6: conanboy ($103.09 in chips)
VolkovDmitri: posts small blind $1
conanboy: posts big blind $3
*** HOLE CARDS ***
VolkovDmitri: raises $3 to $6
conanboy: raises $3 to $9
VolkovDmitri: calls $3
*** FLOP *** [7d 3c 7s]
conanboy: bets $3
VolkovDmitri: calls $3
*** TURN *** [7d 3c 7s] [Tc]
conanboy: bets $6
VolkovDmitri: raises $6 to $12
conanboy: calls $6
*** RIVER *** [7d 3c 7s Tc] [Jh]
conanboy: checks
VolkovDmitri: bets $6
conanboy: folds
Uncalled bet ($6) returned to VolkovDmitri
VolkovDmitri collected $47.50 from pot
VolkovDmitri: doesn't show hand
*** SUMMARY ***
Total pot $48 | Rake $0.50
Board [7d 3c 7s Tc Jh]
Seat 4: VolkovDmitri (button) (small blind) collected ($47.50)
Seat 6: conanboy (big blind) folded on the River


PokerStars Hand #151462049442:  Hold'em Limit ($3/$6 USD) - 2016/04/05 7:45:24 ET
Table 'Tatry' 6-max Seat #6 is the button
Seat 4: VolkovDmitri ($237.48 in chips)
Seat 6: conanboy ($33.52 in chips)
conanboy: posts small blind $1
liolilove: is sitting out
VolkovDmitri: posts big blind $3
*** HOLE CARDS ***
conanboy: raises $3 to $6
VolkovDmitri: calls $3
*** FLOP *** [8s Qd 4s]
VolkovDmitri: checks
conanboy: bets $3
VolkovDmitri: raises $3 to $6
conanboy: calls $3
*** TURN *** [8s Qd 4s] [Qc]
VolkovDmitri: bets $6
conanboy: calls $6
*** RIVER *** [8s Qd 4s Qc] [2c]
VolkovDmitri: checks
conanboy: checks
*** SHOW DOWN ***
VolkovDmitri: shows [Td 9h] (a pair of Queens)
conanboy: shows [Ah Kc] (a pair of Queens - Ace kicker)
conanboy collected $35.50 from pot
*** SUMMARY ***
Total pot $36 | Rake $0.50
Board [8s Qd 4s Qc 2c]
Seat 4: VolkovDmitri (big blind) showed [Td 9h] and lost with a pair of Queens
Seat 6: conanboy (button) (small blind) showed [Ah Kc] and won ($35.50) with a pair of Queens


PokerStars Hand #151462096752:  Hold'em Limit ($3/$6 USD) - 2016/04/05 7:46:54 ET
Table 'Tatry' 6-max Seat #4 is the button
Seat 4: VolkovDmitri ($257.48 in chips)
Seat 6: conanboy ($12.02 in chips)
VolkovDmitri: posts small blind $1
conanboy: posts big blind $3
*** HOLE CARDS ***
VolkovDmitri: raises $3 to $6
conanboy: calls $3
*** FLOP *** [Js 6h 4h]
conanboy: checks
VolkovDmitri: bets $3
conanboy: raises $3 to $6
VolkovDmitri: calls $3
*** TURN *** [Js 6h 4h] [9h]
conanboy: bets $0.02 and is all-in
VolkovDmitri: calls $0.02
*** RIVER *** [Js 6h 4h 9h] [Qh]
*** SHOW DOWN ***
conanboy: shows [4s 8s] (a pair of Fours)
VolkovDmitri: shows [2d Qc] (a pair of Queens)
VolkovDmitri collected $23.56 from pot
*** SUMMARY ***
Total pot $24.04 | Rake $0.48
Board [Js 6h 4h 9h Qh]
Seat 4: VolkovDmitri (button) (small blind) showed [2d Qc] and won ($23.56) with a pair of Queens
Seat 6: conanboy (big blind) showed [4s 8s] and lost with a pair of Fours


PokerStars Hand #151462122985:  Hold'em Limit ($3/$6 USD) - 2016/04/05 7:47:44 ET
Table 'Tatry' 6-max Seat #4 is the button
Seat 3: borokay ($119 in chips)
Seat 4: VolkovDmitri ($270.02 in chips)
VolkovDmitri: posts small blind $1
borokay: posts big blind $3
*** HOLE CARDS ***
VolkovDmitri: raises $3 to $6
borokay: calls $3
*** FLOP *** [Ac 4c 6c]
borokay: bets $3
VolkovDmitri: calls $3
*** TURN *** [Ac 4c 6c] [8d]
borokay: bets $6
VolkovDmitri: folds
Uncalled bet ($6) returned to borokay
borokay collected $17.64 from pot
borokay: doesn't show hand
*** SUMMARY ***
Total pot $18 | Rake $0.36
Board [Ac 4c 6c 8d]
Seat 3: borokay (big blind) collected ($17.64)
Seat 4: VolkovDmitri (button) (small blind) folded on the Turn


PokerStars Hand #151462118314:  Hold'em Limit ($3/$6 USD) - 2016/04/05 7:47:36 ET
Table 'Tatry' 6-max Seat #3 is the button
Seat 3: borokay ($120 in chips)
Seat 4: VolkovDmitri ($269.02 in chips)
borokay: posts small blind $1
VolkovDmitri: posts big blind $3
*** HOLE CARDS ***
borokay: folds
Uncalled bet ($2) returned to VolkovDmitri
VolkovDmitri collected $2 from pot
VolkovDmitri: doesn't show hand
*** SUMMARY ***
Total pot $2 | Rake $0
Seat 3: borokay (button) (small blind) folded before Flop
Seat 4: VolkovDmitri (big blind) collected ($2)


PokerStars Hand #151462136902:  Hold'em Limit ($3/$6 USD) - 2016/04/05 7:48:01 ET
Table 'Tatry' 6-max Seat #3 is the button
Seat 3: borokay ($127.64 in chips)
Seat 4: VolkovDmitri ($261.02 in chips)
borokay: posts small blind $1
VolkovDmitri: posts big blind $3
*** HOLE CARDS ***
borokay: calls $2
VolkovDmitri: checks
*** FLOP *** [5s 9d 2h]
VolkovDmitri: checks
borokay: checks
*** TURN *** [5s 9d 2h] [4h]
VolkovDmitri: bets $6
borokay: calls $6
*** RIVER *** [5s 9d 2h 4h] [Qd]
VolkovDmitri: bets $6
borokay: raises $6 to $12
VolkovDmitri: raises $6 to $18
borokay: raises $6 to $24
Betting is capped
VolkovDmitri: calls $6
*** SHOW DOWN ***
borokay: shows [3h 6h] (a straight, Deuce to Six)
VolkovDmitri: shows [6c 3d] (a straight, Deuce to Six)
VolkovDmitri collected $32.75 from pot
borokay collected $32.75 from pot
*** SUMMARY ***
Total pot $66 | Rake $0.50
Board [5s 9d 2h 4h Qd]
Seat 3: borokay (button) (small blind) showed [3h 6h] and won ($32.75) with a straight, Deuce to Six
Seat 4: VolkovDmitri (big blind) showed [6c 3d] and won ($32.75) with a straight, Deuce to Six


PokerStars Hand #151462148720:  Hold'em Limit ($3/$6 USD) - 2016/04/05 7:48:24 ET
Table 'Tatry' 6-max Seat #4 is the button
Seat 4: VolkovDmitri ($260.77 in chips)
Seat 6: conanboy ($120 in chips)
VolkovDmitri: posts small blind $1
conanboy: posts big blind $3
*** HOLE CARDS ***
VolkovDmitri: raises $3 to $6
conanboy: folds
Uncalled bet ($3) returned to VolkovDmitri
VolkovDmitri collected $6 from pot
VolkovDmitri: doesn't show hand
*** SUMMARY ***
Total pot $6 | Rake $0
Seat 4: VolkovDmitri (button) (small blind) collected ($6)
Seat 6: conanboy (big blind) folded before Flop


PokerStars Hand #151471757098:  Hold'em Limit ($3/$6 USD) - 2016/04/05 12:04:57 ET
Table 'Tatry' 6-max Seat #4 is the button
Seat 2: belik555 ($137.28 in chips)
Seat 4: abatic ($238.03 in chips)
abatic: posts small blind $1
BuzovaPro: is sitting out
belik555: posts big blind $3
*** HOLE CARDS ***
abatic: raises $3 to $6
belik555: calls $3
*** FLOP *** [3h 7d 6s]
belik555: checks
abatic: bets $3
belik555: folds
Uncalled bet ($3) returned to abatic
abatic collected $11.76 from pot
abatic: doesn't show hand
*** SUMMARY ***
Total pot $12 | Rake $0.24
Board [3h 7d 6s]
Seat 2: belik555 (big blind) folded on the Flop
Seat 4: abatic (button) (small blind) collected ($11.76)


