PokerStars Hand #150709157463:  Hold'em Limit ($3/$6 USD) - 2016/03/21 12:37:02 ET
Table 'Tatry III' 6-max Seat #1 is the button
Seat 1: Zeeon ($92 in chips)
Seat 2: B_loJkl ($157.64 in chips)
Zeeon: posts small blind $1
B_loJkl: posts big blind $3
*** HOLE CARDS ***
Zeeon: folds
Uncalled bet ($2) returned to B_loJkl
B_loJkl collected $2 from pot
B_loJkl: doesn't show hand
*** SUMMARY ***
Total pot $2 | Rake $0
Seat 1: Zeeon (button) (small blind) folded before Flop
Seat 2: B_loJkl (big blind) collected ($2)


PokerStars Hand #150709153360:  Hold'em Limit ($3/$6 USD) - 2016/03/21 12:36:57 ET
Table 'Tatry III' 6-max Seat #2 is the button
Seat 1: Zeeon ($91 in chips)
Seat 2: B_loJkl ($158.64 in chips)
B_loJkl: posts small blind $1
Zeeon: posts big blind $3
*** HOLE CARDS ***
B_loJkl: folds
Uncalled bet ($2) returned to Zeeon
Zeeon collected $2 from pot
*** SUMMARY ***
Total pot $2 | Rake $0
Seat 1: Zeeon (big blind) collected ($2)
Seat 2: B_loJkl (button) (small blind) folded before Flop


PokerStars Hand #150709127785:  Hold'em Limit ($3/$6 USD) - 2016/03/21 12:36:24 ET
Table 'Tatry III' 6-max Seat #1 is the button
Seat 1: Zeeon ($100 in chips)
Seat 2: B_loJkl ($150 in chips)
Zeeon: posts small blind $1
B_loJkl: posts big blind $3
*** HOLE CARDS ***
Zeeon: raises $3 to $6
B_loJkl: calls $3
*** FLOP *** [As 3c 5c]
B_loJkl: checks
Zeeon: bets $3
B_loJkl: calls $3
*** TURN *** [As 3c 5c] [2d]
B_loJkl: checks
Zeeon: checks
*** RIVER *** [As 3c 5c 2d] [7c]
B_loJkl: bets $6
Zeeon: folds
Uncalled bet ($6) returned to B_loJkl
B_loJkl collected $17.64 from pot
B_loJkl: doesn't show hand
*** SUMMARY ***
Total pot $18 | Rake $0.36
Board [As 3c 5c 2d 7c]
Seat 1: Zeeon (button) (small blind) folded on the River
Seat 2: B_loJkl (big blind) collected ($17.64)


PokerStars Hand #150709214329:  Hold'em Limit ($3/$6 USD) - 2016/03/21 12:38:14 ET
Table 'Tatry III' 6-max Seat #1 is the button
Seat 1: Zeeon ($99.40 in chips)
Seat 2: B_loJkl ($149.40 in chips)
Zeeon: posts small blind $1
B_loJkl: posts big blind $3
*** HOLE CARDS ***
Zeeon: folds
Uncalled bet ($2) returned to B_loJkl
B_loJkl collected $2 from pot
B_loJkl: doesn't show hand
*** SUMMARY ***
Total pot $2 | Rake $0
Seat 1: Zeeon (button) (small blind) folded before Flop
Seat 2: B_loJkl (big blind) collected ($2)


PokerStars Hand #150709206280:  Hold'em Limit ($3/$6 USD) - 2016/03/21 12:38:04 ET
Table 'Tatry III' 6-max Seat #2 is the button
Seat 1: Zeeon ($105.40 in chips)
Seat 2: B_loJkl ($143.64 in chips)
B_loJkl: posts small blind $1
Zeeon: posts big blind $3
*** HOLE CARDS ***
B_loJkl: raises $3 to $6
Zeeon: calls $3
*** FLOP *** [Tc 5c 9s]
Zeeon: checks
B_loJkl: bets $3
Zeeon: folds
Uncalled bet ($3) returned to B_loJkl
B_loJkl collected $11.76 from pot
B_loJkl: doesn't show hand
*** SUMMARY ***
Total pot $12 | Rake $0.24
Board [Tc 5c 9s]
Seat 1: Zeeon (big blind) folded on the Flop
Seat 2: B_loJkl (button) (small blind) collected ($11.76)


PokerStars Hand #150709202146:  Hold'em Limit ($3/$6 USD) - 2016/03/21 12:37:58 ET
Table 'Tatry III' 6-max Seat #1 is the button
Seat 1: Zeeon ($106.40 in chips)
Seat 2: B_loJkl ($142.64 in chips)
Zeeon: posts small blind $1
B_loJkl: posts big blind $3
*** HOLE CARDS ***
Zeeon: folds
Uncalled bet ($2) returned to B_loJkl
B_loJkl collected $2 from pot
B_loJkl: doesn't show hand
*** SUMMARY ***
Total pot $2 | Rake $0
Seat 1: Zeeon (button) (small blind) folded before Flop
Seat 2: B_loJkl (big blind) collected ($2)


PokerStars Hand #150709195765:  Hold'em Limit ($3/$6 USD) - 2016/03/21 12:37:50 ET
Table 'Tatry III' 6-max Seat #2 is the button
Seat 1: Zeeon ($105.40 in chips)
Seat 2: B_loJkl ($143.64 in chips)
B_loJkl: posts small blind $1
Zeeon: posts big blind $3
*** HOLE CARDS ***
B_loJkl: folds
Uncalled bet ($2) returned to Zeeon
Zeeon collected $2 from pot
*** SUMMARY ***
Total pot $2 | Rake $0
Seat 1: Zeeon (big blind) collected ($2)
Seat 2: B_loJkl (button) (small blind) folded before Flop


PokerStars Hand #150709177835:  Hold'em Limit ($3/$6 USD) - 2016/03/21 12:37:28 ET
Table 'Tatry III' 6-max Seat #1 is the button
Seat 1: Zeeon ($99.64 in chips)
Seat 2: B_loJkl ($149.64 in chips)
Zeeon: posts small blind $1
B_loJkl: posts big blind $3
*** HOLE CARDS ***
Zeeon: raises $3 to $6
B_loJkl: calls $3
*** FLOP *** [Jd Js 5d]
B_loJkl: checks
Zeeon: checks
*** TURN *** [Jd Js 5d] [3h]
B_loJkl: checks
Zeeon: checks
*** RIVER *** [Jd Js 5d 3h] [6d]
B_loJkl: checks
Zeeon: checks
*** SHOW DOWN ***
B_loJkl: shows [9s 8c] (a pair of Jacks)
Zeeon: shows [Qs Ts] (a pair of Jacks - Queen kicker)
Zeeon collected $11.76 from pot
*** SUMMARY ***
Total pot $12 | Rake $0.24
Board [Jd Js 5d 3h 6d]
Seat 1: Zeeon (button) (small blind) showed [Qs Ts] and won ($11.76) with a pair of Jacks
Seat 2: B_loJkl (big blind) showed [9s 8c] and lost with a pair of Jacks


PokerStars Hand #150709161577:  Hold'em Limit ($3/$6 USD) - 2016/03/21 12:37:07 ET
Table 'Tatry III' 6-max Seat #2 is the button
Seat 1: Zeeon ($91 in chips)
Seat 2: B_loJkl ($158.64 in chips)
B_loJkl: posts small blind $1
Zeeon: posts big blind $3
*** HOLE CARDS ***
B_loJkl: raises $3 to $6
Zeeon: raises $3 to $9
B_loJkl: calls $3
*** FLOP *** [5h 6d As]
Zeeon: bets $3
B_loJkl: folds
Uncalled bet ($3) returned to Zeeon
Zeeon collected $17.64 from pot
*** SUMMARY ***
Total pot $18 | Rake $0.36
Board [5h 6d As]
Seat 1: Zeeon (big blind) collected ($17.64)
Seat 2: B_loJkl (button) (small blind) folded on the Flop


PokerStars Hand #150709253915:  Hold'em Limit ($3/$6 USD) - 2016/03/21 12:39:04 ET
Table 'Tatry III' 6-max Seat #2 is the button
Seat 1: Zeeon ($106.90 in chips)
Seat 2: B_loJkl ($141.16 in chips)
B_loJkl: posts small blind $1
Zeeon: posts big blind $3
*** HOLE CARDS ***
B_loJkl: raises $3 to $6
Zeeon: calls $3
*** FLOP *** [Ah Jc 7d]
Zeeon: checks
B_loJkl: bets $3
Zeeon: calls $3
*** TURN *** [Ah Jc 7d] [6h]
Zeeon: checks
B_loJkl: bets $6
Zeeon: calls $6
*** RIVER *** [Ah Jc 7d 6h] [Kd]
Zeeon: checks
B_loJkl: bets $6
Zeeon: calls $6
*** SHOW DOWN ***
B_loJkl: shows [2h 3h] (high card Ace)
Zeeon: shows [Ad 2c] (a pair of Aces)
Zeeon collected $41.50 from pot
*** SUMMARY ***
Total pot $42 | Rake $0.50
Board [Ah Jc 7d 6h Kd]
Seat 1: Zeeon (big blind) showed [Ad 2c] and won ($41.50) with a pair of Aces
Seat 2: B_loJkl (button) (small blind) showed [2h 3h] and lost with high card Ace


PokerStars Hand #150709239554:  Hold'em Limit ($3/$6 USD) - 2016/03/21 12:38:46 ET
Table 'Tatry III' 6-max Seat #1 is the button
Seat 1: Zeeon ($112.90 in chips)
Seat 2: B_loJkl ($135.40 in chips)
Zeeon: posts small blind $1
B_loJkl: posts big blind $3
*** HOLE CARDS ***
Zeeon: raises $3 to $6
B_loJkl: calls $3
*** FLOP *** [4c 9d 6d]
B_loJkl: checks
Zeeon: checks
*** TURN *** [4c 9d 6d] [Jh]
B_loJkl: bets $6
Zeeon: folds
Uncalled bet ($6) returned to B_loJkl
B_loJkl collected $11.76 from pot
B_loJkl: doesn't show hand
*** SUMMARY ***
Total pot $12 | Rake $0.24
Board [4c 9d 6d Jh]
Seat 1: Zeeon (button) (small blind) folded on the Turn
Seat 2: B_loJkl (big blind) collected ($11.76)


PokerStars Hand #150709226567:  Hold'em Limit ($3/$6 USD) - 2016/03/21 12:38:29 ET
Table 'Tatry III' 6-max Seat #2 is the button
Seat 1: Zeeon ($98.40 in chips)
Seat 2: B_loJkl ($150.40 in chips)
B_loJkl: posts small blind $1
Zeeon: posts big blind $3
*** HOLE CARDS ***
B_loJkl: raises $3 to $6
Zeeon: calls $3
*** FLOP *** [3c Qh Tc]
Zeeon: checks
B_loJkl: bets $3
Zeeon: calls $3
*** TURN *** [3c Qh Tc] [6c]
Zeeon: bets $6
B_loJkl: calls $6
*** RIVER *** [3c Qh Tc 6c] [3h]
Zeeon: checks
B_loJkl: checks
*** SHOW DOWN ***
Zeeon: shows [Th Jh] (two pair, Tens and Threes)
B_loJkl: mucks hand
Zeeon collected $29.50 from pot
*** SUMMARY ***
Total pot $30 | Rake $0.50
Board [3c Qh Tc 6c 3h]
Seat 1: Zeeon (big blind) showed [Th Jh] and won ($29.50) with two pair, Tens and Threes
Seat 2: B_loJkl (button) (small blind) mucked


PokerStars Hand #150709222566:  Hold'em Limit ($3/$6 USD) - 2016/03/21 12:38:24 ET
Table 'Tatry III' 6-max Seat #1 is the button
Seat 1: Zeeon ($99.40 in chips)
Seat 2: B_loJkl ($149.40 in chips)
Zeeon: posts small blind $1
B_loJkl: posts big blind $3
*** HOLE CARDS ***
Zeeon: folds
Uncalled bet ($2) returned to B_loJkl
B_loJkl collected $2 from pot
B_loJkl: doesn't show hand
*** SUMMARY ***
Total pot $2 | Rake $0
Seat 1: Zeeon (button) (small blind) folded before Flop
Seat 2: B_loJkl (big blind) collected ($2)


PokerStars Hand #150709218218:  Hold'em Limit ($3/$6 USD) - 2016/03/21 12:38:18 ET
Table 'Tatry III' 6-max Seat #2 is the button
Seat 1: Zeeon ($98.40 in chips)
Seat 2: B_loJkl ($150.40 in chips)
B_loJkl: posts small blind $1
Zeeon: posts big blind $3
*** HOLE CARDS ***
B_loJkl: folds
Uncalled bet ($2) returned to Zeeon
Zeeon collected $2 from pot
*** SUMMARY ***
Total pot $2 | Rake $0
Seat 1: Zeeon (big blind) collected ($2)
Seat 2: B_loJkl (button) (small blind) folded before Flop


PokerStars Hand #150709297658:  Hold'em Limit ($3/$6 USD) - 2016/03/21 12:39:59 ET
Table 'Tatry III' 6-max Seat #2 is the button
Seat 1: Zeeon ($122.40 in chips)
Seat 2: B_loJkl ($125.04 in chips)
B_loJkl: posts small blind $1
Zeeon: posts big blind $3
*** HOLE CARDS ***
_stel_23_ joins the table at seat #3
B_loJkl: raises $3 to $6
Zeeon: calls $3
*** FLOP *** [Tc Ts Jc]
Zeeon: bets $3
B_loJkl: calls $3
*** TURN *** [Tc Ts Jc] [3h]
Zeeon: bets $6
B_loJkl: calls $6
*** RIVER *** [Tc Ts Jc 3h] [7d]
Zeeon: bets $6
B_loJkl: calls $6
*** SHOW DOWN ***
Zeeon: shows [Ac Jh] (two pair, Jacks and Tens)
B_loJkl: mucks hand
Zeeon collected $41.50 from pot
*** SUMMARY ***
Total pot $42 | Rake $0.50
Board [Tc Ts Jc 3h 7d]
Seat 1: Zeeon (big blind) showed [Ac Jh] and won ($41.50) with two pair, Jacks and Tens
Seat 2: B_loJkl (button) (small blind) mucked


PokerStars Hand #150709292881:  Hold'em Limit ($3/$6 USD) - 2016/03/21 12:39:53 ET
Table 'Tatry III' 6-max Seat #1 is the button
Seat 1: Zeeon ($123.40 in chips)
Seat 2: B_loJkl ($124.04 in chips)
Zeeon: posts small blind $1
B_loJkl: posts big blind $3
*** HOLE CARDS ***
Zeeon: folds
Uncalled bet ($2) returned to B_loJkl
B_loJkl collected $2 from pot
B_loJkl: doesn't show hand
*** SUMMARY ***
Total pot $2 | Rake $0
Seat 1: Zeeon (button) (small blind) folded before Flop
Seat 2: B_loJkl (big blind) collected ($2)


PokerStars Hand #150709281429:  Hold'em Limit ($3/$6 USD) - 2016/03/21 12:39:38 ET
Table 'Tatry III' 6-max Seat #2 is the button
Seat 1: Zeeon ($126.40 in chips)
Seat 2: B_loJkl ($121.16 in chips)
B_loJkl: posts small blind $1
Zeeon: posts big blind $3
*** HOLE CARDS ***
B_loJkl: calls $2
Zeeon: checks
*** FLOP *** [Ac Kh 5s]
Zeeon: checks
B_loJkl: bets $3
Zeeon: folds
Uncalled bet ($3) returned to B_loJkl
B_loJkl collected $5.88 from pot
B_loJkl: doesn't show hand
*** SUMMARY ***
Total pot $6 | Rake $0.12
Board [Ac Kh 5s]
Seat 1: Zeeon (big blind) folded on the Flop
Seat 2: B_loJkl (button) (small blind) collected ($5.88)


PokerStars Hand #150709277875:  Hold'em Limit ($3/$6 USD) - 2016/03/21 12:39:34 ET
Table 'Tatry III' 6-max Seat #1 is the button
Seat 1: Zeeon ($127.40 in chips)
Seat 2: B_loJkl ($120.16 in chips)
Zeeon: posts small blind $1
B_loJkl: posts big blind $3
*** HOLE CARDS ***
Zeeon: folds
Uncalled bet ($2) returned to B_loJkl
B_loJkl collected $2 from pot
B_loJkl: doesn't show hand
*** SUMMARY ***
Total pot $2 | Rake $0
Seat 1: Zeeon (button) (small blind) folded before Flop
Seat 2: B_loJkl (big blind) collected ($2)


PokerStars Hand #150709272725:  Hold'em Limit ($3/$6 USD) - 2016/03/21 12:39:28 ET
Table 'Tatry III' 6-max Seat #2 is the button
Seat 1: Zeeon ($130.40 in chips)
Seat 2: B_loJkl ($117.16 in chips)
B_loJkl: posts small blind $1
Zeeon: posts big blind $3
*** HOLE CARDS ***
B_loJkl: raises $3 to $6
Zeeon: folds
Uncalled bet ($3) returned to B_loJkl
B_loJkl collected $6 from pot
B_loJkl: doesn't show hand
*** SUMMARY ***
Total pot $6 | Rake $0
Seat 1: Zeeon (big blind) folded before Flop
Seat 2: B_loJkl (button) (small blind) collected ($6)


PokerStars Hand #150709268172:  Hold'em Limit ($3/$6 USD) - 2016/03/21 12:39:22 ET
Table 'Tatry III' 6-max Seat #1 is the button
Seat 1: Zeeon ($127.40 in chips)
Seat 2: B_loJkl ($120.16 in chips)
Zeeon: posts small blind $1
B_loJkl: posts big blind $3
*** HOLE CARDS ***
Zeeon: raises $3 to $6
B_loJkl: folds
Uncalled bet ($3) returned to Zeeon
Zeeon collected $6 from pot
*** SUMMARY ***
Total pot $6 | Rake $0
Seat 1: Zeeon (button) (small blind) collected ($6)
Seat 2: B_loJkl (big blind) folded before Flop


PokerStars Hand #150709312156:  Hold'em Limit ($3/$6 USD) - 2016/03/21 12:40:17 ET
Table 'Tatry III' 6-max Seat #1 is the button
Seat 1: Zeeon ($142.90 in chips)
Seat 2: B_loJkl ($104.04 in chips)
Zeeon: posts small blind $1
B_loJkl: posts big blind $3
*** HOLE CARDS ***
Zeeon: folds
Uncalled bet ($2) returned to B_loJkl
B_loJkl collected $2 from pot
B_loJkl: doesn't show hand
*** SUMMARY ***
Total pot $2 | Rake $0
Seat 1: Zeeon (button) (small blind) folded before Flop
Seat 2: B_loJkl (big blind) collected ($2)


PokerStars Hand #150709323104:  Hold'em Limit ($3/$6 USD) - 2016/03/21 12:40:31 ET
Table 'Tatry III' 6-max Seat #3 is the button
Seat 2: B_loJkl ($108.04 in chips)
Seat 3: _stel_23_ ($87.20 in chips)
_stel_23_: posts small blind $1
Zeeon: is sitting out
Zeeon leaves the table
B_loJkl: posts big blind $3
*** HOLE CARDS ***
_stel_23_: raises $3 to $6
B_loJkl: calls $3
*** FLOP *** [Kc 3h 9c]
B_loJkl: checks
_stel_23_: bets $3
B_loJkl: raises $3 to $6
_stel_23_: calls $3
*** TURN *** [Kc 3h 9c] [6d]
B_loJkl: bets $6
_stel_23_: raises $6 to $12
B_loJkl: calls $6
*** RIVER *** [Kc 3h 9c 6d] [Jh]
B_loJkl: checks
_stel_23_: bets $6
B_loJkl: calls $6
*** SHOW DOWN ***
_stel_23_: shows [6s 3d] (two pair, Sixes and Threes)
B_loJkl: mucks hand
_stel_23_ collected $59.50 from pot
*** SUMMARY ***
Total pot $60 | Rake $0.50
Board [Kc 3h 9c 6d Jh]
Seat 2: B_loJkl (big blind) mucked
Seat 3: _stel_23_ (button) (small blind) showed [6s 3d] and won ($59.50) with two pair, Sixes and Threes


