PokerStars Hand #144481332125:  Hold'em Limit ($3/$6 USD) - 2015/11/27 18:05:27 ET
Table 'Tatry' 6-max Seat #3 is the button
Seat 3: ELSUPREMO999 ($127.64 in chips)
Seat 4: Karpik09 ($82 in chips)
ELSUPREMO999: posts small blind $1
Karpik09: posts big blind $3
*** HOLE CARDS ***
ELSUPREMO999: folds
Uncalled bet ($2) returned to Karpik09
Karpik09 collected $2 from pot
Karpik09: doesn't show hand
*** SUMMARY ***
Total pot $2 | Rake $0
Seat 3: ELSUPREMO999 (button) (small blind) folded before Flop
Seat 4: Karpik09 (big blind) collected ($2)


PokerStars Hand #144481308986:  Hold'em Limit ($3/$6 USD) - 2015/11/27 18:04:58 ET
Table 'Tatry' 6-max Seat #4 is the button
Seat 3: ELSUPREMO999 ($119 in chips)
Seat 4: Karpik09 ($91 in chips)
Karpik09: posts small blind $1
ELSUPREMO999: posts big blind $3
*** HOLE CARDS ***
Karpik09: raises $3 to $6
ELSUPREMO999: calls $3
*** FLOP *** [Td 4s 9s]
ELSUPREMO999: checks
Karpik09: bets $3
ELSUPREMO999: calls $3
*** TURN *** [Td 4s 9s] [2c]
LukaSteel joins the table at seat #5
ELSUPREMO999: checks
Karpik09: checks
*** RIVER *** [Td 4s 9s 2c] [Jh]
ELSUPREMO999: bets $6
Karpik09: folds
Uncalled bet ($6) returned to ELSUPREMO999
ELSUPREMO999 collected $17.64 from pot
ELSUPREMO999: doesn't show hand
*** SUMMARY ***
Total pot $18 | Rake $0.36
Board [Td 4s 9s 2c Jh]
Seat 3: ELSUPREMO999 (big blind) collected ($17.64)
Seat 4: Karpik09 (button) (small blind) folded on the River


PokerStars Hand #144483677019:  Hold'em Limit ($3/$6 USD) - 2015/11/27 18:57:33 ET
Table 'Tatry' 6-max Seat #2 is the button
Seat 2: korrnel ($98 in chips)
Seat 3: pr0feten ($78 in chips)
korrnel: posts small blind $1
LukaSteel leaves the table
pr0feten: posts big blind $3
*** HOLE CARDS ***
korrnel: raises $3 to $6
pr0feten: raises $3 to $9
korrnel: calls $3
*** FLOP *** [8h 9h 9d]
pr0feten: bets $3
korrnel: raises $3 to $6
pr0feten: raises $3 to $9
korrnel: calls $3
*** TURN *** [8h 9h 9d] [Ac]
pr0feten: bets $6
korrnel: calls $6
*** RIVER *** [8h 9h 9d Ac] [5c]
pr0feten: bets $6
korrnel: calls $6
*** SHOW DOWN ***
pr0feten: shows [Qs Ks] (a pair of Nines)
korrnel: shows [8s Td] (two pair, Nines and Eights)
korrnel collected $59.50 from pot
*** SUMMARY ***
Total pot $60 | Rake $0.50
Board [8h 9h 9d Ac 5c]
Seat 2: korrnel (button) (small blind) showed [8s Td] and won ($59.50) with two pair, Nines and Eights
Seat 3: pr0feten (big blind) showed [Qs Ks] and lost with a pair of Nines


PokerStars Hand #144483671203:  Hold'em Limit ($3/$6 USD) - 2015/11/27 18:57:23 ET
Table 'Tatry' 6-max Seat #3 is the button
Seat 2: korrnel ($101 in chips)
Seat 3: pr0feten ($75 in chips)
pr0feten: posts small blind $1
Karpik09: is sitting out
LukaSteel: is sitting out
ChrisTuff: is sitting out
beng_51: is sitting out
korrnel: posts big blind $3
*** HOLE CARDS ***
pr0feten: raises $3 to $6
Karpik09 leaves the table
korrnel: folds
Uncalled bet ($3) returned to pr0feten
pr0feten collected $6 from pot
pr0feten: doesn't show hand
*** SUMMARY ***
Total pot $6 | Rake $0
Seat 2: korrnel (big blind) folded before Flop
Seat 3: pr0feten (button) (small blind) collected ($6)


