PokerStars Hand #167308023685:  Hold'em Limit ($3/$6 USD) - 2017/03/08 16:05:38 ET
Table 'Tauntonia' 6-max Seat #5 is the button
Seat 3: Motta16 ($93 in chips)
Seat 5: Thelma666 ($105.16 in chips)
Thelma666: posts small blind $1
Motta16: posts big blind $3
*** HOLE CARDS ***
Thelma666: folds
Uncalled bet ($2) returned to Motta16
Motta16 collected $2 from pot
Motta16: doesn't show hand
*** SUMMARY ***
Total pot $2 | Rake $0
Seat 3: Motta16 (big blind) collected ($2)
Seat 5: Thelma666 (button) (small blind) folded before Flop


PokerStars Hand #167308029173:  Hold'em Limit ($3/$6 USD) - 2017/03/08 16:05:45 ET
Table 'Tauntonia' 6-max Seat #3 is the button
Seat 3: Motta16 ($94 in chips)
Seat 5: Thelma666 ($104.16 in chips)
Motta16: posts small blind $1
Thelma666: posts big blind $3
*** HOLE CARDS ***
Motta16: raises $3 to $6
Thelma666: calls $3
*** FLOP *** [8h 5s Js]
Thelma666: checks
Motta16: bets $3
Thelma666: raises $3 to $6
Motta16: folds
Uncalled bet ($3) returned to Thelma666
Thelma666 collected $17.64 from pot
*** SUMMARY ***
Total pot $18 | Rake $0.36
Board [8h 5s Js]
Seat 3: Motta16 (button) (small blind) folded on the Flop
Seat 5: Thelma666 (big blind) collected ($17.64)


PokerStars Hand #167308042636:  Hold'em Limit ($3/$6 USD) - 2017/03/08 16:06:03 ET
Table 'Tauntonia' 6-max Seat #5 is the button
Seat 3: Motta16 ($85 in chips)
Seat 5: Thelma666 ($112.80 in chips)
Thelma666: posts small blind $1
Motta16: posts big blind $3
*** HOLE CARDS ***
Thelma666: calls $2
Motta16: checks
*** FLOP *** [Qh 8s 5h]
Motta16: checks
Thelma666: bets $3
Motta16: calls $3
*** TURN *** [Qh 8s 5h] [2c]
Motta16: checks
Thelma666: bets $6
Motta16: calls $6
*** RIVER *** [Qh 8s 5h 2c] [6h]
Motta16: checks
Thelma666: bets $6
Motta16: folds
Uncalled bet ($6) returned to Thelma666
Thelma666 collected $23.52 from pot
*** SUMMARY ***
Total pot $24 | Rake $0.48
Board [Qh 8s 5h 2c 6h]
Seat 3: Motta16 (big blind) folded on the River
Seat 5: Thelma666 (button) (small blind) collected ($23.52)


PokerStars Hand #167308068252:  Hold'em Limit ($3/$6 USD) - 2017/03/08 16:06:37 ET
Table 'Tauntonia' 6-max Seat #3 is the button
Seat 3: Motta16 ($73 in chips)
Seat 5: Thelma666 ($124.32 in chips)
Motta16: posts small blind $1
Thelma666: posts big blind $3
*** HOLE CARDS ***
Motta16: raises $3 to $6
Thelma666: calls $3
*** FLOP *** [6h As 3s]
Thelma666: checks
Motta16: bets $3
Thelma666: folds
Uncalled bet ($3) returned to Motta16
Motta16 collected $11.76 from pot
Motta16: doesn't show hand
*** SUMMARY ***
Total pot $12 | Rake $0.24
Board [6h As 3s]
Seat 3: Motta16 (button) (small blind) collected ($11.76)
Seat 5: Thelma666 (big blind) folded on the Flop


