PokerStars Hand #166618017536:  Hold'em Limit ($3/$6 USD) - 2017/02/22 15:45:42 ET
Table 'Tauntonia' 6-max Seat #4 is the button
Seat 3: pompier40 ($120 in chips)
Seat 4: belik555 ($91 in chips)
belik555: posts small blind $1
pompier40: posts big blind $3
*** HOLE CARDS ***
belik555: raises $3 to $6
pompier40: calls $3
*** FLOP *** [Qs 6h Js]
pompier40: checks
belik555: bets $3
pompier40: calls $3
*** TURN *** [Qs 6h Js] [7s]
pompier40: checks
belik555: bets $6
pompier40: calls $6
*** RIVER *** [Qs 6h Js 7s] [Ac]
pompier40: checks
belik555: bets $6
xcgxcg2005 joins the table at seat #2
pompier40: folds
Uncalled bet ($6) returned to belik555
belik555 collected $29.50 from pot
belik555: doesn't show hand
*** SUMMARY ***
Total pot $30 | Rake $0.50
Board [Qs 6h Js 7s Ac]
Seat 3: pompier40 (big blind) folded on the River
Seat 4: belik555 (button) (small blind) collected ($29.50)


PokerStars Hand #166618119943:  Hold'em Limit ($3/$6 USD) - 2017/02/22 15:47:21 ET
Table 'Tauntonia' 6-max Seat #3 is the button
Seat 3: pompier40 ($105 in chips)
Seat 4: belik555 ($105.50 in chips)
pompier40: posts small blind $1
belik555: posts big blind $3
*** HOLE CARDS ***
pompier40: raises $3 to $6
belik555: calls $3
*** FLOP *** [Jd Ts Qh]
Fabulous108 joins the table at seat #5
belik555: checks
pompier40: bets $3
belik555: folds
Uncalled bet ($3) returned to pompier40
pompier40 collected $11.76 from pot
*** SUMMARY ***
Total pot $12 | Rake $0.24
Board [Jd Ts Qh]
Seat 3: pompier40 (button) (small blind) collected ($11.76)
Seat 4: belik555 (big blind) folded on the Flop


PokerStars Hand #166621251359:  Hold'em Limit ($3/$6 USD) - 2017/02/22 16:45:00 ET
Table 'Tauntonia' 6-max Seat #3 is the button
Seat 3: pompier40 ($99.27 in chips)
Seat 5: Fabulous108 ($198.24 in chips)
pompier40: posts small blind $1
Fabulous108: posts big blind $3
*** HOLE CARDS ***
belik555 leaves the table
pompier40: raises $3 to $6
Fabulous108: calls $3
*** FLOP *** [Kc 3c 5c]
Fabulous108: checks
pompier40: checks
*** TURN *** [Kc 3c 5c] [7h]
Fabulous108: bets $6
pompier40: folds
Uncalled bet ($6) returned to Fabulous108
Fabulous108 collected $11.76 from pot
Fabulous108: doesn't show hand
*** SUMMARY ***
Total pot $12 | Rake $0.24
Board [Kc 3c 5c 7h]
Seat 3: pompier40 (button) (small blind) folded on the Turn
Seat 5: Fabulous108 (big blind) collected ($11.76)


PokerStars Hand #166621277334:  Hold'em Limit ($3/$6 USD) - 2017/02/22 16:45:29 ET
Table 'Tauntonia' 6-max Seat #5 is the button
Seat 3: pompier40 ($93.27 in chips)
Seat 5: Fabulous108 ($204 in chips)
Fabulous108: posts small blind $1
pompier40: posts big blind $3
*** HOLE CARDS ***
Fabulous108: raises $3 to $6
pompier40: folds
Uncalled bet ($3) returned to Fabulous108
Fabulous108 collected $6 from pot
Fabulous108: doesn't show hand
*** SUMMARY ***
Total pot $6 | Rake $0
Seat 3: pompier40 (big blind) folded before Flop
Seat 5: Fabulous108 (button) (small blind) collected ($6)


PokerStars Hand #166621303632:  Hold'em Limit ($3/$6 USD) - 2017/02/22 16:45:58 ET
Table 'Tauntonia' 6-max Seat #3 is the button
Seat 3: pompier40 ($90.27 in chips)
Seat 6: Agniosius ($108.73 in chips)
pompier40: posts small blind $1
Agniosius: posts big blind $3
*** HOLE CARDS ***
nimzon joins the table at seat #5
Fabulous108 joins the table at seat #4
pompier40: folds
Uncalled bet ($2) returned to Agniosius
nimzon leaves the table
Agniosius collected $2 from pot
*** SUMMARY ***
Total pot $2 | Rake $0
Seat 3: pompier40 (button) (small blind) folded before Flop
Seat 6: Agniosius (big blind) collected ($2)


PokerStars Hand #166627622060:  Hold'em Limit ($3/$6 USD) - 2017/02/22 18:58:05 ET
Table 'Tauntonia' 6-max Seat #4 is the button
Seat 3: Willijabo ($57.48 in chips)
Seat 4: Fabulous108 ($99.85 in chips)
Fabulous108: posts small blind $1
krytalex: is sitting out
Willijabo: posts big blind $3
*** HOLE CARDS ***
Fabulous108: raises $3 to $6
krytalex leaves the table
Willijabo: folds
Uncalled bet ($3) returned to Fabulous108
Fabulous108 collected $6 from pot
Fabulous108: doesn't show hand
*** SUMMARY ***
Total pot $6 | Rake $0
Seat 3: Willijabo (big blind) folded before Flop
Seat 4: Fabulous108 (button) (small blind) collected ($6)


