PokerStars Hand #145516932011:  Hold'em Limit ($3/$6 USD) - 2015/12/18 0:56:00 ET
Table 'Tauntonia II' 6-max Seat #2 is the button
Seat 1: VolkovDmitri ($120 in chips)
Seat 2: multech101 ($67.95 in chips)
multech101: posts small blind $1
VolkovDmitri: posts big blind $3
*** HOLE CARDS ***
multech101: folds
Uncalled bet ($2) returned to VolkovDmitri
VolkovDmitri collected $2 from pot
VolkovDmitri: doesn't show hand
*** SUMMARY ***
Total pot $2 | Rake $0
Seat 1: VolkovDmitri (big blind) collected ($2)
Seat 2: multech101 (button) (small blind) folded before Flop


PokerStars Hand #145516938574:  Hold'em Limit ($3/$6 USD) - 2015/12/18 0:56:29 ET
Table 'Tauntonia II' 6-max Seat #1 is the button
Seat 1: VolkovDmitri ($121 in chips)
Seat 2: multech101 ($66.95 in chips)
VolkovDmitri: posts small blind $1
multech101: posts big blind $3
*** HOLE CARDS ***
VolkovDmitri: raises $3 to $6
multech101: calls $3
*** FLOP *** [8c 4s Jd]
multech101: checks
VolkovDmitri: bets $3
multech101: calls $3
*** TURN *** [8c 4s Jd] [Kd]
multech101: checks
VolkovDmitri: bets $6
multech101: raises $6 to $12
VolkovDmitri: calls $6
*** RIVER *** [8c 4s Jd Kd] [Th]
multech101: bets $6
VolkovDmitri: calls $6
*** SHOW DOWN ***
multech101: shows [7d 6c] (high card King)
VolkovDmitri: shows [3s Js] (a pair of Jacks)
VolkovDmitri collected $53.50 from pot
*** SUMMARY ***
Total pot $54 | Rake $0.50
Board [8c 4s Jd Kd Th]
Seat 1: VolkovDmitri (button) (small blind) showed [3s Js] and won ($53.50) with a pair of Jacks
Seat 2: multech101 (big blind) showed [7d 6c] and lost with high card King


PokerStars Hand #145516945923:  Hold'em Limit ($3/$6 USD) - 2015/12/18 0:57:02 ET
Table 'Tauntonia II' 6-max Seat #2 is the button
Seat 1: VolkovDmitri ($147.50 in chips)
Seat 2: multech101 ($39.95 in chips)
multech101: posts small blind $1
VolkovDmitri: posts big blind $3
*** HOLE CARDS ***
multech101: raises $3 to $6
VolkovDmitri: calls $3
*** FLOP *** [Th 4c Jc]
VolkovDmitri: checks
multech101: bets $3
VolkovDmitri: folds
Uncalled bet ($3) returned to multech101
multech101 collected $11.76 from pot
multech101: doesn't show hand
*** SUMMARY ***
Total pot $12 | Rake $0.24
Board [Th 4c Jc]
Seat 1: VolkovDmitri (big blind) folded on the Flop
Seat 2: multech101 (button) (small blind) collected ($11.76)


PokerStars Hand #145516968955:  Hold'em Limit ($3/$6 USD) - 2015/12/18 0:58:45 ET
Table 'Tauntonia II' 6-max Seat #1 is the button
Seat 1: VolkovDmitri ($172 in chips)
Seat 2: multech101 ($14.71 in chips)
VolkovDmitri: posts small blind $1
multech101: posts big blind $3
*** HOLE CARDS ***
VolkovDmitri: folds
Uncalled bet ($2) returned to multech101
multech101 collected $2 from pot
multech101: doesn't show hand
*** SUMMARY ***
Total pot $2 | Rake $0
Seat 1: VolkovDmitri (button) (small blind) folded before Flop
Seat 2: multech101 (big blind) collected ($2)


PokerStars Hand #145516964722:  Hold'em Limit ($3/$6 USD) - 2015/12/18 0:58:26 ET
Table 'Tauntonia II' 6-max Seat #2 is the button
Seat 1: VolkovDmitri ($171 in chips)
Seat 2: multech101 ($15.71 in chips)
multech101: posts small blind $1
VolkovDmitri: posts big blind $3
*** HOLE CARDS ***
multech101: folds
Uncalled bet ($2) returned to VolkovDmitri
VolkovDmitri collected $2 from pot
VolkovDmitri: doesn't show hand
*** SUMMARY ***
Total pot $2 | Rake $0
Seat 1: VolkovDmitri (big blind) collected ($2)
Seat 2: multech101 (button) (small blind) folded before Flop


PokerStars Hand #145516951797:  Hold'em Limit ($3/$6 USD) - 2015/12/18 0:57:29 ET
Table 'Tauntonia II' 6-max Seat #1 is the button
Seat 1: VolkovDmitri ($141.50 in chips)
Seat 2: multech101 ($45.71 in chips)
VolkovDmitri: posts small blind $1
multech101: posts big blind $3
*** HOLE CARDS ***
VolkovDmitri: raises $3 to $6
multech101: raises $3 to $9
VolkovDmitri: calls $3
*** FLOP *** [Kd 9d 4d]
multech101: bets $3
VolkovDmitri: raises $3 to $6
multech101: raises $3 to $9
VolkovDmitri: calls $3
*** TURN *** [Kd 9d 4d] [3h]
multech101: bets $6
VolkovDmitri: calls $6
*** RIVER *** [Kd 9d 4d 3h] [9h]
multech101: bets $6
VolkovDmitri: calls $6
*** SHOW DOWN ***
multech101: shows [3d Kc] (two pair, Kings and Nines)
VolkovDmitri: shows [Kh 6s] (two pair, Kings and Nines - Six kicker)
VolkovDmitri collected $59.50 from pot
*** SUMMARY ***
Total pot $60 | Rake $0.50
Board [Kd 9d 4d 3h 9h]
Seat 1: VolkovDmitri (button) (small blind) showed [Kh 6s] and won ($59.50) with two pair, Kings and Nines
Seat 2: multech101 (big blind) showed [3d Kc] and lost with two pair, Kings and Nines


