PokerStars Hand #167316584217:  Hold'em Limit ($3/$6 USD) - 2017/03/08 19:33:03 ET
Table 'Tauntonia' 6-max Seat #1 is the button
Seat 1: Chessnok ($98.76 in chips)
Seat 3: NuTTyPP ($50.50 in chips)
Chessnok: posts small blind $1
NuTTyPP: posts big blind $3
*** HOLE CARDS ***
Chessnok: raises $3 to $6
NuTTyPP: calls $3
*** FLOP *** [Js 6h 9c]
NuTTyPP: checks
Chessnok: bets $3
NuTTyPP: calls $3
*** TURN *** [Js 6h 9c] [9d]
NuTTyPP: checks
Chessnok: checks
*** RIVER *** [Js 6h 9c 9d] [Ad]
NuTTyPP: bets $6
Chessnok: calls $6
*** SHOW DOWN ***
NuTTyPP: shows [2s 2c] (two pair, Nines and Deuces)
Chessnok: mucks hand
NuTTyPP collected $29.50 from pot
*** SUMMARY ***
Total pot $30 | Rake $0.50
Board [Js 6h 9c 9d Ad]
Seat 1: Chessnok (button) (small blind) mucked
Seat 3: NuTTyPP (big blind) showed [2s 2c] and won ($29.50) with two pair, Nines and Deuces


PokerStars Hand #167316560767:  Hold'em Limit ($3/$6 USD) - 2017/03/08 19:32:21 ET
Table 'Tauntonia' 6-max Seat #1 is the button
Seat 1: Chessnok ($120 in chips)
Seat 3: NuTTyPP ($30 in chips)
Chessnok: posts small blind $1
NuTTyPP: posts big blind $3
*** HOLE CARDS ***
Chessnok: raises $3 to $6
NuTTyPP: calls $3
*** FLOP *** [4d 9s 9h]
NuTTyPP: checks
Chessnok: bets $3
NuTTyPP: calls $3
*** TURN *** [4d 9s 9h] [2h]
NuTTyPP: checks
Chessnok: bets $6
NuTTyPP: raises $6 to $12
Chessnok: calls $6
*** RIVER *** [4d 9s 9h 2h] [5s]
NuTTyPP: bets $6
Chessnok: calls $6
*** SHOW DOWN ***
NuTTyPP: shows [Ad 5d] (two pair, Nines and Fives)
Chessnok: mucks hand
NuTTyPP collected $53.50 from pot
*** SUMMARY ***
Total pot $54 | Rake $0.50
Board [4d 9s 9h 2h 5s]
Seat 1: Chessnok (button) (small blind) mucked
Seat 3: NuTTyPP (big blind) showed [Ad 5d] and won ($53.50) with two pair, Nines and Fives


PokerStars Hand #167316681221:  Hold'em Limit ($3/$6 USD) - 2017/03/08 19:35:59 ET
Table 'Tauntonia' 6-max Seat #1 is the button
Seat 1: Chessnok ($79.29 in chips)
Seat 4: B_loJkl ($214.20 in chips)
Chessnok: posts small blind $1
B_loJkl: posts big blind $3
*** HOLE CARDS ***
Chessnok: raises $3 to $6
B_loJkl: calls $3
*** FLOP *** [4c 7h Qd]
B_loJkl: checks
Chessnok: bets $3
B_loJkl: raises $3 to $6
Chessnok: calls $3
*** TURN *** [4c 7h Qd] [3h]
B_loJkl: bets $6
Chessnok: calls $6
*** RIVER *** [4c 7h Qd 3h] [Th]
B_loJkl: checks
Chessnok: bets $6
B_loJkl: calls $6
*** SHOW DOWN ***
Chessnok: shows [Kd 6c] (high card King)
B_loJkl: shows [Jc 7s] (a pair of Sevens)
B_loJkl collected $47.50 from pot
*** SUMMARY ***
Total pot $48 | Rake $0.50
Board [4c 7h Qd 3h Th]
Seat 1: Chessnok (button) (small blind) showed [Kd 6c] and lost with high card King
Seat 4: B_loJkl (big blind) showed [Jc 7s] and won ($47.50) with a pair of Sevens


PokerStars Hand #167316845889:  Hold'em Limit ($3/$6 USD) - 2017/03/08 19:41:03 ET
Table 'Tauntonia' 6-max Seat #1 is the button
Seat 1: Chessnok ($60 in chips)
Seat 6: bubsski ($92.50 in chips)
Chessnok: posts small blind $1
bubsski: posts big blind $3
*** HOLE CARDS ***
Chessnok: raises $3 to $6
bubsski: calls $3
*** FLOP *** [Jc 3h 5s]
bubsski: checks
Chessnok: bets $3
bubsski: folds
Uncalled bet ($3) returned to Chessnok
Chessnok collected $11.76 from pot
Chessnok: doesn't show hand
*** SUMMARY ***
Total pot $12 | Rake $0.24
Board [Jc 3h 5s]
Seat 1: Chessnok (button) (small blind) collected ($11.76)
Seat 6: bubsski (big blind) folded on the Flop


PokerStars Hand #167316833907:  Hold'em Limit ($3/$6 USD) - 2017/03/08 19:40:41 ET
Table 'Tauntonia' 6-max Seat #6 is the button
Seat 1: Chessnok ($60 in chips)
Seat 6: bubsski ($78 in chips)
bubsski: posts small blind $1
Chessnok: posts big blind $3
*** HOLE CARDS ***
bubsski: raises $3 to $6
Chessnok: calls $3
*** FLOP *** [5h Qh 3c]
Chessnok: checks
bubsski: bets $3
Chessnok: calls $3
*** TURN *** [5h Qh 3c] [7d]
Chessnok: checks
bubsski: bets $6
Chessnok: calls $6
*** RIVER *** [5h Qh 3c 7d] [4h]
Chessnok: checks
bubsski: bets $6
Chessnok: folds
Uncalled bet ($6) returned to bubsski
bubsski collected $29.50 from pot
bubsski: doesn't show hand
*** SUMMARY ***
Total pot $30 | Rake $0.50
Board [5h Qh 3c 7d 4h]
Seat 1: Chessnok (big blind) folded on the River
Seat 6: bubsski (button) (small blind) collected ($29.50)


PokerStars Hand #167316851100:  Hold'em Limit ($3/$6 USD) - 2017/03/08 19:41:13 ET
Table 'Tauntonia' 6-max Seat #6 is the button
Seat 1: Chessnok ($65.76 in chips)
Seat 6: bubsski ($86.50 in chips)
bubsski: posts small blind $1
Chessnok: posts big blind $3
*** HOLE CARDS ***
bubsski: raises $3 to $6
Chessnok: calls $3
*** FLOP *** [9h Th Qc]
Chessnok: checks
bubsski: checks
*** TURN *** [9h Th Qc] [8h]
Chessnok: bets $6
bubsski: calls $6
*** RIVER *** [9h Th Qc 8h] [Ad]
Chessnok: bets $6
bubsski: folds
Uncalled bet ($6) returned to Chessnok
Chessnok collected $23.52 from pot
Chessnok: doesn't show hand
*** SUMMARY ***
Total pot $24 | Rake $0.48
Board [9h Th Qc 8h Ad]
Seat 1: Chessnok (big blind) collected ($23.52)
Seat 6: bubsski (button) (small blind) folded on the River


PokerStars Hand #167316859208:  Hold'em Limit ($3/$6 USD) - 2017/03/08 19:41:28 ET
Table 'Tauntonia' 6-max Seat #1 is the button
Seat 1: Chessnok ($77.28 in chips)
Seat 6: bubsski ($74.50 in chips)
Chessnok: posts small blind $1
bubsski: posts big blind $3
*** HOLE CARDS ***
Chessnok: raises $3 to $6
bubsski: raises $3 to $9
Chessnok: calls $3
*** FLOP *** [Ts 4s 3c]
bubsski: bets $3
Chessnok: calls $3
*** TURN *** [Ts 4s 3c] [Kh]
bubsski: bets $6
Chessnok: folds
Uncalled bet ($6) returned to bubsski
bubsski collected $23.52 from pot
bubsski: doesn't show hand
*** SUMMARY ***
Total pot $24 | Rake $0.48
Board [Ts 4s 3c Kh]
Seat 1: Chessnok (button) (small blind) folded on the Turn
Seat 6: bubsski (big blind) collected ($23.52)


PokerStars Hand #167316874346:  Hold'em Limit ($3/$6 USD) - 2017/03/08 19:41:57 ET
Table 'Tauntonia' 6-max Seat #1 is the button
Seat 1: Chessnok ($60 in chips)
Seat 6: bubsski ($97.54 in chips)
Chessnok: posts small blind $1
bubsski: posts big blind $3
*** HOLE CARDS ***
Chessnok: raises $3 to $6
bubsski: calls $3
*** FLOP *** [Qs 6c 4d]
bubsski: checks
Chessnok: bets $3
bubsski: calls $3
*** TURN *** [Qs 6c 4d] [Kh]
bubsski: checks
Chessnok: bets $6
bubsski: calls $6
*** RIVER *** [Qs 6c 4d Kh] [5d]
bubsski: checks
Chessnok: checks
*** SHOW DOWN ***
bubsski: shows [Ad 9c] (high card Ace)
Chessnok: shows [Th 4h] (a pair of Fours)
Chessnok collected $29.50 from pot
*** SUMMARY ***
Total pot $30 | Rake $0.50
Board [Qs 6c 4d Kh 5d]
Seat 1: Chessnok (button) (small blind) showed [Th 4h] and won ($29.50) with a pair of Fours
Seat 6: bubsski (big blind) showed [Ad 9c] and lost with high card Ace


PokerStars Hand #167316866447:  Hold'em Limit ($3/$6 USD) - 2017/03/08 19:41:42 ET
Table 'Tauntonia' 6-max Seat #6 is the button
Seat 1: Chessnok ($65.28 in chips)
Seat 6: bubsski ($86.02 in chips)
bubsski: posts small blind $1
Chessnok: posts big blind $3
*** HOLE CARDS ***
bubsski: raises $3 to $6
Chessnok: calls $3
*** FLOP *** [2h 4d As]
Chessnok: checks
bubsski: bets $3
Chessnok: raises $3 to $6
bubsski: calls $3
*** TURN *** [2h 4d As] [Kh]
Chessnok: checks
bubsski: bets $6
Chessnok: folds
Uncalled bet ($6) returned to bubsski
bubsski collected $23.52 from pot
bubsski: doesn't show hand
*** SUMMARY ***
Total pot $24 | Rake $0.48
Board [2h 4d As Kh]
Seat 1: Chessnok (big blind) folded on the Turn
Seat 6: bubsski (button) (small blind) collected ($23.52)


PokerStars Hand #167316881807:  Hold'em Limit ($3/$6 USD) - 2017/03/08 19:42:10 ET
Table 'Tauntonia' 6-max Seat #6 is the button
Seat 1: Chessnok ($74.50 in chips)
Seat 6: bubsski ($82.54 in chips)
bubsski: posts small blind $1
Chessnok: posts big blind $3
*** HOLE CARDS ***
bubsski: raises $3 to $6
Chessnok: calls $3
*** FLOP *** [Ad Ts 7d]
Chessnok: checks
bubsski: bets $3
Chessnok: raises $3 to $6
bubsski: calls $3
*** TURN *** [Ad Ts 7d] [Ac]
Chessnok: bets $6
bubsski: calls $6
*** RIVER *** [Ad Ts 7d Ac] [5d]
Chessnok: bets $6
bubsski: calls $6
*** SHOW DOWN ***
Chessnok: shows [Ah 7s] (a full house, Aces full of Sevens)
bubsski: mucks hand
Chessnok collected $47.50 from pot
*** SUMMARY ***
Total pot $48 | Rake $0.50
Board [Ad Ts 7d Ac 5d]
Seat 1: Chessnok (big blind) showed [Ah 7s] and won ($47.50) with a full house, Aces full of Sevens
Seat 6: bubsski (button) (small blind) mucked


PokerStars Hand #167316889873:  Hold'em Limit ($3/$6 USD) - 2017/03/08 19:42:26 ET
Table 'Tauntonia' 6-max Seat #1 is the button
Seat 1: Chessnok ($98 in chips)
Seat 6: bubsski ($58.54 in chips)
Chessnok: posts small blind $1
bubsski: posts big blind $3
*** HOLE CARDS ***
Chessnok: raises $3 to $6
bubsski: raises $3 to $9
Chessnok: calls $3
*** FLOP *** [7c 9s 9c]
bubsski: bets $3
Chessnok: calls $3
*** TURN *** [7c 9s 9c] [8d]
bubsski: bets $6
Chessnok: raises $6 to $12
bubsski: folds
Uncalled bet ($6) returned to Chessnok
Chessnok collected $35.50 from pot
Chessnok: doesn't show hand
*** SUMMARY ***
Total pot $36 | Rake $0.50
Board [7c 9s 9c 8d]
Seat 1: Chessnok (button) (small blind) collected ($35.50)
Seat 6: bubsski (big blind) folded on the Turn


PokerStars Hand #167316923156:  Hold'em Limit ($3/$6 USD) - 2017/03/08 19:43:28 ET
Table 'Tauntonia' 6-max Seat #1 is the button
Seat 1: Chessnok ($132 in chips)
Seat 6: bubsski ($83.18 in chips)
Chessnok: posts small blind $1
bubsski: posts big blind $3
*** HOLE CARDS ***
Chessnok: folds
Uncalled bet ($2) returned to bubsski
bubsski collected $2 from pot
bubsski: doesn't show hand
*** SUMMARY ***
Total pot $2 | Rake $0
Seat 1: Chessnok (button) (small blind) folded before Flop
Seat 6: bubsski (big blind) collected ($2)


PokerStars Hand #167316914300:  Hold'em Limit ($3/$6 USD) - 2017/03/08 19:43:11 ET
Table 'Tauntonia' 6-max Seat #6 is the button
Seat 1: Chessnok ($141 in chips)
Seat 6: bubsski ($74.54 in chips)
bubsski: posts small blind $1
Chessnok: posts big blind $3
*** HOLE CARDS ***
bubsski: calls $2
Chessnok: raises $3 to $6
bubsski: calls $3
*** FLOP *** [8d Qs 2c]
Chessnok: bets $3
bubsski: calls $3
*** TURN *** [8d Qs 2c] [5d]
Chessnok: checks
bubsski: checks
*** RIVER *** [8d Qs 2c 5d] [Ac]
Chessnok: checks
bubsski: bets $6
Chessnok: folds
Uncalled bet ($6) returned to bubsski
bubsski collected $17.64 from pot
bubsski: doesn't show hand
*** SUMMARY ***
Total pot $18 | Rake $0.36
Board [8d Qs 2c 5d Ac]
Seat 1: Chessnok (big blind) folded on the River
Seat 6: bubsski (button) (small blind) collected ($17.64)


PokerStars Hand #167316905280:  Hold'em Limit ($3/$6 USD) - 2017/03/08 19:42:55 ET
Table 'Tauntonia' 6-max Seat #1 is the button
Seat 1: Chessnok ($120.50 in chips)
Seat 6: bubsski ($95.54 in chips)
Chessnok: posts small blind $1
bubsski: posts big blind $3
*** HOLE CARDS ***
Chessnok: raises $3 to $6
bubsski: calls $3
*** FLOP *** [4s 6c 8s]
bubsski: checks
Chessnok: bets $3
bubsski: calls $3
*** TURN *** [4s 6c 8s] [Qs]
bubsski: bets $6
Chessnok: calls $6
*** RIVER *** [4s 6c 8s Qs] [6h]
bubsski: bets $6
Chessnok: calls $6
*** SHOW DOWN ***
bubsski: shows [Td 9d] (a pair of Sixes)
Chessnok: shows [5c Ac] (a pair of Sixes - Ace kicker)
Chessnok collected $41.50 from pot
*** SUMMARY ***
Total pot $42 | Rake $0.50
Board [4s 6c 8s Qs 6h]
Seat 1: Chessnok (button) (small blind) showed [5c Ac] and won ($41.50) with a pair of Sixes
Seat 6: bubsski (big blind) showed [Td 9d] and lost with a pair of Sixes


PokerStars Hand #167316902794:  Hold'em Limit ($3/$6 USD) - 2017/03/08 19:42:50 ET
Table 'Tauntonia' 6-max Seat #6 is the button
Seat 1: Chessnok ($119.50 in chips)
Seat 6: bubsski ($96.54 in chips)
bubsski: posts small blind $1
Chessnok: posts big blind $3
*** HOLE CARDS ***
bubsski: folds
Uncalled bet ($2) returned to Chessnok
Chessnok collected $2 from pot
Chessnok: doesn't show hand
*** SUMMARY ***
Total pot $2 | Rake $0
Seat 1: Chessnok (big blind) collected ($2)
Seat 6: bubsski (button) (small blind) folded before Flop


PokerStars Hand #167316900079:  Hold'em Limit ($3/$6 USD) - 2017/03/08 19:42:45 ET
Table 'Tauntonia' 6-max Seat #1 is the button
Seat 1: Chessnok ($116.50 in chips)
Seat 6: bubsski ($39.54 in chips)
Chessnok: posts small blind $1
bubsski: posts big blind $3
*** HOLE CARDS ***
Chessnok: raises $3 to $6
bubsski: folds
Uncalled bet ($3) returned to Chessnok
Chessnok collected $6 from pot
Chessnok: doesn't show hand
*** SUMMARY ***
Total pot $6 | Rake $0
Seat 1: Chessnok (button) (small blind) collected ($6)
Seat 6: bubsski (big blind) folded before Flop


PokerStars Hand #167316897559:  Hold'em Limit ($3/$6 USD) - 2017/03/08 19:42:40 ET
Table 'Tauntonia' 6-max Seat #6 is the button
Seat 1: Chessnok ($115.50 in chips)
Seat 6: bubsski ($40.54 in chips)
bubsski: posts small blind $1
Chessnok: posts big blind $3
*** HOLE CARDS ***
bubsski: folds
Uncalled bet ($2) returned to Chessnok
Chessnok collected $2 from pot
Chessnok: doesn't show hand
*** SUMMARY ***
Total pot $2 | Rake $0
Seat 1: Chessnok (big blind) collected ($2)
Seat 6: bubsski (button) (small blind) folded before Flop


PokerStars Hand #167316932275:  Hold'em Limit ($3/$6 USD) - 2017/03/08 19:43:45 ET
Table 'Tauntonia' 6-max Seat #6 is the button
Seat 1: Chessnok ($131 in chips)
Seat 6: bubsski ($84.18 in chips)
bubsski: posts small blind $1
Chessnok: posts big blind $3
*** HOLE CARDS ***
bubsski: folds
Uncalled bet ($2) returned to Chessnok
Chessnok collected $2 from pot
Chessnok: doesn't show hand
*** SUMMARY ***
Total pot $2 | Rake $0
Seat 1: Chessnok (big blind) collected ($2)
Seat 6: bubsski (button) (small blind) folded before Flop


PokerStars Hand #167316929337:  Hold'em Limit ($3/$6 USD) - 2017/03/08 19:43:39 ET
Table 'Tauntonia' 6-max Seat #1 is the button
Seat 1: Chessnok ($128 in chips)
Seat 6: bubsski ($87.18 in chips)
Chessnok: posts small blind $1
bubsski: posts big blind $3
*** HOLE CARDS ***
Chessnok: raises $3 to $6
bubsski: folds
Uncalled bet ($3) returned to Chessnok
Chessnok collected $6 from pot
Chessnok: doesn't show hand
*** SUMMARY ***
Total pot $6 | Rake $0
Seat 1: Chessnok (button) (small blind) collected ($6)
Seat 6: bubsski (big blind) folded before Flop


PokerStars Hand #167316925838:  Hold'em Limit ($3/$6 USD) - 2017/03/08 19:43:33 ET
Table 'Tauntonia' 6-max Seat #6 is the button
Seat 1: Chessnok ($131 in chips)
Seat 6: bubsski ($84.18 in chips)
bubsski: posts small blind $1
Chessnok: posts big blind $3
*** HOLE CARDS ***
bubsski: raises $3 to $6
Chessnok: folds
Uncalled bet ($3) returned to bubsski
bubsski collected $6 from pot
bubsski: doesn't show hand
*** SUMMARY ***
Total pot $6 | Rake $0
Seat 1: Chessnok (big blind) folded before Flop
Seat 6: bubsski (button) (small blind) collected ($6)


PokerStars Hand #167316950472:  Hold'em Limit ($3/$6 USD) - 2017/03/08 19:44:19 ET
Table 'Tauntonia' 6-max Seat #1 is the button
Seat 1: Chessnok ($155.04 in chips)
Seat 6: bubsski ($59.18 in chips)
Chessnok: posts small blind $1
bubsski: posts big blind $3
*** HOLE CARDS ***
Chessnok: raises $3 to $6
bubsski: calls $3
*** FLOP *** [4c Kd 3s]
bubsski: checks
Chessnok: bets $3
bubsski: raises $3 to $6
Chessnok: calls $3
*** TURN *** [4c Kd 3s] [5d]
bubsski: bets $6
Chessnok: calls $6
*** RIVER *** [4c Kd 3s 5d] [Ts]
bubsski: bets $6
Chessnok: calls $6
*** SHOW DOWN ***
bubsski: shows [4h 5c] (two pair, Fives and Fours)
Chessnok: mucks hand
bubsski collected $47.50 from pot
*** SUMMARY ***
Total pot $48 | Rake $0.50
Board [4c Kd 3s 5d Ts]
Seat 1: Chessnok (button) (small blind) mucked
Seat 6: bubsski (big blind) showed [4h 5c] and won ($47.50) with two pair, Fives and Fours


PokerStars Hand #167316943045:  Hold'em Limit ($3/$6 USD) - 2017/03/08 19:44:05 ET
Table 'Tauntonia' 6-max Seat #6 is the button
Seat 1: Chessnok ($143.52 in chips)
Seat 6: bubsski ($71.18 in chips)
bubsski: posts small blind $1
Chessnok: posts big blind $3
*** HOLE CARDS ***
bubsski: raises $3 to $6
Chessnok: calls $3
*** FLOP *** [6s Tc 9d]
Chessnok: checks
bubsski: bets $3
Chessnok: raises $3 to $6
bubsski: calls $3
*** TURN *** [6s Tc 9d] [8h]
Chessnok: bets $6
bubsski: folds
Uncalled bet ($6) returned to Chessnok
Chessnok collected $23.52 from pot
Chessnok: doesn't show hand
*** SUMMARY ***
Total pot $24 | Rake $0.48
Board [6s Tc 9d 8h]
Seat 1: Chessnok (big blind) collected ($23.52)
Seat 6: bubsski (button) (small blind) folded on the Turn


PokerStars Hand #167316934982:  Hold'em Limit ($3/$6 USD) - 2017/03/08 19:43:50 ET
Table 'Tauntonia' 6-max Seat #1 is the button
Seat 1: Chessnok ($132 in chips)
Seat 6: bubsski ($83.18 in chips)
Chessnok: posts small blind $1
bubsski: posts big blind $3
*** HOLE CARDS ***
Chessnok: raises $3 to $6
bubsski: calls $3
*** FLOP *** [Ah Jh Jd]
bubsski: checks
Chessnok: bets $3
bubsski: raises $3 to $6
Chessnok: calls $3
*** TURN *** [Ah Jh Jd] [Kc]
bubsski: checks
Chessnok: bets $6
bubsski: folds
Uncalled bet ($6) returned to Chessnok
Chessnok collected $23.52 from pot
Chessnok: doesn't show hand
*** SUMMARY ***
Total pot $24 | Rake $0.48
Board [Ah Jh Jd Kc]
Seat 1: Chessnok (button) (small blind) collected ($23.52)
Seat 6: bubsski (big blind) folded on the Turn


PokerStars Hand #167316977969:  Hold'em Limit ($3/$6 USD) - 2017/03/08 19:45:11 ET
Table 'Tauntonia' 6-max Seat #6 is the button
Seat 1: Chessnok ($142.68 in chips)
Seat 6: bubsski ($70.68 in chips)
bubsski: posts small blind $1
Chessnok: posts big blind $3
*** HOLE CARDS ***
bubsski: raises $3 to $6
Chessnok: calls $3
*** FLOP *** [Ts 9d 7d]
Chessnok: checks
bubsski: bets $3
Chessnok: calls $3
*** TURN *** [Ts 9d 7d] [6h]
Chessnok: checks
bubsski: checks
*** RIVER *** [Ts 9d 7d 6h] [4c]
Chessnok: bets $6
bubsski: calls $6
*** SHOW DOWN ***
Chessnok: shows [5s 6s] (a pair of Sixes)
bubsski: mucks hand
Chessnok collected $29.50 from pot
*** SUMMARY ***
Total pot $30 | Rake $0.50
Board [Ts 9d 7d 6h 4c]
Seat 1: Chessnok (big blind) showed [5s 6s] and won ($29.50) with a pair of Sixes
Seat 6: bubsski (button) (small blind) mucked


PokerStars Hand #167316975675:  Hold'em Limit ($3/$6 USD) - 2017/03/08 19:45:07 ET
Table 'Tauntonia' 6-max Seat #1 is the button
Seat 1: Chessnok ($143.68 in chips)
Seat 6: bubsski ($69.68 in chips)
Chessnok: posts small blind $1
bubsski: posts big blind $3
*** HOLE CARDS ***
Chessnok: folds
Uncalled bet ($2) returned to bubsski
bubsski collected $2 from pot
bubsski: doesn't show hand
*** SUMMARY ***
Total pot $2 | Rake $0
Seat 1: Chessnok (button) (small blind) folded before Flop
Seat 6: bubsski (big blind) collected ($2)


PokerStars Hand #167316972886:  Hold'em Limit ($3/$6 USD) - 2017/03/08 19:45:01 ET
Table 'Tauntonia' 6-max Seat #6 is the button
Seat 1: Chessnok ($142.68 in chips)
Seat 6: bubsski ($70.68 in chips)
bubsski: posts small blind $1
Chessnok: posts big blind $3
*** HOLE CARDS ***
bubsski: folds
Uncalled bet ($2) returned to Chessnok
Chessnok collected $2 from pot
Chessnok: doesn't show hand
*** SUMMARY ***
Total pot $2 | Rake $0
Seat 1: Chessnok (big blind) collected ($2)
Seat 6: bubsski (button) (small blind) folded before Flop


PokerStars Hand #167316970189:  Hold'em Limit ($3/$6 USD) - 2017/03/08 19:44:56 ET
Table 'Tauntonia' 6-max Seat #1 is the button
Seat 1: Chessnok ($139.68 in chips)
Seat 6: bubsski ($73.68 in chips)
Chessnok: posts small blind $1
bubsski: posts big blind $3
*** HOLE CARDS ***
Chessnok: raises $3 to $6
bubsski: folds
Uncalled bet ($3) returned to Chessnok
Chessnok collected $6 from pot
Chessnok: doesn't show hand
*** SUMMARY ***
Total pot $6 | Rake $0
Seat 1: Chessnok (button) (small blind) collected ($6)
Seat 6: bubsski (big blind) folded before Flop


PokerStars Hand #167316958710:  Hold'em Limit ($3/$6 USD) - 2017/03/08 19:44:35 ET
Table 'Tauntonia' 6-max Seat #6 is the button
Seat 1: Chessnok ($131.04 in chips)
Seat 6: bubsski ($82.68 in chips)
bubsski: posts small blind $1
Chessnok: posts big blind $3
*** HOLE CARDS ***
bubsski: raises $3 to $6
Chessnok: calls $3
*** FLOP *** [4h Jh 9c]
Chessnok: checks
bubsski: bets $3
Chessnok: calls $3
*** TURN *** [4h Jh 9c] [4d]
Chessnok: bets $6
bubsski: folds
Uncalled bet ($6) returned to Chessnok
Chessnok collected $17.64 from pot
Chessnok: doesn't show hand
*** SUMMARY ***
Total pot $18 | Rake $0.36
Board [4h Jh 9c 4d]
Seat 1: Chessnok (big blind) collected ($17.64)
Seat 6: bubsski (button) (small blind) folded on the Turn


PokerStars Hand #167317002996:  Hold'em Limit ($3/$6 USD) - 2017/03/08 19:45:59 ET
Table 'Tauntonia' 6-max Seat #1 is the button
Seat 1: Chessnok ($193.68 in chips)
Seat 6: bubsski ($18.68 in chips)
Chessnok: posts small blind $1
bubsski: posts big blind $3
*** HOLE CARDS ***
Chessnok: raises $3 to $6
bubsski: calls $3
*** FLOP *** [7d 6c Qc]
bubsski: checks
Chessnok: bets $3
bubsski: raises $3 to $6
Chessnok: calls $3
*** TURN *** [7d 6c Qc] [3s]
nimzon joins the table at seat #2
bubsski: bets $6
Chessnok: calls $6
*** RIVER *** [7d 6c Qc 3s] [Jh]
bubsski: bets $0.68 and is all-in
Chessnok: calls $0.68
huracan mdp joins the table at seat #5
nimzon leaves the table
*** SHOW DOWN ***
bubsski: shows [Qd 5c] (a pair of Queens)
Chessnok: shows [Kc 9s] (high card King)
bubsski collected $36.86 from pot
*** SUMMARY ***
Total pot $37.36 | Rake $0.50
Board [7d 6c Qc 3s Jh]
Seat 1: Chessnok (button) (small blind) showed [Kc 9s] and lost with high card King
Seat 6: bubsski (big blind) showed [Qd 5c] and won ($36.86) with a pair of Queens


PokerStars Hand #167317011852:  Hold'em Limit ($3/$6 USD) - 2017/03/08 19:46:15 ET
Table 'Tauntonia' 6-max Seat #6 is the button
Seat 1: Chessnok ($175 in chips)
Seat 6: bubsski ($36.86 in chips)
bubsski: posts small blind $1
Chessnok: posts big blind $3
*** HOLE CARDS ***
bubsski: folds
Uncalled bet ($2) returned to Chessnok
Chessnok collected $2 from pot
Chessnok: doesn't show hand
*** SUMMARY ***
Total pot $2 | Rake $0
Seat 1: Chessnok (big blind) collected ($2)
Seat 6: bubsski (button) (small blind) folded before Flop


PokerStars Hand #167316986181:  Hold'em Limit ($3/$6 USD) - 2017/03/08 19:45:27 ET
Table 'Tauntonia' 6-max Seat #1 is the button
Seat 1: Chessnok ($157.18 in chips)
Seat 6: bubsski ($55.68 in chips)
Chessnok: posts small blind $1
bubsski: posts big blind $3
*** HOLE CARDS ***
Chessnok: raises $3 to $6
bubsski: raises $3 to $9
Chessnok: calls $3
*** FLOP *** [9h Jh 3d]
bubsski: bets $3
Chessnok: calls $3
*** TURN *** [9h Jh 3d] [Kd]
bubsski: bets $6
Chessnok: calls $6
*** RIVER *** [9h Jh 3d Kd] [Kh]
bubsski: bets $6
Chessnok: raises $6 to $12
bubsski: raises $6 to $18
Chessnok: calls $6
*** SHOW DOWN ***
bubsski: shows [Ad As] (two pair, Aces and Kings)
Chessnok: shows [8h 6h] (a flush, King high)
Chessnok collected $71.50 from pot
*** SUMMARY ***
Total pot $72 | Rake $0.50
Board [9h Jh 3d Kd Kh]
Seat 1: Chessnok (button) (small blind) showed [8h 6h] and won ($71.50) with a flush, King high
Seat 6: bubsski (big blind) showed [Ad As] and lost with two pair, Aces and Kings


PokerStars Hand #167316997211:  Hold'em Limit ($3/$6 USD) - 2017/03/08 19:45:47 ET
Table 'Tauntonia' 6-max Seat #6 is the button
Seat 1: Chessnok ($192.68 in chips)
Seat 6: bubsski ($19.68 in chips)
bubsski: posts small blind $1
Chessnok: posts big blind $3
*** HOLE CARDS ***
bubsski said, "lol"
bubsski: folds
Uncalled bet ($2) returned to Chessnok
Chessnok collected $2 from pot
Chessnok: doesn't show hand
*** SUMMARY ***
Total pot $2 | Rake $0
Seat 1: Chessnok (big blind) collected ($2)
Seat 6: bubsski (button) (small blind) folded before Flop


PokerStars Hand #167319653611:  Hold'em Limit ($3/$6 USD) - 2017/03/08 21:22:13 ET
Table 'Tauntonia' 6-max Seat #5 is the button
Seat 3: Deuce13-09 ($77.95 in chips)
Seat 5: Bedard ($190.71 in chips)
Bedard: posts small blind $1
Deuce13-09: posts big blind $3
*** HOLE CARDS ***
Bedard: folds
Uncalled bet ($2) returned to Deuce13-09
Deuce13-09 collected $2 from pot
*** SUMMARY ***
Total pot $2 | Rake $0
Seat 3: Deuce13-09 (big blind) collected ($2)
Seat 5: Bedard (button) (small blind) folded before Flop


PokerStars Hand #167319655661:  Hold'em Limit ($3/$6 USD) - 2017/03/08 21:22:19 ET
Table 'Tauntonia' 6-max Seat #3 is the button
Seat 3: Deuce13-09 ($78.95 in chips)
Seat 5: Bedard ($189.71 in chips)
Deuce13-09: posts small blind $1
Bedard: posts big blind $3
*** HOLE CARDS ***
Deuce13-09: calls $2
jack_flasher leaves the table
Bedard: raises $3 to $6
Deuce13-09: calls $3
*** FLOP *** [4c Qs 2h]
Bedard: bets $3
Deuce13-09: folds
Uncalled bet ($3) returned to Bedard
Bedard collected $11.76 from pot
Bedard: doesn't show hand
*** SUMMARY ***
Total pot $12 | Rake $0.24
Board [4c Qs 2h]
Seat 3: Deuce13-09 (button) (small blind) folded on the Flop
Seat 5: Bedard (big blind) collected ($11.76)


PokerStars Hand #167320045694:  Hold'em Limit ($3/$6 USD) - 2017/03/08 21:38:38 ET
Table 'Tauntonia' 6-max Seat #5 is the button
Seat 4: GlamDragon ($307.65 in chips)
Seat 5: Bedard ($145.20 in chips)
Bedard: posts small blind $1
juggern@ut27: is sitting out
GlamDragon: posts big blind $3
*** HOLE CARDS ***
Bedard: raises $3 to $6
juggern@ut27 leaves the table
Eddy-Saporo joins the table at seat #3
GlamDragon: calls $3
*** FLOP *** [8d Qh Jh]
GlamDragon: checks
Bedard: bets $3
GlamDragon: folds
Uncalled bet ($3) returned to Bedard
Bedard collected $11.76 from pot
Bedard: doesn't show hand
*** SUMMARY ***
Total pot $12 | Rake $0.24
Board [8d Qh Jh]
Seat 4: GlamDragon (big blind) folded on the Flop
Seat 5: Bedard (button) (small blind) collected ($11.76)


PokerStars Hand #167320050012:  Hold'em Limit ($3/$6 USD) - 2017/03/08 21:38:49 ET
Table 'Tauntonia' 6-max Seat #4 is the button
Seat 4: GlamDragon ($301.65 in chips)
Seat 5: Bedard ($150.96 in chips)
GlamDragon: posts small blind $1
Bedard: posts big blind $3
*** HOLE CARDS ***
GlamDragon: raises $3 to $6
Bedard: folds
Uncalled bet ($3) returned to GlamDragon
GlamDragon collected $6 from pot
GlamDragon: doesn't show hand
*** SUMMARY ***
Total pot $6 | Rake $0
Seat 4: GlamDragon (button) (small blind) collected ($6)
Seat 5: Bedard (big blind) folded before Flop


PokerStars Hand #167320229081:  Hold'em Limit ($3/$6 USD) - 2017/03/08 21:46:38 ET
Table 'Tauntonia' 6-max Seat #4 is the button
Seat 4: GlamDragon ($353.67 in chips)
Seat 5: Bedard ($156.54 in chips)
GlamDragon: posts small blind $1
Bedard: posts big blind $3
*** HOLE CARDS ***
GlamDragon: raises $3 to $6
LWNS joins the table at seat #1
Eddy-Saporo leaves the table
Bedard: folds
Uncalled bet ($3) returned to GlamDragon
GlamDragon collected $6 from pot
GlamDragon: doesn't show hand
*** SUMMARY ***
Total pot $6 | Rake $0
Seat 4: GlamDragon (button) (small blind) collected ($6)
Seat 5: Bedard (big blind) folded before Flop


PokerStars Hand #167320303218:  Hold'em Limit ($3/$6 USD) - 2017/03/08 21:49:36 ET
Table 'Tauntonia' 6-max Seat #5 is the button
Seat 4: GlamDragon ($415.18 in chips)
Seat 5: Bedard ($196.39 in chips)
Bedard: posts small blind $1
GlamDragon: posts big blind $3
*** HOLE CARDS ***
Bedard: raises $3 to $6
GlamDragon: calls $3
*** FLOP *** [3d 9d 9s]
GlamDragon: checks
Bedard: bets $3
GlamDragon: folds
Uncalled bet ($3) returned to Bedard
Bedard collected $11.76 from pot
Bedard: doesn't show hand
NuTTyPP leaves the table
*** SUMMARY ***
Total pot $12 | Rake $0.24
Board [3d 9d 9s]
Seat 4: GlamDragon (big blind) folded on the Flop
Seat 5: Bedard (button) (small blind) collected ($11.76)


PokerStars Hand #167320322439:  Hold'em Limit ($3/$6 USD) - 2017/03/08 21:50:29 ET
Table 'Tauntonia' 6-max Seat #5 is the button
Seat 4: GlamDragon ($454.18 in chips)
Seat 5: Bedard ($156.15 in chips)
Bedard: posts small blind $1
GlamDragon: posts big blind $3
*** HOLE CARDS ***
Bedard: raises $3 to $6
GlamDragon: calls $3
*** FLOP *** [Qs Qd Qc]
GlamDragon: checks
Bedard: bets $3
GlamDragon: calls $3
*** TURN *** [Qs Qd Qc] [6h]
GlamDragon: checks
Bedard: checks
*** RIVER *** [Qs Qd Qc 6h] [Ks]
GlamDragon: bets $6
Bedard: raises $6 to $12
GlamDragon: calls $6
*** SHOW DOWN ***
Bedard: shows [2c Kc] (a full house, Queens full of Kings)
GlamDragon: shows [7h Kh] (a full house, Queens full of Kings)
GlamDragon collected $20.75 from pot
Bedard collected $20.75 from pot
*** SUMMARY ***
Total pot $42 | Rake $0.50
Board [Qs Qd Qc 6h Ks]
Seat 4: GlamDragon (big blind) showed [7h Kh] and won ($20.75) with a full house, Queens full of Kings
Seat 5: Bedard (button) (small blind) showed [2c Kc] and won ($20.75) with a full house, Queens full of Kings


PokerStars Hand #167320307394:  Hold'em Limit ($3/$6 USD) - 2017/03/08 21:49:48 ET
Table 'Tauntonia' 6-max Seat #4 is the button
Seat 4: GlamDragon ($409.18 in chips)
Seat 5: Bedard ($202.15 in chips)
GlamDragon: posts small blind $1
Bedard: posts big blind $3
*** HOLE CARDS ***
GlamDragon: raises $3 to $6
Bedard: raises $3 to $9
GlamDragon: raises $3 to $12
Betting is capped
Bedard: calls $3
*** FLOP *** [6h Jc 7c]
Bedard: checks
GlamDragon: bets $3
Bedard: calls $3
*** TURN *** [6h Jc 7c] [Ad]
Bedard: checks
GlamDragon: bets $6
Bedard: folds
Uncalled bet ($6) returned to GlamDragon
GlamDragon collected $29.50 from pot
GlamDragon: doesn't show hand
*** SUMMARY ***
Total pot $30 | Rake $0.50
Board [6h Jc 7c Ad]
Seat 4: GlamDragon (button) (small blind) collected ($29.50)
Seat 5: Bedard (big blind) folded on the Turn


PokerStars Hand #167320313344:  Hold'em Limit ($3/$6 USD) - 2017/03/08 21:50:04 ET
Table 'Tauntonia' 6-max Seat #5 is the button
Seat 4: GlamDragon ($423.68 in chips)
Seat 5: Bedard ($187.15 in chips)
Bedard: posts small blind $1
GlamDragon: posts big blind $3
*** HOLE CARDS ***
Bedard: folds
Uncalled bet ($2) returned to GlamDragon
GlamDragon collected $2 from pot
GlamDragon: doesn't show hand
*** SUMMARY ***
Total pot $2 | Rake $0
Seat 4: GlamDragon (big blind) collected ($2)
Seat 5: Bedard (button) (small blind) folded before Flop


PokerStars Hand #167320315089:  Hold'em Limit ($3/$6 USD) - 2017/03/08 21:50:09 ET
Table 'Tauntonia' 6-max Seat #4 is the button
Seat 4: GlamDragon ($424.68 in chips)
Seat 5: Bedard ($186.15 in chips)
GlamDragon: posts small blind $1
Bedard: posts big blind $3
*** HOLE CARDS ***
GlamDragon: raises $3 to $6
Bedard: raises $3 to $9
GlamDragon: raises $3 to $12
Betting is capped
Bedard: calls $3
*** FLOP *** [8s 9s 2d]
Bedard: bets $3
GlamDragon: raises $3 to $6
Bedard: calls $3
*** TURN *** [8s 9s 2d] [3s]
Bedard: checks
GlamDragon: bets $6
Bedard: calls $6
*** RIVER *** [8s 9s 2d 3s] [5h]
Bedard: checks
GlamDragon: bets $6
Bedard: calls $6
*** SHOW DOWN ***
GlamDragon: shows [Qh Qs] (a pair of Queens)
Bedard: mucks hand
GlamDragon collected $59.50 from pot
*** SUMMARY ***
Total pot $60 | Rake $0.50
Board [8s 9s 2d 3s 5h]
Seat 4: GlamDragon (button) (small blind) showed [Qh Qs] and won ($59.50) with a pair of Queens
Seat 5: Bedard (big blind) mucked


