PokerStars Hand #144540946490:  Hold'em Limit ($3/$6 USD) - 2015/11/28 22:56:10 ET
Table 'Tauntonia II' 2-max Seat #2 is the button
Seat 1: kaputnikoff ($60 in chips)
Seat 2: permafrost07 ($120 in chips)
permafrost07: posts small blind $1
kaputnikoff: posts big blind $3
*** HOLE CARDS ***
permafrost07: calls $2
kaputnikoff: checks
*** FLOP *** [3c Ac 9c]
kaputnikoff: checks
permafrost07: bets $3
kaputnikoff: calls $3
*** TURN *** [3c Ac 9c] [Ad]
kaputnikoff: checks
permafrost07: bets $6
kaputnikoff: calls $6
*** RIVER *** [3c Ac 9c Ad] [4h]
kaputnikoff: checks
permafrost07: checks
*** SHOW DOWN ***
kaputnikoff: shows [2h Jc] (a pair of Aces)
permafrost07: shows [Jh 3h] (two pair, Aces and Threes)
permafrost07 collected $23.52 from pot
*** SUMMARY ***
Total pot $24 | Rake $0.48
Board [3c Ac 9c Ad 4h]
Seat 1: kaputnikoff (big blind) showed [2h Jc] and lost with a pair of Aces
Seat 2: permafrost07 (button) (small blind) showed [Jh 3h] and won ($23.52) with two pair, Aces and Threes


PokerStars Hand #144540962258:  Hold'em Limit ($3/$6 USD) - 2015/11/28 22:57:04 ET
Table 'Tauntonia II' 2-max Seat #1 is the button
Seat 1: kaputnikoff ($60 in chips)
Seat 2: permafrost07 ($131.52 in chips)
kaputnikoff: posts small blind $1
permafrost07: posts big blind $3
*** HOLE CARDS ***
kaputnikoff: raises $3 to $6
permafrost07: raises $3 to $9
kaputnikoff: calls $3
*** FLOP *** [Jc 9c 9h]
permafrost07: bets $3
kaputnikoff: calls $3
*** TURN *** [Jc 9c 9h] [4h]
permafrost07: bets $6
kaputnikoff: folds
Uncalled bet ($6) returned to permafrost07
permafrost07 collected $23.52 from pot
permafrost07: doesn't show hand
*** SUMMARY ***
Total pot $24 | Rake $0.48
Board [Jc 9c 9h 4h]
Seat 1: kaputnikoff (button) (small blind) folded on the Turn
Seat 2: permafrost07 (big blind) collected ($23.52)


PokerStars Hand #144540968708:  Hold'em Limit ($3/$6 USD) - 2015/11/28 22:57:27 ET
Table 'Tauntonia II' 2-max Seat #2 is the button
Seat 1: kaputnikoff ($60 in chips)
Seat 2: permafrost07 ($143.04 in chips)
permafrost07: posts small blind $1
kaputnikoff: posts big blind $3
*** HOLE CARDS ***
permafrost07: folds
Uncalled bet ($2) returned to kaputnikoff
kaputnikoff collected $2 from pot
kaputnikoff: doesn't show hand
*** SUMMARY ***
Total pot $2 | Rake $0
Seat 1: kaputnikoff (big blind) collected ($2)
Seat 2: permafrost07 (button) (small blind) folded before Flop


PokerStars Hand #144540970418:  Hold'em Limit ($3/$6 USD) - 2015/11/28 22:57:33 ET
Table 'Tauntonia II' 2-max Seat #1 is the button
Seat 1: kaputnikoff ($61 in chips)
Seat 2: permafrost07 ($142.04 in chips)
kaputnikoff: posts small blind $1
permafrost07: posts big blind $3
*** HOLE CARDS ***
kaputnikoff: raises $3 to $6
permafrost07: calls $3
*** FLOP *** [2c 9c 7s]
permafrost07: bets $3
kaputnikoff: raises $3 to $6
permafrost07: raises $3 to $9
kaputnikoff: calls $3
*** TURN *** [2c 9c 7s] [2h]
permafrost07: bets $6
kaputnikoff: calls $6
*** RIVER *** [2c 9c 7s 2h] [3c]
permafrost07: bets $6
kaputnikoff: folds
Uncalled bet ($6) returned to permafrost07
permafrost07 collected $41.50 from pot
permafrost07: doesn't show hand
*** SUMMARY ***
Total pot $42 | Rake $0.50
Board [2c 9c 7s 2h 3c]
Seat 1: kaputnikoff (button) (small blind) folded on the River
Seat 2: permafrost07 (big blind) collected ($41.50)


PokerStars Hand #144540978218:  Hold'em Limit ($3/$6 USD) - 2015/11/28 22:58:00 ET
Table 'Tauntonia II' 2-max Seat #2 is the button
Seat 1: kaputnikoff ($60 in chips)
Seat 2: permafrost07 ($162.54 in chips)
permafrost07: posts small blind $1
kaputnikoff: posts big blind $3
*** HOLE CARDS ***
permafrost07: calls $2
kaputnikoff: checks
*** FLOP *** [9s Js Qc]
kaputnikoff: checks
permafrost07: bets $3
kaputnikoff: calls $3
*** TURN *** [9s Js Qc] [2h]
kaputnikoff: checks
permafrost07: checks
*** RIVER *** [9s Js Qc 2h] [Kd]
kaputnikoff: bets $6
permafrost07: raises $6 to $12
kaputnikoff: calls $6
*** SHOW DOWN ***
permafrost07: shows [Th 6s] (a straight, Nine to King)
kaputnikoff: shows [Ts 3d] (a straight, Nine to King)
kaputnikoff collected $17.75 from pot
permafrost07 collected $17.75 from pot
*** SUMMARY ***
Total pot $36 | Rake $0.50
Board [9s Js Qc 2h Kd]
Seat 1: kaputnikoff (big blind) showed [Ts 3d] and won ($17.75) with a straight, Nine to King
Seat 2: permafrost07 (button) (small blind) showed [Th 6s] and won ($17.75) with a straight, Nine to King


PokerStars Hand #144540996391:  Hold'em Limit ($3/$6 USD) - 2015/11/28 22:59:03 ET
Table 'Tauntonia II' 2-max Seat #1 is the button
Seat 1: kaputnikoff ($60 in chips)
Seat 2: permafrost07 ($194.67 in chips)
kaputnikoff: posts small blind $1
permafrost07: posts big blind $3
*** HOLE CARDS ***
kaputnikoff: calls $2
permafrost07: checks
*** FLOP *** [4c 4s Kc]
permafrost07: bets $3
kaputnikoff: calls $3
*** TURN *** [4c 4s Kc] [6c]
permafrost07: bets $6
kaputnikoff: raises $6 to $12
permafrost07: calls $6
*** RIVER *** [4c 4s Kc 6c] [5h]
permafrost07: checks
kaputnikoff: bets $6
permafrost07: folds
Uncalled bet ($6) returned to kaputnikoff
kaputnikoff collected $35.50 from pot
kaputnikoff: doesn't show hand
*** SUMMARY ***
Total pot $36 | Rake $0.50
Board [4c 4s Kc 6c 5h]
Seat 1: kaputnikoff (button) (small blind) collected ($35.50)
Seat 2: permafrost07 (big blind) folded on the River


PokerStars Hand #144540985128:  Hold'em Limit ($3/$6 USD) - 2015/11/28 22:58:24 ET
Table 'Tauntonia II' 2-max Seat #1 is the button
Seat 1: kaputnikoff ($60 in chips)
Seat 2: permafrost07 ($162.29 in chips)
kaputnikoff: posts small blind $1
permafrost07: posts big blind $3
*** HOLE CARDS ***
kaputnikoff: raises $3 to $6
permafrost07: raises $3 to $9
kaputnikoff: calls $3
*** FLOP *** [4c 3d 9s]
permafrost07: bets $3
kaputnikoff: calls $3
*** TURN *** [4c 3d 9s] [9c]
permafrost07: checks
kaputnikoff: bets $6
permafrost07: raises $6 to $12
kaputnikoff: calls $6
*** RIVER *** [4c 3d 9s 9c] [Jh]
permafrost07: bets $6
kaputnikoff: calls $6
*** SHOW DOWN ***
permafrost07: shows [Td 9d] (three of a kind, Nines)
kaputnikoff: mucks hand
permafrost07 collected $59.50 from pot
*** SUMMARY ***
Total pot $60 | Rake $0.50
Board [4c 3d 9s 9c Jh]
Seat 1: kaputnikoff (button) (small blind) mucked
Seat 2: permafrost07 (big blind) showed [Td 9d] and won ($59.50) with three of a kind, Nines


PokerStars Hand #144540992023:  Hold'em Limit ($3/$6 USD) - 2015/11/28 22:58:48 ET
Table 'Tauntonia II' 2-max Seat #2 is the button
Seat 1: kaputnikoff ($60 in chips)
Seat 2: permafrost07 ($191.79 in chips)
permafrost07: posts small blind $1
kaputnikoff: posts big blind $3
*** HOLE CARDS ***
permafrost07: calls $2
kaputnikoff: checks
*** FLOP *** [Qh Qs As]
kaputnikoff: checks
permafrost07: bets $3
kaputnikoff: folds
Uncalled bet ($3) returned to permafrost07
permafrost07 collected $5.88 from pot
permafrost07: doesn't show hand
*** SUMMARY ***
Total pot $6 | Rake $0.12
Board [Qh Qs As]
Seat 1: kaputnikoff (big blind) folded on the Flop
Seat 2: permafrost07 (button) (small blind) collected ($5.88)


PokerStars Hand #144541004014:  Hold'em Limit ($3/$6 USD) - 2015/11/28 22:59:29 ET
Table 'Tauntonia II' 2-max Seat #2 is the button
Seat 1: kaputnikoff ($77.50 in chips)
Seat 2: permafrost07 ($176.67 in chips)
permafrost07: posts small blind $1
kaputnikoff: posts big blind $3
*** HOLE CARDS ***
permafrost07: raises $3 to $6
kaputnikoff: calls $3
*** FLOP *** [6s 9d 5c]
kaputnikoff: checks
permafrost07: checks
*** TURN *** [6s 9d 5c] [2d]
kaputnikoff: bets $6
permafrost07: calls $6
*** RIVER *** [6s 9d 5c 2d] [Th]
kaputnikoff: bets $6
permafrost07: folds
Uncalled bet ($6) returned to kaputnikoff
kaputnikoff collected $23.52 from pot
kaputnikoff: doesn't show hand
*** SUMMARY ***
Total pot $24 | Rake $0.48
Board [6s 9d 5c 2d Th]
Seat 1: kaputnikoff (big blind) collected ($23.52)
Seat 2: permafrost07 (button) (small blind) folded on the River


PokerStars Hand #144541009275:  Hold'em Limit ($3/$6 USD) - 2015/11/28 22:59:48 ET
Table 'Tauntonia II' 2-max Seat #1 is the button
Seat 1: kaputnikoff ($89.02 in chips)
Seat 2: permafrost07 ($164.67 in chips)
kaputnikoff: posts small blind $1
permafrost07: posts big blind $3
*** HOLE CARDS ***
kaputnikoff: calls $2
permafrost07: raises $3 to $6
kaputnikoff: calls $3
*** FLOP *** [7h 3c 6s]
permafrost07: bets $3
kaputnikoff: calls $3
*** TURN *** [7h 3c 6s] [Jc]
permafrost07: checks
kaputnikoff: checks
*** RIVER *** [7h 3c 6s Jc] [4d]
permafrost07: bets $6
kaputnikoff: folds
Uncalled bet ($6) returned to permafrost07
permafrost07 collected $17.64 from pot
permafrost07: doesn't show hand
*** SUMMARY ***
Total pot $18 | Rake $0.36
Board [7h 3c 6s Jc 4d]
Seat 1: kaputnikoff (button) (small blind) folded on the River
Seat 2: permafrost07 (big blind) collected ($17.64)


PokerStars Hand #144541015096:  Hold'em Limit ($3/$6 USD) - 2015/11/28 23:00:07 ET
Table 'Tauntonia II' 2-max Seat #2 is the button
Seat 1: kaputnikoff ($80.02 in chips)
Seat 2: permafrost07 ($173.31 in chips)
permafrost07: posts small blind $1
kaputnikoff: posts big blind $3
*** HOLE CARDS ***
permafrost07: raises $3 to $6
kaputnikoff: raises $3 to $9
permafrost07: raises $3 to $12
Betting is capped
kaputnikoff: calls $3
*** FLOP *** [Ac Ks 4s]
kaputnikoff: bets $3
permafrost07: calls $3
*** TURN *** [Ac Ks 4s] [Qc]
kaputnikoff: bets $6
permafrost07: folds
Uncalled bet ($6) returned to kaputnikoff
kaputnikoff collected $29.50 from pot
kaputnikoff: doesn't show hand
*** SUMMARY ***
Total pot $30 | Rake $0.50
Board [Ac Ks 4s Qc]
Seat 1: kaputnikoff (big blind) collected ($29.50)
Seat 2: permafrost07 (button) (small blind) folded on the Turn


PokerStars Hand #144541020222:  Hold'em Limit ($3/$6 USD) - 2015/11/28 23:00:24 ET
Table 'Tauntonia II' 2-max Seat #1 is the button
Seat 1: kaputnikoff ($94.52 in chips)
Seat 2: permafrost07 ($158.31 in chips)
kaputnikoff: posts small blind $1
permafrost07: posts big blind $3
*** HOLE CARDS ***
kaputnikoff: raises $3 to $6
permafrost07: raises $3 to $9
kaputnikoff: calls $3
*** FLOP *** [7c 7s 8s]
permafrost07: bets $3
kaputnikoff: calls $3
*** TURN *** [7c 7s 8s] [3d]
permafrost07: bets $6
kaputnikoff: raises $6 to $12
permafrost07: calls $6
*** RIVER *** [7c 7s 8s 3d] [Qh]
permafrost07: bets $6
kaputnikoff: raises $6 to $12
permafrost07: calls $6
*** SHOW DOWN ***
kaputnikoff: shows [5h 7h] (three of a kind, Sevens)
permafrost07: mucks hand
kaputnikoff collected $71.50 from pot
*** SUMMARY ***
Total pot $72 | Rake $0.50
Board [7c 7s 8s 3d Qh]
Seat 1: kaputnikoff (button) (small blind) showed [5h 7h] and won ($71.50) with three of a kind, Sevens
Seat 2: permafrost07 (big blind) mucked


PokerStars Hand #144541027362:  Hold'em Limit ($3/$6 USD) - 2015/11/28 23:00:49 ET
Table 'Tauntonia II' 2-max Seat #2 is the button
Seat 1: kaputnikoff ($130.02 in chips)
Seat 2: permafrost07 ($122.31 in chips)
permafrost07: posts small blind $1
kaputnikoff: posts big blind $3
*** HOLE CARDS ***
permafrost07: raises $3 to $6
kaputnikoff: calls $3
*** FLOP *** [6d 3h 9s]
kaputnikoff: checks
permafrost07: checks
*** TURN *** [6d 3h 9s] [4d]
kaputnikoff: bets $6
permafrost07: calls $6
*** RIVER *** [6d 3h 9s 4d] [4h]
kaputnikoff: bets $6
permafrost07: folds
Uncalled bet ($6) returned to kaputnikoff
kaputnikoff collected $23.52 from pot
kaputnikoff: doesn't show hand
*** SUMMARY ***
Total pot $24 | Rake $0.48
Board [6d 3h 9s 4d 4h]
Seat 1: kaputnikoff (big blind) collected ($23.52)
Seat 2: permafrost07 (button) (small blind) folded on the River


PokerStars Hand #144541035042:  Hold'em Limit ($3/$6 USD) - 2015/11/28 23:01:13 ET
Table 'Tauntonia II' 2-max Seat #2 is the button
Seat 1: kaputnikoff ($140.54 in chips)
Seat 2: permafrost07 ($111.31 in chips)
permafrost07: posts small blind $1
kaputnikoff: posts big blind $3
*** HOLE CARDS ***
permafrost07: folds
Uncalled bet ($2) returned to kaputnikoff
kaputnikoff collected $2 from pot
kaputnikoff: doesn't show hand
*** SUMMARY ***
Total pot $2 | Rake $0
Seat 1: kaputnikoff (big blind) collected ($2)
Seat 2: permafrost07 (button) (small blind) folded before Flop


PokerStars Hand #144541033002:  Hold'em Limit ($3/$6 USD) - 2015/11/28 23:01:07 ET
Table 'Tauntonia II' 2-max Seat #1 is the button
Seat 1: kaputnikoff ($141.54 in chips)
Seat 2: permafrost07 ($110.31 in chips)
kaputnikoff: posts small blind $1
permafrost07: posts big blind $3
*** HOLE CARDS ***
kaputnikoff: folds
Uncalled bet ($2) returned to permafrost07
permafrost07 collected $2 from pot
permafrost07: doesn't show hand
*** SUMMARY ***
Total pot $2 | Rake $0
Seat 1: kaputnikoff (button) (small blind) folded before Flop
Seat 2: permafrost07 (big blind) collected ($2)


PokerStars Hand #144541044276:  Hold'em Limit ($3/$6 USD) - 2015/11/28 23:01:42 ET
Table 'Tauntonia II' 2-max Seat #2 is the button
Seat 1: kaputnikoff ($165.04 in chips)
Seat 2: permafrost07 ($86.31 in chips)
permafrost07: posts small blind $1
kaputnikoff: posts big blind $3
*** HOLE CARDS ***
permafrost07: raises $3 to $6
kaputnikoff: folds
Uncalled bet ($3) returned to permafrost07
permafrost07 collected $6 from pot
permafrost07: doesn't show hand
*** SUMMARY ***
Total pot $6 | Rake $0
Seat 1: kaputnikoff (big blind) folded before Flop
Seat 2: permafrost07 (button) (small blind) collected ($6)


PokerStars Hand #144541037225:  Hold'em Limit ($3/$6 USD) - 2015/11/28 23:01:20 ET
Table 'Tauntonia II' 2-max Seat #1 is the button
Seat 1: kaputnikoff ($141.54 in chips)
Seat 2: permafrost07 ($110.31 in chips)
kaputnikoff: posts small blind $1
permafrost07: posts big blind $3
*** HOLE CARDS ***
kaputnikoff: raises $3 to $6
permafrost07: raises $3 to $9
kaputnikoff: calls $3
*** FLOP *** [Qd Td 5c]
permafrost07: bets $3
kaputnikoff: calls $3
*** TURN *** [Qd Td 5c] [2d]
permafrost07: bets $6
kaputnikoff: calls $6
*** RIVER *** [Qd Td 5c 2d] [Js]
permafrost07: bets $6
kaputnikoff: calls $6
*** SHOW DOWN ***
permafrost07: shows [7d 9s] (high card Queen)
kaputnikoff: shows [8d 8c] (a pair of Eights)
kaputnikoff collected $47.50 from pot
*** SUMMARY ***
Total pot $48 | Rake $0.50
Board [Qd Td 5c 2d Js]
Seat 1: kaputnikoff (button) (small blind) showed [8d 8c] and won ($47.50) with a pair of Eights
Seat 2: permafrost07 (big blind) showed [7d 9s] and lost with high card Queen


PokerStars Hand #144541047167:  Hold'em Limit ($3/$6 USD) - 2015/11/28 23:01:51 ET
Table 'Tauntonia II' 2-max Seat #1 is the button
Seat 1: kaputnikoff ($162.04 in chips)
Seat 2: permafrost07 ($89.31 in chips)
kaputnikoff: posts small blind $1
permafrost07: posts big blind $3
*** HOLE CARDS ***
kaputnikoff: raises $3 to $6
permafrost07: raises $3 to $9
kaputnikoff: calls $3
*** FLOP *** [Ac 2h Qs]
permafrost07: bets $3
kaputnikoff: calls $3
*** TURN *** [Ac 2h Qs] [2c]
permafrost07: checks
kaputnikoff: checks
*** RIVER *** [Ac 2h Qs 2c] [Ks]
permafrost07: checks
kaputnikoff: checks
*** SHOW DOWN ***
permafrost07: shows [Jd 9h] (a pair of Deuces)
kaputnikoff: shows [Kd 7d] (two pair, Kings and Deuces)
kaputnikoff collected $23.52 from pot
*** SUMMARY ***
Total pot $24 | Rake $0.48
Board [Ac 2h Qs 2c Ks]
Seat 1: kaputnikoff (button) (small blind) showed [Kd 7d] and won ($23.52) with two pair, Kings and Deuces
Seat 2: permafrost07 (big blind) showed [Jd 9h] and lost with a pair of Deuces


PokerStars Hand #144541054399:  Hold'em Limit ($3/$6 USD) - 2015/11/28 23:02:14 ET
Table 'Tauntonia II' 2-max Seat #2 is the button
Seat 1: kaputnikoff ($173.56 in chips)
Seat 2: permafrost07 ($77.31 in chips)
permafrost07: posts small blind $1
kaputnikoff: posts big blind $3
*** HOLE CARDS ***
permafrost07: raises $3 to $6
kaputnikoff: calls $3
*** FLOP *** [7h 8c Jc]
kaputnikoff: checks
permafrost07: bets $3
kaputnikoff: calls $3
*** TURN *** [7h 8c Jc] [6s]
kaputnikoff: checks
permafrost07: checks
*** RIVER *** [7h 8c Jc 6s] [Qh]
kaputnikoff: bets $6
permafrost07: raises $6 to $12
kaputnikoff: folds
Uncalled bet ($6) returned to permafrost07
permafrost07 collected $29.50 from pot
permafrost07: doesn't show hand
*** SUMMARY ***
Total pot $30 | Rake $0.50
Board [7h 8c Jc 6s Qh]
Seat 1: kaputnikoff (big blind) folded on the River
Seat 2: permafrost07 (button) (small blind) collected ($29.50)


PokerStars Hand #144541060985:  Hold'em Limit ($3/$6 USD) - 2015/11/28 23:02:34 ET
Table 'Tauntonia II' 2-max Seat #1 is the button
Seat 1: kaputnikoff ($158.56 in chips)
Seat 2: permafrost07 ($91.81 in chips)
kaputnikoff: posts small blind $1
permafrost07: posts big blind $3
*** HOLE CARDS ***
kaputnikoff: raises $3 to $6
permafrost07: calls $3
*** FLOP *** [Qc 6h 7h]
permafrost07: bets $3
kaputnikoff: calls $3
*** TURN *** [Qc 6h 7h] [Td]
permafrost07: bets $6
kaputnikoff: raises $6 to $12
permafrost07: calls $6
*** RIVER *** [Qc 6h 7h Td] [Qs]
permafrost07: bets $6
kaputnikoff: raises $6 to $12
permafrost07: folds
Uncalled bet ($6) returned to kaputnikoff
kaputnikoff collected $53.50 from pot
kaputnikoff: doesn't show hand
*** SUMMARY ***
Total pot $54 | Rake $0.50
Board [Qc 6h 7h Td Qs]
Seat 1: kaputnikoff (button) (small blind) collected ($53.50)
Seat 2: permafrost07 (big blind) folded on the River


PokerStars Hand #144541068436:  Hold'em Limit ($3/$6 USD) - 2015/11/28 23:02:57 ET
Table 'Tauntonia II' 2-max Seat #2 is the button
Seat 1: kaputnikoff ($185.06 in chips)
Seat 2: permafrost07 ($64.81 in chips)
permafrost07: posts small blind $1
kaputnikoff: posts big blind $3
*** HOLE CARDS ***
permafrost07: raises $3 to $6
kaputnikoff: calls $3
*** FLOP *** [9s Qh Qd]
kaputnikoff: checks
permafrost07: checks
*** TURN *** [9s Qh Qd] [Ac]
kaputnikoff: checks
permafrost07: checks
*** RIVER *** [9s Qh Qd Ac] [7s]
kaputnikoff: checks
permafrost07: bets $6
kaputnikoff: calls $6
*** SHOW DOWN ***
permafrost07: shows [7c 5d] (two pair, Queens and Sevens)
kaputnikoff: shows [4s 7d] (two pair, Queens and Sevens)
kaputnikoff collected $11.76 from pot
permafrost07 collected $11.76 from pot
*** SUMMARY ***
Total pot $24 | Rake $0.48
Board [9s Qh Qd Ac 7s]
Seat 1: kaputnikoff (big blind) showed [4s 7d] and won ($11.76) with two pair, Queens and Sevens
Seat 2: permafrost07 (button) (small blind) showed [7c 5d] and won ($11.76) with two pair, Queens and Sevens


PokerStars Hand #144541074053:  Hold'em Limit ($3/$6 USD) - 2015/11/28 23:03:15 ET
Table 'Tauntonia II' 2-max Seat #1 is the button
Seat 1: kaputnikoff ($184.82 in chips)
Seat 2: permafrost07 ($64.57 in chips)
kaputnikoff: posts small blind $1
permafrost07: posts big blind $3
*** HOLE CARDS ***
kaputnikoff: raises $3 to $6
permafrost07: raises $3 to $9
kaputnikoff: calls $3
*** FLOP *** [Tc Kd 3s]
permafrost07: bets $3
kaputnikoff: calls $3
*** TURN *** [Tc Kd 3s] [2c]
permafrost07: bets $6
kaputnikoff: calls $6
*** RIVER *** [Tc Kd 3s 2c] [Ks]
permafrost07: bets $6
kaputnikoff: calls $6
*** SHOW DOWN ***
permafrost07: shows [Ts 3h] (two pair, Kings and Tens)
kaputnikoff: mucks hand
permafrost07 collected $47.50 from pot
*** SUMMARY ***
Total pot $48 | Rake $0.50
Board [Tc Kd 3s 2c Ks]
Seat 1: kaputnikoff (button) (small blind) mucked
Seat 2: permafrost07 (big blind) showed [Ts 3h] and won ($47.50) with two pair, Kings and Tens


