PokerStars Hand #166627851337:  Hold'em Limit ($3/$6 USD) - 2017/02/22 19:04:21 ET
Table 'Tauntonia' 6-max Seat #3 is the button
Seat 3: hairy1961 ($50 in chips)
Seat 4: Actionni13 ($150 in chips)
hairy1961: posts small blind $1
Actionni13: posts big blind $3
*** HOLE CARDS ***
hairy1961: raises $3 to $6
Actionni13: calls $3
*** FLOP *** [2d 8s 6c]
Actionni13: checks
hairy1961: checks
*** TURN *** [2d 8s 6c] [2h]
Actionni13: checks
hairy1961: bets $6
Actionni13: folds
Uncalled bet ($6) returned to hairy1961
hairy1961 collected $11.76 from pot
*** SUMMARY ***
Total pot $12 | Rake $0.24
Board [2d 8s 6c 2h]
Seat 3: hairy1961 (button) (small blind) collected ($11.76)
Seat 4: Actionni13 (big blind) folded on the Turn


PokerStars Hand #166627861075:  Hold'em Limit ($3/$6 USD) - 2017/02/22 19:04:36 ET
Table 'Tauntonia' 6-max Seat #4 is the button
Seat 3: hairy1961 ($55.76 in chips)
Seat 4: Actionni13 ($150 in chips)
Actionni13: posts small blind $1
hairy1961: posts big blind $3
*** HOLE CARDS ***
Actionni13: raises $3 to $6
hairy1961: calls $3
*** FLOP *** [Ad 6d Td]
hairy1961: bets $3
Actionni13: calls $3
*** TURN *** [Ad 6d Td] [Ts]
hairy1961: checks
Actionni13: bets $6
hairy1961: folds
Uncalled bet ($6) returned to Actionni13
Actionni13 collected $17.64 from pot
Actionni13: doesn't show hand
*** SUMMARY ***
Total pot $18 | Rake $0.36
Board [Ad 6d Td Ts]
Seat 3: hairy1961 (big blind) folded on the Turn
Seat 4: Actionni13 (button) (small blind) collected ($17.64)


PokerStars Hand #166627876578:  Hold'em Limit ($3/$6 USD) - 2017/02/22 19:05:00 ET
Table 'Tauntonia' 6-max Seat #3 is the button
Seat 3: hairy1961 ($46.76 in chips)
Seat 4: Actionni13 ($158.64 in chips)
hairy1961: posts small blind $1
Actionni13: posts big blind $3
*** HOLE CARDS ***
hairy1961: folds
Uncalled bet ($2) returned to Actionni13
Actionni13 collected $2 from pot
Actionni13: doesn't show hand
*** SUMMARY ***
Total pot $2 | Rake $0
Seat 3: hairy1961 (button) (small blind) folded before Flop
Seat 4: Actionni13 (big blind) collected ($2)


PokerStars Hand #166627880228:  Hold'em Limit ($3/$6 USD) - 2017/02/22 19:05:06 ET
Table 'Tauntonia' 6-max Seat #4 is the button
Seat 3: hairy1961 ($45.76 in chips)
Seat 4: Actionni13 ($159.64 in chips)
Actionni13: posts small blind $1
hairy1961: posts big blind $3
*** HOLE CARDS ***
Actionni13: raises $3 to $6
hairy1961: raises $3 to $9
Actionni13: calls $3
*** FLOP *** [Qh Th Jc]
hairy1961: bets $3
Actionni13: folds
Uncalled bet ($3) returned to hairy1961
hairy1961 collected $17.64 from pot
*** SUMMARY ***
Total pot $18 | Rake $0.36
Board [Qh Th Jc]
Seat 3: hairy1961 (big blind) collected ($17.64)
Seat 4: Actionni13 (button) (small blind) folded on the Flop


PokerStars Hand #166627886716:  Hold'em Limit ($3/$6 USD) - 2017/02/22 19:05:15 ET
Table 'Tauntonia' 6-max Seat #3 is the button
Seat 3: hairy1961 ($54.40 in chips)
Seat 4: Actionni13 ($150.64 in chips)
hairy1961: posts small blind $1
Actionni13: posts big blind $3
*** HOLE CARDS ***
hairy1961: raises $3 to $6
Actionni13: raises $3 to $9
hairy1961: calls $3
*** FLOP *** [Ac Qc 4c]
Actionni13: bets $3
hairy1961: calls $3
*** TURN *** [Ac Qc 4c] [2s]
Actionni13: checks
hairy1961: bets $6
Actionni13: calls $6
*** RIVER *** [Ac Qc 4c 2s] [2h]
Actionni13: checks
hairy1961: checks
*** SHOW DOWN ***
Actionni13: shows [9c 9d] (two pair, Nines and Deuces)
hairy1961: shows [4d Qd] (two pair, Queens and Fours)
hairy1961 collected $35.50 from pot
*** SUMMARY ***
Total pot $36 | Rake $0.50
Board [Ac Qc 4c 2s 2h]
Seat 3: hairy1961 (button) (small blind) showed [4d Qd] and won ($35.50) with two pair, Queens and Fours
Seat 4: Actionni13 (big blind) showed [9c 9d] and lost with two pair, Nines and Deuces


PokerStars Hand #166627900421:  Hold'em Limit ($3/$6 USD) - 2017/02/22 19:05:36 ET
Table 'Tauntonia' 6-max Seat #4 is the button
Seat 3: hairy1961 ($71.90 in chips)
Seat 4: Actionni13 ($150 in chips)
Actionni13: posts small blind $1
hairy1961: posts big blind $3
*** HOLE CARDS ***
Actionni13: raises $3 to $6
hairy1961: calls $3
*** FLOP *** [4h 7d 4d]
hairy1961: checks
Actionni13: bets $3
hairy1961: calls $3
*** TURN *** [4h 7d 4d] [8s]
hairy1961: checks
Actionni13: checks
*** RIVER *** [4h 7d 4d 8s] [8c]
hairy1961: bets $6
Actionni13: calls $6
*** SHOW DOWN ***
hairy1961: shows [2s Ah] (two pair, Eights and Fours)
Actionni13: mucks hand
hairy1961 collected $29.50 from pot
*** SUMMARY ***
Total pot $30 | Rake $0.50
Board [4h 7d 4d 8s 8c]
Seat 3: hairy1961 (big blind) showed [2s Ah] and won ($29.50) with two pair, Eights and Fours
Seat 4: Actionni13 (button) (small blind) mucked


PokerStars Hand #166627931537:  Hold'em Limit ($3/$6 USD) - 2017/02/22 19:06:23 ET
Table 'Tauntonia' 6-max Seat #4 is the button
Seat 3: hairy1961 ($106.90 in chips)
Seat 4: Actionni13 ($150 in chips)
Actionni13: posts small blind $1
hairy1961: posts big blind $3
*** HOLE CARDS ***
Actionni13: raises $3 to $6
hairy1961: folds
Uncalled bet ($3) returned to Actionni13
Actionni13 collected $6 from pot
Actionni13: doesn't show hand
*** SUMMARY ***
Total pot $6 | Rake $0
Seat 3: hairy1961 (big blind) folded before Flop
Seat 4: Actionni13 (button) (small blind) collected ($6)


PokerStars Hand #166627916629:  Hold'em Limit ($3/$6 USD) - 2017/02/22 19:06:01 ET
Table 'Tauntonia' 6-max Seat #3 is the button
Seat 3: hairy1961 ($86.40 in chips)
Seat 4: Actionni13 ($150 in chips)
hairy1961: posts small blind $1
Actionni13: posts big blind $3
*** HOLE CARDS ***
hairy1961: raises $3 to $6
Actionni13: calls $3
*** FLOP *** [8d 3s Ts]
Actionni13: checks
hairy1961: bets $3
Actionni13: calls $3
*** TURN *** [8d 3s Ts] [Th]
Actionni13: checks
hairy1961: bets $6
Actionni13: calls $6
*** RIVER *** [8d 3s Ts Th] [8h]
Actionni13: checks
hairy1961: bets $6
Actionni13: calls $6
*** SHOW DOWN ***
hairy1961: shows [Tc Ah] (a full house, Tens full of Eights)
Actionni13: mucks hand
hairy1961 collected $41.50 from pot
*** SUMMARY ***
Total pot $42 | Rake $0.50
Board [8d 3s Ts Th 8h]
Seat 3: hairy1961 (button) (small blind) showed [Tc Ah] and won ($41.50) with a full house, Tens full of Eights
Seat 4: Actionni13 (big blind) mucked


PokerStars Hand #166627935914:  Hold'em Limit ($3/$6 USD) - 2017/02/22 19:06:30 ET
Table 'Tauntonia' 6-max Seat #3 is the button
Seat 3: hairy1961 ($103.90 in chips)
Seat 4: Actionni13 ($153 in chips)
hairy1961: posts small blind $1
Actionni13: posts big blind $3
*** HOLE CARDS ***
hairy1961: raises $3 to $6
Actionni13: calls $3
*** FLOP *** [2c Kd 4c]
Actionni13: checks
hairy1961: checks
*** TURN *** [2c Kd 4c] [8d]
Actionni13: checks
hairy1961: checks
*** RIVER *** [2c Kd 4c 8d] [6d]
Actionni13: bets $6
hairy1961: folds
Uncalled bet ($6) returned to Actionni13
Actionni13 collected $11.76 from pot
Actionni13: doesn't show hand
*** SUMMARY ***
Total pot $12 | Rake $0.24
Board [2c Kd 4c 8d 6d]
Seat 3: hairy1961 (button) (small blind) folded on the River
Seat 4: Actionni13 (big blind) collected ($11.76)


PokerStars Hand #166628155947:  Hold'em Limit ($3/$6 USD) - 2017/02/22 19:12:01 ET
Table 'Tauntonia' 6-max Seat #3 is the button
Seat 3: xcgxcg2005 ($116.64 in chips)
Seat 4: Actionni13 ($161.64 in chips)
xcgxcg2005: posts small blind $1
Actionni13: posts big blind $3
*** HOLE CARDS ***
xcgxcg2005: folds
Uncalled bet ($2) returned to Actionni13
Actionni13 collected $2 from pot
Actionni13: doesn't show hand
*** SUMMARY ***
Total pot $2 | Rake $0
Seat 3: xcgxcg2005 (button) (small blind) folded before Flop
Seat 4: Actionni13 (big blind) collected ($2)


PokerStars Hand #166628120725:  Hold'em Limit ($3/$6 USD) - 2017/02/22 19:11:06 ET
Table 'Tauntonia' 6-max Seat #4 is the button
Seat 3: xcgxcg2005 ($120 in chips)
Seat 4: Actionni13 ($158.76 in chips)
Actionni13: posts small blind $1
xcgxcg2005: posts big blind $3
*** HOLE CARDS ***
Actionni13: raises $3 to $6
xcgxcg2005: calls $3
*** FLOP *** [3d 5h Th]
xcgxcg2005: checks
Actionni13: bets $3
xcgxcg2005: raises $3 to $6
Actionni13: folds
Uncalled bet ($3) returned to xcgxcg2005
xcgxcg2005 collected $17.64 from pot
xcgxcg2005: doesn't show hand
*** SUMMARY ***
Total pot $18 | Rake $0.36
Board [3d 5h Th]
Seat 3: xcgxcg2005 (big blind) collected ($17.64)
Seat 4: Actionni13 (button) (small blind) folded on the Flop


PokerStars Hand #166628152338:  Hold'em Limit ($3/$6 USD) - 2017/02/22 19:11:56 ET
Table 'Tauntonia' 6-max Seat #4 is the button
Seat 3: xcgxcg2005 ($119.64 in chips)
Seat 4: Actionni13 ($158.64 in chips)
Actionni13: posts small blind $1
xcgxcg2005: posts big blind $3
*** HOLE CARDS ***
Actionni13: raises $3 to $6
xcgxcg2005: folds
Uncalled bet ($3) returned to Actionni13
Actionni13 collected $6 from pot
Actionni13: doesn't show hand
*** SUMMARY ***
Total pot $6 | Rake $0
Seat 3: xcgxcg2005 (big blind) folded before Flop
Seat 4: Actionni13 (button) (small blind) collected ($6)


PokerStars Hand #166628144330:  Hold'em Limit ($3/$6 USD) - 2017/02/22 19:11:43 ET
Table 'Tauntonia' 6-max Seat #3 is the button
Seat 3: xcgxcg2005 ($128.64 in chips)
Seat 4: Actionni13 ($150 in chips)
xcgxcg2005: posts small blind $1
Actionni13: posts big blind $3
*** HOLE CARDS ***
xcgxcg2005: raises $3 to $6
Actionni13: raises $3 to $9
xcgxcg2005: calls $3
*** FLOP *** [Kd Kc Qd]
Actionni13: bets $3
xcgxcg2005: folds
Uncalled bet ($3) returned to Actionni13
Actionni13 collected $17.64 from pot
Actionni13: doesn't show hand
*** SUMMARY ***
Total pot $18 | Rake $0.36
Board [Kd Kc Qd]
Seat 3: xcgxcg2005 (button) (small blind) folded on the Flop
Seat 4: Actionni13 (big blind) collected ($17.64)


PokerStars Hand #166628203276:  Hold'em Limit ($3/$6 USD) - 2017/02/22 19:13:16 ET
Table 'Tauntonia' 6-max Seat #4 is the button
Seat 3: xcgxcg2005 ($119.66 in chips)
Seat 4: Actionni13 ($180.50 in chips)
Actionni13: posts small blind $1
xcgxcg2005: posts big blind $3
*** HOLE CARDS ***
Actionni13: folds
Uncalled bet ($2) returned to xcgxcg2005
xcgxcg2005 collected $2 from pot
xcgxcg2005: doesn't show hand
*** SUMMARY ***
Total pot $2 | Rake $0
Seat 3: xcgxcg2005 (big blind) collected ($2)
Seat 4: Actionni13 (button) (small blind) folded before Flop


PokerStars Hand #166628200388:  Hold'em Limit ($3/$6 USD) - 2017/02/22 19:13:12 ET
Table 'Tauntonia' 6-max Seat #3 is the button
Seat 3: xcgxcg2005 ($120.66 in chips)
Seat 4: Actionni13 ($179.50 in chips)
xcgxcg2005: posts small blind $1
Actionni13: posts big blind $3
*** HOLE CARDS ***
xcgxcg2005: folds
Uncalled bet ($2) returned to Actionni13
Actionni13 collected $2 from pot
Actionni13: doesn't show hand
*** SUMMARY ***
Total pot $2 | Rake $0
Seat 3: xcgxcg2005 (button) (small blind) folded before Flop
Seat 4: Actionni13 (big blind) collected ($2)


PokerStars Hand #166628183926:  Hold'em Limit ($3/$6 USD) - 2017/02/22 19:12:46 ET
Table 'Tauntonia' 6-max Seat #4 is the button
Seat 3: xcgxcg2005 ($150.66 in chips)
Seat 4: Actionni13 ($150 in chips)
Actionni13: posts small blind $1
xcgxcg2005: posts big blind $3
*** HOLE CARDS ***
Actionni13: raises $3 to $6
xcgxcg2005: calls $3
*** FLOP *** [2c As 4s]
xcgxcg2005: checks
Actionni13: bets $3
xcgxcg2005: raises $3 to $6
Actionni13: calls $3
*** TURN *** [2c As 4s] [Ad]
xcgxcg2005: bets $6
Actionni13: raises $6 to $12
xcgxcg2005: calls $6
*** RIVER *** [2c As 4s Ad] [5d]
xcgxcg2005: checks
Actionni13: bets $6
xcgxcg2005: calls $6
*** SHOW DOWN ***
Actionni13: shows [Ac 7h] (three of a kind, Aces)
xcgxcg2005: mucks hand
Actionni13 collected $59.50 from pot
*** SUMMARY ***
Total pot $60 | Rake $0.50
Board [2c As 4s Ad 5d]
Seat 3: xcgxcg2005 (big blind) mucked
Seat 4: Actionni13 (button) (small blind) showed [Ac 7h] and won ($59.50) with three of a kind, Aces


PokerStars Hand #166628171735:  Hold'em Limit ($3/$6 USD) - 2017/02/22 19:12:26 ET
Table 'Tauntonia' 6-max Seat #3 is the button
Seat 3: xcgxcg2005 ($127.16 in chips)
Seat 4: Actionni13 ($150.64 in chips)
xcgxcg2005: posts small blind $1
Actionni13: posts big blind $3
*** HOLE CARDS ***
xcgxcg2005: raises $3 to $6
Actionni13: calls $3
*** FLOP *** [Kc 8d 6s]
Actionni13: checks
xcgxcg2005: checks
*** TURN *** [Kc 8d 6s] [Ks]
Actionni13: checks
xcgxcg2005: bets $6
Actionni13: raises $6 to $12
xcgxcg2005: calls $6
*** RIVER *** [Kc 8d 6s Ks] [6d]
Actionni13: bets $6
xcgxcg2005: calls $6
*** SHOW DOWN ***
Actionni13: shows [7d 5c] (two pair, Kings and Sixes)
xcgxcg2005: shows [Qc Jh] (two pair, Kings and Sixes - Queen kicker)
xcgxcg2005 collected $47.50 from pot
*** SUMMARY ***
Total pot $48 | Rake $0.50
Board [Kc 8d 6s Ks 6d]
Seat 3: xcgxcg2005 (button) (small blind) showed [Qc Jh] and won ($47.50) with two pair, Kings and Sixes
Seat 4: Actionni13 (big blind) showed [7d 5c] and lost with two pair, Kings and Sixes


PokerStars Hand #166628159058:  Hold'em Limit ($3/$6 USD) - 2017/02/22 19:12:06 ET
Table 'Tauntonia' 6-max Seat #4 is the button
Seat 3: xcgxcg2005 ($115.64 in chips)
Seat 4: Actionni13 ($162.64 in chips)
Actionni13: posts small blind $1
xcgxcg2005: posts big blind $3
*** HOLE CARDS ***
Actionni13: raises $3 to $6
xcgxcg2005: raises $3 to $9
Actionni13: calls $3
*** FLOP *** [6d Qs 7d]
xcgxcg2005: bets $3
Actionni13: calls $3
*** TURN *** [6d Qs 7d] [8c]
xcgxcg2005: bets $6
Actionni13: folds
Uncalled bet ($6) returned to xcgxcg2005
xcgxcg2005 collected $23.52 from pot
xcgxcg2005: doesn't show hand
*** SUMMARY ***
Total pot $24 | Rake $0.48
Board [6d Qs 7d 8c]
Seat 3: xcgxcg2005 (big blind) collected ($23.52)
Seat 4: Actionni13 (button) (small blind) folded on the Turn


PokerStars Hand #166628207964:  Hold'em Limit ($3/$6 USD) - 2017/02/22 19:13:24 ET
Table 'Tauntonia' 6-max Seat #3 is the button
Seat 3: xcgxcg2005 ($120.66 in chips)
Seat 4: Actionni13 ($179.50 in chips)
xcgxcg2005: posts small blind $1
Actionni13: posts big blind $3
*** HOLE CARDS ***
xcgxcg2005: folds
Uncalled bet ($2) returned to Actionni13
Actionni13 collected $2 from pot
Actionni13: doesn't show hand
*** SUMMARY ***
Total pot $2 | Rake $0
Seat 3: xcgxcg2005 (button) (small blind) folded before Flop
Seat 4: Actionni13 (big blind) collected ($2)


PokerStars Hand #166628221719:  Hold'em Limit ($3/$6 USD) - 2017/02/22 19:13:45 ET
Table 'Tauntonia' 6-max Seat #3 is the button
Seat 3: xcgxcg2005 ($128.30 in chips)
Seat 4: Actionni13 ($171.50 in chips)
xcgxcg2005: posts small blind $1
Actionni13: posts big blind $3
*** HOLE CARDS ***
xcgxcg2005: raises $3 to $6
Actionni13: calls $3
*** FLOP *** [Qh 5c 4d]
Actionni13: checks
xcgxcg2005: checks
*** TURN *** [Qh 5c 4d] [8d]
Actionni13: checks
xcgxcg2005: bets $6
Actionni13: calls $6
*** RIVER *** [Qh 5c 4d 8d] [8h]
Actionni13: checks
xcgxcg2005: bets $6
Actionni13: folds
Uncalled bet ($6) returned to xcgxcg2005
xcgxcg2005 collected $23.52 from pot
xcgxcg2005: doesn't show hand
*** SUMMARY ***
Total pot $24 | Rake $0.48
Board [Qh 5c 4d 8d 8h]
Seat 3: xcgxcg2005 (button) (small blind) collected ($23.52)
Seat 4: Actionni13 (big blind) folded on the River


PokerStars Hand #166628210981:  Hold'em Limit ($3/$6 USD) - 2017/02/22 19:13:28 ET
Table 'Tauntonia' 6-max Seat #4 is the button
Seat 3: xcgxcg2005 ($119.66 in chips)
Seat 4: Actionni13 ($180.50 in chips)
Actionni13: posts small blind $1
xcgxcg2005: posts big blind $3
*** HOLE CARDS ***
Actionni13: raises $3 to $6
xcgxcg2005: calls $3
*** FLOP *** [As Qh 8d]
xcgxcg2005: checks
Actionni13: bets $3
xcgxcg2005: calls $3
*** TURN *** [As Qh 8d] [Ac]
xcgxcg2005: checks
Actionni13: checks
*** RIVER *** [As Qh 8d Ac] [2c]
xcgxcg2005: bets $6
Actionni13: folds
Uncalled bet ($6) returned to xcgxcg2005
xcgxcg2005 collected $17.64 from pot
xcgxcg2005: doesn't show hand
*** SUMMARY ***
Total pot $18 | Rake $0.36
Board [As Qh 8d Ac 2c]
Seat 3: xcgxcg2005 (big blind) collected ($17.64)
Seat 4: Actionni13 (button) (small blind) folded on the River


PokerStars Hand #166628236739:  Hold'em Limit ($3/$6 USD) - 2017/02/22 19:14:09 ET
Table 'Tauntonia' 6-max Seat #4 is the button
Seat 3: xcgxcg2005 ($139.82 in chips)
Seat 4: Actionni13 ($159.50 in chips)
Actionni13: posts small blind $1
xcgxcg2005: posts big blind $3
*** HOLE CARDS ***
Actionni13: raises $3 to $6
xcgxcg2005: calls $3
*** FLOP *** [Kd Jh Ac]
xcgxcg2005: checks
Actionni13: bets $3
xcgxcg2005: calls $3
*** TURN *** [Kd Jh Ac] [Qh]
xcgxcg2005: checks
Actionni13: bets $6
xcgxcg2005: calls $6
*** RIVER *** [Kd Jh Ac Qh] [5s]
xcgxcg2005: checks
Actionni13: bets $6
xcgxcg2005: calls $6
*** SHOW DOWN ***
Actionni13: shows [As 2h] (a pair of Aces)
xcgxcg2005: mucks hand
Actionni13 collected $41.50 from pot
Fetish73 joins the table at seat #5
*** SUMMARY ***
Total pot $42 | Rake $0.50
Board [Kd Jh Ac Qh 5s]
Seat 3: xcgxcg2005 (big blind) mucked
Seat 4: Actionni13 (button) (small blind) showed [As 2h] and won ($41.50) with a pair of Aces


PokerStars Hand #166628253087:  Hold'em Limit ($3/$6 USD) - 2017/02/22 19:14:35 ET
Table 'Tauntonia' 6-max Seat #3 is the button
Seat 3: xcgxcg2005 ($118.82 in chips)
Seat 4: Actionni13 ($180 in chips)
xcgxcg2005: posts small blind $1
Actionni13: posts big blind $3
*** HOLE CARDS ***
xcgxcg2005: calls $2
Actionni13: raises $3 to $6
xcgxcg2005: raises $3 to $9
Actionni13: calls $3
*** FLOP *** [9d Jd 3c]
Actionni13: checks
xcgxcg2005: bets $3
Actionni13: calls $3
*** TURN *** [9d Jd 3c] [Ks]
Actionni13: checks
xcgxcg2005: bets $6
Actionni13: folds
Uncalled bet ($6) returned to xcgxcg2005
xcgxcg2005 collected $23.52 from pot
xcgxcg2005: doesn't show hand
*** SUMMARY ***
Total pot $24 | Rake $0.48
Board [9d Jd 3c Ks]
Seat 3: xcgxcg2005 (button) (small blind) collected ($23.52)
Seat 4: Actionni13 (big blind) folded on the Turn


PokerStars Hand #166628386722:  Hold'em Limit ($3/$6 USD) - 2017/02/22 19:18:07 ET
Table 'Tauntonia' 6-max Seat #3 is the button
Seat 3: xcgxcg2005 ($66.23 in chips)
Seat 5: Fetish73 ($153.44 in chips)
xcgxcg2005: posts small blind $1
Fetish73: posts big blind $3
*** HOLE CARDS ***
xcgxcg2005: raises $3 to $6
Fetish73: calls $3
*** FLOP *** [Ts 4d Ad]
Fetish73: checks
xcgxcg2005: bets $3
Fetish73: calls $3
*** TURN *** [Ts 4d Ad] [3c]
Fetish73: checks
xcgxcg2005: checks
*** RIVER *** [Ts 4d Ad 3c] [Jd]
Fetish73: checks
xcgxcg2005: checks
*** SHOW DOWN ***
Fetish73: shows [Tc 9d] (a pair of Tens)
xcgxcg2005: mucks hand
Fetish73 collected $17.64 from pot
*** SUMMARY ***
Total pot $18 | Rake $0.36
Board [Ts 4d Ad 3c Jd]
Seat 3: xcgxcg2005 (button) (small blind) mucked
Seat 5: Fetish73 (big blind) showed [Tc 9d] and won ($17.64) with a pair of Tens


PokerStars Hand #166628383264:  Hold'em Limit ($3/$6 USD) - 2017/02/22 19:18:02 ET
Table 'Tauntonia' 6-max Seat #5 is the button
Seat 3: xcgxcg2005 ($69.23 in chips)
Seat 5: Fetish73 ($150.44 in chips)
Fetish73: posts small blind $1
xcgxcg2005: posts big blind $3
*** HOLE CARDS ***
Fetish73: raises $3 to $6
xcgxcg2005: folds
Uncalled bet ($3) returned to Fetish73
Fetish73 collected $6 from pot
*** SUMMARY ***
Total pot $6 | Rake $0
Seat 3: xcgxcg2005 (big blind) folded before Flop
Seat 5: Fetish73 (button) (small blind) collected ($6)


PokerStars Hand #166628380373:  Hold'em Limit ($3/$6 USD) - 2017/02/22 19:17:57 ET
Table 'Tauntonia' 6-max Seat #3 is the button
Seat 3: xcgxcg2005 ($70.23 in chips)
Seat 5: Fetish73 ($149.44 in chips)
xcgxcg2005: posts small blind $1
Fetish73: posts big blind $3
*** HOLE CARDS ***
xcgxcg2005: folds
Uncalled bet ($2) returned to Fetish73
Fetish73 collected $2 from pot
*** SUMMARY ***
Total pot $2 | Rake $0
Seat 3: xcgxcg2005 (button) (small blind) folded before Flop
Seat 5: Fetish73 (big blind) collected ($2)


PokerStars Hand #166628370866:  Hold'em Limit ($3/$6 USD) - 2017/02/22 19:17:42 ET
Table 'Tauntonia' 6-max Seat #5 is the button
Seat 3: xcgxcg2005 ($82.23 in chips)
Seat 5: Fetish73 ($137.92 in chips)
Fetish73: posts small blind $1
xcgxcg2005: posts big blind $3
*** HOLE CARDS ***
Fetish73: raises $3 to $6
xcgxcg2005: raises $3 to $9
Fetish73: calls $3
*** FLOP *** [6c 7c 4d]
xcgxcg2005: bets $3
Fetish73: calls $3
*** TURN *** [6c 7c 4d] [Qc]
xcgxcg2005: checks
Fetish73: checks
*** RIVER *** [6c 7c 4d Qc] [Ts]
xcgxcg2005: checks
Fetish73: checks
*** SHOW DOWN ***
xcgxcg2005: shows [9h 3d] (high card Queen)
Fetish73: shows [3h Ks] (high card King)
Fetish73 collected $23.52 from pot
*** SUMMARY ***
Total pot $24 | Rake $0.48
Board [6c 7c 4d Qc Ts]
Seat 3: xcgxcg2005 (big blind) showed [9h 3d] and lost with high card Queen
Seat 5: Fetish73 (button) (small blind) showed [3h Ks] and won ($23.52) with high card King


PokerStars Hand #166628415561:  Hold'em Limit ($3/$6 USD) - 2017/02/22 19:18:54 ET
Table 'Tauntonia' 6-max Seat #3 is the button
Seat 3: xcgxcg2005 ($44.87 in chips)
Seat 5: Fetish73 ($173.58 in chips)
xcgxcg2005: posts small blind $1
Fetish73: posts big blind $3
*** HOLE CARDS ***
xcgxcg2005: raises $3 to $6
Fetish73: calls $3
*** FLOP *** [7s 4h 8d]
Fetish73: checks
xcgxcg2005: bets $3
Fetish73: raises $3 to $6
xcgxcg2005: calls $3
*** TURN *** [7s 4h 8d] [Ac]
Fetish73: bets $6
xcgxcg2005: raises $6 to $12
Fetish73: calls $6
*** RIVER *** [7s 4h 8d Ac] [9h]
Fetish73: checks
xcgxcg2005: bets $6
Fetish73: calls $6
*** SHOW DOWN ***
xcgxcg2005: shows [Tc Th] (a pair of Tens)
Fetish73: mucks hand
xcgxcg2005 collected $59.50 from pot
*** SUMMARY ***
Total pot $60 | Rake $0.50
Board [7s 4h 8d Ac 9h]
Seat 3: xcgxcg2005 (button) (small blind) showed [Tc Th] and won ($59.50) with a pair of Tens
Seat 5: Fetish73 (big blind) mucked


PokerStars Hand #166628406478:  Hold'em Limit ($3/$6 USD) - 2017/02/22 19:18:39 ET
Table 'Tauntonia' 6-max Seat #5 is the button
Seat 3: xcgxcg2005 ($62.87 in chips)
Seat 5: Fetish73 ($156.08 in chips)
Fetish73: posts small blind $1
xcgxcg2005: posts big blind $3
*** HOLE CARDS ***
Fetish73: raises $3 to $6
xcgxcg2005: raises $3 to $9
Fetish73: calls $3
*** FLOP *** [6c Ts Jd]
xcgxcg2005: bets $3
Fetish73: calls $3
*** TURN *** [6c Ts Jd] [Tc]
xcgxcg2005: checks
Fetish73: bets $6
xcgxcg2005: calls $6
*** RIVER *** [6c Ts Jd Tc] [2s]
xcgxcg2005: checks
Fetish73: checks
*** SHOW DOWN ***
xcgxcg2005: shows [5c Ad] (a pair of Tens)
Fetish73: shows [Ac 9c] (a pair of Tens - Ace+Jack+Nine kicker)
Fetish73 collected $35.50 from pot
*** SUMMARY ***
Total pot $36 | Rake $0.50
Board [6c Ts Jd Tc 2s]
Seat 3: xcgxcg2005 (big blind) showed [5c Ad] and lost with a pair of Tens
Seat 5: Fetish73 (button) (small blind) showed [Ac 9c] and won ($35.50) with a pair of Tens


PokerStars Hand #166628395548:  Hold'em Limit ($3/$6 USD) - 2017/02/22 19:18:21 ET
Table 'Tauntonia' 6-max Seat #5 is the button
Seat 3: xcgxcg2005 ($57.23 in chips)
Seat 5: Fetish73 ($162.08 in chips)
Fetish73: posts small blind $1
xcgxcg2005: posts big blind $3
*** HOLE CARDS ***
Fetish73: raises $3 to $6
xcgxcg2005: folds
Uncalled bet ($3) returned to Fetish73
Fetish73 collected $6 from pot
*** SUMMARY ***
Total pot $6 | Rake $0
Seat 3: xcgxcg2005 (big blind) folded before Flop
Seat 5: Fetish73 (button) (small blind) collected ($6)


PokerStars Hand #166628427547:  Hold'em Limit ($3/$6 USD) - 2017/02/22 19:19:13 ET
Table 'Tauntonia' 6-max Seat #5 is the button
Seat 3: xcgxcg2005 ($74.37 in chips)
Seat 5: Fetish73 ($143.58 in chips)
Fetish73: posts small blind $1
xcgxcg2005: posts big blind $3
*** HOLE CARDS ***
Fetish73: raises $3 to $6
xcgxcg2005: folds
Uncalled bet ($3) returned to Fetish73
Fetish73 collected $6 from pot
*** SUMMARY ***
Total pot $6 | Rake $0
Seat 3: xcgxcg2005 (big blind) folded before Flop
Seat 5: Fetish73 (button) (small blind) collected ($6)


PokerStars Hand #166628457759:  Hold'em Limit ($3/$6 USD) - 2017/02/22 19:20:02 ET
Table 'Tauntonia' 6-max Seat #5 is the button
Seat 3: xcgxcg2005 ($31.37 in chips)
Seat 5: Fetish73 ($186.08 in chips)
Fetish73: posts small blind $1
xcgxcg2005: posts big blind $3
*** HOLE CARDS ***
Fetish73: raises $3 to $6
xcgxcg2005: calls $3
*** FLOP *** [2h 7d Ac]
xcgxcg2005: checks
Fetish73: bets $3
xcgxcg2005: folds
Uncalled bet ($3) returned to Fetish73
Fetish73 collected $11.76 from pot
*** SUMMARY ***
Total pot $12 | Rake $0.24
Board [2h 7d Ac]
Seat 3: xcgxcg2005 (big blind) folded on the Flop
Seat 5: Fetish73 (button) (small blind) collected ($11.76)


PokerStars Hand #166628444509:  Hold'em Limit ($3/$6 USD) - 2017/02/22 19:19:40 ET
Table 'Tauntonia' 6-max Seat #3 is the button
Seat 3: xcgxcg2005 ($67.37 in chips)
Seat 5: Fetish73 ($150.58 in chips)
xcgxcg2005: posts small blind $1
Fetish73: posts big blind $3
*** HOLE CARDS ***
xcgxcg2005: raises $3 to $6
Fetish73: calls $3
*** FLOP *** [4d 6h 6d]
Fetish73: checks
xcgxcg2005: bets $3
Fetish73: raises $3 to $6
xcgxcg2005: calls $3
*** TURN *** [4d 6h 6d] [9s]
Fetish73: bets $6
xcgxcg2005: raises $6 to $12
Fetish73: raises $6 to $18
xcgxcg2005: calls $6
*** RIVER *** [4d 6h 6d 9s] [Qd]
Fetish73: bets $6
xcgxcg2005: calls $6
*** SHOW DOWN ***
Fetish73: shows [6s Qh] (a full house, Sixes full of Queens)
xcgxcg2005: mucks hand
Fetish73 collected $71.50 from pot
*** SUMMARY ***
Total pot $72 | Rake $0.50
Board [4d 6h 6d 9s Qd]
Seat 3: xcgxcg2005 (button) (small blind) mucked
Seat 5: Fetish73 (big blind) showed [6s Qh] and won ($71.50) with a full house, Sixes full of Queens


PokerStars Hand #166628441879:  Hold'em Limit ($3/$6 USD) - 2017/02/22 19:19:36 ET
Table 'Tauntonia' 6-max Seat #5 is the button
Seat 3: xcgxcg2005 ($66.37 in chips)
Seat 5: Fetish73 ($151.58 in chips)
Fetish73: posts small blind $1
xcgxcg2005: posts big blind $3
*** HOLE CARDS ***
Fetish73: folds
Uncalled bet ($2) returned to xcgxcg2005
xcgxcg2005 collected $2 from pot
xcgxcg2005: doesn't show hand
*** SUMMARY ***
Total pot $2 | Rake $0
Seat 3: xcgxcg2005 (big blind) collected ($2)
Seat 5: Fetish73 (button) (small blind) folded before Flop


PokerStars Hand #166628438865:  Hold'em Limit ($3/$6 USD) - 2017/02/22 19:19:31 ET
Table 'Tauntonia' 6-max Seat #3 is the button
Seat 3: xcgxcg2005 ($67.37 in chips)
Seat 5: Fetish73 ($150.58 in chips)
xcgxcg2005: posts small blind $1
Fetish73: posts big blind $3
*** HOLE CARDS ***
xcgxcg2005: folds
Uncalled bet ($2) returned to Fetish73
Fetish73 collected $2 from pot
*** SUMMARY ***
Total pot $2 | Rake $0
Seat 3: xcgxcg2005 (button) (small blind) folded before Flop
Seat 5: Fetish73 (big blind) collected ($2)


PokerStars Hand #166628435490:  Hold'em Limit ($3/$6 USD) - 2017/02/22 19:19:26 ET
Table 'Tauntonia' 6-max Seat #5 is the button
Seat 3: xcgxcg2005 ($70.37 in chips)
Seat 5: Fetish73 ($147.58 in chips)
Fetish73: posts small blind $1
xcgxcg2005: posts big blind $3
*** HOLE CARDS ***
Fetish73: raises $3 to $6
xcgxcg2005: folds
Uncalled bet ($3) returned to Fetish73
Fetish73 collected $6 from pot
*** SUMMARY ***
Total pot $6 | Rake $0
Seat 3: xcgxcg2005 (big blind) folded before Flop
Seat 5: Fetish73 (button) (small blind) collected ($6)


PokerStars Hand #166628432612:  Hold'em Limit ($3/$6 USD) - 2017/02/22 19:19:21 ET
Table 'Tauntonia' 6-max Seat #3 is the button
Seat 3: xcgxcg2005 ($71.37 in chips)
Seat 5: Fetish73 ($146.58 in chips)
xcgxcg2005: posts small blind $1
Fetish73: posts big blind $3
*** HOLE CARDS ***
xcgxcg2005: folds
Uncalled bet ($2) returned to Fetish73
Fetish73 collected $2 from pot
*** SUMMARY ***
Total pot $2 | Rake $0
Seat 3: xcgxcg2005 (button) (small blind) folded before Flop
Seat 5: Fetish73 (big blind) collected ($2)


PokerStars Hand #166628464001:  Hold'em Limit ($3/$6 USD) - 2017/02/22 19:20:12 ET
Table 'Tauntonia' 6-max Seat #3 is the button
Seat 3: xcgxcg2005 ($25.37 in chips)
Seat 5: Fetish73 ($191.84 in chips)
xcgxcg2005: posts small blind $1
Fetish73: posts big blind $3
*** HOLE CARDS ***
xcgxcg2005: raises $3 to $6
Fetish73: raises $3 to $9
xcgxcg2005: raises $3 to $12
Betting is capped
Fetish73: calls $3
*** FLOP *** [Kh 7h 6h]
Fetish73: bets $3
xcgxcg2005: folds
Uncalled bet ($3) returned to Fetish73
Fetish73 collected $23.52 from pot
*** SUMMARY ***
Total pot $24 | Rake $0.48
Board [Kh 7h 6h]
Seat 3: xcgxcg2005 (button) (small blind) folded on the Flop
Seat 5: Fetish73 (big blind) collected ($23.52)


PokerStars Hand #166628470604:  Hold'em Limit ($3/$6 USD) - 2017/02/22 19:20:22 ET
Table 'Tauntonia' 6-max Seat #5 is the button
Seat 3: xcgxcg2005 ($13.37 in chips)
Seat 5: Fetish73 ($203.36 in chips)
Fetish73: posts small blind $1
xcgxcg2005: posts big blind $3
*** HOLE CARDS ***
Fetish73: raises $3 to $6
xcgxcg2005: raises $3 to $9
Fetish73: raises $3 to $12
Betting is capped
xcgxcg2005: calls $3
*** FLOP *** [2d Ac Qh]
xcgxcg2005: bets $1.37 and is all-in
Fetish73: calls $1.37
*** TURN *** [2d Ac Qh] [Js]
*** RIVER *** [2d Ac Qh Js] [Ts]
*** SHOW DOWN ***
xcgxcg2005: shows [3d 2h] (a pair of Deuces)
Fetish73: shows [Kd 8h] (a straight, Ten to Ace)
Fetish73 collected $26.24 from pot
*** SUMMARY ***
Total pot $26.74 | Rake $0.50
Board [2d Ac Qh Js Ts]
Seat 3: xcgxcg2005 (big blind) showed [3d 2h] and lost with a pair of Deuces
Seat 5: Fetish73 (button) (small blind) showed [Kd 8h] and won ($26.24) with a straight, Ten to Ace


PokerStars Hand #166628704867:  Hold'em Limit ($3/$6 USD) - 2017/02/22 19:26:41 ET
Table 'Tauntonia' 6-max Seat #4 is the button
Seat 1: andrey0709 ($119.06 in chips)
Seat 4: Actionni13 ($227.89 in chips)
Actionni13: posts small blind $1
andrey0709: posts big blind $3
*** HOLE CARDS ***
Actionni13: raises $3 to $6
andrey0709: raises $3 to $9
Actionni13: calls $3
*** FLOP *** [7d Qd 8d]
andrey0709: bets $3
Actionni13: calls $3
*** TURN *** [7d Qd 8d] [9h]
andrey0709: bets $6
Actionni13: raises $6 to $12
andrey0709: folds
Uncalled bet ($6) returned to Actionni13
Actionni13 collected $35.50 from pot
Actionni13: doesn't show hand
*** SUMMARY ***
Total pot $36 | Rake $0.50
Board [7d Qd 8d 9h]
Seat 1: andrey0709 (big blind) folded on the Turn
Seat 4: Actionni13 (button) (small blind) collected ($35.50)


PokerStars Hand #166628746264:  Hold'em Limit ($3/$6 USD) - 2017/02/22 19:27:49 ET
Table 'Tauntonia' 6-max Seat #4 is the button
Seat 1: andrey0709 ($95.06 in chips)
Seat 4: Actionni13 ($251.15 in chips)
Actionni13: posts small blind $1
andrey0709: posts big blind $3
*** HOLE CARDS ***
Actionni13: folds
Uncalled bet ($2) returned to andrey0709
andrey0709 collected $2 from pot
*** SUMMARY ***
Total pot $2 | Rake $0
Seat 1: andrey0709 (big blind) collected ($2)
Seat 4: Actionni13 (button) (small blind) folded before Flop


PokerStars Hand #166628722720:  Hold'em Limit ($3/$6 USD) - 2017/02/22 19:27:10 ET
Table 'Tauntonia' 6-max Seat #1 is the button
Seat 1: andrey0709 ($101.06 in chips)
Seat 4: Actionni13 ($245.39 in chips)
andrey0709: posts small blind $1
Actionni13: posts big blind $3
*** HOLE CARDS ***
andrey0709: calls $2
Actionni13: checks
*** FLOP *** [4c Ts 2h]
Actionni13: checks
andrey0709: bets $3
Actionni13: calls $3
*** TURN *** [4c Ts 2h] [Jh]
Actionni13: checks
andrey0709: checks
*** RIVER *** [4c Ts 2h Jh] [5s]
Actionni13: checks
andrey0709: checks
*** SHOW DOWN ***
Actionni13: shows [Qh 2c] (a pair of Deuces)
andrey0709: mucks hand
Actionni13 collected $11.76 from pot
*** SUMMARY ***
Total pot $12 | Rake $0.24
Board [4c Ts 2h Jh 5s]
Seat 1: andrey0709 (button) (small blind) mucked
Seat 4: Actionni13 (big blind) showed [Qh 2c] and won ($11.76) with a pair of Deuces


PokerStars Hand #166628749698:  Hold'em Limit ($3/$6 USD) - 2017/02/22 19:27:55 ET
Table 'Tauntonia' 6-max Seat #1 is the button
Seat 1: andrey0709 ($96.06 in chips)
Seat 4: Actionni13 ($250.15 in chips)
andrey0709: posts small blind $1
Actionni13: posts big blind $3
*** HOLE CARDS ***
andrey0709: folds
Uncalled bet ($2) returned to Actionni13
Actionni13 collected $2 from pot
Actionni13: doesn't show hand
*** SUMMARY ***
Total pot $2 | Rake $0
Seat 1: andrey0709 (button) (small blind) folded before Flop
Seat 4: Actionni13 (big blind) collected ($2)


PokerStars Hand #166628752464:  Hold'em Limit ($3/$6 USD) - 2017/02/22 19:27:59 ET
Table 'Tauntonia' 6-max Seat #4 is the button
Seat 1: andrey0709 ($95.06 in chips)
Seat 4: Actionni13 ($251.15 in chips)
Actionni13: posts small blind $1
andrey0709: posts big blind $3
*** HOLE CARDS ***
Actionni13: raises $3 to $6
andrey0709: calls $3
*** FLOP *** [Jh 3s Kd]
andrey0709: checks
Actionni13: bets $3
andrey0709: calls $3
*** TURN *** [Jh 3s Kd] [8s]
andrey0709: checks
Actionni13: checks
*** RIVER *** [Jh 3s Kd 8s] [Qh]
andrey0709: bets $6
Actionni13: folds
Uncalled bet ($6) returned to andrey0709
andrey0709 collected $17.64 from pot
andrey0709: doesn't show hand
*** SUMMARY ***
Total pot $18 | Rake $0.36
Board [Jh 3s Kd 8s Qh]
Seat 1: andrey0709 (big blind) collected ($17.64)
Seat 4: Actionni13 (button) (small blind) folded on the River


PokerStars Hand #166628788801:  Hold'em Limit ($3/$6 USD) - 2017/02/22 19:28:59 ET
Table 'Tauntonia' 6-max Seat #1 is the button
Seat 1: andrey0709 ($109.34 in chips)
Seat 4: Actionni13 ($236.15 in chips)
andrey0709: posts small blind $1
Actionni13: posts big blind $3
*** HOLE CARDS ***
andrey0709: calls $2
Actionni13: raises $3 to $6
andrey0709: calls $3
*** FLOP *** [7d 4h 2c]
Actionni13: checks
andrey0709: checks
*** TURN *** [7d 4h 2c] [9c]
Actionni13: checks
andrey0709: bets $6
Actionni13: folds
Uncalled bet ($6) returned to andrey0709
andrey0709 collected $11.76 from pot
andrey0709: doesn't show hand
*** SUMMARY ***
Total pot $12 | Rake $0.24
Board [7d 4h 2c 9c]
Seat 1: andrey0709 (button) (small blind) collected ($11.76)
Seat 4: Actionni13 (big blind) folded on the Turn


PokerStars Hand #166628775971:  Hold'em Limit ($3/$6 USD) - 2017/02/22 19:28:38 ET
Table 'Tauntonia' 6-max Seat #4 is the button
Seat 1: andrey0709 ($112.34 in chips)
Seat 4: Actionni13 ($233.15 in chips)
Actionni13: posts small blind $1
andrey0709: posts big blind $3
*** HOLE CARDS ***
Actionni13: folds
Uncalled bet ($2) returned to andrey0709
andrey0709 collected $2 from pot
andrey0709: doesn't show hand
*** SUMMARY ***
Total pot $2 | Rake $0
Seat 1: andrey0709 (big blind) collected ($2)
Seat 4: Actionni13 (button) (small blind) folded before Flop


PokerStars Hand #166628763452:  Hold'em Limit ($3/$6 USD) - 2017/02/22 19:28:17 ET
Table 'Tauntonia' 6-max Seat #1 is the button
Seat 1: andrey0709 ($103.70 in chips)
Seat 4: Actionni13 ($242.15 in chips)
andrey0709: posts small blind $1
Actionni13: posts big blind $3
*** HOLE CARDS ***
andrey0709: calls $2
Actionni13: raises $3 to $6
andrey0709: calls $3
*** FLOP *** [9c 9s Jh]
Actionni13: bets $3
andrey0709: calls $3
*** TURN *** [9c 9s Jh] [Ks]
Actionni13: checks
andrey0709: checks
*** RIVER *** [9c 9s Jh Ks] [4c]
Actionni13: checks
andrey0709: bets $6
Actionni13: folds
Uncalled bet ($6) returned to andrey0709
andrey0709 collected $17.64 from pot
andrey0709: doesn't show hand
*** SUMMARY ***
Total pot $18 | Rake $0.36
Board [9c 9s Jh Ks 4c]
Seat 1: andrey0709 (button) (small blind) collected ($17.64)
Seat 4: Actionni13 (big blind) folded on the River


PokerStars Hand #166628780246:  Hold'em Limit ($3/$6 USD) - 2017/02/22 19:28:45 ET
Table 'Tauntonia' 6-max Seat #1 is the button
Seat 1: andrey0709 ($113.34 in chips)
Seat 4: Actionni13 ($232.15 in chips)
andrey0709: posts small blind $1
Actionni13: posts big blind $3
*** HOLE CARDS ***
andrey0709: folds
Uncalled bet ($2) returned to Actionni13
Actionni13 collected $2 from pot
Actionni13: doesn't show hand
*** SUMMARY ***
Total pot $2 | Rake $0
Seat 1: andrey0709 (button) (small blind) folded before Flop
Seat 4: Actionni13 (big blind) collected ($2)


PokerStars Hand #166628782639:  Hold'em Limit ($3/$6 USD) - 2017/02/22 19:28:49 ET
Table 'Tauntonia' 6-max Seat #4 is the button
Seat 1: andrey0709 ($112.34 in chips)
Seat 4: Actionni13 ($233.15 in chips)
Actionni13: posts small blind $1
andrey0709: posts big blind $3
*** HOLE CARDS ***
Actionni13: raises $3 to $6
andrey0709: folds
Uncalled bet ($3) returned to Actionni13
Actionni13 collected $6 from pot
Actionni13: doesn't show hand
*** SUMMARY ***
Total pot $6 | Rake $0
Seat 1: andrey0709 (big blind) folded before Flop
Seat 4: Actionni13 (button) (small blind) collected ($6)


PokerStars Hand #166628820448:  Hold'em Limit ($3/$6 USD) - 2017/02/22 19:29:52 ET
Table 'Tauntonia' 6-max Seat #4 is the button
Seat 1: andrey0709 ($122.74 in chips)
Seat 4: Actionni13 ($222.15 in chips)
Actionni13: posts small blind $1
andrey0709: posts big blind $3
*** HOLE CARDS ***
Actionni13: raises $3 to $6
andrey0709: calls $3
*** FLOP *** [Kd 5c Jd]
andrey0709: checks
Actionni13: bets $3
andrey0709: calls $3
*** TURN *** [Kd 5c Jd] [Th]
andrey0709: checks
Actionni13: checks
*** RIVER *** [Kd 5c Jd Th] [Kc]
andrey0709: checks
GAMBIT XMAN joins the table at seat #5
Actionni13: checks
*** SHOW DOWN ***
andrey0709: shows [5s Qs] (two pair, Kings and Fives)
Actionni13: mucks hand
andrey0709 collected $17.64 from pot
*** SUMMARY ***
Total pot $18 | Rake $0.36
Board [Kd 5c Jd Th Kc]
Seat 1: andrey0709 (big blind) showed [5s Qs] and won ($17.64) with two pair, Kings and Fives
Seat 4: Actionni13 (button) (small blind) mucked


PokerStars Hand #166628835068:  Hold'em Limit ($3/$6 USD) - 2017/02/22 19:30:16 ET
Table 'Tauntonia' 6-max Seat #1 is the button
Seat 1: andrey0709 ($131.38 in chips)
Seat 4: Actionni13 ($213.15 in chips)
andrey0709: posts small blind $1
Actionni13: posts big blind $3
*** HOLE CARDS ***
andrey0709: folds
Uncalled bet ($2) returned to Actionni13
Actionni13 collected $2 from pot
Actionni13: doesn't show hand
*** SUMMARY ***
Total pot $2 | Rake $0
Seat 1: andrey0709 (button) (small blind) folded before Flop
Seat 4: Actionni13 (big blind) collected ($2)


PokerStars Hand #166628817956:  Hold'em Limit ($3/$6 USD) - 2017/02/22 19:29:48 ET
Table 'Tauntonia' 6-max Seat #1 is the button
Seat 1: andrey0709 ($123.74 in chips)
Seat 4: Actionni13 ($221.15 in chips)
andrey0709: posts small blind $1
Actionni13: posts big blind $3
*** HOLE CARDS ***
andrey0709: folds
Uncalled bet ($2) returned to Actionni13
Actionni13 collected $2 from pot
Actionni13: doesn't show hand
*** SUMMARY ***
Total pot $2 | Rake $0
Seat 1: andrey0709 (button) (small blind) folded before Flop
Seat 4: Actionni13 (big blind) collected ($2)


PokerStars Hand #166628804216:  Hold'em Limit ($3/$6 USD) - 2017/02/22 19:29:25 ET
Table 'Tauntonia' 6-max Seat #4 is the button
Seat 1: andrey0709 ($115.10 in chips)
Seat 4: Actionni13 ($230.15 in chips)
Actionni13: posts small blind $1
andrey0709: posts big blind $3
*** HOLE CARDS ***
Actionni13: raises $3 to $6
andrey0709: calls $3
*** FLOP *** [3s Ac 5h]
andrey0709: checks
Actionni13: bets $3
andrey0709: calls $3
*** TURN *** [3s Ac 5h] [4h]
andrey0709: checks
Actionni13: checks
*** RIVER *** [3s Ac 5h 4h] [9d]
andrey0709: bets $6
Actionni13: folds
Uncalled bet ($6) returned to andrey0709
andrey0709 collected $17.64 from pot
andrey0709: doesn't show hand
*** SUMMARY ***
Total pot $18 | Rake $0.36
Board [3s Ac 5h 4h 9d]
Seat 1: andrey0709 (big blind) collected ($17.64)
Seat 4: Actionni13 (button) (small blind) folded on the River


PokerStars Hand #166629007417:  Hold'em Limit ($3/$6 USD) - 2017/02/22 19:35:04 ET
Table 'Tauntonia' 6-max Seat #4 is the button
Seat 1: andrey0709 ($95.12 in chips)
Seat 4: Actionni13 ($161.71 in chips)
Actionni13: posts small blind $1
GAMBIT XMAN: is sitting out
andrey0709: posts big blind $3
*** HOLE CARDS ***
GAMBIT XMAN leaves the table
Actionni13: raises $3 to $6
andrey0709: folds
Uncalled bet ($3) returned to Actionni13
Actionni13 collected $6 from pot
Actionni13: doesn't show hand
*** SUMMARY ***
Total pot $6 | Rake $0
Seat 1: andrey0709 (big blind) folded before Flop
Seat 4: Actionni13 (button) (small blind) collected ($6)


PokerStars Hand #166629028696:  Hold'em Limit ($3/$6 USD) - 2017/02/22 19:35:40 ET
Table 'Tauntonia' 6-max Seat #4 is the button
Seat 1: andrey0709 ($100.76 in chips)
Seat 4: Actionni13 ($155.71 in chips)
Actionni13: posts small blind $1
andrey0709: posts big blind $3
*** HOLE CARDS ***
Actionni13: folds
Uncalled bet ($2) returned to andrey0709
andrey0709 collected $2 from pot
andrey0709: doesn't show hand
*** SUMMARY ***
Total pot $2 | Rake $0
Seat 1: andrey0709 (big blind) collected ($2)
Seat 4: Actionni13 (button) (small blind) folded before Flop


PokerStars Hand #166629011027:  Hold'em Limit ($3/$6 USD) - 2017/02/22 19:35:10 ET
Table 'Tauntonia' 6-max Seat #1 is the button
Seat 1: andrey0709 ($92.12 in chips)
Seat 4: Actionni13 ($164.71 in chips)
andrey0709: posts small blind $1
Actionni13: posts big blind $3
*** HOLE CARDS ***
andrey0709: calls $2
Actionni13: checks
*** FLOP *** [2s 7c 6c]
Actionni13: checks
andrey0709: checks
*** TURN *** [2s 7c 6c] [Ac]
Actionni13: checks
andrey0709: checks
*** RIVER *** [2s 7c 6c Ac] [3s]
Actionni13: checks
andrey0709: bets $6
Actionni13: calls $6
*** SHOW DOWN ***
andrey0709: shows [4c Jc] (a flush, Ace high)
Actionni13: mucks hand
andrey0709 collected $17.64 from pot
*** SUMMARY ***
Total pot $18 | Rake $0.36
Board [2s 7c 6c Ac 3s]
Seat 1: andrey0709 (button) (small blind) showed [4c Jc] and won ($17.64) with a flush, Ace high
Seat 4: Actionni13 (big blind) mucked


PokerStars Hand #166629034197:  Hold'em Limit ($3/$6 USD) - 2017/02/22 19:35:49 ET
Table 'Tauntonia' 6-max Seat #4 is the button
Seat 1: andrey0709 ($100.76 in chips)
Seat 4: Actionni13 ($155.71 in chips)
Actionni13: posts small blind $1
andrey0709: posts big blind $3
*** HOLE CARDS ***
Actionni13: raises $3 to $6
andrey0709: calls $3
*** FLOP *** [2c 2d 4s]
andrey0709: checks
Actionni13: bets $3
andrey0709: folds
Uncalled bet ($3) returned to Actionni13
Actionni13 collected $11.76 from pot
Actionni13: doesn't show hand
*** SUMMARY ***
Total pot $12 | Rake $0.24
Board [2c 2d 4s]
Seat 1: andrey0709 (big blind) folded on the Flop
Seat 4: Actionni13 (button) (small blind) collected ($11.76)


PokerStars Hand #166629031730:  Hold'em Limit ($3/$6 USD) - 2017/02/22 19:35:45 ET
Table 'Tauntonia' 6-max Seat #1 is the button
Seat 1: andrey0709 ($101.76 in chips)
Seat 4: Actionni13 ($154.71 in chips)
andrey0709: posts small blind $1
Actionni13: posts big blind $3
*** HOLE CARDS ***
andrey0709: folds
Uncalled bet ($2) returned to Actionni13
Actionni13 collected $2 from pot
Actionni13: doesn't show hand
*** SUMMARY ***
Total pot $2 | Rake $0
Seat 1: andrey0709 (button) (small blind) folded before Flop
Seat 4: Actionni13 (big blind) collected ($2)


PokerStars Hand #166629039437:  Hold'em Limit ($3/$6 USD) - 2017/02/22 19:35:58 ET
Table 'Tauntonia' 6-max Seat #1 is the button
Seat 1: andrey0709 ($94.76 in chips)
Seat 4: Actionni13 ($161.47 in chips)
andrey0709: posts small blind $1
Actionni13: posts big blind $3
*** HOLE CARDS ***
andrey0709: raises $3 to $6
Actionni13: calls $3
*** FLOP *** [4h Qd 2d]
Actionni13: checks
andrey0709: checks
*** TURN *** [4h Qd 2d] [Ts]
Actionni13: bets $6
andrey0709: calls $6
*** RIVER *** [4h Qd 2d Ts] [Ks]
Actionni13: bets $6
andrey0709: raises $6 to $12
Actionni13: folds
Uncalled bet ($6) returned to andrey0709
andrey0709 collected $35.50 from pot
*** SUMMARY ***
Total pot $36 | Rake $0.50
Board [4h Qd 2d Ts Ks]
Seat 1: andrey0709 (button) (small blind) collected ($35.50)
Seat 4: Actionni13 (big blind) folded on the River


PokerStars Hand #166629063935:  Hold'em Limit ($3/$6 USD) - 2017/02/22 19:36:40 ET
Table 'Tauntonia' 6-max Seat #4 is the button
Seat 1: andrey0709 ($112.26 in chips)
Seat 4: Actionni13 ($150 in chips)
Actionni13: posts small blind $1
andrey0709: posts big blind $3
*** HOLE CARDS ***
Actionni13: raises $3 to $6
andrey0709: calls $3
*** FLOP *** [3d 3s 4d]
andrey0709: checks
Actionni13: bets $3
andrey0709: calls $3
*** TURN *** [3d 3s 4d] [Tc]
andrey0709: checks
Actionni13: checks
*** RIVER *** [3d 3s 4d Tc] [Th]
andrey0709: checks
Actionni13: checks
*** SHOW DOWN ***
andrey0709: shows [9c Ah] (two pair, Tens and Threes)
Actionni13: mucks hand
andrey0709 collected $17.64 from pot
*** SUMMARY ***
Total pot $18 | Rake $0.36
Board [3d 3s 4d Tc Th]
Seat 1: andrey0709 (big blind) showed [9c Ah] and won ($17.64) with two pair, Tens and Threes
Seat 4: Actionni13 (button) (small blind) mucked


PokerStars Hand #166629079510:  Hold'em Limit ($3/$6 USD) - 2017/02/22 19:37:06 ET
Table 'Tauntonia' 6-max Seat #1 is the button
Seat 1: andrey0709 ($120.90 in chips)
Seat 4: Actionni13 ($150 in chips)
andrey0709: posts small blind $1
Actionni13: posts big blind $3
*** HOLE CARDS ***
andrey0709: folds
Uncalled bet ($2) returned to Actionni13
Actionni13 collected $2 from pot
Actionni13: doesn't show hand
*** SUMMARY ***
Total pot $2 | Rake $0
Seat 1: andrey0709 (button) (small blind) folded before Flop
Seat 4: Actionni13 (big blind) collected ($2)


PokerStars Hand #166629082439:  Hold'em Limit ($3/$6 USD) - 2017/02/22 19:37:11 ET
Table 'Tauntonia' 6-max Seat #4 is the button
Seat 1: andrey0709 ($119.90 in chips)
Seat 4: Actionni13 ($151 in chips)
Actionni13: posts small blind $1
andrey0709: posts big blind $3
*** HOLE CARDS ***
Actionni13: raises $3 to $6
andrey0709: calls $3
*** FLOP *** [2h 2d Kd]
andrey0709: checks
Actionni13: bets $3
andrey0709: calls $3
*** TURN *** [2h 2d Kd] [Th]
andrey0709: checks
Actionni13: checks
*** RIVER *** [2h 2d Kd Th] [6s]
andrey0709: checks
Actionni13: checks
*** SHOW DOWN ***
andrey0709: shows [Ah 4h] (a pair of Deuces)
Actionni13: mucks hand
andrey0709 collected $17.64 from pot
*** SUMMARY ***
Total pot $18 | Rake $0.36
Board [2h 2d Kd Th 6s]
Seat 1: andrey0709 (big blind) showed [Ah 4h] and won ($17.64) with a pair of Deuces
Seat 4: Actionni13 (button) (small blind) mucked


PokerStars Hand #166629102251:  Hold'em Limit ($3/$6 USD) - 2017/02/22 19:37:45 ET
Table 'Tauntonia' 6-max Seat #1 is the button
Seat 1: andrey0709 ($128.54 in chips)
Seat 4: Actionni13 ($150 in chips)
andrey0709: posts small blind $1
Actionni13: posts big blind $3
*** HOLE CARDS ***
andrey0709: folds
Uncalled bet ($2) returned to Actionni13
Actionni13 collected $2 from pot
Actionni13: doesn't show hand
*** SUMMARY ***
Total pot $2 | Rake $0
Seat 1: andrey0709 (button) (small blind) folded before Flop
Seat 4: Actionni13 (big blind) collected ($2)


PokerStars Hand #166629117194:  Hold'em Limit ($3/$6 USD) - 2017/02/22 19:37:59 ET
Table 'Tauntonia' 6-max Seat #1 is the button
Seat 1: andrey0709 ($124.54 in chips)
Seat 4: Actionni13 ($154 in chips)
andrey0709: posts small blind $1
Actionni13: posts big blind $3
*** HOLE CARDS ***
andrey0709: folds
Uncalled bet ($2) returned to Actionni13
Actionni13 collected $2 from pot
Actionni13: doesn't show hand
*** SUMMARY ***
Total pot $2 | Rake $0
Seat 1: andrey0709 (button) (small blind) folded before Flop
Seat 4: Actionni13 (big blind) collected ($2)


PokerStars Hand #166629142428:  Hold'em Limit ($3/$6 USD) - 2017/02/22 19:38:42 ET
Table 'Tauntonia' 6-max Seat #1 is the button
Seat 1: andrey0709 ($155.04 in chips)
Seat 4: Actionni13 ($154 in chips)
andrey0709: posts small blind $1
Actionni13: posts big blind $3
*** HOLE CARDS ***
andrey0709: folds
Uncalled bet ($2) returned to Actionni13
Actionni13 collected $2 from pot
Actionni13: doesn't show hand
*** SUMMARY ***
Total pot $2 | Rake $0
Seat 1: andrey0709 (button) (small blind) folded before Flop
Seat 4: Actionni13 (big blind) collected ($2)


PokerStars Hand #166629139692:  Hold'em Limit ($3/$6 USD) - 2017/02/22 19:38:37 ET
Table 'Tauntonia' 6-max Seat #4 is the button
Seat 1: andrey0709 ($158.04 in chips)
Seat 4: Actionni13 ($151 in chips)
Actionni13: posts small blind $1
andrey0709: posts big blind $3
*** HOLE CARDS ***
Actionni13: raises $3 to $6
andrey0709: folds
Uncalled bet ($3) returned to Actionni13
Actionni13 collected $6 from pot
Actionni13: doesn't show hand
*** SUMMARY ***
Total pot $6 | Rake $0
Seat 1: andrey0709 (big blind) folded before Flop
Seat 4: Actionni13 (button) (small blind) collected ($6)


PokerStars Hand #166629144796:  Hold'em Limit ($3/$6 USD) - 2017/02/22 19:38:46 ET
Table 'Tauntonia' 6-max Seat #4 is the button
Seat 1: andrey0709 ($154.04 in chips)
Seat 4: Actionni13 ($155 in chips)
Actionni13: posts small blind $1
andrey0709: posts big blind $3
*** HOLE CARDS ***
Actionni13: folds
Uncalled bet ($2) returned to andrey0709
andrey0709 collected $2 from pot
andrey0709: doesn't show hand
*** SUMMARY ***
Total pot $2 | Rake $0
Seat 1: andrey0709 (big blind) collected ($2)
Seat 4: Actionni13 (button) (small blind) folded before Flop


PokerStars Hand #166629147703:  Hold'em Limit ($3/$6 USD) - 2017/02/22 19:38:51 ET
Table 'Tauntonia' 6-max Seat #1 is the button
Seat 1: andrey0709 ($155.04 in chips)
Seat 4: Actionni13 ($154 in chips)
andrey0709: posts small blind $1
Actionni13: posts big blind $3
*** HOLE CARDS ***
andrey0709: calls $2
Actionni13: checks
*** FLOP *** [Qs 3c Kc]
Actionni13: bets $3
andrey0709: calls $3
*** TURN *** [Qs 3c Kc] [2h]
Actionni13: checks
andrey0709: bets $6
Actionni13: calls $6
*** RIVER *** [Qs 3c Kc 2h] [Jc]
Actionni13: checks
andrey0709: checks
*** SHOW DOWN ***
Actionni13: shows [3d Ts] (a pair of Threes)
andrey0709: shows [Qc Td] (a pair of Queens)
andrey0709 collected $23.52 from pot
*** SUMMARY ***
Total pot $24 | Rake $0.48
Board [Qs 3c Kc 2h Jc]
Seat 1: andrey0709 (button) (small blind) showed [Qc Td] and won ($23.52) with a pair of Queens
Seat 4: Actionni13 (big blind) showed [3d Ts] and lost with a pair of Threes


PokerStars Hand #166629166368:  Hold'em Limit ($3/$6 USD) - 2017/02/22 19:39:23 ET
Table 'Tauntonia' 6-max Seat #1 is the button
Seat 1: andrey0709 ($163.56 in chips)
Seat 4: Actionni13 ($153 in chips)
andrey0709: posts small blind $1
Actionni13: posts big blind $3
*** HOLE CARDS ***
andrey0709: folds
Uncalled bet ($2) returned to Actionni13
Actionni13 collected $2 from pot
Actionni13: doesn't show hand
*** SUMMARY ***
Total pot $2 | Rake $0
Seat 1: andrey0709 (button) (small blind) folded before Flop
Seat 4: Actionni13 (big blind) collected ($2)


PokerStars Hand #166629163443:  Hold'em Limit ($3/$6 USD) - 2017/02/22 19:39:18 ET
Table 'Tauntonia' 6-max Seat #4 is the button
Seat 1: andrey0709 ($166.56 in chips)
Seat 4: Actionni13 ($150 in chips)
Actionni13: posts small blind $1
andrey0709: posts big blind $3
*** HOLE CARDS ***
Actionni13: raises $3 to $6
andrey0709: folds
Uncalled bet ($3) returned to Actionni13
Actionni13 collected $6 from pot
Actionni13: doesn't show hand
*** SUMMARY ***
Total pot $6 | Rake $0
Seat 1: andrey0709 (big blind) folded before Flop
Seat 4: Actionni13 (button) (small blind) collected ($6)


PokerStars Hand #166629135535:  Hold'em Limit ($3/$6 USD) - 2017/02/22 19:38:30 ET
Table 'Tauntonia' 6-max Seat #1 is the button
Seat 1: andrey0709 ($159.04 in chips)
Seat 4: Actionni13 ($150 in chips)
andrey0709: posts small blind $1
Actionni13: posts big blind $3
*** HOLE CARDS ***
andrey0709: folds
Uncalled bet ($2) returned to Actionni13
Actionni13 collected $2 from pot
Actionni13: doesn't show hand
*** SUMMARY ***
Total pot $2 | Rake $0
Seat 1: andrey0709 (button) (small blind) folded before Flop
Seat 4: Actionni13 (big blind) collected ($2)


PokerStars Hand #166629119595:  Hold'em Limit ($3/$6 USD) - 2017/02/22 19:38:03 ET
Table 'Tauntonia' 6-max Seat #4 is the button
Seat 1: andrey0709 ($123.54 in chips)
Seat 4: Actionni13 ($155 in chips)
Actionni13: posts small blind $1
andrey0709: posts big blind $3
*** HOLE CARDS ***
Actionni13: raises $3 to $6
andrey0709: calls $3
*** FLOP *** [6h 2c 9c]
andrey0709: checks
Actionni13: checks
*** TURN *** [6h 2c 9c] [Jd]
andrey0709: checks
Actionni13: bets $6
andrey0709: calls $6
*** RIVER *** [6h 2c 9c Jd] [3d]
andrey0709: checks
Actionni13: bets $6
andrey0709: raises $6 to $12
Actionni13: raises $6 to $18
andrey0709: raises $6 to $24
Betting is capped
Actionni13: calls $6
*** SHOW DOWN ***
andrey0709: shows [3c 3s] (three of a kind, Threes)
Actionni13: mucks hand
andrey0709 collected $71.50 from pot
*** SUMMARY ***
Total pot $72 | Rake $0.50
Board [6h 2c 9c Jd 3d]
Seat 1: andrey0709 (big blind) showed [3c 3s] and won ($71.50) with three of a kind, Threes
Seat 4: Actionni13 (button) (small blind) mucked


PokerStars Hand #166629168750:  Hold'em Limit ($3/$6 USD) - 2017/02/22 19:39:27 ET
Table 'Tauntonia' 6-max Seat #4 is the button
Seat 1: andrey0709 ($162.56 in chips)
Seat 4: Actionni13 ($154 in chips)
Actionni13: posts small blind $1
andrey0709: posts big blind $3
*** HOLE CARDS ***
Actionni13: raises $3 to $6
andrey0709: calls $3
*** FLOP *** [4h Jd 3s]
andrey0709: checks
Actionni13: bets $3
andrey0709: calls $3
*** TURN *** [4h Jd 3s] [8h]
andrey0709: checks
Actionni13: checks
*** RIVER *** [4h Jd 3s 8h] [5c]
andrey0709: bets $6
Actionni13: folds
Uncalled bet ($6) returned to andrey0709
andrey0709 collected $17.64 from pot
andrey0709: doesn't show hand
*** SUMMARY ***
Total pot $18 | Rake $0.36
Board [4h Jd 3s 8h 5c]
Seat 1: andrey0709 (big blind) collected ($17.64)
Seat 4: Actionni13 (button) (small blind) folded on the River


PokerStars Hand #166629181346:  Hold'em Limit ($3/$6 USD) - 2017/02/22 19:39:49 ET
Table 'Tauntonia' 6-max Seat #1 is the button
Seat 1: andrey0709 ($171.20 in chips)
Seat 4: Actionni13 ($150 in chips)
andrey0709: posts small blind $1
Actionni13: posts big blind $3
*** HOLE CARDS ***
andrey0709: folds
Uncalled bet ($2) returned to Actionni13
Actionni13 collected $2 from pot
Actionni13: doesn't show hand
*** SUMMARY ***
Total pot $2 | Rake $0
Seat 1: andrey0709 (button) (small blind) folded before Flop
Seat 4: Actionni13 (big blind) collected ($2)


PokerStars Hand #166629183796:  Hold'em Limit ($3/$6 USD) - 2017/02/22 19:39:53 ET
Table 'Tauntonia' 6-max Seat #4 is the button
Seat 1: andrey0709 ($170.20 in chips)
Seat 4: Actionni13 ($151 in chips)
Actionni13: posts small blind $1
andrey0709: posts big blind $3
*** HOLE CARDS ***
Actionni13: raises $3 to $6
andrey0709: calls $3
*** FLOP *** [3h Th Ks]
andrey0709: checks
Actionni13: bets $3
andrey0709: calls $3
*** TURN *** [3h Th Ks] [9d]
andrey0709: checks
Actionni13: checks
*** RIVER *** [3h Th Ks 9d] [Td]
andrey0709: checks
Actionni13: checks
*** SHOW DOWN ***
andrey0709: shows [8c Kd] (two pair, Kings and Tens)
Actionni13: mucks hand
andrey0709 collected $17.64 from pot
*** SUMMARY ***
Total pot $18 | Rake $0.36
Board [3h Th Ks 9d Td]
Seat 1: andrey0709 (big blind) showed [8c Kd] and won ($17.64) with two pair, Kings and Tens
Seat 4: Actionni13 (button) (small blind) mucked


PokerStars Hand #166629222597:  Hold'em Limit ($3/$6 USD) - 2017/02/22 19:41:00 ET
Table 'Tauntonia' 6-max Seat #4 is the button
Seat 1: andrey0709 ($188.36 in chips)
Seat 4: Actionni13 ($151 in chips)
Actionni13: posts small blind $1
andrey0709: posts big blind $3
*** HOLE CARDS ***
Actionni13: raises $3 to $6
andrey0709: calls $3
*** FLOP *** [3d Ah 6h]
andrey0709: checks
Actionni13: bets $3
andrey0709: folds
Uncalled bet ($3) returned to Actionni13
Actionni13 collected $11.76 from pot
Actionni13: doesn't show hand
*** SUMMARY ***
Total pot $12 | Rake $0.24
Board [3d Ah 6h]
Seat 1: andrey0709 (big blind) folded on the Flop
Seat 4: Actionni13 (button) (small blind) collected ($11.76)


PokerStars Hand #166629202420:  Hold'em Limit ($3/$6 USD) - 2017/02/22 19:40:25 ET
Table 'Tauntonia' 6-max Seat #1 is the button
Seat 1: andrey0709 ($178.84 in chips)
Seat 4: Actionni13 ($150 in chips)
andrey0709: posts small blind $1
Actionni13: posts big blind $3
*** HOLE CARDS ***
andrey0709: folds
Uncalled bet ($2) returned to Actionni13
Actionni13 collected $2 from pot
Actionni13: doesn't show hand
*** SUMMARY ***
Total pot $2 | Rake $0
Seat 1: andrey0709 (button) (small blind) folded before Flop
Seat 4: Actionni13 (big blind) collected ($2)


PokerStars Hand #166629218152:  Hold'em Limit ($3/$6 USD) - 2017/02/22 19:40:52 ET
Table 'Tauntonia' 6-max Seat #1 is the button
Seat 1: andrey0709 ($189.36 in chips)
Seat 4: Actionni13 ($150 in chips)
andrey0709: posts small blind $1
Actionni13: posts big blind $3
*** HOLE CARDS ***
andrey0709: folds
Uncalled bet ($2) returned to Actionni13
Actionni13 collected $2 from pot
Actionni13: doesn't show hand
*** SUMMARY ***
Total pot $2 | Rake $0
Seat 1: andrey0709 (button) (small blind) folded before Flop
Seat 4: Actionni13 (big blind) collected ($2)


PokerStars Hand #166629205622:  Hold'em Limit ($3/$6 USD) - 2017/02/22 19:40:30 ET
Table 'Tauntonia' 6-max Seat #4 is the button
Seat 1: andrey0709 ($177.84 in chips)
Seat 4: Actionni13 ($151 in chips)
Actionni13: posts small blind $1
andrey0709: posts big blind $3
*** HOLE CARDS ***
Actionni13: raises $3 to $6
andrey0709: calls $3
*** FLOP *** [Qs 4h 8s]
andrey0709: checks
Actionni13: checks
*** TURN *** [Qs 4h 8s] [2s]
andrey0709: bets $6
Actionni13: calls $6
*** RIVER *** [Qs 4h 8s 2s] [8h]
andrey0709: checks
Actionni13: checks
*** SHOW DOWN ***
andrey0709: shows [9d 9h] (two pair, Nines and Eights)
Actionni13: mucks hand
andrey0709 collected $23.52 from pot
*** SUMMARY ***
Total pot $24 | Rake $0.48
Board [Qs 4h 8s 2s 8h]
Seat 1: andrey0709 (big blind) showed [9d 9h] and won ($23.52) with two pair, Nines and Eights
Seat 4: Actionni13 (button) (small blind) mucked


PokerStars Hand #166629261582:  Hold'em Limit ($3/$6 USD) - 2017/02/22 19:42:08 ET
Table 'Tauntonia' 6-max Seat #4 is the button
Seat 1: andrey0709 ($178.11 in chips)
Seat 4: Actionni13 ($160.51 in chips)
Actionni13: posts small blind $1
andrey0709: posts big blind $3
*** HOLE CARDS ***
Actionni13: raises $3 to $6
andrey0709: calls $3
*** FLOP *** [6s 5s Ad]
andrey0709: checks
Actionni13: bets $3
andrey0709: calls $3
*** TURN *** [6s 5s Ad] [2d]
andrey0709: checks
Actionni13: bets $6
Fabulous108 joins the table at seat #2
andrey0709: folds
Uncalled bet ($6) returned to Actionni13
Actionni13 collected $17.64 from pot
Actionni13: doesn't show hand
xcgxcg2005 joins the table at seat #3
*** SUMMARY ***
Total pot $18 | Rake $0.36
Board [6s 5s Ad 2d]
Seat 1: andrey0709 (big blind) folded on the Turn
Seat 4: Actionni13 (button) (small blind) collected ($17.64)


PokerStars Hand #166629234835:  Hold'em Limit ($3/$6 USD) - 2017/02/22 19:41:21 ET
Table 'Tauntonia' 6-max Seat #1 is the button
Seat 1: andrey0709 ($182.36 in chips)
Seat 4: Actionni13 ($156.76 in chips)
andrey0709: posts small blind $1
Actionni13: posts big blind $3
*** HOLE CARDS ***
andrey0709: calls $2
Actionni13: raises $3 to $6
andrey0709: calls $3
*** FLOP *** [3d 4s 5d]
Actionni13: bets $3
andrey0709: calls $3
*** TURN *** [3d 4s 5d] [7h]
Actionni13: bets $6
andrey0709: raises $6 to $12
Actionni13: calls $6
*** RIVER *** [3d 4s 5d 7h] [6h]
Actionni13: checks
andrey0709: checks
*** SHOW DOWN ***
Actionni13: shows [5h As] (a straight, Three to Seven)
andrey0709: shows [Qs 6s] (a straight, Three to Seven)
Actionni13 collected $20.75 from pot
andrey0709 collected $20.75 from pot
*** SUMMARY ***
Total pot $42 | Rake $0.50
Board [3d 4s 5d 7h 6h]
Seat 1: andrey0709 (button) (small blind) showed [Qs 6s] and won ($20.75) with a straight, Three to Seven
Seat 4: Actionni13 (big blind) showed [5h As] and won ($20.75) with a straight, Three to Seven


PokerStars Hand #166629248461:  Hold'em Limit ($3/$6 USD) - 2017/02/22 19:41:45 ET
Table 'Tauntonia' 6-max Seat #1 is the button
Seat 1: andrey0709 ($183.11 in chips)
Seat 4: Actionni13 ($155.51 in chips)
andrey0709: posts small blind $1
Actionni13: posts big blind $3
*** HOLE CARDS ***
andrey0709: folds
Uncalled bet ($2) returned to Actionni13
Actionni13 collected $2 from pot
Actionni13: doesn't show hand
*** SUMMARY ***
Total pot $2 | Rake $0
Seat 1: andrey0709 (button) (small blind) folded before Flop
Seat 4: Actionni13 (big blind) collected ($2)


PokerStars Hand #166629245387:  Hold'em Limit ($3/$6 USD) - 2017/02/22 19:41:39 ET
Table 'Tauntonia' 6-max Seat #4 is the button
Seat 1: andrey0709 ($182.11 in chips)
Seat 4: Actionni13 ($156.51 in chips)
Actionni13: posts small blind $1
andrey0709: posts big blind $3
*** HOLE CARDS ***
Actionni13: folds
Uncalled bet ($2) returned to andrey0709
andrey0709 collected $2 from pot
*** SUMMARY ***
Total pot $2 | Rake $0
Seat 1: andrey0709 (big blind) collected ($2)
Seat 4: Actionni13 (button) (small blind) folded before Flop


PokerStars Hand #166629253797:  Hold'em Limit ($3/$6 USD) - 2017/02/22 19:41:54 ET
Table 'Tauntonia' 6-max Seat #1 is the button
Seat 1: andrey0709 ($183.11 in chips)
Seat 4: Actionni13 ($155.51 in chips)
andrey0709: posts small blind $1
Actionni13: posts big blind $3
*** HOLE CARDS ***
andrey0709: folds
Uncalled bet ($2) returned to Actionni13
Actionni13 collected $2 from pot
Actionni13: doesn't show hand
*** SUMMARY ***
Total pot $2 | Rake $0
Seat 1: andrey0709 (button) (small blind) folded before Flop
Seat 4: Actionni13 (big blind) collected ($2)


PokerStars Hand #166629250948:  Hold'em Limit ($3/$6 USD) - 2017/02/22 19:41:49 ET
Table 'Tauntonia' 6-max Seat #4 is the button
Seat 1: andrey0709 ($182.11 in chips)
Seat 4: Actionni13 ($156.51 in chips)
Actionni13: posts small blind $1
andrey0709: posts big blind $3
*** HOLE CARDS ***
Actionni13: folds
Uncalled bet ($2) returned to andrey0709
andrey0709 collected $2 from pot
andrey0709: doesn't show hand
*** SUMMARY ***
Total pot $2 | Rake $0
Seat 1: andrey0709 (big blind) collected ($2)
Seat 4: Actionni13 (button) (small blind) folded before Flop


PokerStars Hand #166629259213:  Hold'em Limit ($3/$6 USD) - 2017/02/22 19:42:03 ET
Table 'Tauntonia' 6-max Seat #1 is the button
Seat 1: andrey0709 ($179.11 in chips)
Seat 4: Actionni13 ($159.51 in chips)
andrey0709: posts small blind $1
Actionni13: posts big blind $3
*** HOLE CARDS ***
andrey0709: folds
Uncalled bet ($2) returned to Actionni13
Actionni13 collected $2 from pot
Actionni13: doesn't show hand
*** SUMMARY ***
Total pot $2 | Rake $0
Seat 1: andrey0709 (button) (small blind) folded before Flop
Seat 4: Actionni13 (big blind) collected ($2)


PokerStars Hand #166629256149:  Hold'em Limit ($3/$6 USD) - 2017/02/22 19:41:58 ET
Table 'Tauntonia' 6-max Seat #4 is the button
Seat 1: andrey0709 ($182.11 in chips)
Seat 4: Actionni13 ($156.51 in chips)
Actionni13: posts small blind $1
andrey0709: posts big blind $3
*** HOLE CARDS ***
Actionni13: raises $3 to $6
andrey0709: folds
Uncalled bet ($3) returned to Actionni13
Actionni13 collected $6 from pot
Actionni13: doesn't show hand
*** SUMMARY ***
Total pot $6 | Rake $0
Seat 1: andrey0709 (big blind) folded before Flop
Seat 4: Actionni13 (button) (small blind) collected ($6)


PokerStars Hand #166630117248:  Hold'em Limit ($3/$6 USD) - 2017/02/22 20:08:45 ET
Table 'Tauntonia' 6-max Seat #5 is the button
Seat 3: bubsski ($269.60 in chips)
Seat 5: krytalex ($163.31 in chips)
krytalex: posts small blind $1
BWTMAGIC: is sitting out
bubsski: posts big blind $3
*** HOLE CARDS ***
BWTMAGIC leaves the table
krytalex: raises $3 to $6
bubsski: calls $3
*** FLOP *** [Qd 6c 8h]
bubsski: checks
krytalex: bets $3
bubsski: calls $3
*** TURN *** [Qd 6c 8h] [Ah]
bubsski: checks
krytalex: bets $6
bubsski: calls $6
*** RIVER *** [Qd 6c 8h Ah] [Jc]
bubsski: bets $6
krytalex: calls $6
*** SHOW DOWN ***
bubsski: shows [6h Kc] (a pair of Sixes)
krytalex: shows [4s Ad] (a pair of Aces)
krytalex collected $41.50 from pot
LouisB joins the table at seat #4
*** SUMMARY ***
Total pot $42 | Rake $0.50
Board [Qd 6c 8h Ah Jc]
Seat 3: bubsski (big blind) showed [6h Kc] and lost with a pair of Sixes
Seat 5: krytalex (button) (small blind) showed [4s Ad] and won ($41.50) with a pair of Aces


PokerStars Hand #166630228164:  Hold'em Limit ($3/$6 USD) - 2017/02/22 20:12:18 ET
Table 'Tauntonia' 6-max Seat #4 is the button
Seat 3: bubsski ($225.20 in chips)
Seat 4: LouisB ($158.88 in chips)
LouisB: posts small blind $1
bubsski: posts big blind $3
*** HOLE CARDS ***
LouisB: folds
Uncalled bet ($2) returned to bubsski
bubsski collected $2 from pot
bubsski: doesn't show hand
*** SUMMARY ***
Total pot $2 | Rake $0
Seat 3: bubsski (big blind) collected ($2)
Seat 4: LouisB (button) (small blind) folded before Flop


PokerStars Hand #166630220092:  Hold'em Limit ($3/$6 USD) - 2017/02/22 20:12:03 ET
Table 'Tauntonia' 6-max Seat #3 is the button
Seat 3: bubsski ($207.70 in chips)
Seat 4: LouisB ($176.88 in chips)
bubsski: posts small blind $1
LouisB: posts big blind $3
*** HOLE CARDS ***
bubsski: raises $3 to $6
LouisB: calls $3
*** FLOP *** [6h As 3c]
LouisB: checks
bubsski: bets $3
LouisB: raises $3 to $6
bubsski: calls $3
*** TURN *** [6h As 3c] [9c]
LouisB: bets $6
bubsski: calls $6
*** RIVER *** [6h As 3c 9c] [9s]
LouisB: checks
bubsski: bets $6
LouisB: folds
Uncalled bet ($6) returned to bubsski
bubsski collected $35.50 from pot
bubsski: doesn't show hand
*** SUMMARY ***
Total pot $36 | Rake $0.50
Board [6h As 3c 9c 9s]
Seat 3: bubsski (button) (small blind) collected ($35.50)
Seat 4: LouisB (big blind) folded on the River


PokerStars Hand #166630198086:  Hold'em Limit ($3/$6 USD) - 2017/02/22 20:11:20 ET
Table 'Tauntonia' 6-max Seat #4 is the button
Seat 3: bubsski ($233.70 in chips)
Seat 4: LouisB ($151.38 in chips)
LouisB: posts small blind $1
krytalex: is sitting out
bubsski: posts big blind $3
*** HOLE CARDS ***
LouisB: raises $3 to $6
bubsski: folds
Uncalled bet ($3) returned to LouisB
LouisB collected $6 from pot
LouisB: doesn't show hand
*** SUMMARY ***
Total pot $6 | Rake $0
Seat 3: bubsski (big blind) folded before Flop
Seat 4: LouisB (button) (small blind) collected ($6)


PokerStars Hand #166630208852:  Hold'em Limit ($3/$6 USD) - 2017/02/22 20:11:41 ET
Table 'Tauntonia' 6-max Seat #4 is the button
Seat 3: bubsski ($206.70 in chips)
Seat 4: LouisB ($177.88 in chips)
LouisB: posts small blind $1
bubsski: posts big blind $3
*** HOLE CARDS ***
LouisB: folds
Uncalled bet ($2) returned to bubsski
bubsski collected $2 from pot
bubsski: doesn't show hand
*** SUMMARY ***
Total pot $2 | Rake $0
Seat 3: bubsski (big blind) collected ($2)
Seat 4: LouisB (button) (small blind) folded before Flop


PokerStars Hand #166630201518:  Hold'em Limit ($3/$6 USD) - 2017/02/22 20:11:27 ET
Table 'Tauntonia' 6-max Seat #3 is the button
Seat 3: bubsski ($230.70 in chips)
Seat 4: LouisB ($154.38 in chips)
bubsski: posts small blind $1
LouisB: posts big blind $3
*** HOLE CARDS ***
bubsski: raises $3 to $6
krytalex leaves the table
LouisB: calls $3
*** FLOP *** [8s 6d Jd]
LouisB: checks
bubsski: bets $3
LouisB: raises $3 to $6
bubsski: calls $3
*** TURN *** [8s 6d Jd] [2d]
LouisB: bets $6
bubsski: calls $6
*** RIVER *** [8s 6d Jd 2d] [7s]
LouisB: bets $6
bubsski: calls $6
*** SHOW DOWN ***
LouisB: shows [2h 8h] (two pair, Eights and Deuces)
bubsski: mucks hand
LouisB collected $47.50 from pot
*** SUMMARY ***
Total pot $48 | Rake $0.50
Board [8s 6d Jd 2d 7s]
Seat 3: bubsski (button) (small blind) mucked
Seat 4: LouisB (big blind) showed [2h 8h] and won ($47.50) with two pair, Eights and Deuces


PokerStars Hand #166630217227:  Hold'em Limit ($3/$6 USD) - 2017/02/22 20:11:57 ET
Table 'Tauntonia' 6-max Seat #4 is the button
Seat 3: bubsski ($210.70 in chips)
Seat 4: LouisB ($173.88 in chips)
LouisB: posts small blind $1
bubsski: posts big blind $3
*** HOLE CARDS ***
LouisB: raises $3 to $6
bubsski: folds
Uncalled bet ($3) returned to LouisB
LouisB collected $6 from pot
LouisB: doesn't show hand
*** SUMMARY ***
Total pot $6 | Rake $0
Seat 3: bubsski (big blind) folded before Flop
Seat 4: LouisB (button) (small blind) collected ($6)


PokerStars Hand #166630211263:  Hold'em Limit ($3/$6 USD) - 2017/02/22 20:11:46 ET
Table 'Tauntonia' 6-max Seat #3 is the button
Seat 3: bubsski ($207.70 in chips)
Seat 4: LouisB ($176.88 in chips)
bubsski: posts small blind $1
LouisB: posts big blind $3
*** HOLE CARDS ***
bubsski: raises $3 to $6
LouisB: folds
Uncalled bet ($3) returned to bubsski
bubsski collected $6 from pot
bubsski: doesn't show hand
*** SUMMARY ***
Total pot $6 | Rake $0
Seat 3: bubsski (button) (small blind) collected ($6)
Seat 4: LouisB (big blind) folded before Flop


PokerStars Hand #166630247483:  Hold'em Limit ($3/$6 USD) - 2017/02/22 20:12:56 ET
Table 'Tauntonia' 6-max Seat #4 is the button
Seat 3: bubsski ($241.70 in chips)
Seat 4: LouisB ($141.88 in chips)
LouisB: posts small blind $1
bubsski: posts big blind $3
*** HOLE CARDS ***
LouisB: raises $3 to $6
bubsski: calls $3
*** FLOP *** [Td 7h Jc]
bubsski: checks
LouisB: bets $3
bubsski: calls $3
*** TURN *** [Td 7h Jc] [2s]
bubsski: checks
LouisB: bets $6
bubsski: calls $6
*** RIVER *** [Td 7h Jc 2s] [Ts]
bubsski: checks
LouisB: bets $6
bubsski: calls $6
*** SHOW DOWN ***
LouisB: shows [Jd 7d] (two pair, Jacks and Tens)
bubsski: mucks hand
LouisB collected $41.50 from pot
*** SUMMARY ***
Total pot $42 | Rake $0.50
Board [Td 7h Jc 2s Ts]
Seat 3: bubsski (big blind) mucked
Seat 4: LouisB (button) (small blind) showed [Jd 7d] and won ($41.50) with two pair, Jacks and Tens


PokerStars Hand #166630245005:  Hold'em Limit ($3/$6 USD) - 2017/02/22 20:12:51 ET
Table 'Tauntonia' 6-max Seat #3 is the button
Seat 3: bubsski ($242.70 in chips)
Seat 4: LouisB ($140.88 in chips)
bubsski: posts small blind $1
LouisB: posts big blind $3
*** HOLE CARDS ***
bubsski: folds
Uncalled bet ($2) returned to LouisB
LouisB collected $2 from pot
LouisB: doesn't show hand
*** SUMMARY ***
Total pot $2 | Rake $0
Seat 3: bubsski (button) (small blind) folded before Flop
Seat 4: LouisB (big blind) collected ($2)


PokerStars Hand #166630238027:  Hold'em Limit ($3/$6 USD) - 2017/02/22 20:12:38 ET
Table 'Tauntonia' 6-max Seat #4 is the button
Seat 3: bubsski ($225.20 in chips)
Seat 4: LouisB ($158.88 in chips)
LouisB: posts small blind $1
bubsski: posts big blind $3
*** HOLE CARDS ***
LouisB: raises $3 to $6
bubsski: calls $3
*** FLOP *** [Kh 9c 5d]
bubsski: checks
LouisB: bets $3
bubsski: raises $3 to $6
LouisB: calls $3
*** TURN *** [Kh 9c 5d] [8c]
bubsski: checks
LouisB: checks
*** RIVER *** [Kh 9c 5d 8c] [Th]
bubsski: bets $6
LouisB: calls $6
*** SHOW DOWN ***
bubsski: shows [Qh Kc] (a pair of Kings)
LouisB: mucks hand
bubsski collected $35.50 from pot
*** SUMMARY ***
Total pot $36 | Rake $0.50
Board [Kh 9c 5d 8c Th]
Seat 3: bubsski (big blind) showed [Qh Kc] and won ($35.50) with a pair of Kings
Seat 4: LouisB (button) (small blind) mucked


PokerStars Hand #166630235386:  Hold'em Limit ($3/$6 USD) - 2017/02/22 20:12:33 ET
Table 'Tauntonia' 6-max Seat #3 is the button
Seat 3: bubsski ($226.20 in chips)
Seat 4: LouisB ($157.88 in chips)
bubsski: posts small blind $1
LouisB: posts big blind $3
*** HOLE CARDS ***
bubsski: folds
Uncalled bet ($2) returned to LouisB
LouisB collected $2 from pot
LouisB: doesn't show hand
*** SUMMARY ***
Total pot $2 | Rake $0
Seat 3: bubsski (button) (small blind) folded before Flop
Seat 4: LouisB (big blind) collected ($2)


PokerStars Hand #166630232980:  Hold'em Limit ($3/$6 USD) - 2017/02/22 20:12:28 ET
Table 'Tauntonia' 6-max Seat #4 is the button
Seat 3: bubsski ($225.20 in chips)
Seat 4: LouisB ($158.88 in chips)
LouisB: posts small blind $1
bubsski: posts big blind $3
*** HOLE CARDS ***
LouisB: folds
Uncalled bet ($2) returned to bubsski
bubsski collected $2 from pot
bubsski: doesn't show hand
*** SUMMARY ***
Total pot $2 | Rake $0
Seat 3: bubsski (big blind) collected ($2)
Seat 4: LouisB (button) (small blind) folded before Flop


PokerStars Hand #166630230366:  Hold'em Limit ($3/$6 USD) - 2017/02/22 20:12:23 ET
Table 'Tauntonia' 6-max Seat #3 is the button
Seat 3: bubsski ($226.20 in chips)
Seat 4: LouisB ($157.88 in chips)
bubsski: posts small blind $1
LouisB: posts big blind $3
*** HOLE CARDS ***
bubsski: folds
Uncalled bet ($2) returned to LouisB
LouisB collected $2 from pot
LouisB: doesn't show hand
*** SUMMARY ***
Total pot $2 | Rake $0
Seat 3: bubsski (button) (small blind) folded before Flop
Seat 4: LouisB (big blind) collected ($2)


PokerStars Hand #166630288019:  Hold'em Limit ($3/$6 USD) - 2017/02/22 20:14:15 ET
Table 'Tauntonia' 6-max Seat #3 is the button
Seat 3: bubsski ($178.10 in chips)
Seat 4: LouisB ($203.40 in chips)
bubsski: posts small blind $1
LouisB: posts big blind $3
*** HOLE CARDS ***
bubsski: raises $3 to $6
LouisB: folds
Uncalled bet ($3) returned to bubsski
bubsski collected $6 from pot
bubsski: doesn't show hand
*** SUMMARY ***
Total pot $6 | Rake $0
Seat 3: bubsski (button) (small blind) collected ($6)
Seat 4: LouisB (big blind) folded before Flop


PokerStars Hand #166630256109:  Hold'em Limit ($3/$6 USD) - 2017/02/22 20:13:13 ET
Table 'Tauntonia' 6-max Seat #3 is the button
Seat 3: bubsski ($220.70 in chips)
Seat 4: LouisB ($162.38 in chips)
bubsski: posts small blind $1
LouisB: posts big blind $3
*** HOLE CARDS ***
bubsski: raises $3 to $6
LouisB: calls $3
*** FLOP *** [Qh Tc Ts]
LouisB: checks
bubsski: checks
*** TURN *** [Qh Tc Ts] [4s]
LouisB: checks
bubsski: bets $6
LouisB: calls $6
*** RIVER *** [Qh Tc Ts 4s] [Ac]
LouisB: checks
bubsski: checks
*** SHOW DOWN ***
LouisB: shows [7s Qc] (two pair, Queens and Tens)
bubsski: mucks hand
LouisB collected $23.52 from pot
*** SUMMARY ***
Total pot $24 | Rake $0.48
Board [Qh Tc Ts 4s Ac]
Seat 3: bubsski (button) (small blind) mucked
Seat 4: LouisB (big blind) showed [7s Qc] and won ($23.52) with two pair, Queens and Tens


PokerStars Hand #166630275909:  Hold'em Limit ($3/$6 USD) - 2017/02/22 20:13:51 ET
Table 'Tauntonia' 6-max Seat #4 is the button
Seat 3: bubsski ($223.10 in chips)
Seat 4: LouisB ($158.90 in chips)
LouisB: posts small blind $1
bubsski: posts big blind $3
*** HOLE CARDS ***
LouisB: raises $3 to $6
bubsski: calls $3
*** FLOP *** [6h 6d 4d]
bubsski: checks
LouisB: bets $3
bubsski: calls $3
*** TURN *** [6h 6d 4d] [8c]
bubsski: checks
LouisB: bets $6
bubsski: raises $6 to $12
LouisB: raises $6 to $18
bubsski: calls $6
*** RIVER *** [6h 6d 4d 8c] [5s]
bubsski: checks
LouisB: bets $6
bubsski: raises $6 to $12
LouisB: raises $6 to $18
bubsski: calls $6
*** SHOW DOWN ***
LouisB: shows [6c 8h] (a full house, Sixes full of Eights)
bubsski: mucks hand
LouisB collected $89.50 from pot
*** SUMMARY ***
Total pot $90 | Rake $0.50
Board [6h 6d 4d 8c 5s]
Seat 3: bubsski (big blind) mucked
Seat 4: LouisB (button) (small blind) showed [6c 8h] and won ($89.50) with a full house, Sixes full of Eights


PokerStars Hand #166630270097:  Hold'em Limit ($3/$6 USD) - 2017/02/22 20:13:40 ET
Table 'Tauntonia' 6-max Seat #3 is the button
Seat 3: bubsski ($220.22 in chips)
Seat 4: LouisB ($161.90 in chips)
bubsski: posts small blind $1
LouisB: posts big blind $3
*** HOLE CARDS ***
bubsski: calls $2
LouisB: checks
*** FLOP *** [Jh 5c 4c]
LouisB: checks
bubsski: bets $3
LouisB: folds
Uncalled bet ($3) returned to bubsski
bubsski collected $5.88 from pot
bubsski: doesn't show hand
*** SUMMARY ***
Total pot $6 | Rake $0.12
Board [Jh 5c 4c]
Seat 3: bubsski (button) (small blind) collected ($5.88)
Seat 4: LouisB (big blind) folded on the Flop


PokerStars Hand #166630263906:  Hold'em Limit ($3/$6 USD) - 2017/02/22 20:13:28 ET
Table 'Tauntonia' 6-max Seat #4 is the button
Seat 3: bubsski ($208.70 in chips)
Seat 4: LouisB ($173.90 in chips)
LouisB: posts small blind $1
bubsski: posts big blind $3
*** HOLE CARDS ***
LouisB: raises $3 to $6
bubsski: raises $3 to $9
LouisB: calls $3
*** FLOP *** [2d Ah 3s]
bubsski: bets $3
LouisB: calls $3
*** TURN *** [2d Ah 3s] [2c]
bubsski: bets $6
LouisB: folds
Uncalled bet ($6) returned to bubsski
bubsski collected $23.52 from pot
bubsski: doesn't show hand
*** SUMMARY ***
Total pot $24 | Rake $0.48
Board [2d Ah 3s 2c]
Seat 3: bubsski (big blind) collected ($23.52)
Seat 4: LouisB (button) (small blind) folded on the Turn


PokerStars Hand #166630291042:  Hold'em Limit ($3/$6 USD) - 2017/02/22 20:14:21 ET
Table 'Tauntonia' 6-max Seat #4 is the button
Seat 3: bubsski ($181.10 in chips)
Seat 4: LouisB ($200.40 in chips)
LouisB: posts small blind $1
bubsski: posts big blind $3
*** HOLE CARDS ***
LouisB: raises $3 to $6
bubsski: calls $3
*** FLOP *** [Th 9c 8h]
bubsski: checks
LouisB: bets $3
bubsski: folds
Uncalled bet ($3) returned to LouisB
LouisB collected $11.76 from pot
LouisB: doesn't show hand
*** SUMMARY ***
Total pot $12 | Rake $0.24
Board [Th 9c 8h]
Seat 3: bubsski (big blind) folded on the Flop
Seat 4: LouisB (button) (small blind) collected ($11.76)


