PokerStars Hand #176682522482:  Hold'em Limit ($3/$6 USD) - 2017/10/09 2:01:24 ET
Table 'Tauntonia' 6-max Seat #3 is the button
Seat 1: LifeisagameX ($84 in chips)
Seat 3: aabeatenby23 ($307.94 in chips)
aabeatenby23: posts small blind $1
LifeisagameX: posts big blind $3
*** HOLE CARDS ***
aabeatenby23: folds
Uncalled bet ($2) returned to LifeisagameX
LifeisagameX collected $2 from pot
LifeisagameX: doesn't show hand
*** SUMMARY ***
Total pot $2 | Rake $0
Seat 1: LifeisagameX (big blind) collected ($2)
Seat 3: aabeatenby23 (button) (small blind) folded before Flop


PokerStars Hand #176682519166:  Hold'em Limit ($3/$6 USD) - 2017/10/09 2:01:08 ET
Table 'Tauntonia' 6-max Seat #1 is the button
Seat 1: LifeisagameX ($84 in chips)
Seat 3: aabeatenby23 ($296.42 in chips)
LifeisagameX: posts small blind $1
aabeatenby23: posts big blind $3
*** HOLE CARDS ***
LifeisagameX: raises $3 to $6
aabeatenby23: raises $3 to $9
LifeisagameX: calls $3
*** FLOP *** [Kc 7s 8h]
aabeatenby23: bets $3
LifeisagameX: calls $3
*** TURN *** [Kc 7s 8h] [Jd]
aabeatenby23: bets $6
LifeisagameX: folds
Uncalled bet ($6) returned to aabeatenby23
aabeatenby23 collected $23.52 from pot
aabeatenby23: doesn't show hand
*** SUMMARY ***
Total pot $24 | Rake $0.48
Board [Kc 7s 8h Jd]
Seat 1: LifeisagameX (button) (small blind) folded on the Turn
Seat 3: aabeatenby23 (big blind) collected ($23.52)


PokerStars Hand #176682523755:  Hold'em Limit ($3/$6 USD) - 2017/10/09 2:01:30 ET
Table 'Tauntonia' 6-max Seat #1 is the button
Seat 1: LifeisagameX ($85 in chips)
Seat 3: aabeatenby23 ($306.94 in chips)
LifeisagameX: posts small blind $1
aabeatenby23: posts big blind $3
*** HOLE CARDS ***
LifeisagameX: folds
Uncalled bet ($2) returned to aabeatenby23
aabeatenby23 collected $2 from pot
aabeatenby23: doesn't show hand
*** SUMMARY ***
Total pot $2 | Rake $0
Seat 1: LifeisagameX (button) (small blind) folded before Flop
Seat 3: aabeatenby23 (big blind) collected ($2)


PokerStars Hand #176682525165:  Hold'em Limit ($3/$6 USD) - 2017/10/09 2:01:37 ET
Table 'Tauntonia' 6-max Seat #3 is the button
Seat 1: LifeisagameX ($84 in chips)
Seat 3: aabeatenby23 ($307.94 in chips)
aabeatenby23: posts small blind $1
LifeisagameX: posts big blind $3
*** HOLE CARDS ***
aabeatenby23: raises $3 to $6
LifeisagameX: calls $3
*** FLOP *** [Td 6d 4c]
LifeisagameX: checks
aabeatenby23: bets $3
LifeisagameX: calls $3
*** TURN *** [Td 6d 4c] [5d]
LifeisagameX: checks
aabeatenby23: bets $6
LifeisagameX: calls $6
*** RIVER *** [Td 6d 4c 5d] [Ad]
LifeisagameX: checks
aabeatenby23: checks
*** SHOW DOWN ***
LifeisagameX: shows [As 5h] (two pair, Aces and Fives)
aabeatenby23: mucks hand
LifeisagameX collected $29.50 from pot
*** SUMMARY ***
Total pot $30 | Rake $0.50
Board [Td 6d 4c 5d Ad]
Seat 1: LifeisagameX (big blind) showed [As 5h] and won ($29.50) with two pair, Aces and Fives
Seat 3: aabeatenby23 (button) (small blind) mucked


PokerStars Hand #176682529714:  Hold'em Limit ($3/$6 USD) - 2017/10/09 2:01:58 ET
Table 'Tauntonia' 6-max Seat #1 is the button
Seat 1: LifeisagameX ($98.50 in chips)
Seat 3: aabeatenby23 ($292.94 in chips)
LifeisagameX: posts small blind $1
aabeatenby23: posts big blind $3
*** HOLE CARDS ***
LifeisagameX: raises $3 to $6
aabeatenby23: calls $3
*** FLOP *** [9d 7s Qd]
aabeatenby23: checks
LifeisagameX: bets $3
aabeatenby23: folds
Uncalled bet ($3) returned to LifeisagameX
LifeisagameX collected $11.76 from pot
LifeisagameX: doesn't show hand
*** SUMMARY ***
Total pot $12 | Rake $0.24
Board [9d 7s Qd]
Seat 1: LifeisagameX (button) (small blind) collected ($11.76)
Seat 3: aabeatenby23 (big blind) folded on the Flop


PokerStars Hand #176682532211:  Hold'em Limit ($3/$6 USD) - 2017/10/09 2:02:10 ET
Table 'Tauntonia' 6-max Seat #3 is the button
Seat 1: LifeisagameX ($104.26 in chips)
Seat 3: aabeatenby23 ($286.94 in chips)
aabeatenby23: posts small blind $1
LifeisagameX: posts big blind $3
*** HOLE CARDS ***
aabeatenby23: folds
Uncalled bet ($2) returned to LifeisagameX
LifeisagameX collected $2 from pot
LifeisagameX: doesn't show hand
*** SUMMARY ***
Total pot $2 | Rake $0
Seat 1: LifeisagameX (big blind) collected ($2)
Seat 3: aabeatenby23 (button) (small blind) folded before Flop


PokerStars Hand #176682544059:  Hold'em Limit ($3/$6 USD) - 2017/10/09 2:03:06 ET
Table 'Tauntonia' 6-max Seat #1 is the button
Seat 1: LifeisagameX ($84 in chips)
Seat 3: aabeatenby23 ($315.20 in chips)
LifeisagameX: posts small blind $1
aabeatenby23: posts big blind $3
*** HOLE CARDS ***
LifeisagameX: raises $3 to $6
aabeatenby23: raises $3 to $9
LifeisagameX: calls $3
*** FLOP *** [6c 8d Ks]
aabeatenby23: bets $3
LifeisagameX: calls $3
*** TURN *** [6c 8d Ks] [Ac]
aabeatenby23: bets $6
LifeisagameX: folds
Uncalled bet ($6) returned to aabeatenby23
aabeatenby23 collected $23.52 from pot
aabeatenby23: doesn't show hand
*** SUMMARY ***
Total pot $24 | Rake $0.48
Board [6c 8d Ks Ac]
Seat 1: LifeisagameX (button) (small blind) folded on the Turn
Seat 3: aabeatenby23 (big blind) collected ($23.52)


PokerStars Hand #176682533431:  Hold'em Limit ($3/$6 USD) - 2017/10/09 2:02:15 ET
Table 'Tauntonia' 6-max Seat #1 is the button
Seat 1: LifeisagameX ($105.26 in chips)
Seat 3: aabeatenby23 ($285.94 in chips)
LifeisagameX: posts small blind $1
aabeatenby23: posts big blind $3
*** HOLE CARDS ***
LifeisagameX: raises $3 to $6
aabeatenby23: calls $3
*** FLOP *** [Js 9s 6s]
aabeatenby23: checks
LifeisagameX: checks
*** TURN *** [Js 9s 6s] [Kh]
aabeatenby23: bets $6
LifeisagameX: raises $6 to $12
aabeatenby23: calls $6
*** RIVER *** [Js 9s 6s Kh] [Jh]
aabeatenby23: bets $6
LifeisagameX: calls $6
*** SHOW DOWN ***
aabeatenby23: shows [4h Jc] (three of a kind, Jacks)
LifeisagameX: mucks hand
aabeatenby23 collected $47.50 from pot
*** SUMMARY ***
Total pot $48 | Rake $0.50
Board [Js 9s 6s Kh Jh]
Seat 1: LifeisagameX (button) (small blind) mucked
Seat 3: aabeatenby23 (big blind) showed [4h Jc] and won ($47.50) with three of a kind, Jacks


PokerStars Hand #176682538237:  Hold'em Limit ($3/$6 USD) - 2017/10/09 2:02:38 ET
Table 'Tauntonia' 6-max Seat #3 is the button
Seat 1: LifeisagameX ($84 in chips)
Seat 3: aabeatenby23 ($309.44 in chips)
aabeatenby23: posts small blind $1
LifeisagameX: posts big blind $3
*** HOLE CARDS ***
aabeatenby23: raises $3 to $6
LifeisagameX: calls $3
*** FLOP *** [As Qd 7s]
LifeisagameX: checks
aabeatenby23: bets $3
LifeisagameX: folds
Uncalled bet ($3) returned to aabeatenby23
aabeatenby23 collected $11.76 from pot
aabeatenby23: doesn't show hand
*** SUMMARY ***
Total pot $12 | Rake $0.24
Board [As Qd 7s]
Seat 1: LifeisagameX (big blind) folded on the Flop
Seat 3: aabeatenby23 (button) (small blind) collected ($11.76)


PokerStars Hand #176682556070:  Hold'em Limit ($3/$6 USD) - 2017/10/09 2:04:02 ET
Table 'Tauntonia' 6-max Seat #1 is the button
Seat 1: LifeisagameX ($104.50 in chips)
Seat 3: aabeatenby23 ($305.72 in chips)
LifeisagameX: posts small blind $1
aabeatenby23: posts big blind $3
*** HOLE CARDS ***
LifeisagameX: raises $3 to $6
aabeatenby23: raises $3 to $9
LifeisagameX: calls $3
*** FLOP *** [5h 3c 2d]
aabeatenby23: bets $3
LifeisagameX: calls $3
*** TURN *** [5h 3c 2d] [Js]
aabeatenby23: bets $6
LifeisagameX: calls $6
*** RIVER *** [5h 3c 2d Js] [8h]
aabeatenby23: bets $6
LifeisagameX: calls $6
*** SHOW DOWN ***
aabeatenby23: shows [Ah 8s] (a pair of Eights)
LifeisagameX: mucks hand
aabeatenby23 collected $47.50 from pot
*** SUMMARY ***
Total pot $48 | Rake $0.50
Board [5h 3c 2d Js 8h]
Seat 1: LifeisagameX (button) (small blind) mucked
Seat 3: aabeatenby23 (big blind) showed [Ah 8s] and won ($47.50) with a pair of Eights


PokerStars Hand #176682549057:  Hold'em Limit ($3/$6 USD) - 2017/10/09 2:03:29 ET
Table 'Tauntonia' 6-max Seat #3 is the button
Seat 1: LifeisagameX ($84 in chips)
Seat 3: aabeatenby23 ($326.72 in chips)
aabeatenby23: posts small blind $1
LifeisagameX: posts big blind $3
*** HOLE CARDS ***
aabeatenby23: raises $3 to $6
LifeisagameX: calls $3
*** FLOP *** [2s 3d 5d]
LifeisagameX: checks
aabeatenby23: bets $3
LifeisagameX: calls $3
*** TURN *** [2s 3d 5d] [Kh]
LifeisagameX: checks
aabeatenby23: bets $6
LifeisagameX: raises $6 to $12
aabeatenby23: calls $6
*** RIVER *** [2s 3d 5d Kh] [8d]
LifeisagameX: bets $6
aabeatenby23: folds
Uncalled bet ($6) returned to LifeisagameX
LifeisagameX collected $41.50 from pot
LifeisagameX: doesn't show hand
*** SUMMARY ***
Total pot $42 | Rake $0.50
Board [2s 3d 5d Kh 8d]
Seat 1: LifeisagameX (big blind) collected ($41.50)
Seat 3: aabeatenby23 (button) (small blind) folded on the River


PokerStars Hand #176682567081:  Hold'em Limit ($3/$6 USD) - 2017/10/09 2:04:53 ET
Table 'Tauntonia' 6-max Seat #1 is the button
Seat 1: LifeisagameX ($89.76 in chips)
Seat 3: aabeatenby23 ($323.22 in chips)
LifeisagameX: posts small blind $1
aabeatenby23: posts big blind $3
*** HOLE CARDS ***
LifeisagameX: raises $3 to $6
aabeatenby23: calls $3
*** FLOP *** [2d 3c 7s]
aabeatenby23: checks
LifeisagameX: bets $3
aabeatenby23: raises $3 to $6
LifeisagameX: calls $3
*** TURN *** [2d 3c 7s] [9s]
aabeatenby23: bets $6
LifeisagameX: calls $6
*** RIVER *** [2d 3c 7s 9s] [3h]
aabeatenby23: bets $6
LifeisagameX: calls $6
*** SHOW DOWN ***
aabeatenby23: shows [7d Kc] (two pair, Sevens and Threes)
LifeisagameX: shows [Ad 7c] (two pair, Sevens and Threes - Ace kicker)
LifeisagameX collected $47.50 from pot
*** SUMMARY ***
Total pot $48 | Rake $0.50
Board [2d 3c 7s 9s 3h]
Seat 1: LifeisagameX (button) (small blind) showed [Ad 7c] and won ($47.50) with two pair, Sevens and Threes
Seat 3: aabeatenby23 (big blind) showed [7d Kc] and lost with two pair, Sevens and Threes


PokerStars Hand #176682561858:  Hold'em Limit ($3/$6 USD) - 2017/10/09 2:04:29 ET
Table 'Tauntonia' 6-max Seat #3 is the button
Seat 1: LifeisagameX ($84 in chips)
Seat 3: aabeatenby23 ($329.22 in chips)
aabeatenby23: posts small blind $1
LifeisagameX: posts big blind $3
*** HOLE CARDS ***
aabeatenby23: raises $3 to $6
LifeisagameX: calls $3
*** FLOP *** [Ad Jd 6s]
LifeisagameX: checks
aabeatenby23: checks
*** TURN *** [Ad Jd 6s] [8h]
LifeisagameX: checks
aabeatenby23: checks
*** RIVER *** [Ad Jd 6s 8h] [2c]
LifeisagameX: bets $6
aabeatenby23: folds
Uncalled bet ($6) returned to LifeisagameX
LifeisagameX collected $11.76 from pot
LifeisagameX: doesn't show hand
*** SUMMARY ***
Total pot $12 | Rake $0.24
Board [Ad Jd 6s 8h 2c]
Seat 1: LifeisagameX (big blind) collected ($11.76)
Seat 3: aabeatenby23 (button) (small blind) folded on the River


PokerStars Hand #176682577899:  Hold'em Limit ($3/$6 USD) - 2017/10/09 2:05:43 ET
Table 'Tauntonia' 6-max Seat #1 is the button
Seat 1: LifeisagameX ($92.26 in chips)
Seat 3: aabeatenby23 ($319.72 in chips)
LifeisagameX: posts small blind $1
aabeatenby23: posts big blind $3
*** HOLE CARDS ***
LifeisagameX: raises $3 to $6
aabeatenby23: calls $3
*** FLOP *** [9s 8h 9d]
aabeatenby23: checks
LifeisagameX: bets $3
aabeatenby23 said, "/"
aabeatenby23: calls $3
*** TURN *** [9s 8h 9d] [8c]
aabeatenby23: checks
LifeisagameX: checks
*** RIVER *** [9s 8h 9d 8c] [8d]
aabeatenby23: checks
LifeisagameX: checks
*** SHOW DOWN ***
aabeatenby23: shows [3c 6s] (a full house, Eights full of Nines)
LifeisagameX: shows [Kd Ts] (a full house, Eights full of Nines)
aabeatenby23 collected $8.82 from pot
LifeisagameX collected $8.82 from pot
*** SUMMARY ***
Total pot $18 | Rake $0.36
Board [9s 8h 9d 8c 8d]
Seat 1: LifeisagameX (button) (small blind) showed [Kd Ts] and won ($8.82) with a full house, Eights full of Nines
Seat 3: aabeatenby23 (big blind) showed [3c 6s] and won ($8.82) with a full house, Eights full of Nines


PokerStars Hand #176682596529:  Hold'em Limit ($3/$6 USD) - 2017/10/09 2:07:08 ET
Table 'Tauntonia' 6-max Seat #1 is the button
Seat 1: LifeisagameX ($84 in chips)
Seat 3: aabeatenby23 ($355.04 in chips)
LifeisagameX: posts small blind $1
aabeatenby23: posts big blind $3
*** HOLE CARDS ***
LifeisagameX: raises $3 to $6
aabeatenby23: raises $3 to $9
LifeisagameX: calls $3
*** FLOP *** [5d 9d Ad]
aabeatenby23: bets $3
LifeisagameX: folds
Uncalled bet ($3) returned to aabeatenby23
aabeatenby23 collected $17.64 from pot
aabeatenby23: doesn't show hand
*** SUMMARY ***
Total pot $18 | Rake $0.36
Board [5d 9d Ad]
Seat 1: LifeisagameX (button) (small blind) folded on the Flop
Seat 3: aabeatenby23 (big blind) collected ($17.64)


PokerStars Hand #176682587748:  Hold'em Limit ($3/$6 USD) - 2017/10/09 2:06:27 ET
Table 'Tauntonia' 6-max Seat #3 is the button
Seat 1: LifeisagameX ($92.08 in chips)
Seat 3: aabeatenby23 ($319.54 in chips)
aabeatenby23: posts small blind $1
LifeisagameX: posts big blind $3
*** HOLE CARDS ***
aabeatenby23: raises $3 to $6
LifeisagameX: raises $3 to $9
aabeatenby23: raises $3 to $12
Betting is capped
LifeisagameX: calls $3
*** FLOP *** [7c 6c 5d]
LifeisagameX: bets $3
aabeatenby23: raises $3 to $6
LifeisagameX: raises $3 to $9
aabeatenby23: raises $3 to $12
Betting is capped
LifeisagameX: calls $3
*** TURN *** [7c 6c 5d] [9s]
LifeisagameX: checks
aabeatenby23: bets $6
LifeisagameX: calls $6
*** RIVER *** [7c 6c 5d 9s] [4s]
LifeisagameX: checks
aabeatenby23: bets $6
LifeisagameX: calls $6
*** SHOW DOWN ***
aabeatenby23: shows [6h 6s] (three of a kind, Sixes)
LifeisagameX: mucks hand
aabeatenby23 collected $71.50 from pot
*** SUMMARY ***
Total pot $72 | Rake $0.50
Board [7c 6c 5d 9s 4s]
Seat 1: LifeisagameX (big blind) mucked
Seat 3: aabeatenby23 (button) (small blind) showed [6h 6s] and won ($71.50) with three of a kind, Sixes


PokerStars Hand #176682608098:  Hold'em Limit ($3/$6 USD) - 2017/10/09 2:08:03 ET
Table 'Tauntonia' 6-max Seat #1 is the button
Seat 1: LifeisagameX ($84 in chips)
Seat 3: aabeatenby23 ($378.18 in chips)
LifeisagameX: posts small blind $1
aabeatenby23: posts big blind $3
*** HOLE CARDS ***
LifeisagameX: folds
Uncalled bet ($2) returned to aabeatenby23
aabeatenby23 collected $2 from pot
aabeatenby23: doesn't show hand
*** SUMMARY ***
Total pot $2 | Rake $0
Seat 1: LifeisagameX (button) (small blind) folded before Flop
Seat 3: aabeatenby23 (big blind) collected ($2)


PokerStars Hand #176682599999:  Hold'em Limit ($3/$6 USD) - 2017/10/09 2:07:24 ET
Table 'Tauntonia' 6-max Seat #3 is the button
Seat 1: LifeisagameX ($84 in chips)
Seat 3: aabeatenby23 ($363.68 in chips)
aabeatenby23: posts small blind $1
LifeisagameX: posts big blind $3
*** HOLE CARDS ***
aabeatenby23: raises $3 to $6
LifeisagameX: calls $3
*** FLOP *** [2c 2s Kc]
LifeisagameX: checks
aabeatenby23: bets $3
LifeisagameX: calls $3
*** TURN *** [2c 2s Kc] [Qs]
LifeisagameX: checks
aabeatenby23: bets $6
LifeisagameX: calls $6
*** RIVER *** [2c 2s Kc Qs] [4s]
LifeisagameX: checks
aabeatenby23: checks
*** SHOW DOWN ***
LifeisagameX: shows [9d Jd] (a pair of Deuces)
aabeatenby23: shows [Tc Ad] (a pair of Deuces - Ace kicker)
aabeatenby23 collected $29.50 from pot
*** SUMMARY ***
Total pot $30 | Rake $0.50
Board [2c 2s Kc Qs 4s]
Seat 1: LifeisagameX (big blind) showed [9d Jd] and lost with a pair of Deuces
Seat 3: aabeatenby23 (button) (small blind) showed [Tc Ad] and won ($29.50) with a pair of Deuces


PokerStars Hand #176682626947:  Hold'em Limit ($3/$6 USD) - 2017/10/09 2:08:49 ET
Table 'Tauntonia' 6-max Seat #3 is the button
Seat 1: LifeisagameX ($84 in chips)
Seat 3: aabeatenby23 ($400.68 in chips)
aabeatenby23: posts small blind $1
LifeisagameX: posts big blind $3
*** HOLE CARDS ***
aabeatenby23: raises $3 to $6
LifeisagameX: calls $3
*** FLOP *** [2d Ks 5d]
LifeisagameX: checks
aabeatenby23: bets $3
LifeisagameX: calls $3
*** TURN *** [2d Ks 5d] [9d]
LifeisagameX: checks
aabeatenby23: bets $6
LifeisagameX: calls $6
*** RIVER *** [2d Ks 5d 9d] [Qd]
LifeisagameX: checks
aabeatenby23: checks
*** SHOW DOWN ***
LifeisagameX: shows [6s 5c] (a pair of Fives)
aabeatenby23: shows [7d 8d] (a flush, Queen high)
aabeatenby23 collected $29.50 from pot
*** SUMMARY ***
Total pot $30 | Rake $0.50
Board [2d Ks 5d 9d Qd]
Seat 1: LifeisagameX (big blind) showed [6s 5c] and lost with a pair of Fives
Seat 3: aabeatenby23 (button) (small blind) showed [7d 8d] and won ($29.50) with a flush, Queen high


PokerStars Hand #176682625693:  Hold'em Limit ($3/$6 USD) - 2017/10/09 2:08:43 ET
Table 'Tauntonia' 6-max Seat #1 is the button
Seat 1: LifeisagameX ($84 in chips)
Seat 3: aabeatenby23 ($399.68 in chips)
LifeisagameX: posts small blind $1
aabeatenby23: posts big blind $3
*** HOLE CARDS ***
LifeisagameX: folds
Uncalled bet ($2) returned to aabeatenby23
aabeatenby23 collected $2 from pot
aabeatenby23: doesn't show hand
*** SUMMARY ***
Total pot $2 | Rake $0
Seat 1: LifeisagameX (button) (small blind) folded before Flop
Seat 3: aabeatenby23 (big blind) collected ($2)


PokerStars Hand #176682609287:  Hold'em Limit ($3/$6 USD) - 2017/10/09 2:08:08 ET
Table 'Tauntonia' 6-max Seat #3 is the button
Seat 1: LifeisagameX ($84 in chips)
Seat 3: aabeatenby23 ($379.18 in chips)
aabeatenby23: posts small blind $1
LifeisagameX: posts big blind $3
*** HOLE CARDS ***
aabeatenby23: raises $3 to $6
LifeisagameX: raises $3 to $9
aabeatenby23: raises $3 to $12
Betting is capped
LifeisagameX: calls $3
*** FLOP *** [Ts 9s 6s]
LifeisagameX: checks
aabeatenby23: bets $3
LifeisagameX: calls $3
*** TURN *** [Ts 9s 6s] [6c]
LifeisagameX: checks
aabeatenby23: bets $6
LifeisagameX: calls $6
*** RIVER *** [Ts 9s 6s 6c] [Js]
LifeisagameX: checks
aabeatenby23: bets $6
LifeisagameX: folds
Uncalled bet ($6) returned to aabeatenby23
aabeatenby23 collected $41.50 from pot
aabeatenby23: doesn't show hand
*** SUMMARY ***
Total pot $42 | Rake $0.50
Board [Ts 9s 6s 6c Js]
Seat 1: LifeisagameX (big blind) folded on the River
Seat 3: aabeatenby23 (button) (small blind) collected ($41.50)


PokerStars Hand #176682643078:  Hold'em Limit ($3/$6 USD) - 2017/10/09 2:10:04 ET
Table 'Tauntonia' 6-max Seat #1 is the button
Seat 1: LifeisagameX ($85 in chips)
Seat 3: aabeatenby23 ($431.68 in chips)
LifeisagameX: posts small blind $1
aabeatenby23: posts big blind $3
*** HOLE CARDS ***
LifeisagameX: raises $3 to $6
aabeatenby23: raises $3 to $9
LifeisagameX: calls $3
*** FLOP *** [2h Ad Th]
aabeatenby23: bets $3
LifeisagameX: calls $3
*** TURN *** [2h Ad Th] [Qs]
aabeatenby23: bets $6
LifeisagameX: calls $6
*** RIVER *** [2h Ad Th Qs] [Jc]
aabeatenby23: bets $6
LifeisagameX: calls $6
*** SHOW DOWN ***
aabeatenby23: shows [Ah Js] (two pair, Aces and Jacks)
LifeisagameX: mucks hand
aabeatenby23 collected $47.50 from pot
*** SUMMARY ***
Total pot $48 | Rake $0.50
Board [2h Ad Th Qs Jc]
Seat 1: LifeisagameX (button) (small blind) mucked
Seat 3: aabeatenby23 (big blind) showed [Ah Js] and won ($47.50) with two pair, Aces and Jacks


PokerStars Hand #176682641820:  Hold'em Limit ($3/$6 USD) - 2017/10/09 2:09:58 ET
Table 'Tauntonia' 6-max Seat #3 is the button
Seat 1: LifeisagameX ($84 in chips)
Seat 3: aabeatenby23 ($432.68 in chips)
aabeatenby23: posts small blind $1
LifeisagameX: posts big blind $3
*** HOLE CARDS ***
aabeatenby23: folds
Uncalled bet ($2) returned to LifeisagameX
LifeisagameX collected $2 from pot
LifeisagameX: doesn't show hand
*** SUMMARY ***
Total pot $2 | Rake $0
Seat 1: LifeisagameX (big blind) collected ($2)
Seat 3: aabeatenby23 (button) (small blind) folded before Flop


PokerStars Hand #176682634897:  Hold'em Limit ($3/$6 USD) - 2017/10/09 2:09:26 ET
Table 'Tauntonia' 6-max Seat #1 is the button
Seat 1: LifeisagameX ($84 in chips)
Seat 3: aabeatenby23 ($415.18 in chips)
LifeisagameX: posts small blind $1
aabeatenby23: posts big blind $3
*** HOLE CARDS ***
LifeisagameX: raises $3 to $6
aabeatenby23: raises $3 to $9
LifeisagameX: calls $3
*** FLOP *** [6h 9d 9c]
aabeatenby23: bets $3
LifeisagameX: calls $3
*** TURN *** [6h 9d 9c] [2c]
aabeatenby23: bets $6
LifeisagameX: calls $6
*** RIVER *** [6h 9d 9c 2c] [5s]
aabeatenby23: bets $6
LifeisagameX: folds
Uncalled bet ($6) returned to aabeatenby23
aabeatenby23 collected $35.50 from pot
aabeatenby23: doesn't show hand
*** SUMMARY ***
Total pot $36 | Rake $0.50
Board [6h 9d 9c 2c 5s]
Seat 1: LifeisagameX (button) (small blind) folded on the River
Seat 3: aabeatenby23 (big blind) collected ($35.50)


PokerStars Hand #176682648574:  Hold'em Limit ($3/$6 USD) - 2017/10/09 2:10:30 ET
Table 'Tauntonia' 6-max Seat #3 is the button
Seat 1: LifeisagameX ($84 in chips)
Seat 3: aabeatenby23 ($455.18 in chips)
aabeatenby23: posts small blind $1
LifeisagameX: posts big blind $3
*** HOLE CARDS ***
aabeatenby23: raises $3 to $6
LifeisagameX: folds
Uncalled bet ($3) returned to aabeatenby23
aabeatenby23 collected $6 from pot
aabeatenby23: doesn't show hand
*** SUMMARY ***
Total pot $6 | Rake $0
Seat 1: LifeisagameX (big blind) folded before Flop
Seat 3: aabeatenby23 (button) (small blind) collected ($6)


PokerStars Hand #176682651095:  Hold'em Limit ($3/$6 USD) - 2017/10/09 2:10:41 ET
Table 'Tauntonia' 6-max Seat #1 is the button
Seat 1: LifeisagameX ($84 in chips)
Seat 3: aabeatenby23 ($458.18 in chips)
LifeisagameX: posts small blind $1
aabeatenby23: posts big blind $3
*** HOLE CARDS ***
LifeisagameX: raises $3 to $6
aabeatenby23: raises $3 to $9
LifeisagameX: calls $3
*** FLOP *** [Th 3d 6s]
aabeatenby23: bets $3
LifeisagameX: calls $3
*** TURN *** [Th 3d 6s] [6h]
aabeatenby23: bets $6
LifeisagameX: folds
Uncalled bet ($6) returned to aabeatenby23
aabeatenby23 collected $23.52 from pot
aabeatenby23: doesn't show hand
*** SUMMARY ***
Total pot $24 | Rake $0.48
Board [Th 3d 6s 6h]
Seat 1: LifeisagameX (button) (small blind) folded on the Turn
Seat 3: aabeatenby23 (big blind) collected ($23.52)


PokerStars Hand #176682662488:  Hold'em Limit ($3/$6 USD) - 2017/10/09 2:11:34 ET
Table 'Tauntonia' 6-max Seat #1 is the button
Seat 1: LifeisagameX ($84 in chips)
Seat 3: aabeatenby23 ($493.20 in chips)
LifeisagameX: posts small blind $1
aabeatenby23: posts big blind $3
*** HOLE CARDS ***
LifeisagameX: raises $3 to $6
aabeatenby23: raises $3 to $9
LifeisagameX: calls $3
*** FLOP *** [9d 4d 2s]
aabeatenby23: bets $3
LifeisagameX: calls $3
*** TURN *** [9d 4d 2s] [Ks]
aabeatenby23: bets $6
LifeisagameX: raises $6 to $12
aabeatenby23: calls $6
*** RIVER *** [9d 4d 2s Ks] [Ah]
aabeatenby23: checks
LifeisagameX: checks
*** SHOW DOWN ***
aabeatenby23: shows [5d 5c] (a pair of Fives)
LifeisagameX: shows [Kc 8s] (a pair of Kings)
LifeisagameX collected $47.50 from pot
*** SUMMARY ***
Total pot $48 | Rake $0.50
Board [9d 4d 2s Ks Ah]
Seat 1: LifeisagameX (button) (small blind) showed [Kc 8s] and won ($47.50) with a pair of Kings
Seat 3: aabeatenby23 (big blind) showed [5d 5c] and lost with a pair of Fives


PokerStars Hand #176682655129:  Hold'em Limit ($3/$6 USD) - 2017/10/09 2:11:00 ET
Table 'Tauntonia' 6-max Seat #3 is the button
Seat 1: LifeisagameX ($84 in chips)
Seat 3: aabeatenby23 ($469.70 in chips)
aabeatenby23: posts small blind $1
LifeisagameX: posts big blind $3
*** HOLE CARDS ***
aabeatenby23: raises $3 to $6
LifeisagameX: calls $3
*** FLOP *** [9c 2h 4s]
LifeisagameX: checks
aabeatenby23: bets $3
LifeisagameX: raises $3 to $6
aabeatenby23: calls $3
*** TURN *** [9c 2h 4s] [Ac]
LifeisagameX: checks
aabeatenby23: bets $6
LifeisagameX: calls $6
*** RIVER *** [9c 2h 4s Ac] [8d]
LifeisagameX: checks
karambakilla joins the table at seat #4
aabeatenby23: bets $6
LifeisagameX: calls $6
*** SHOW DOWN ***
aabeatenby23: shows [Td Ah] (a pair of Aces)
LifeisagameX: mucks hand
aabeatenby23 collected $47.50 from pot
*** SUMMARY ***
Total pot $48 | Rake $0.50
Board [9c 2h 4s Ac 8d]
Seat 1: LifeisagameX (big blind) mucked
Seat 3: aabeatenby23 (button) (small blind) showed [Td Ah] and won ($47.50) with a pair of Aces


PokerStars Hand #176682679676:  Hold'em Limit ($3/$6 USD) - 2017/10/09 2:12:55 ET
Table 'Tauntonia' 6-max Seat #4 is the button
Seat 3: aabeatenby23 ($477.45 in chips)
Seat 4: karambakilla ($123.61 in chips)
karambakilla: posts small blind $1
aabeatenby23: posts big blind $3
*** HOLE CARDS ***
karambakilla: folds
Uncalled bet ($2) returned to aabeatenby23
aabeatenby23 collected $2 from pot
aabeatenby23: doesn't show hand
*** SUMMARY ***
Total pot $2 | Rake $0
Seat 3: aabeatenby23 (big blind) collected ($2)
Seat 4: karambakilla (button) (small blind) folded before Flop


PokerStars Hand #176682677720:  Hold'em Limit ($3/$6 USD) - 2017/10/09 2:12:46 ET
Table 'Tauntonia' 6-max Seat #3 is the button
Seat 3: aabeatenby23 ($474.45 in chips)
Seat 4: karambakilla ($126.61 in chips)
aabeatenby23: posts small blind $1
karambakilla: posts big blind $3
*** HOLE CARDS ***
aabeatenby23: raises $3 to $6
karambakilla: folds
Uncalled bet ($3) returned to aabeatenby23
aabeatenby23 collected $6 from pot
aabeatenby23: doesn't show hand
*** SUMMARY ***
Total pot $6 | Rake $0
Seat 3: aabeatenby23 (button) (small blind) collected ($6)
Seat 4: karambakilla (big blind) folded before Flop


PokerStars Hand #176682680788:  Hold'em Limit ($3/$6 USD) - 2017/10/09 2:13:00 ET
Table 'Tauntonia' 6-max Seat #3 is the button
Seat 3: aabeatenby23 ($478.45 in chips)
Seat 4: karambakilla ($122.61 in chips)
aabeatenby23: posts small blind $1
karambakilla: posts big blind $3
*** HOLE CARDS ***
aabeatenby23: raises $3 to $6
karambakilla: folds
Uncalled bet ($3) returned to aabeatenby23
aabeatenby23 collected $6 from pot
aabeatenby23: doesn't show hand
*** SUMMARY ***
Total pot $6 | Rake $0
Seat 3: aabeatenby23 (button) (small blind) collected ($6)
Seat 4: karambakilla (big blind) folded before Flop


PokerStars Hand #176682689618:  Hold'em Limit ($3/$6 USD) - 2017/10/09 2:13:41 ET
Table 'Tauntonia' 6-max Seat #3 is the button
Seat 3: aabeatenby23 ($498.95 in chips)
Seat 4: karambakilla ($101.61 in chips)
aabeatenby23: posts small blind $1
karambakilla: posts big blind $3
*** HOLE CARDS ***
aabeatenby23: raises $3 to $6
karambakilla: calls $3
*** FLOP *** [Ah Th 2s]
karambakilla: checks
aabeatenby23: bets $3
karambakilla: raises $3 to $6
aabeatenby23: folds
Uncalled bet ($3) returned to karambakilla
karambakilla collected $17.64 from pot
karambakilla: doesn't show hand
*** SUMMARY ***
Total pot $18 | Rake $0.36
Board [Ah Th 2s]
Seat 3: aabeatenby23 (button) (small blind) folded on the Flop
Seat 4: karambakilla (big blind) collected ($17.64)


PokerStars Hand #176682683694:  Hold'em Limit ($3/$6 USD) - 2017/10/09 2:13:14 ET
Table 'Tauntonia' 6-max Seat #4 is the button
Seat 3: aabeatenby23 ($481.45 in chips)
Seat 4: karambakilla ($119.61 in chips)
C-bet-safira joins the table at seat #2
karambakilla: posts small blind $1
aabeatenby23: posts big blind $3
*** HOLE CARDS ***
karambakilla: raises $3 to $6
aabeatenby23: raises $3 to $9
Fabulous108 joins the table at seat #5
karambakilla: calls $3
*** FLOP *** [As Kc Qs]
aabeatenby23: bets $3
karambakilla: calls $3
*** TURN *** [As Kc Qs] [9h]
aabeatenby23: bets $6
karambakilla: calls $6
*** RIVER *** [As Kc Qs 9h] [3d]
aabeatenby23: bets $6
karambakilla: folds
Uncalled bet ($6) returned to aabeatenby23
aabeatenby23 collected $35.50 from pot
aabeatenby23: doesn't show hand
*** SUMMARY ***
Total pot $36 | Rake $0.50
Board [As Kc Qs 9h 3d]
Seat 3: aabeatenby23 (big blind) collected ($35.50)
Seat 4: karambakilla (button) (small blind) folded on the River


PokerStars Hand #176682762524:  Hold'em Limit ($3/$6 USD) - 2017/10/09 2:19:17 ET
Table 'Tauntonia' 6-max Seat #5 is the button
Seat 4: karambakilla ($99.18 in chips)
Seat 5: Fabulous108 ($195.51 in chips)
Fabulous108: posts small blind $1
karambakilla: posts big blind $3
*** HOLE CARDS ***
Fabulous108: raises $3 to $6
karambakilla: folds
Uncalled bet ($3) returned to Fabulous108
Fabulous108 collected $6 from pot
Fabulous108: doesn't show hand
*** SUMMARY ***
Total pot $6 | Rake $0
Seat 4: karambakilla (big blind) folded before Flop
Seat 5: Fabulous108 (button) (small blind) collected ($6)


PokerStars Hand #176682761571:  Hold'em Limit ($3/$6 USD) - 2017/10/09 2:19:13 ET
Table 'Tauntonia' 6-max Seat #4 is the button
Seat 4: karambakilla ($100.18 in chips)
Seat 5: Fabulous108 ($194.51 in chips)
karambakilla: posts small blind $1
Fabulous108: posts big blind $3
*** HOLE CARDS ***
karambakilla: folds
Uncalled bet ($2) returned to Fabulous108
Fabulous108 collected $2 from pot
Fabulous108: doesn't show hand
*** SUMMARY ***
Total pot $2 | Rake $0
Seat 4: karambakilla (button) (small blind) folded before Flop
Seat 5: Fabulous108 (big blind) collected ($2)


PokerStars Hand #176682764817:  Hold'em Limit ($3/$6 USD) - 2017/10/09 2:19:28 ET
Table 'Tauntonia' 6-max Seat #5 is the button
Seat 4: karambakilla ($95.18 in chips)
Seat 5: Fabulous108 ($199.51 in chips)
Fabulous108: posts small blind $1
karambakilla: posts big blind $3
*** HOLE CARDS ***
Fabulous108: raises $3 to $6
karambakilla: folds
Uncalled bet ($3) returned to Fabulous108
Fabulous108 collected $6 from pot
Fabulous108: doesn't show hand
*** SUMMARY ***
Total pot $6 | Rake $0
Seat 4: karambakilla (big blind) folded before Flop
Seat 5: Fabulous108 (button) (small blind) collected ($6)


PokerStars Hand #176682763795:  Hold'em Limit ($3/$6 USD) - 2017/10/09 2:19:23 ET
Table 'Tauntonia' 6-max Seat #4 is the button
Seat 4: karambakilla ($96.18 in chips)
Seat 5: Fabulous108 ($198.51 in chips)
karambakilla: posts small blind $1
Fabulous108: posts big blind $3
*** HOLE CARDS ***
karambakilla: folds
Uncalled bet ($2) returned to Fabulous108
Fabulous108 collected $2 from pot
Fabulous108: doesn't show hand
*** SUMMARY ***
Total pot $2 | Rake $0
Seat 4: karambakilla (button) (small blind) folded before Flop
Seat 5: Fabulous108 (big blind) collected ($2)


PokerStars Hand #176682752001:  Hold'em Limit ($3/$6 USD) - 2017/10/09 2:18:29 ET
Table 'Tauntonia' 6-max Seat #4 is the button
Seat 4: karambakilla ($127.18 in chips)
Seat 5: Fabulous108 ($168.49 in chips)
karambakilla: posts small blind $1
Fabulous108: posts big blind $3
*** HOLE CARDS ***
karambakilla: raises $3 to $6
Fabulous108: calls $3
*** FLOP *** [7c 3s Qd]
Fabulous108: checks
karambakilla: bets $3
Fabulous108: calls $3
*** TURN *** [7c 3s Qd] [6c]
Fabulous108: checks
karambakilla: checks
*** RIVER *** [7c 3s Qd 6c] [4h]
Fabulous108: bets $6
karambakilla: calls $6
*** SHOW DOWN ***
Fabulous108: shows [Ac 6d] (a pair of Sixes)
karambakilla: mucks hand
Fabulous108 collected $29.50 from pot
*** SUMMARY ***
Total pot $30 | Rake $0.50
Board [7c 3s Qd 6c 4h]
Seat 4: karambakilla (button) (small blind) mucked
Seat 5: Fabulous108 (big blind) showed [Ac 6d] and won ($29.50) with a pair of Sixes


PokerStars Hand #176682757227:  Hold'em Limit ($3/$6 USD) - 2017/10/09 2:18:53 ET
Table 'Tauntonia' 6-max Seat #5 is the button
Seat 4: karambakilla ($112.18 in chips)
Seat 5: Fabulous108 ($182.99 in chips)
Fabulous108: posts small blind $1
karambakilla: posts big blind $3
*** HOLE CARDS ***
Fabulous108: raises $3 to $6
karambakilla: calls $3
*** FLOP *** [5d Qh Ts]
karambakilla: checks
Fabulous108: bets $3
karambakilla: raises $3 to $6
Fabulous108: calls $3
*** TURN *** [5d Qh Ts] [3c]
karambakilla: checks
Fabulous108: bets $6
karambakilla: folds
Uncalled bet ($6) returned to Fabulous108
Fabulous108 collected $23.52 from pot
Fabulous108: doesn't show hand
*** SUMMARY ***
Total pot $24 | Rake $0.48
Board [5d Qh Ts 3c]
Seat 4: karambakilla (big blind) folded on the Turn
Seat 5: Fabulous108 (button) (small blind) collected ($23.52)


PokerStars Hand #176682767706:  Hold'em Limit ($3/$6 USD) - 2017/10/09 2:19:41 ET
Table 'Tauntonia' 6-max Seat #5 is the button
Seat 4: karambakilla ($95.18 in chips)
Seat 5: Fabulous108 ($199.51 in chips)
Fabulous108: posts small blind $1
karambakilla: posts big blind $3
*** HOLE CARDS ***
Fabulous108: raises $3 to $6
karambakilla: folds
Uncalled bet ($3) returned to Fabulous108
Fabulous108 collected $6 from pot
Fabulous108: doesn't show hand
*** SUMMARY ***
Total pot $6 | Rake $0
Seat 4: karambakilla (big blind) folded before Flop
Seat 5: Fabulous108 (button) (small blind) collected ($6)


PokerStars Hand #176682766420:  Hold'em Limit ($3/$6 USD) - 2017/10/09 2:19:35 ET
Table 'Tauntonia' 6-max Seat #4 is the button
Seat 4: karambakilla ($92.18 in chips)
Seat 5: Fabulous108 ($202.51 in chips)
karambakilla: posts small blind $1
Fabulous108: posts big blind $3
*** HOLE CARDS ***
karambakilla: raises $3 to $6
Fabulous108: folds
Uncalled bet ($3) returned to karambakilla
karambakilla collected $6 from pot
karambakilla: doesn't show hand
*** SUMMARY ***
Total pot $6 | Rake $0
Seat 4: karambakilla (button) (small blind) collected ($6)
Seat 5: Fabulous108 (big blind) folded before Flop


