PokerStars Hand #163535812060:  Hold'em Limit ($3/$6 USD) - 2016/12/26 4:25:50 ET
Table 'Tauntonia II' 6-max Seat #2 is the button
Seat 2: Krazy90 ($120 in chips)
Seat 6: psycopato ($54.76 in chips)
Krazy90: posts small blind $1
psycopato: posts big blind $3
*** HOLE CARDS ***
Krazy90: raises $3 to $6
psycopato: folds
Uncalled bet ($3) returned to Krazy90
Krazy90 collected $6 from pot
Krazy90: doesn't show hand
LifeisagameX leaves the table
*** SUMMARY ***
Total pot $6 | Rake $0
Seat 2: Krazy90 (button) (small blind) collected ($6)
Seat 6: psycopato (big blind) folded before Flop


PokerStars Hand #163535786022:  Hold'em Limit ($3/$6 USD) - 2016/12/26 4:24:44 ET
Table 'Tauntonia II' 6-max Seat #6 is the button
Seat 1: LifeisagameX ($84 in chips)
Seat 6: psycopato ($49 in chips)
psycopato: posts small blind $1
LifeisagameX: posts big blind $3
*** HOLE CARDS ***
psycopato: calls $2
LifeisagameX: checks
*** FLOP *** [3h 2s 6d]
LifeisagameX: checks
psycopato: bets $3
LifeisagameX: calls $3
*** TURN *** [3h 2s 6d] [5d]
Krazy90 joins the table at seat #2
LifeisagameX: checks
psycopato: bets $6
LifeisagameX: folds
Uncalled bet ($6) returned to psycopato
psycopato collected $11.76 from pot
psycopato: doesn't show hand
*** SUMMARY ***
Total pot $12 | Rake $0.24
Board [3h 2s 6d 5d]
Seat 1: LifeisagameX (big blind) folded on the Turn
Seat 6: psycopato (button) (small blind) collected ($11.76)


PokerStars Hand #163535815978:  Hold'em Limit ($3/$6 USD) - 2016/12/26 4:26:00 ET
Table 'Tauntonia II' 6-max Seat #6 is the button
Seat 2: Krazy90 ($123 in chips)
Seat 6: psycopato ($51.76 in chips)
psycopato: posts small blind $1
Krazy90: posts big blind $3
*** HOLE CARDS ***
psycopato: folds
Uncalled bet ($2) returned to Krazy90
Krazy90 collected $2 from pot
Krazy90: doesn't show hand
*** SUMMARY ***
Total pot $2 | Rake $0
Seat 2: Krazy90 (big blind) collected ($2)
Seat 6: psycopato (button) (small blind) folded before Flop


PokerStars Hand #163535818541:  Hold'em Limit ($3/$6 USD) - 2016/12/26 4:26:06 ET
Table 'Tauntonia II' 6-max Seat #2 is the button
Seat 2: Krazy90 ($124 in chips)
Seat 6: psycopato ($50.76 in chips)
Krazy90: posts small blind $1
psycopato: posts big blind $3
*** HOLE CARDS ***
Krazy90: raises $3 to $6
psycopato: raises $3 to $9
Krazy90: calls $3
*** FLOP *** [Tc 3c Jh]
psycopato: bets $3
Krazy90: folds
Uncalled bet ($3) returned to psycopato
psycopato collected $17.64 from pot
psycopato: doesn't show hand
*** SUMMARY ***
Total pot $18 | Rake $0.36
Board [Tc 3c Jh]
Seat 2: Krazy90 (button) (small blind) folded on the Flop
Seat 6: psycopato (big blind) collected ($17.64)


PokerStars Hand #163535830558:  Hold'em Limit ($3/$6 USD) - 2016/12/26 4:26:36 ET
Table 'Tauntonia II' 6-max Seat #2 is the button
Seat 2: Krazy90 ($120 in chips)
Seat 6: psycopato ($65.16 in chips)
Krazy90: posts small blind $1
psycopato: posts big blind $3
*** HOLE CARDS ***
Krazy90: raises $3 to $6
psycopato: folds
Uncalled bet ($3) returned to Krazy90
Krazy90 collected $6 from pot
Krazy90: doesn't show hand
*** SUMMARY ***
Total pot $6 | Rake $0
Seat 2: Krazy90 (button) (small blind) collected ($6)
Seat 6: psycopato (big blind) folded before Flop


PokerStars Hand #163535825223:  Hold'em Limit ($3/$6 USD) - 2016/12/26 4:26:23 ET
Table 'Tauntonia II' 6-max Seat #6 is the button
Seat 2: Krazy90 ($120 in chips)
Seat 6: psycopato ($59.40 in chips)
psycopato: posts small blind $1
Krazy90: posts big blind $3
*** HOLE CARDS ***
psycopato: raises $3 to $6
Krazy90: calls $3
*** FLOP *** [Kc 3c 9c]
Krazy90: checks
psycopato: bets $3
Krazy90: folds
Uncalled bet ($3) returned to psycopato
psycopato collected $11.76 from pot
psycopato: doesn't show hand
*** SUMMARY ***
Total pot $12 | Rake $0.24
Board [Kc 3c 9c]
Seat 2: Krazy90 (big blind) folded on the Flop
Seat 6: psycopato (button) (small blind) collected ($11.76)


PokerStars Hand #163535833012:  Hold'em Limit ($3/$6 USD) - 2016/12/26 4:26:42 ET
Table 'Tauntonia II' 6-max Seat #6 is the button
Seat 2: Krazy90 ($123 in chips)
Seat 6: psycopato ($62.16 in chips)
psycopato: posts small blind $1
Krazy90: posts big blind $3
*** HOLE CARDS ***
psycopato: folds
Uncalled bet ($2) returned to Krazy90
Krazy90 collected $2 from pot
Krazy90: doesn't show hand
*** SUMMARY ***
Total pot $2 | Rake $0
Seat 2: Krazy90 (big blind) collected ($2)
Seat 6: psycopato (button) (small blind) folded before Flop


PokerStars Hand #163535835719:  Hold'em Limit ($3/$6 USD) - 2016/12/26 4:26:49 ET
Table 'Tauntonia II' 6-max Seat #2 is the button
Seat 2: Krazy90 ($124 in chips)
Seat 6: psycopato ($61.16 in chips)
Krazy90: posts small blind $1
psycopato: posts big blind $3
*** HOLE CARDS ***
Krazy90: raises $3 to $6
psycopato: calls $3
*** FLOP *** [Tc 5s 9h]
psycopato: checks
Krazy90: bets $3
psycopato: raises $3 to $6
Krazy90: folds
Uncalled bet ($3) returned to psycopato
psycopato collected $17.64 from pot
psycopato: doesn't show hand
*** SUMMARY ***
Total pot $18 | Rake $0.36
Board [Tc 5s 9h]
Seat 2: Krazy90 (button) (small blind) folded on the Flop
Seat 6: psycopato (big blind) collected ($17.64)


PokerStars Hand #163535860178:  Hold'em Limit ($3/$6 USD) - 2016/12/26 4:27:50 ET
Table 'Tauntonia II' 6-max Seat #6 is the button
Seat 2: Krazy90 ($143.50 in chips)
Seat 6: psycopato ($54.44 in chips)
psycopato: posts small blind $1
Krazy90: posts big blind $3
*** HOLE CARDS ***
psycopato: folds
Uncalled bet ($2) returned to Krazy90
Krazy90 collected $2 from pot
Krazy90: doesn't show hand
*** SUMMARY ***
Total pot $2 | Rake $0
Seat 2: Krazy90 (big blind) collected ($2)
Seat 6: psycopato (button) (small blind) folded before Flop


PokerStars Hand #163535848640:  Hold'em Limit ($3/$6 USD) - 2016/12/26 4:27:21 ET
Table 'Tauntonia II' 6-max Seat #2 is the button
Seat 2: Krazy90 ($120 in chips)
Seat 6: psycopato ($78.44 in chips)
Krazy90: posts small blind $1
psycopato: posts big blind $3
*** HOLE CARDS ***
Krazy90: raises $3 to $6
psycopato: raises $3 to $9
Krazy90: calls $3
*** FLOP *** [5c Jc 8s]
psycopato: bets $3
Krazy90: calls $3
*** TURN *** [5c Jc 8s] [Qh]
psycopato: bets $6
Krazy90: raises $6 to $12
psycopato: calls $6
*** RIVER *** [5c Jc 8s Qh] [Th]
psycopato: checks
Krazy90: bets $6
psycopato: folds
Uncalled bet ($6) returned to Krazy90
Krazy90 collected $47.50 from pot
Krazy90: doesn't show hand
*** SUMMARY ***
Total pot $48 | Rake $0.50
Board [5c Jc 8s Qh Th]
Seat 2: Krazy90 (button) (small blind) collected ($47.50)
Seat 6: psycopato (big blind) folded on the River


PokerStars Hand #163535841634:  Hold'em Limit ($3/$6 USD) - 2016/12/26 4:27:04 ET
Table 'Tauntonia II' 6-max Seat #6 is the button
Seat 2: Krazy90 ($120 in chips)
Seat 6: psycopato ($69.80 in chips)
psycopato: posts small blind $1
Krazy90: posts big blind $3
*** HOLE CARDS ***
psycopato: calls $2
Krazy90: raises $3 to $6
psycopato: calls $3
*** FLOP *** [Qc 9s 2s]
Krazy90: bets $3
psycopato: calls $3
*** TURN *** [Qc 9s 2s] [7c]
Krazy90: checks
psycopato: bets $6
Krazy90: folds
Uncalled bet ($6) returned to psycopato
psycopato collected $17.64 from pot
psycopato: doesn't show hand
*** SUMMARY ***
Total pot $18 | Rake $0.36
Board [Qc 9s 2s 7c]
Seat 2: Krazy90 (big blind) folded on the Turn
Seat 6: psycopato (button) (small blind) collected ($17.64)


PokerStars Hand #163535862277:  Hold'em Limit ($3/$6 USD) - 2016/12/26 4:27:56 ET
Table 'Tauntonia II' 6-max Seat #2 is the button
Seat 2: Krazy90 ($144.50 in chips)
Seat 6: psycopato ($53.44 in chips)
Krazy90: posts small blind $1
psycopato: posts big blind $3
*** HOLE CARDS ***
Krazy90: raises $3 to $6
psycopato: calls $3
*** FLOP *** [Tc Ts Td]
psycopato: checks
Krazy90: bets $3
psycopato: raises $3 to $6
Krazy90: folds
Uncalled bet ($3) returned to psycopato
psycopato collected $17.64 from pot
psycopato: doesn't show hand
*** SUMMARY ***
Total pot $18 | Rake $0.36
Board [Tc Ts Td]
Seat 2: Krazy90 (button) (small blind) folded on the Flop
Seat 6: psycopato (big blind) collected ($17.64)


PokerStars Hand #163535882170:  Hold'em Limit ($3/$6 USD) - 2016/12/26 4:28:46 ET
Table 'Tauntonia II' 6-max Seat #6 is the button
Seat 2: Krazy90 ($149.90 in chips)
Seat 6: psycopato ($47.08 in chips)
psycopato: posts small blind $1
Krazy90: posts big blind $3
*** HOLE CARDS ***
psycopato: folds
Uncalled bet ($2) returned to Krazy90
Krazy90 collected $2 from pot
Krazy90: doesn't show hand
*** SUMMARY ***
Total pot $2 | Rake $0
Seat 2: Krazy90 (big blind) collected ($2)
Seat 6: psycopato (button) (small blind) folded before Flop


PokerStars Hand #163535876554:  Hold'em Limit ($3/$6 USD) - 2016/12/26 4:28:31 ET
Table 'Tauntonia II' 6-max Seat #2 is the button
Seat 2: Krazy90 ($144.14 in chips)
Seat 6: psycopato ($53.08 in chips)
Krazy90: posts small blind $1
psycopato: posts big blind $3
*** HOLE CARDS ***
Krazy90: raises $3 to $6
psycopato: calls $3
*** FLOP *** [Kd 4d 3h]
psycopato: checks
Krazy90: bets $3
psycopato: folds
Uncalled bet ($3) returned to Krazy90
Krazy90 collected $11.76 from pot
Krazy90: doesn't show hand
*** SUMMARY ***
Total pot $12 | Rake $0.24
Board [Kd 4d 3h]
Seat 2: Krazy90 (button) (small blind) collected ($11.76)
Seat 6: psycopato (big blind) folded on the Flop


PokerStars Hand #163535869843:  Hold'em Limit ($3/$6 USD) - 2016/12/26 4:28:15 ET
Table 'Tauntonia II' 6-max Seat #6 is the button
Seat 2: Krazy90 ($135.50 in chips)
Seat 6: psycopato ($62.08 in chips)
psycopato: posts small blind $1
Krazy90: posts big blind $3
*** HOLE CARDS ***
psycopato: raises $3 to $6
Krazy90: raises $3 to $9
psycopato: calls $3
*** FLOP *** [8d 4s 6d]
Krazy90: bets $3
psycopato: folds
Uncalled bet ($3) returned to Krazy90
Krazy90 collected $17.64 from pot
Krazy90: doesn't show hand
*** SUMMARY ***
Total pot $18 | Rake $0.36
Board [8d 4s 6d]
Seat 2: Krazy90 (big blind) collected ($17.64)
Seat 6: psycopato (button) (small blind) folded on the Flop


PokerStars Hand #163535884534:  Hold'em Limit ($3/$6 USD) - 2016/12/26 4:28:52 ET
Table 'Tauntonia II' 6-max Seat #2 is the button
Seat 2: Krazy90 ($150.90 in chips)
Seat 6: psycopato ($46.08 in chips)
Krazy90: posts small blind $1
psycopato: posts big blind $3
*** HOLE CARDS ***
Krazy90: raises $3 to $6
psycopato: raises $3 to $9
Krazy90: calls $3
*** FLOP *** [Qs Jc 4s]
psycopato: bets $3
SALZHERZ joins the table at seat #3
Krazy90: folds
Uncalled bet ($3) returned to psycopato
psycopato collected $17.64 from pot
psycopato: doesn't show hand
*** SUMMARY ***
Total pot $18 | Rake $0.36
Board [Qs Jc 4s]
Seat 2: Krazy90 (button) (small blind) folded on the Flop
Seat 6: psycopato (big blind) collected ($17.64)


PokerStars Hand #163535894689:  Hold'em Limit ($3/$6 USD) - 2016/12/26 4:29:17 ET
Table 'Tauntonia II' 6-max Seat #6 is the button
Seat 2: Krazy90 ($141.90 in chips)
Seat 6: psycopato ($54.72 in chips)
psycopato: posts small blind $1
Krazy90: posts big blind $3
*** HOLE CARDS ***
psycopato: raises $3 to $6
Krazy90: calls $3
*** FLOP *** [Kc 3d 7h]
Krazy90: checks
psycopato: bets $3
Krazy90: folds
Uncalled bet ($3) returned to psycopato
psycopato collected $11.76 from pot
psycopato: doesn't show hand
*** SUMMARY ***
Total pot $12 | Rake $0.24
Board [Kc 3d 7h]
Seat 2: Krazy90 (big blind) folded on the Flop
Seat 6: psycopato (button) (small blind) collected ($11.76)


PokerStars Hand #163540420578:  Hold'em Limit ($3/$6 USD) - 2016/12/26 7:04:51 ET
Table 'Tauntonia II' 6-max Seat #4 is the button
Seat 4: afghan_321 ($266.51 in chips)
Seat 6: craaa ($124.43 in chips)
Krazy90 will be allowed to play after the button
afghan_321: posts small blind $1
craaa: posts big blind $3
*** HOLE CARDS ***
afghan_321: raises $3 to $6
craaa: folds
Uncalled bet ($3) returned to afghan_321
afghan_321 collected $6 from pot
*** SUMMARY ***
Total pot $6 | Rake $0
Seat 4: afghan_321 (button) (small blind) collected ($6)
Seat 6: craaa (big blind) folded before Flop


PokerStars Hand #163540426923:  Hold'em Limit ($3/$6 USD) - 2016/12/26 7:05:03 ET
Table 'Tauntonia II' 6-max Seat #6 is the button
Seat 2: Krazy90 ($120 in chips)
Seat 6: craaa ($121.43 in chips)
craaa: posts small blind $1
Krazy90: posts big blind $3
*** HOLE CARDS ***
craaa: raises $3 to $6
Krazy90: calls $3
*** FLOP *** [7h 6s 5d]
Krazy90: checks
craaa: bets $3
Krazy90: raises $3 to $6
craaa: calls $3
*** TURN *** [7h 6s 5d] [Tc]
Krazy90: bets $6
craaa: calls $6
*** RIVER *** [7h 6s 5d Tc] [Qc]
Krazy90: checks
craaa: checks
*** SHOW DOWN ***
Krazy90: shows [7s 9h] (a pair of Sevens)
craaa: mucks hand
Krazy90 collected $35.50 from pot
*** SUMMARY ***
Total pot $36 | Rake $0.50
Board [7h 6s 5d Tc Qc]
Seat 2: Krazy90 (big blind) showed [7s 9h] and won ($35.50) with a pair of Sevens
Seat 6: craaa (button) (small blind) mucked


PokerStars Hand #163541412734:  Hold'em Limit ($3/$6 USD) - 2016/12/26 7:33:34 ET
Table 'Tauntonia II' 6-max Seat #1 is the button
Seat 1: Hannibal2211 ($146.39 in chips)
Seat 6: craaa ($142.19 in chips)
Hannibal2211: posts small blind $1
craaa: posts big blind $3
*** HOLE CARDS ***
Hannibal2211: folds
Uncalled bet ($2) returned to craaa
craaa collected $2 from pot
craaa: doesn't show hand
*** SUMMARY ***
Total pot $2 | Rake $0
Seat 1: Hannibal2211 (button) (small blind) folded before Flop
Seat 6: craaa (big blind) collected ($2)


PokerStars Hand #163541417495:  Hold'em Limit ($3/$6 USD) - 2016/12/26 7:33:42 ET
Table 'Tauntonia II' 6-max Seat #6 is the button
Seat 1: Hannibal2211 ($145.39 in chips)
Seat 6: craaa ($143.19 in chips)
craaa: posts small blind $1
Hannibal2211: posts big blind $3
*** HOLE CARDS ***
craaa: raises $3 to $6
Hannibal2211: raises $3 to $9
craaa: calls $3
*** FLOP *** [8h 9s Tc]
Hannibal2211: bets $3
craaa: raises $3 to $6
Hannibal2211: raises $3 to $9
craaa: calls $3
*** TURN *** [8h 9s Tc] [Ad]
Hannibal2211: bets $6
afghan_321 leaves the table
craaa: calls $6
*** RIVER *** [8h 9s Tc Ad] [4s]
Hannibal2211: bets $6
craaa: calls $6
*** SHOW DOWN ***
Hannibal2211: shows [9h Th] (two pair, Tens and Nines)
craaa: mucks hand
Hannibal2211 collected $59.50 from pot
*** SUMMARY ***
Total pot $60 | Rake $0.50
Board [8h 9s Tc Ad 4s]
Seat 1: Hannibal2211 (big blind) showed [9h Th] and won ($59.50) with two pair, Tens and Nines
Seat 6: craaa (button) (small blind) mucked


