PokerStars Hand #150419488092:  Hold'em Limit ($3/$6 USD) - 2016/03/15 20:28:57 ET
Table 'Tauntonia II' 10-max Seat #1 is the button
Seat 1: JayEm82 ($306.62 in chips)
Seat 9: nhalks ($162.36 in chips)
JayEm82: posts small blind $1
Zubasa07: is sitting out
nhalks: posts big blind $3
*** HOLE CARDS ***
JayEm82: raises $3 to $6
nhalks: folds
Uncalled bet ($3) returned to JayEm82
JayEm82 collected $6 from pot
JayEm82: doesn't show hand
*** SUMMARY ***
Total pot $6 | Rake $0
Seat 1: JayEm82 (button) (small blind) collected ($6)
Seat 9: nhalks (big blind) folded before Flop


PokerStars Hand #150419492174:  Hold'em Limit ($3/$6 USD) - 2016/03/15 20:29:04 ET
Table 'Tauntonia II' 10-max Seat #9 is the button
Seat 1: JayEm82 ($309.62 in chips)
Seat 9: nhalks ($159.36 in chips)
nhalks: posts small blind $1
JayEm82: posts big blind $3
*** HOLE CARDS ***
nhalks: folds
Uncalled bet ($2) returned to JayEm82
Zubasa07 leaves the table
JayEm82 collected $2 from pot
JayEm82: doesn't show hand
*** SUMMARY ***
Total pot $2 | Rake $0
Seat 1: JayEm82 (big blind) collected ($2)
Seat 9: nhalks (button) (small blind) folded before Flop


PokerStars Hand #150419496683:  Hold'em Limit ($3/$6 USD) - 2016/03/15 20:29:11 ET
Table 'Tauntonia II' 10-max Seat #1 is the button
Seat 1: JayEm82 ($310.62 in chips)
Seat 9: nhalks ($158.36 in chips)
JayEm82: posts small blind $1
nhalks: posts big blind $3
*** HOLE CARDS ***
JayEm82: raises $3 to $6
nhalks: folds
Uncalled bet ($3) returned to JayEm82
JayEm82 collected $6 from pot
JayEm82: doesn't show hand
*** SUMMARY ***
Total pot $6 | Rake $0
Seat 1: JayEm82 (button) (small blind) collected ($6)
Seat 9: nhalks (big blind) folded before Flop


PokerStars Hand #150419507009:  Hold'em Limit ($3/$6 USD) - 2016/03/15 20:29:29 ET
Table 'Tauntonia II' 10-max Seat #1 is the button
Seat 1: JayEm82 ($310.62 in chips)
Seat 9: nhalks ($158.36 in chips)
JayEm82: posts small blind $1
nhalks: posts big blind $3
*** HOLE CARDS ***
JayEm82: folds
Uncalled bet ($2) returned to nhalks
nhalks collected $2 from pot
nhalks: doesn't show hand
*** SUMMARY ***
Total pot $2 | Rake $0
Seat 1: JayEm82 (button) (small blind) folded before Flop
Seat 9: nhalks (big blind) collected ($2)


PokerStars Hand #150419500593:  Hold'em Limit ($3/$6 USD) - 2016/03/15 20:29:18 ET
Table 'Tauntonia II' 10-max Seat #9 is the button
Seat 1: JayEm82 ($313.62 in chips)
Seat 9: nhalks ($155.36 in chips)
nhalks: posts small blind $1
JayEm82: posts big blind $3
*** HOLE CARDS ***
nhalks: raises $3 to $6
JayEm82: folds
Uncalled bet ($3) returned to nhalks
nhalks collected $6 from pot
nhalks: doesn't show hand
*** SUMMARY ***
Total pot $6 | Rake $0
Seat 1: JayEm82 (big blind) folded before Flop
Seat 9: nhalks (button) (small blind) collected ($6)


PokerStars Hand #150419516606:  Hold'em Limit ($3/$6 USD) - 2016/03/15 20:29:45 ET
Table 'Tauntonia II' 10-max Seat #9 is the button
Seat 1: JayEm82 ($313.62 in chips)
Seat 9: nhalks ($155.36 in chips)
nhalks: posts small blind $1
JayEm82: posts big blind $3
*** HOLE CARDS ***
nhalks: raises $3 to $6
JayEm82: folds
Uncalled bet ($3) returned to nhalks
nhalks collected $6 from pot
nhalks: doesn't show hand
*** SUMMARY ***
Total pot $6 | Rake $0
Seat 1: JayEm82 (big blind) folded before Flop
Seat 9: nhalks (button) (small blind) collected ($6)


PokerStars Hand #150419513239:  Hold'em Limit ($3/$6 USD) - 2016/03/15 20:29:39 ET
Table 'Tauntonia II' 10-max Seat #1 is the button
Seat 1: JayEm82 ($310.62 in chips)
Seat 9: nhalks ($158.36 in chips)
JayEm82: posts small blind $1
nhalks: posts big blind $3
*** HOLE CARDS ***
JayEm82: raises $3 to $6
nhalks: folds
Uncalled bet ($3) returned to JayEm82
JayEm82 collected $6 from pot
JayEm82: doesn't show hand
*** SUMMARY ***
Total pot $6 | Rake $0
Seat 1: JayEm82 (button) (small blind) collected ($6)
Seat 9: nhalks (big blind) folded before Flop


PokerStars Hand #150419510245:  Hold'em Limit ($3/$6 USD) - 2016/03/15 20:29:34 ET
Table 'Tauntonia II' 10-max Seat #9 is the button
Seat 1: JayEm82 ($309.62 in chips)
Seat 9: nhalks ($159.36 in chips)
nhalks: posts small blind $1
JayEm82: posts big blind $3
*** HOLE CARDS ***
nhalks: folds
Uncalled bet ($2) returned to JayEm82
JayEm82 collected $2 from pot
JayEm82: doesn't show hand
*** SUMMARY ***
Total pot $2 | Rake $0
Seat 1: JayEm82 (big blind) collected ($2)
Seat 9: nhalks (button) (small blind) folded before Flop


PokerStars Hand #150419551258:  Hold'em Limit ($3/$6 USD) - 2016/03/15 20:30:43 ET
Table 'Tauntonia II' 10-max Seat #9 is the button
Seat 1: JayEm82 ($292.62 in chips)
Seat 9: nhalks ($175.86 in chips)
nhalks: posts small blind $1
JayEm82: posts big blind $3
*** HOLE CARDS ***
nhalks: raises $3 to $6
JayEm82: calls $3
*** FLOP *** [9h 6s Kc]
JayEm82: bets $3
nhalks: calls $3
*** TURN *** [9h 6s Kc] [3d]
JayEm82: bets $6
nhalks: raises $6 to $12
JayEm82: calls $6
*** RIVER *** [9h 6s Kc 3d] [2c]
JayEm82: checks
nhalks: checks
*** SHOW DOWN ***
JayEm82: shows [5h 8s] (high card King)
nhalks: shows [7s Js] (high card King - Jack kicker)
nhalks collected $41.50 from pot
*** SUMMARY ***
Total pot $42 | Rake $0.50
Board [9h 6s Kc 3d 2c]
Seat 1: JayEm82 (big blind) showed [5h 8s] and lost with high card King
Seat 9: nhalks (button) (small blind) showed [7s Js] and won ($41.50) with high card King


PokerStars Hand #150419519617:  Hold'em Limit ($3/$6 USD) - 2016/03/15 20:29:50 ET
Table 'Tauntonia II' 10-max Seat #1 is the button
Seat 1: JayEm82 ($310.62 in chips)
Seat 9: nhalks ($158.36 in chips)
JayEm82: posts small blind $1
nhalks: posts big blind $3
*** HOLE CARDS ***
JayEm82: raises $3 to $6
nhalks: calls $3
*** FLOP *** [3d Qc 4c]
nhalks: checks
JayEm82: checks
*** TURN *** [3d Qc 4c] [2h]
nhalks: bets $6
JayEm82: raises $6 to $12
nhalks: calls $6
*** RIVER *** [3d Qc 4c 2h] [8h]
nhalks: checks
JayEm82: checks
*** SHOW DOWN ***
nhalks: shows [6s 4s] (a pair of Fours)
JayEm82: mucks hand
nhalks collected $35.50 from pot
*** SUMMARY ***
Total pot $36 | Rake $0.50
Board [3d Qc 4c 2h 8h]
Seat 1: JayEm82 (button) (small blind) mucked
Seat 9: nhalks (big blind) showed [6s 4s] and won ($35.50) with a pair of Fours


PokerStars Hand #150419579495:  Hold'em Limit ($3/$6 USD) - 2016/03/15 20:31:31 ET
Table 'Tauntonia II' 10-max Seat #1 is the button
Seat 1: JayEm82 ($260.62 in chips)
Seat 9: nhalks ($206.88 in chips)
JayEm82: posts small blind $1
nhalks: posts big blind $3
*** HOLE CARDS ***
JayEm82: raises $3 to $6
nhalks: folds
Uncalled bet ($3) returned to JayEm82
JayEm82 collected $6 from pot
JayEm82: doesn't show hand
*** SUMMARY ***
Total pot $6 | Rake $0
Seat 1: JayEm82 (button) (small blind) collected ($6)
Seat 9: nhalks (big blind) folded before Flop


PokerStars Hand #150419576466:  Hold'em Limit ($3/$6 USD) - 2016/03/15 20:31:26 ET
Table 'Tauntonia II' 10-max Seat #9 is the button
Seat 1: JayEm82 ($259.62 in chips)
Seat 9: nhalks ($207.88 in chips)
nhalks: posts small blind $1
JayEm82: posts big blind $3
*** HOLE CARDS ***
nhalks: folds
Uncalled bet ($2) returned to JayEm82
JayEm82 collected $2 from pot
JayEm82: doesn't show hand
*** SUMMARY ***
Total pot $2 | Rake $0
Seat 1: JayEm82 (big blind) collected ($2)
Seat 9: nhalks (button) (small blind) folded before Flop


PokerStars Hand #150419563797:  Hold'em Limit ($3/$6 USD) - 2016/03/15 20:31:04 ET
Table 'Tauntonia II' 10-max Seat #1 is the button
Seat 1: JayEm82 ($271.62 in chips)
Seat 9: nhalks ($196.36 in chips)
JayEm82: posts small blind $1
nhalks: posts big blind $3
*** HOLE CARDS ***
JayEm82: raises $3 to $6
nhalks: calls $3
*** FLOP *** [Qd 6s 8d]
nhalks: checks
JayEm82: checks
*** TURN *** [Qd 6s 8d] [7s]
nhalks: bets $6
JayEm82: calls $6
*** RIVER *** [Qd 6s 8d 7s] [3h]
nhalks: bets $6
JayEm82: folds
Uncalled bet ($6) returned to nhalks
nhalks collected $23.52 from pot
nhalks: doesn't show hand
*** SUMMARY ***
Total pot $24 | Rake $0.48
Board [Qd 6s 8d 7s 3h]
Seat 1: JayEm82 (button) (small blind) folded on the River
Seat 9: nhalks (big blind) collected ($23.52)


PokerStars Hand #150419595746:  Hold'em Limit ($3/$6 USD) - 2016/03/15 20:31:58 ET
Table 'Tauntonia II' 10-max Seat #1 is the button
Seat 1: JayEm82 ($260.62 in chips)
Seat 9: nhalks ($206.88 in chips)
JayEm82: posts small blind $1
nhalks: posts big blind $3
*** HOLE CARDS ***
JayEm82: folds
Uncalled bet ($2) returned to nhalks
nhalks collected $2 from pot
nhalks: doesn't show hand
*** SUMMARY ***
Total pot $2 | Rake $0
Seat 1: JayEm82 (button) (small blind) folded before Flop
Seat 9: nhalks (big blind) collected ($2)


PokerStars Hand #150419591844:  Hold'em Limit ($3/$6 USD) - 2016/03/15 20:31:52 ET
Table 'Tauntonia II' 10-max Seat #9 is the button
Seat 1: JayEm82 ($263.62 in chips)
Seat 9: nhalks ($203.88 in chips)
nhalks: posts small blind $1
JayEm82: posts big blind $3
*** HOLE CARDS ***
nhalks: raises $3 to $6
JayEm82: folds
Uncalled bet ($3) returned to nhalks
nhalks collected $6 from pot
nhalks: doesn't show hand
*** SUMMARY ***
Total pot $6 | Rake $0
Seat 1: JayEm82 (big blind) folded before Flop
Seat 9: nhalks (button) (small blind) collected ($6)


PokerStars Hand #150419638489:  Hold'em Limit ($3/$6 USD) - 2016/03/15 20:33:11 ET
Table 'Tauntonia II' 10-max Seat #1 is the button
Seat 1: JayEm82 ($318.62 in chips)
Seat 9: nhalks ($147.88 in chips)
JayEm82: posts small blind $1
nhalks: posts big blind $3
*** HOLE CARDS ***
JayEm82: folds
Uncalled bet ($2) returned to nhalks
nhalks collected $2 from pot
nhalks: doesn't show hand
*** SUMMARY ***
Total pot $2 | Rake $0
Seat 1: JayEm82 (button) (small blind) folded before Flop
Seat 9: nhalks (big blind) collected ($2)


PokerStars Hand #150419621952:  Hold'em Limit ($3/$6 USD) - 2016/03/15 20:32:43 ET
Table 'Tauntonia II' 10-max Seat #9 is the button
Seat 1: JayEm82 ($292.12 in chips)
Seat 9: nhalks ($174.88 in chips)
nhalks: posts small blind $1
JayEm82: posts big blind $3
*** HOLE CARDS ***
nhalks: raises $3 to $6
JayEm82: raises $3 to $9
nhalks: raises $3 to $12
Betting is capped
JayEm82: calls $3
*** FLOP *** [8s 6d Kd]
JayEm82: bets $3
nhalks: calls $3
*** TURN *** [8s 6d Kd] [Td]
JayEm82: bets $6
nhalks: calls $6
*** RIVER *** [8s 6d Kd Td] [2h]
JayEm82: bets $6
nhalks: calls $6
*** SHOW DOWN ***
JayEm82: shows [Ac Kc] (a pair of Kings)
nhalks: mucks hand
JayEm82 collected $53.50 from pot
*** SUMMARY ***
Total pot $54 | Rake $0.50
Board [8s 6d Kd Td 2h]
Seat 1: JayEm82 (big blind) showed [Ac Kc] and won ($53.50) with a pair of Kings
Seat 9: nhalks (button) (small blind) mucked


PokerStars Hand #150419616502:  Hold'em Limit ($3/$6 USD) - 2016/03/15 20:32:33 ET
Table 'Tauntonia II' 10-max Seat #1 is the button
Seat 1: JayEm82 ($289.12 in chips)
Seat 9: nhalks ($177.88 in chips)
JayEm82: posts small blind $1
nhalks: posts big blind $3
*** HOLE CARDS ***
JayEm82: raises $3 to $6
nhalks: folds
Uncalled bet ($3) returned to JayEm82
JayEm82 collected $6 from pot
JayEm82: doesn't show hand
*** SUMMARY ***
Total pot $6 | Rake $0
Seat 1: JayEm82 (button) (small blind) collected ($6)
Seat 9: nhalks (big blind) folded before Flop


PokerStars Hand #150419598109:  Hold'em Limit ($3/$6 USD) - 2016/03/15 20:32:02 ET
Table 'Tauntonia II' 10-max Seat #9 is the button
Seat 1: JayEm82 ($259.62 in chips)
Seat 9: nhalks ($207.88 in chips)
nhalks: posts small blind $1
JayEm82: posts big blind $3
*** HOLE CARDS ***
nhalks: raises $3 to $6
JayEm82: raises $3 to $9
nhalks: calls $3
*** FLOP *** [Ts Ah Jh]
JayEm82: bets $3
nhalks: calls $3
*** TURN *** [Ts Ah Jh] [6s]
JayEm82: bets $6
nhalks: raises $6 to $12
JayEm82: raises $6 to $18
nhalks: calls $6
*** RIVER *** [Ts Ah Jh 6s] [8c]
JayEm82: bets $6
nhalks: folds
Uncalled bet ($6) returned to JayEm82
JayEm82 collected $59.50 from pot
JayEm82: doesn't show hand
*** SUMMARY ***
Total pot $60 | Rake $0.50
Board [Ts Ah Jh 6s 8c]
Seat 1: JayEm82 (big blind) collected ($59.50)
Seat 9: nhalks (button) (small blind) folded on the River


PokerStars Hand #150419641238:  Hold'em Limit ($3/$6 USD) - 2016/03/15 20:33:15 ET
Table 'Tauntonia II' 10-max Seat #9 is the button
Seat 1: JayEm82 ($317.62 in chips)
Seat 9: nhalks ($148.88 in chips)
nhalks: posts small blind $1
JayEm82: posts big blind $3
*** HOLE CARDS ***
nhalks: raises $3 to $6
JayEm82: calls $3
*** FLOP *** [6h 3s Ts]
JayEm82: bets $3
nhalks: raises $3 to $6
JayEm82: calls $3
*** TURN *** [6h 3s Ts] [2s]
JayEm82: checks
nhalks: bets $6
JayEm82: folds
Uncalled bet ($6) returned to nhalks
nhalks collected $23.52 from pot
nhalks: doesn't show hand
*** SUMMARY ***
Total pot $24 | Rake $0.48
Board [6h 3s Ts 2s]
Seat 1: JayEm82 (big blind) folded on the Turn
Seat 9: nhalks (button) (small blind) collected ($23.52)


PokerStars Hand #150419689614:  Hold'em Limit ($3/$6 USD) - 2016/03/15 20:34:38 ET
Table 'Tauntonia II' 10-max Seat #1 is the button
Seat 1: JayEm82 ($276.62 in chips)
Seat 9: nhalks ($188.90 in chips)
JayEm82: posts small blind $1
nhalks: posts big blind $3
*** HOLE CARDS ***
JayEm82: raises $3 to $6
nhalks: calls $3
*** FLOP *** [Jh 4s Ts]
nhalks: checks
JayEm82: checks
*** TURN *** [Jh 4s Ts] [9c]
nhalks: bets $6
JayEm82: raises $6 to $12
nhalks: calls $6
*** RIVER *** [Jh 4s Ts 9c] [2d]
nhalks: checks
JayEm82: bets $6
nhalks: calls $6
*** SHOW DOWN ***
JayEm82: shows [9h Th] (two pair, Tens and Nines)
nhalks: mucks hand
JayEm82 collected $47.50 from pot
*** SUMMARY ***
Total pot $48 | Rake $0.50
Board [Jh 4s Ts 9c 2d]
Seat 1: JayEm82 (button) (small blind) showed [9h Th] and won ($47.50) with two pair, Tens and Nines
Seat 9: nhalks (big blind) mucked


PokerStars Hand #150419663299:  Hold'em Limit ($3/$6 USD) - 2016/03/15 20:33:53 ET
Table 'Tauntonia II' 10-max Seat #1 is the button
Seat 1: JayEm82 ($305.62 in chips)
Seat 9: nhalks ($160.40 in chips)
JayEm82: posts small blind $1
nhalks: posts big blind $3
*** HOLE CARDS ***
JayEm82: raises $3 to $6
nhalks: raises $3 to $9
JayEm82: raises $3 to $12
Betting is capped
nhalks: calls $3
*** FLOP *** [9s Ad 8d]
nhalks: checks
JayEm82: bets $3
nhalks: raises $3 to $6
JayEm82: calls $3
*** TURN *** [9s Ad 8d] [7s]
ESMALAY leaves the table
nhalks: bets $6
JayEm82: calls $6
*** RIVER *** [9s Ad 8d 7s] [7d]
nhalks: bets $6
JayEm82: calls $6
*** SHOW DOWN ***
nhalks: shows [Jd Td] (a flush, Ace high)
JayEm82: mucks hand
nhalks collected $59.50 from pot
*** SUMMARY ***
Total pot $60 | Rake $0.50
Board [9s Ad 8d 7s 7d]
Seat 1: JayEm82 (button) (small blind) mucked
Seat 9: nhalks (big blind) showed [Jd Td] and won ($59.50) with a flush, Ace high


PokerStars Hand #150419680168:  Hold'em Limit ($3/$6 USD) - 2016/03/15 20:34:22 ET
Table 'Tauntonia II' 10-max Seat #9 is the button
Seat 1: JayEm82 ($275.62 in chips)
Seat 9: nhalks ($189.90 in chips)
nhalks: posts small blind $1
JayEm82: posts big blind $3
*** HOLE CARDS ***
nhalks: folds
Uncalled bet ($2) returned to JayEm82
JayEm82 collected $2 from pot
JayEm82: doesn't show hand
*** SUMMARY ***
Total pot $2 | Rake $0
Seat 1: JayEm82 (big blind) collected ($2)
Seat 9: nhalks (button) (small blind) folded before Flop


PokerStars Hand #150419724402:  Hold'em Limit ($3/$6 USD) - 2016/03/15 20:35:37 ET
Table 'Tauntonia II' 10-max Seat #9 is the button
Seat 1: JayEm82 ($309.76 in chips)
Seat 9: nhalks ($154.90 in chips)
nhalks: posts small blind $1
JayEm82: posts big blind $3
*** HOLE CARDS ***
Pandakey joins the table at seat #10
nhalks: raises $3 to $6
JayEm82: raises $3 to $9
nhalks: calls $3
*** FLOP *** [Kd Qh 6c]
JayEm82: bets $3
nhalks: raises $3 to $6
JayEm82: raises $3 to $9
nhalks: calls $3
*** TURN *** [Kd Qh 6c] [Th]
JayEm82: bets $6
nhalks: calls $6
*** RIVER *** [Kd Qh 6c Th] [7d]
JayEm82: bets $6
nhalks: calls $6
*** SHOW DOWN ***
JayEm82: shows [Ad Ks] (a pair of Kings)
nhalks: mucks hand
JayEm82 collected $59.50 from pot
*** SUMMARY ***
Total pot $60 | Rake $0.50
Board [Kd Qh 6c Th 7d]
Seat 1: JayEm82 (big blind) showed [Ad Ks] and won ($59.50) with a pair of Kings
Seat 9: nhalks (button) (small blind) mucked


PokerStars Hand #150419711057:  Hold'em Limit ($3/$6 USD) - 2016/03/15 20:35:14 ET
Table 'Tauntonia II' 10-max Seat #9 is the button
Seat 1: JayEm82 ($300.12 in chips)
Seat 9: nhalks ($164.90 in chips)
nhalks: posts small blind $1
JayEm82: posts big blind $3
*** HOLE CARDS ***
nhalks: folds
Uncalled bet ($2) returned to JayEm82
JayEm82 collected $2 from pot
JayEm82: doesn't show hand
*** SUMMARY ***
Total pot $2 | Rake $0
Seat 1: JayEm82 (big blind) collected ($2)
Seat 9: nhalks (button) (small blind) folded before Flop


PokerStars Hand #150419714026:  Hold'em Limit ($3/$6 USD) - 2016/03/15 20:35:19 ET
Table 'Tauntonia II' 10-max Seat #1 is the button
Seat 1: JayEm82 ($301.12 in chips)
Seat 9: nhalks ($163.90 in chips)
JayEm82: posts small blind $1
nhalks: posts big blind $3
*** HOLE CARDS ***
JayEm82: raises $3 to $6
nhalks: calls $3
*** FLOP *** [2d Th Ah]
nhalks: checks
JayEm82: bets $3
nhalks: calls $3
*** TURN *** [2d Th Ah] [7h]
nhalks: checks
JayEm82: bets $6
nhalks: folds
Uncalled bet ($6) returned to JayEm82
JayEm82 collected $17.64 from pot
JayEm82: doesn't show hand
*** SUMMARY ***
Total pot $18 | Rake $0.36
Board [2d Th Ah 7h]
Seat 1: JayEm82 (button) (small blind) collected ($17.64)
Seat 9: nhalks (big blind) folded on the Turn


PokerStars Hand #150419746738:  Hold'em Limit ($3/$6 USD) - 2016/03/15 20:36:16 ET
Table 'Tauntonia II' 10-max Seat #1 is the button
Seat 1: JayEm82 ($339.26 in chips)
Seat 9: nhalks ($124.90 in chips)
JayEm82: posts small blind $1
nhalks: posts big blind $3
*** HOLE CARDS ***
JayEm82: folds
Uncalled bet ($2) returned to nhalks
nhalks collected $2 from pot
nhalks: doesn't show hand
*** SUMMARY ***
Total pot $2 | Rake $0
Seat 1: JayEm82 (button) (small blind) folded before Flop
Seat 9: nhalks (big blind) collected ($2)


PokerStars Hand #150421801102:  Hold'em Limit ($3/$6 USD) - 2016/03/15 21:42:43 ET
Table 'Tauntonia II' 10-max Seat #2 is the button
Seat 2: WillieG777 ($245.66 in chips)
Seat 9: nhalks ($305.95 in chips)
WillieG777: posts small blind $1
nhalks: posts big blind $3
*** HOLE CARDS ***
WillieG777: folds
Uncalled bet ($2) returned to nhalks
nhalks collected $2 from pot
nhalks: doesn't show hand
*** SUMMARY ***
Total pot $2 | Rake $0
Seat 2: WillieG777 (button) (small blind) folded before Flop
Seat 9: nhalks (big blind) collected ($2)


