PokerStars Hand #149595614320:  Hold'em Limit ($3/$6 USD) - 2016/02/28 22:54:32 ET
Table 'Tauris' 6-max Seat #3 is the button
Seat 1: LifeisagameX ($69.42 in chips)
Seat 3: $i1ver ($30 in chips)
$i1ver: posts small blind $1
LifeisagameX: posts big blind $3
*** HOLE CARDS ***
$i1ver: calls $2
LifeisagameX: checks
*** FLOP *** [4d 4c Js]
LifeisagameX has timed out while being disconnected
LifeisagameX: checks
LifeisagameX is disconnected
$i1ver: checks
*** TURN *** [4d 4c Js] [7c]
LifeisagameX is connected
LifeisagameX has timed out while being disconnected
LifeisagameX: checks
$i1ver: bets $6
LifeisagameX: folds
Uncalled bet ($6) returned to $i1ver
$i1ver collected $5.88 from pot
$i1ver: doesn't show hand
*** SUMMARY ***
Total pot $6 | Rake $0.12
Board [4d 4c Js 7c]
Seat 1: LifeisagameX (big blind) folded on the Turn
Seat 3: $i1ver (button) (small blind) collected ($5.88)


PokerStars Hand #149595649775:  Hold'em Limit ($3/$6 USD) - 2016/02/28 22:56:32 ET
Table 'Tauris' 6-max Seat #1 is the button
Seat 1: LifeisagameX ($66.42 in chips)
Seat 3: $i1ver ($32.88 in chips)
LifeisagameX: posts small blind $1
$i1ver: posts big blind $3
*** HOLE CARDS ***
LifeisagameX: raises $3 to $6
$i1ver: calls $3
*** FLOP *** [5d 6c 2c]
$i1ver: checks
LifeisagameX: bets $3
$i1ver: raises $3 to $6
LifeisagameX: calls $3
*** TURN *** [5d 6c 2c] [4d]
$i1ver: checks
LifeisagameX: checks
*** RIVER *** [5d 6c 2c 4d] [Td]
$i1ver: bets $6
LifeisagameX: calls $6
*** SHOW DOWN ***
$i1ver: shows [6h 6s] (three of a kind, Sixes)
LifeisagameX: mucks hand
$i1ver collected $35.50 from pot
*** SUMMARY ***
Total pot $36 | Rake $0.50
Board [5d 6c 2c 4d Td]
Seat 1: LifeisagameX (button) (small blind) mucked
Seat 3: $i1ver (big blind) showed [6h 6s] and won ($35.50) with three of a kind, Sixes


PokerStars Hand #149595665590:  Hold'em Limit ($3/$6 USD) - 2016/02/28 22:57:29 ET
Table 'Tauris' 6-max Seat #3 is the button
Seat 1: LifeisagameX ($48.42 in chips)
Seat 3: $i1ver ($50.38 in chips)
$i1ver: posts small blind $1
LifeisagameX: posts big blind $3
*** HOLE CARDS ***
$i1ver: calls $2
LifeisagameX: checks
*** FLOP *** [9s 7d 8h]
LifeisagameX: checks
$i1ver: checks
*** TURN *** [9s 7d 8h] [Qd]
LifeisagameX: bets $6
JMMROCHA joins the table at seat #5
$i1ver: folds
Uncalled bet ($6) returned to LifeisagameX
LifeisagameX collected $5.88 from pot
LifeisagameX: doesn't show hand
*** SUMMARY ***
Total pot $6 | Rake $0.12
Board [9s 7d 8h Qd]
Seat 1: LifeisagameX (big blind) collected ($5.88)
Seat 3: $i1ver (button) (small blind) folded on the Turn


PokerStars Hand #149595682023:  Hold'em Limit ($3/$6 USD) - 2016/02/28 22:58:29 ET
Table 'Tauris' 6-max Seat #1 is the button
Seat 1: LifeisagameX ($51.30 in chips)
Seat 3: $i1ver ($47.38 in chips)
LifeisagameX: posts small blind $1
$i1ver: posts big blind $3
*** HOLE CARDS ***
LifeisagameX: raises $3 to $6
$i1ver: calls $3
*** FLOP *** [5h 4c 3d]
$i1ver: checks
LifeisagameX: checks
*** TURN *** [5h 4c 3d] [4h]
$i1ver: bets $6
LifeisagameX: calls $6
*** RIVER *** [5h 4c 3d 4h] [Tc]
$i1ver: checks
LifeisagameX: checks
*** SHOW DOWN ***
$i1ver: shows [5s 3c] (two pair, Fives and Fours)
LifeisagameX: mucks hand
$i1ver collected $23.52 from pot
*** SUMMARY ***
Total pot $24 | Rake $0.48
Board [5h 4c 3d 4h Tc]
Seat 1: LifeisagameX (button) (small blind) mucked
Seat 3: $i1ver (big blind) showed [5s 3c] and won ($23.52) with two pair, Fives and Fours


PokerStars Hand #149595694548:  Hold'em Limit ($3/$6 USD) - 2016/02/28 22:59:14 ET
Table 'Tauris' 6-max Seat #3 is the button
Seat 3: $i1ver ($58.90 in chips)
Seat 5: JMMROCHA ($30 in chips)
$i1ver: posts small blind $1
JMMROCHA: posts big blind $3
*** HOLE CARDS ***
$i1ver: calls $2
JMMROCHA: checks
*** FLOP *** [5c Jh 7s]
JMMROCHA: bets $3
$i1ver: folds
Uncalled bet ($3) returned to JMMROCHA
$i1ver leaves the table
JMMROCHA collected $5.88 from pot
JMMROCHA: doesn't show hand
LifeisagameX leaves the table
*** SUMMARY ***
Total pot $6 | Rake $0.12
Board [5c Jh 7s]
Seat 3: $i1ver (button) (small blind) folded on the Flop
Seat 5: JMMROCHA (big blind) collected ($5.88)


