PokerStars Hand #150296294802:  Hold'em Limit ($3/$6 USD) - 2016/03/13 13:56:43 ET
Table 'Taurinensis' 6-max Seat #4 is the button
Seat 3: Eklund_1891 ($72.52 in chips)
Seat 4: Agrotait ($72 in chips)
Agrotait: posts small blind $1
Eklund_1891: posts big blind $3
*** HOLE CARDS ***
Agrotait: raises $3 to $6
Eklund_1891: calls $3
*** FLOP *** [Td 5d 8s]
Eklund_1891: checks
Agrotait: bets $3
Eklund_1891: calls $3
*** TURN *** [Td 5d 8s] [Kc]
Eklund_1891: checks
Agrotait: bets $6
Eklund_1891: raises $6 to $12
Agrotait: calls $6
*** RIVER *** [Td 5d 8s Kc] [3h]
Eklund_1891: bets $6
Agrotait: folds
Uncalled bet ($6) returned to Eklund_1891
Eklund_1891 collected $41.50 from pot
Eklund_1891: doesn't show hand
*** SUMMARY ***
Total pot $42 | Rake $0.50
Board [Td 5d 8s Kc 3h]
Seat 3: Eklund_1891 (big blind) collected ($41.50)
Seat 4: Agrotait (button) (small blind) folded on the River


PokerStars Hand #150296276124:  Hold'em Limit ($3/$6 USD) - 2016/03/13 13:56:17 ET
Table 'Taurinensis' 6-max Seat #3 is the button
Seat 3: Eklund_1891 ($66.76 in chips)
Seat 4: Agrotait ($65 in chips)
Eklund_1891: posts small blind $1
Agrotait: posts big blind $3
*** HOLE CARDS ***
Eklund_1891: raises $3 to $6
Agrotait: calls $3
*** FLOP *** [2s Qd 5d]
Agrotait: checks
Eklund_1891: checks
*** TURN *** [2s Qd 5d] [2h]
Agrotait: checks
Eklund_1891: bets $6
Agrotait: folds
Uncalled bet ($6) returned to Eklund_1891
Eklund_1891 collected $11.76 from pot
Eklund_1891: doesn't show hand
*** SUMMARY ***
Total pot $12 | Rake $0.24
Board [2s Qd 5d 2h]
Seat 3: Eklund_1891 (button) (small blind) collected ($11.76)
Seat 4: Agrotait (big blind) folded on the Turn


PokerStars Hand #150296323042:  Hold'em Limit ($3/$6 USD) - 2016/03/13 13:57:21 ET
Table 'Taurinensis' 6-max Seat #3 is the button
Seat 3: Eklund_1891 ($93.02 in chips)
Seat 4: Agrotait ($72 in chips)
Eklund_1891: posts small blind $1
Agrotait: posts big blind $3
*** HOLE CARDS ***
Eklund_1891: raises $3 to $6
Great_Kang joins the table at seat #5
Agrotait: calls $3
*** FLOP *** [Th Jd 4s]
Agrotait: checks
Eklund_1891: bets $3
Agrotait: raises $3 to $6
Eklund_1891: calls $3
*** TURN *** [Th Jd 4s] [Qh]
Agrotait: checks
Eklund_1891: checks
*** RIVER *** [Th Jd 4s Qh] [6d]
Agrotait: bets $6
Eklund_1891: calls $6
*** SHOW DOWN ***
Agrotait: shows [Ts 9c] (a pair of Tens)
Eklund_1891: mucks hand
Agrotait collected $35.50 from pot
*** SUMMARY ***
Total pot $36 | Rake $0.50
Board [Th Jd 4s Qh 6d]
Seat 3: Eklund_1891 (button) (small blind) mucked
Seat 4: Agrotait (big blind) showed [Ts 9c] and won ($35.50) with a pair of Tens


PokerStars Hand #150296444111:  Hold'em Limit ($3/$6 USD) - 2016/03/13 14:00:03 ET
Table 'Taurinensis' 6-max Seat #3 is the button
Seat 3: Eklund_1891 ($112.65 in chips)
Seat 5: Great_Kang ($120 in chips)
Eklund_1891: posts small blind $1
Great_Kang: posts big blind $3
*** HOLE CARDS ***
Eklund_1891: folds
Uncalled bet ($2) returned to Great_Kang
Great_Kang collected $2 from pot
Great_Kang: doesn't show hand
*** SUMMARY ***
Total pot $2 | Rake $0
Seat 3: Eklund_1891 (button) (small blind) folded before Flop
Seat 5: Great_Kang (big blind) collected ($2)


PokerStars Hand #150296430835:  Hold'em Limit ($3/$6 USD) - 2016/03/13 13:59:46 ET
Table 'Taurinensis' 6-max Seat #5 is the button
Seat 3: Eklund_1891 ($104.01 in chips)
Seat 5: Great_Kang ($120 in chips)
Great_Kang: posts small blind $1
Eklund_1891: posts big blind $3
*** HOLE CARDS ***
Great_Kang: raises $3 to $6
Eklund_1891: calls $3
*** FLOP *** [2d Ts 6d]
Eklund_1891: checks
Great_Kang: bets $3
Eklund_1891: calls $3
*** TURN *** [2d Ts 6d] [4c]
Eklund_1891: checks
Great_Kang: checks
*** RIVER *** [2d Ts 6d 4c] [8s]
Eklund_1891: checks
Great_Kang: checks
*** SHOW DOWN ***
Eklund_1891: shows [2c Qc] (a pair of Deuces)
Great_Kang: mucks hand
Eklund_1891 collected $17.64 from pot
*** SUMMARY ***
Total pot $18 | Rake $0.36
Board [2d Ts 6d 4c 8s]
Seat 3: Eklund_1891 (big blind) showed [2c Qc] and won ($17.64) with a pair of Deuces
Seat 5: Great_Kang (button) (small blind) mucked


PokerStars Hand #150296422928:  Hold'em Limit ($3/$6 USD) - 2016/03/13 13:59:36 ET
Table 'Taurinensis' 6-max Seat #3 is the button
Seat 3: Eklund_1891 ($101.01 in chips)
Seat 5: Great_Kang ($120 in chips)
Eklund_1891: posts small blind $1
Agrotait: is sitting out
Great_Kang: posts big blind $3
*** HOLE CARDS ***
Agrotait leaves the table
Eklund_1891: raises $3 to $6
Great_Kang: folds
Uncalled bet ($3) returned to Eklund_1891
Eklund_1891 collected $6 from pot
Eklund_1891: doesn't show hand
*** SUMMARY ***
Total pot $6 | Rake $0
Seat 3: Eklund_1891 (button) (small blind) collected ($6)
Seat 5: Great_Kang (big blind) folded before Flop


PokerStars Hand #150296449120:  Hold'em Limit ($3/$6 USD) - 2016/03/13 14:00:10 ET
Table 'Taurinensis' 6-max Seat #5 is the button
Seat 3: Eklund_1891 ($111.65 in chips)
Seat 5: Great_Kang ($121 in chips)
Great_Kang: posts small blind $1
Eklund_1891: posts big blind $3
*** HOLE CARDS ***
Great_Kang: raises $3 to $6
Eklund_1891: calls $3
*** FLOP *** [9h 9c Ts]
Eklund_1891: checks
Great_Kang: bets $3
Eklund_1891: raises $3 to $6
Great_Kang: calls $3
*** TURN *** [9h 9c Ts] [2s]
Eklund_1891: bets $6
Great_Kang: raises $6 to $12
Eklund_1891: raises $6 to $18
vestimokrec joins the table at seat #4
Great_Kang: calls $6
*** RIVER *** [9h 9c Ts 2s] [5c]
Eklund_1891: bets $6
Great_Kang: calls $6
*** SHOW DOWN ***
Eklund_1891: shows [9s Qc] (three of a kind, Nines)
Great_Kang: mucks hand
Eklund_1891 collected $71.50 from pot
*** SUMMARY ***
Total pot $72 | Rake $0.50
Board [9h 9c Ts 2s 5c]
Seat 3: Eklund_1891 (big blind) showed [9s Qc] and won ($71.50) with three of a kind, Nines
Seat 5: Great_Kang (button) (small blind) mucked


PokerStars Hand #150297900617:  Hold'em Limit ($3/$6 USD) - 2016/03/13 14:23:58 ET
Table 'Taurinensis' 6-max Seat #3 is the button
Seat 2: Rohirrim ($110 in chips)
Seat 3: anetkaapro ($72 in chips)
anetkaapro: posts small blind $1
vestimokrec: is sitting out
Great_Kang: is sitting out
Chessnok: is sitting out
Rohirrim: posts big blind $3
*** HOLE CARDS ***
anetkaapro: raises $3 to $6
Rohirrim: folds
Uncalled bet ($3) returned to anetkaapro
anetkaapro collected $6 from pot
anetkaapro: doesn't show hand
*** SUMMARY ***
Total pot $6 | Rake $0
Seat 2: Rohirrim (big blind) folded before Flop
Seat 3: anetkaapro (button) (small blind) collected ($6)


PokerStars Hand #150297962289:  Hold'em Limit ($3/$6 USD) - 2016/03/13 14:24:57 ET
Table 'Taurinensis' 6-max Seat #2 is the button
Seat 2: Rohirrim ($50 in chips)
Seat 3: anetkaapro ($131 in chips)
Rohirrim: posts small blind $1
anetkaapro: posts big blind $3
*** HOLE CARDS ***
Rohirrim: raises $3 to $6
Eklund_1891 joins the table at seat #4
anetkaapro: raises $3 to $9
Rohirrim: calls $3
*** FLOP *** [9s 2s 4d]
kolaz03 joins the table at seat #5
anetkaapro: bets $3
Rohirrim: calls $3
*** TURN *** [9s 2s 4d] [Ad]
anetkaapro: bets $6
Rohirrim: calls $6
*** RIVER *** [9s 2s 4d Ad] [Qd]
anetkaapro: checks
Rohirrim: checks
*** SHOW DOWN ***
anetkaapro: shows [6d 6c] (a pair of Sixes)
Rohirrim: shows [Th 9h] (a pair of Nines)
Rohirrim collected $35.50 from pot
*** SUMMARY ***
Total pot $36 | Rake $0.50
Board [9s 2s 4d Ad Qd]
Seat 2: Rohirrim (button) (small blind) showed [Th 9h] and won ($35.50) with a pair of Nines
Seat 3: anetkaapro (big blind) showed [6d 6c] and lost with a pair of Sixes


PokerStars Hand #150297943197:  Hold'em Limit ($3/$6 USD) - 2016/03/13 14:24:39 ET
Table 'Taurinensis' 6-max Seat #3 is the button
Seat 2: Rohirrim ($71 in chips)
Seat 3: anetkaapro ($110.50 in chips)
anetkaapro: posts small blind $1
Rohirrim: posts big blind $3
*** HOLE CARDS ***
anetkaapro: raises $3 to $6
Rohirrim: calls $3
*** FLOP *** [7s 5s 6h]
Rohirrim: checks
anetkaapro: bets $3
Rohirrim: raises $3 to $6
anetkaapro: raises $3 to $9
Rohirrim: calls $3
*** TURN *** [7s 5s 6h] [3c]
Rohirrim: checks
anetkaapro: bets $6
Rohirrim: calls $6
*** RIVER *** [7s 5s 6h 3c] [Qs]
Rohirrim: checks
anetkaapro: bets $6
Rohirrim: folds
Uncalled bet ($6) returned to anetkaapro
anetkaapro collected $41.50 from pot
anetkaapro: doesn't show hand
*** SUMMARY ***
Total pot $42 | Rake $0.50
Board [7s 5s 6h 3c Qs]
Seat 2: Rohirrim (big blind) folded on the River
Seat 3: anetkaapro (button) (small blind) collected ($41.50)


PokerStars Hand #150297907246:  Hold'em Limit ($3/$6 USD) - 2016/03/13 14:24:04 ET
Table 'Taurinensis' 6-max Seat #2 is the button
Seat 2: Rohirrim ($107 in chips)
Seat 3: anetkaapro ($75 in chips)
Rohirrim: posts small blind $1
anetkaapro: posts big blind $3
*** HOLE CARDS ***
Rohirrim: raises $3 to $6
vestimokrec leaves the table
Chessnok leaves the table
anetkaapro: calls $3
*** FLOP *** [8h Js 3d]
anetkaapro: checks
Rohirrim: bets $3
anetkaapro: raises $3 to $6
Rohirrim: calls $3
*** TURN *** [8h Js 3d] [3h]
Great_Kang leaves the table
anetkaapro: bets $6
Rohirrim: raises $6 to $12
anetkaapro: raises $6 to $18
Rohirrim: calls $6
*** RIVER *** [8h Js 3d 3h] [Kh]
anetkaapro: bets $6
Rohirrim: calls $6
*** SHOW DOWN ***
anetkaapro: shows [Jc 3c] (a full house, Threes full of Jacks)
Rohirrim: mucks hand
anetkaapro collected $71.50 from pot
*** SUMMARY ***
Total pot $72 | Rake $0.50
Board [8h Js 3d 3h Kh]
Seat 2: Rohirrim (button) (small blind) mucked
Seat 3: anetkaapro (big blind) showed [Jc 3c] and won ($71.50) with a full house, Threes full of Jacks


PokerStars Hand #150298080039:  Hold'em Limit ($3/$6 USD) - 2016/03/13 14:26:49 ET
Table 'Taurinensis' 6-max Seat #3 is the button
Seat 3: anetkaapro ($103 in chips)
Seat 4: Eklund_1891 ($72.37 in chips)
love481 will be allowed to play after the button
vestimokrec will be allowed to play after the button
anetkaapro: posts small blind $1
Eklund_1891: posts big blind $3
*** HOLE CARDS ***
anetkaapro: raises $3 to $6
Eklund_1891: calls $3
*** FLOP *** [Kd 6h Tc]
Eklund_1891: checks
anetkaapro: bets $3
Eklund_1891: folds
Uncalled bet ($3) returned to anetkaapro
anetkaapro collected $11.76 from pot
anetkaapro: doesn't show hand
*** SUMMARY ***
Total pot $12 | Rake $0.24
Board [Kd 6h Tc]
Seat 3: anetkaapro (button) (small blind) collected ($11.76)
Seat 4: Eklund_1891 (big blind) folded on the Flop


PokerStars Hand #150298228713:  Hold'em Limit ($3/$6 USD) - 2016/03/13 14:29:11 ET
Table 'Taurinensis' 6-max Seat #4 is the button
Seat 4: Eklund_1891 ($72.47 in chips)
Seat 6: love481 ($103.10 in chips)
Eklund_1891: posts small blind $1
love481: posts big blind $3
*** HOLE CARDS ***
Eklund_1891: folds
Uncalled bet ($2) returned to love481
love481 collected $2 from pot
*** SUMMARY ***
Total pot $2 | Rake $0
Seat 4: Eklund_1891 (button) (small blind) folded before Flop
Seat 6: love481 (big blind) collected ($2)


PokerStars Hand #150301889049:  Hold'em Limit ($3/$6 USD) - 2016/03/13 15:27:06 ET
Table 'Taurinensis' 6-max Seat #1 is the button
Seat 1: Chessnok ($143.83 in chips)
Seat 6: ZinZar ($104.45 in chips)
Chessnok: posts small blind $1
vestimokrec: is sitting out
ZinZar: posts big blind $3
*** HOLE CARDS ***
Chessnok: raises $3 to $6
vestimokrec leaves the table
ZinZar: folds
Uncalled bet ($3) returned to Chessnok
Chessnok collected $6 from pot
Chessnok: doesn't show hand
*** SUMMARY ***
Total pot $6 | Rake $0
Seat 1: Chessnok (button) (small blind) collected ($6)
Seat 6: ZinZar (big blind) folded before Flop


