PokerStars Hand #152081414384:  Hold'em Limit ($3/$6 USD) - 2016/04/18 0:49:46 ET
Table 'Taurinensis II' 10-max Seat #6 is the button
Seat 6: shushlo ($72 in chips)
Seat 7: VolkovDmitri ($120 in chips)
shushlo: posts small blind $1
VolkovDmitri: posts big blind $3
*** HOLE CARDS ***
shushlo: folds
Uncalled bet ($2) returned to VolkovDmitri
VolkovDmitri collected $2 from pot
VolkovDmitri: doesn't show hand
*** SUMMARY ***
Total pot $2 | Rake $0
Seat 6: shushlo (button) (small blind) folded before Flop
Seat 7: VolkovDmitri (big blind) collected ($2)


PokerStars Hand #152081415925:  Hold'em Limit ($3/$6 USD) - 2016/04/18 0:49:53 ET
Table 'Taurinensis II' 10-max Seat #7 is the button
Seat 6: shushlo ($72 in chips)
Seat 7: VolkovDmitri ($121 in chips)
VolkovDmitri: posts small blind $1
shushlo: posts big blind $3
*** HOLE CARDS ***
VolkovDmitri: raises $3 to $6
shushlo: calls $3
*** FLOP *** [Jh 3d Qc]
shushlo: checks
VolkovDmitri: bets $3
shushlo: calls $3
*** TURN *** [Jh 3d Qc] [3c]
shushlo: checks
VolkovDmitri: checks
*** RIVER *** [Jh 3d Qc 3c] [Kh]
shushlo: checks
VolkovDmitri: checks
*** SHOW DOWN ***
shushlo: shows [4c Jd] (two pair, Jacks and Threes)
VolkovDmitri: mucks hand
shushlo collected $17.64 from pot
*** SUMMARY ***
Total pot $18 | Rake $0.36
Board [Jh 3d Qc 3c Kh]
Seat 6: shushlo (big blind) showed [4c Jd] and won ($17.64) with two pair, Jacks and Threes
Seat 7: VolkovDmitri (button) (small blind) mucked


PokerStars Hand #152081427261:  Hold'em Limit ($3/$6 USD) - 2016/04/18 0:50:42 ET
Table 'Taurinensis II' 10-max Seat #6 is the button
Seat 6: shushlo ($80.64 in chips)
Seat 7: VolkovDmitri ($120 in chips)
shushlo: posts small blind $1
VolkovDmitri: posts big blind $3
*** HOLE CARDS ***
shushlo: raises $3 to $6
VolkovDmitri: calls $3
*** FLOP *** [7d 2c 9s]
VolkovDmitri: checks
shushlo: bets $3
VolkovDmitri: raises $3 to $6
shushlo: calls $3
*** TURN *** [7d 2c 9s] [6h]
VolkovDmitri: bets $6
shushlo: calls $6
*** RIVER *** [7d 2c 9s 6h] [6d]
VolkovDmitri: bets $6
shushlo: folds
Uncalled bet ($6) returned to VolkovDmitri
VolkovDmitri collected $35.50 from pot
VolkovDmitri: doesn't show hand
*** SUMMARY ***
Total pot $36 | Rake $0.50
Board [7d 2c 9s 6h 6d]
Seat 6: shushlo (button) (small blind) folded on the River
Seat 7: VolkovDmitri (big blind) collected ($35.50)


PokerStars Hand #152081446644:  Hold'em Limit ($3/$6 USD) - 2016/04/18 0:52:06 ET
Table 'Taurinensis II' 10-max Seat #6 is the button
Seat 6: shushlo ($95.50 in chips)
Seat 7: VolkovDmitri ($120 in chips)
shushlo: posts small blind $1
VolkovDmitri: posts big blind $3
*** HOLE CARDS ***
shushlo: raises $3 to $6
VolkovDmitri: calls $3
*** FLOP *** [2h 4s Kd]
VolkovDmitri: checks
happyshine88 joins the table at seat #8
shushlo: checks
*** TURN *** [2h 4s Kd] [Jc]
VolkovDmitri: checks
shushlo: bets $6
VolkovDmitri: folds
Uncalled bet ($6) returned to shushlo
shushlo collected $11.76 from pot
shushlo: doesn't show hand
*** SUMMARY ***
Total pot $12 | Rake $0.24
Board [2h 4s Kd Jc]
Seat 6: shushlo (button) (small blind) collected ($11.76)
Seat 7: VolkovDmitri (big blind) folded on the Turn


PokerStars Hand #152081435766:  Hold'em Limit ($3/$6 USD) - 2016/04/18 0:51:18 ET
Table 'Taurinensis II' 10-max Seat #7 is the button
Seat 6: shushlo ($72 in chips)
Seat 7: VolkovDmitri ($137.50 in chips)
VolkovDmitri: posts small blind $1
shushlo: posts big blind $3
*** HOLE CARDS ***
VolkovDmitri: raises $3 to $6
shushlo: raises $3 to $9
VolkovDmitri: calls $3
*** FLOP *** [3h 7d 8h]
shushlo: bets $3
VolkovDmitri: calls $3
*** TURN *** [3h 7d 8h] [8s]
shushlo: bets $6
VolkovDmitri: calls $6
*** RIVER *** [3h 7d 8h 8s] [5s]
shushlo: bets $6
VolkovDmitri: calls $6
*** SHOW DOWN ***
shushlo: shows [8c Tc] (three of a kind, Eights)
VolkovDmitri: mucks hand
shushlo collected $47.50 from pot
*** SUMMARY ***
Total pot $48 | Rake $0.50
Board [3h 7d 8h 8s 5s]
Seat 6: shushlo (big blind) showed [8c Tc] and won ($47.50) with three of a kind, Eights
Seat 7: VolkovDmitri (button) (small blind) mucked


PokerStars Hand #152081468895:  Hold'em Limit ($3/$6 USD) - 2016/04/18 0:53:42 ET
Table 'Taurinensis II' 10-max Seat #8 is the button
Seat 7: VolkovDmitri ($120 in chips)
Seat 8: happyshine88 ($117 in chips)
happyshine88: posts small blind $1
shushlo: is sitting out
shushlo leaves the table
VolkovDmitri: posts big blind $3
*** HOLE CARDS ***
happyshine88: folds
Uncalled bet ($2) returned to VolkovDmitri
VolkovDmitri collected $2 from pot
VolkovDmitri: doesn't show hand
*** SUMMARY ***
Total pot $2 | Rake $0
Seat 7: VolkovDmitri (big blind) collected ($2)
Seat 8: happyshine88 (button) (small blind) folded before Flop


PokerStars Hand #152081470660:  Hold'em Limit ($3/$6 USD) - 2016/04/18 0:53:49 ET
Table 'Taurinensis II' 10-max Seat #7 is the button
Seat 7: VolkovDmitri ($121 in chips)
Seat 8: happyshine88 ($116 in chips)
VolkovDmitri: posts small blind $1
happyshine88: posts big blind $3
*** HOLE CARDS ***
VolkovDmitri: raises $3 to $6
happyshine88: calls $3
*** FLOP *** [4d Qh 5h]
happyshine88: checks
VolkovDmitri: bets $3
happyshine88: calls $3
*** TURN *** [4d Qh 5h] [Js]
happyshine88: checks
VolkovDmitri: checks
*** RIVER *** [4d Qh 5h Js] [Qs]
happyshine88: bets $6
VolkovDmitri: calls $6
*** SHOW DOWN ***
happyshine88: shows [7c Th] (a pair of Queens)
VolkovDmitri: shows [2c Ac] (a pair of Queens - Ace kicker)
VolkovDmitri collected $29.50 from pot
*** SUMMARY ***
Total pot $30 | Rake $0.50
Board [4d Qh 5h Js Qs]
Seat 7: VolkovDmitri (button) (small blind) showed [2c Ac] and won ($29.50) with a pair of Queens
Seat 8: happyshine88 (big blind) showed [7c Th] and lost with a pair of Queens


