PokerStars Hand #168622658964:  Hold'em Limit ($3/$6 USD) - 2017/04/05 15:02:34 ET
Table 'Tauris II' 6-max Seat #2 is the button
Seat 2: cola26licht ($127.50 in chips)
Seat 3: Chessnok ($108 in chips)
cola26licht: posts small blind $1
Chessnok: posts big blind $3
*** HOLE CARDS ***
cola26licht: raises $3 to $6
Chessnok: folds
Uncalled bet ($3) returned to cola26licht
cola26licht collected $6 from pot
cola26licht: doesn't show hand
*** SUMMARY ***
Total pot $6 | Rake $0
Seat 2: cola26licht (button) (small blind) collected ($6)
Seat 3: Chessnok (big blind) folded before Flop


PokerStars Hand #168622663854:  Hold'em Limit ($3/$6 USD) - 2017/04/05 15:02:39 ET
Table 'Tauris II' 6-max Seat #3 is the button
Seat 2: cola26licht ($130.50 in chips)
Seat 3: Chessnok ($105 in chips)
Chessnok: posts small blind $1
cola26licht: posts big blind $3
*** HOLE CARDS ***
Chessnok: raises $3 to $6
cola26licht: calls $3
*** FLOP *** [5h Qd 9h]
cola26licht: checks
Chessnok: bets $3
cola26licht: folds
Uncalled bet ($3) returned to Chessnok
Chessnok collected $11.76 from pot
Chessnok: doesn't show hand
*** SUMMARY ***
Total pot $12 | Rake $0.24
Board [5h Qd 9h]
Seat 2: cola26licht (big blind) folded on the Flop
Seat 3: Chessnok (button) (small blind) collected ($11.76)


PokerStars Hand #168622720640:  Hold'em Limit ($3/$6 USD) - 2017/04/05 15:03:38 ET
Table 'Tauris II' 6-max Seat #2 is the button
Seat 2: cola26licht ($118 in chips)
Seat 3: Chessnok ($116.26 in chips)
cola26licht: posts small blind $1
Chessnok: posts big blind $3
*** HOLE CARDS ***
cola26licht: raises $3 to $6
Chessnok: calls $3
*** FLOP *** [4d 6s Ks]
Chessnok: checks
cola26licht: bets $3
Chessnok: raises $3 to $6
cola26licht: raises $3 to $9
Chessnok: calls $3
*** TURN *** [4d 6s Ks] [Ad]
Chessnok: checks
cola26licht: bets $6
Chessnok: calls $6
*** RIVER *** [4d 6s Ks Ad] [3s]
Chessnok: checks
cola26licht: checks
*** SHOW DOWN ***
Chessnok: shows [Th 4s] (a pair of Fours)
cola26licht: shows [6d Td] (a pair of Sixes)
cola26licht collected $41.50 from pot
*** SUMMARY ***
Total pot $42 | Rake $0.50
Board [4d 6s Ks Ad 3s]
Seat 2: cola26licht (button) (small blind) showed [6d Td] and won ($41.50) with a pair of Sixes
Seat 3: Chessnok (big blind) showed [Th 4s] and lost with a pair of Fours


PokerStars Hand #168622689290:  Hold'em Limit ($3/$6 USD) - 2017/04/05 15:03:10 ET
Table 'Tauris II' 6-max Seat #3 is the button
Seat 2: cola26licht ($139 in chips)
Seat 3: Chessnok ($95.76 in chips)
Chessnok: posts small blind $1
cola26licht: posts big blind $3
*** HOLE CARDS ***
Chessnok: raises $3 to $6
cola26licht: folds
Uncalled bet ($3) returned to Chessnok
Chessnok collected $6 from pot
Chessnok: doesn't show hand
*** SUMMARY ***
Total pot $6 | Rake $0
Seat 2: cola26licht (big blind) folded before Flop
Seat 3: Chessnok (button) (small blind) collected ($6)


PokerStars Hand #168622672494:  Hold'em Limit ($3/$6 USD) - 2017/04/05 15:02:50 ET
Table 'Tauris II' 6-max Seat #2 is the button
Seat 2: cola26licht ($124.50 in chips)
Seat 3: Chessnok ($110.76 in chips)
cola26licht: posts small blind $1
Chessnok: posts big blind $3
*** HOLE CARDS ***
cola26licht: raises $3 to $6
Chessnok: calls $3
*** FLOP *** [4c 7c Ks]
Chessnok: checks
cola26licht: bets $3
Chessnok: calls $3
*** TURN *** [4c 7c Ks] [6c]
Chessnok: checks
cola26licht: bets $6
Chessnok: calls $6
*** RIVER *** [4c 7c Ks 6c] [3c]
Chessnok: checks
cola26licht: checks
*** SHOW DOWN ***
Chessnok: shows [3d Qh] (a pair of Threes)
cola26licht: shows [7d 4d] (two pair, Sevens and Fours)
cola26licht collected $29.50 from pot
*** SUMMARY ***
Total pot $30 | Rake $0.50
Board [4c 7c Ks 6c 3c]
Seat 2: cola26licht (button) (small blind) showed [7d 4d] and won ($29.50) with two pair, Sevens and Fours
Seat 3: Chessnok (big blind) showed [3d Qh] and lost with a pair of Threes


PokerStars Hand #168622693641:  Hold'em Limit ($3/$6 USD) - 2017/04/05 15:03:15 ET
Table 'Tauris II' 6-max Seat #2 is the button
Seat 2: cola26licht ($136 in chips)
Seat 3: Chessnok ($98.76 in chips)
cola26licht: posts small blind $1
Chessnok: posts big blind $3
*** HOLE CARDS ***
cola26licht: raises $3 to $6
Chessnok: calls $3
*** FLOP *** [8c 5h 2d]
Chessnok: checks
cola26licht: bets $3
Chessnok: calls $3
*** TURN *** [8c 5h 2d] [5c]
Chessnok: checks
cola26licht: checks
*** RIVER *** [8c 5h 2d 5c] [4c]
Chessnok: bets $6
cola26licht: calls $6
*** SHOW DOWN ***
Chessnok: shows [Qc 5d] (three of a kind, Fives)
cola26licht: mucks hand
Chessnok collected $29.50 from pot
*** SUMMARY ***
Total pot $30 | Rake $0.50
Board [8c 5h 2d 5c 4c]
Seat 2: cola26licht (button) (small blind) mucked
Seat 3: Chessnok (big blind) showed [Qc 5d] and won ($29.50) with three of a kind, Fives


PokerStars Hand #168622715958:  Hold'em Limit ($3/$6 USD) - 2017/04/05 15:03:33 ET
Table 'Tauris II' 6-max Seat #3 is the button
Seat 2: cola26licht ($121 in chips)
Seat 3: Chessnok ($113.26 in chips)
Chessnok: posts small blind $1
cola26licht: posts big blind $3
*** HOLE CARDS ***
Chessnok: raises $3 to $6
cola26licht: folds
Uncalled bet ($3) returned to Chessnok
Chessnok collected $6 from pot
Chessnok: doesn't show hand
*** SUMMARY ***
Total pot $6 | Rake $0
Seat 2: cola26licht (big blind) folded before Flop
Seat 3: Chessnok (button) (small blind) collected ($6)


PokerStars Hand #168622774807:  Hold'em Limit ($3/$6 USD) - 2017/04/05 15:04:41 ET
Table 'Tauris II' 6-max Seat #2 is the button
Seat 2: cola26licht ($129 in chips)
Seat 3: Chessnok ($103.76 in chips)
cola26licht: posts small blind $1
Chessnok: posts big blind $3
*** HOLE CARDS ***
cola26licht: raises $3 to $6
Chessnok: calls $3
*** FLOP *** [2s 9c Ad]
Chessnok: checks
cola26licht: bets $3
Chessnok: calls $3
*** TURN *** [2s 9c Ad] [Ah]
Chessnok: checks
cola26licht: bets $6
Chessnok: calls $6
*** RIVER *** [2s 9c Ad Ah] [3s]
Chessnok: checks
cola26licht: checks
*** SHOW DOWN ***
Chessnok: shows [2h Kd] (two pair, Aces and Deuces)
cola26licht: mucks hand
Chessnok collected $29.50 from pot
*** SUMMARY ***
Total pot $30 | Rake $0.50
Board [2s 9c Ad Ah 3s]
Seat 2: cola26licht (button) (small blind) mucked
Seat 3: Chessnok (big blind) showed [2h Kd] and won ($29.50) with two pair, Aces and Deuces


PokerStars Hand #168622770191:  Hold'em Limit ($3/$6 USD) - 2017/04/05 15:04:36 ET
Table 'Tauris II' 6-max Seat #3 is the button
Seat 2: cola26licht ($132 in chips)
Seat 3: Chessnok ($100.76 in chips)
Chessnok: posts small blind $1
cola26licht: posts big blind $3
*** HOLE CARDS ***
Chessnok: raises $3 to $6
cola26licht: folds
Uncalled bet ($3) returned to Chessnok
Chessnok collected $6 from pot
Chessnok: doesn't show hand
*** SUMMARY ***
Total pot $6 | Rake $0
Seat 2: cola26licht (big blind) folded before Flop
Seat 3: Chessnok (button) (small blind) collected ($6)


PokerStars Hand #168622738918:  Hold'em Limit ($3/$6 USD) - 2017/04/05 15:04:00 ET
Table 'Tauris II' 6-max Seat #3 is the button
Seat 2: cola26licht ($138.50 in chips)
Seat 3: Chessnok ($95.26 in chips)
Chessnok: posts small blind $1
cola26licht: posts big blind $3
*** HOLE CARDS ***
Chessnok: raises $3 to $6
cola26licht: calls $3
*** FLOP *** [Kh 3d 4h]
cola26licht: checks
Chessnok: bets $3
cola26licht: calls $3
*** TURN *** [Kh 3d 4h] [8s]
cola26licht: bets $6
Chessnok: raises $6 to $12
cola26licht: calls $6
*** RIVER *** [Kh 3d 4h 8s] [3c]
cola26licht: checks
Chessnok: bets $6
cola26licht: calls $6
*** SHOW DOWN ***
Chessnok: shows [9c Kd] (two pair, Kings and Threes)
cola26licht: mucks hand
Chessnok collected $53.50 from pot
*** SUMMARY ***
Total pot $54 | Rake $0.50
Board [Kh 3d 4h 8s 3c]
Seat 2: cola26licht (big blind) mucked
Seat 3: Chessnok (button) (small blind) showed [9c Kd] and won ($53.50) with two pair, Kings and Threes


PokerStars Hand #168622754190:  Hold'em Limit ($3/$6 USD) - 2017/04/05 15:04:18 ET
Table 'Tauris II' 6-max Seat #2 is the button
Seat 2: cola26licht ($111.50 in chips)
Seat 3: Chessnok ($121.76 in chips)
cola26licht: posts small blind $1
Chessnok: posts big blind $3
*** HOLE CARDS ***
cola26licht: raises $3 to $6
Chessnok: calls $3
*** FLOP *** [8d 2d Jc]
Chessnok: checks
cola26licht: bets $3
Chessnok: calls $3
*** TURN *** [8d 2d Jc] [6h]
Chessnok: checks
cola26licht: bets $6
Chessnok: calls $6
*** RIVER *** [8d 2d Jc 6h] [5s]
Chessnok: checks
cola26licht: bets $6
Chessnok: calls $6
*** SHOW DOWN ***
cola26licht: shows [Jh Kc] (a pair of Jacks)
Chessnok: mucks hand
cola26licht collected $41.50 from pot
*** SUMMARY ***
Total pot $42 | Rake $0.50
Board [8d 2d Jc 6h 5s]
Seat 2: cola26licht (button) (small blind) showed [Jh Kc] and won ($41.50) with a pair of Jacks
Seat 3: Chessnok (big blind) mucked


PokerStars Hand #168622789619:  Hold'em Limit ($3/$6 USD) - 2017/04/05 15:04:58 ET
Table 'Tauris II' 6-max Seat #3 is the button
Seat 2: cola26licht ($114 in chips)
Seat 3: Chessnok ($118.26 in chips)
Chessnok: posts small blind $1
cola26licht: posts big blind $3
*** HOLE CARDS ***
Chessnok: raises $3 to $6
cola26licht: raises $3 to $9
Chessnok: calls $3
*** FLOP *** [Th 9d Tc]
cola26licht: bets $3
Chessnok: calls $3
*** TURN *** [Th 9d Tc] [Kc]
cola26licht: bets $6
Chessnok: calls $6
*** RIVER *** [Th 9d Tc Kc] [Ac]
cola26licht: bets $6
Chessnok: calls $6
*** SHOW DOWN ***
cola26licht: shows [Kd Jd] (two pair, Kings and Tens)
Chessnok: mucks hand
cola26licht collected $47.50 from pot
*** SUMMARY ***
Total pot $48 | Rake $0.50
Board [Th 9d Tc Kc Ac]
Seat 2: cola26licht (big blind) showed [Kd Jd] and won ($47.50) with two pair, Kings and Tens
Seat 3: Chessnok (button) (small blind) mucked


PokerStars Hand #168622804261:  Hold'em Limit ($3/$6 USD) - 2017/04/05 15:05:15 ET
Table 'Tauris II' 6-max Seat #2 is the button
Seat 2: cola26licht ($137.50 in chips)
Seat 3: Chessnok ($94.26 in chips)
cola26licht: posts small blind $1
Chessnok: posts big blind $3
*** HOLE CARDS ***
cola26licht: raises $3 to $6
Chessnok: calls $3
*** FLOP *** [Qs Tc 9h]
Chessnok: checks
cola26licht: bets $3
Chessnok: folds
Uncalled bet ($3) returned to cola26licht
cola26licht collected $11.76 from pot
cola26licht: doesn't show hand
*** SUMMARY ***
Total pot $12 | Rake $0.24
Board [Qs Tc 9h]
Seat 2: cola26licht (button) (small blind) collected ($11.76)
Seat 3: Chessnok (big blind) folded on the Flop


PokerStars Hand #168622812211:  Hold'em Limit ($3/$6 USD) - 2017/04/05 15:05:24 ET
Table 'Tauris II' 6-max Seat #3 is the button
Seat 2: cola26licht ($143.26 in chips)
Seat 3: Chessnok ($88.26 in chips)
Chessnok: posts small blind $1
cola26licht: posts big blind $3
*** HOLE CARDS ***
Chessnok: raises $3 to $6
cola26licht: raises $3 to $9
Chessnok: calls $3
*** FLOP *** [8s 3h Kd]
cola26licht: bets $3
Chessnok: calls $3
*** TURN *** [8s 3h Kd] [Jc]
cola26licht: bets $6
Chessnok: calls $6
*** RIVER *** [8s 3h Kd Jc] [7c]
cola26licht: bets $6
Chessnok: calls $6
*** SHOW DOWN ***
cola26licht: shows [Js 8h] (two pair, Jacks and Eights)
Chessnok: mucks hand
cola26licht collected $47.50 from pot
*** SUMMARY ***
Total pot $48 | Rake $0.50
Board [8s 3h Kd Jc 7c]
Seat 2: cola26licht (big blind) showed [Js 8h] and won ($47.50) with two pair, Jacks and Eights
Seat 3: Chessnok (button) (small blind) mucked


PokerStars Hand #168622825676:  Hold'em Limit ($3/$6 USD) - 2017/04/05 15:05:40 ET
Table 'Tauris II' 6-max Seat #2 is the button
Seat 2: cola26licht ($166.76 in chips)
Seat 3: Chessnok ($64.26 in chips)
cola26licht: posts small blind $1
Chessnok: posts big blind $3
*** HOLE CARDS ***
cola26licht: raises $3 to $6
Chessnok: raises $3 to $9
cola26licht: raises $3 to $12
Betting is capped
Chessnok: calls $3
*** FLOP *** [4d 8h 3h]
Chessnok: checks
cola26licht: checks
*** TURN *** [4d 8h 3h] [Tc]
Chessnok: bets $6
cola26licht: calls $6
*** RIVER *** [4d 8h 3h Tc] [Js]
Chessnok: bets $6
cola26licht: raises $6 to $12
Chessnok: folds
Uncalled bet ($6) returned to cola26licht
cola26licht collected $47.50 from pot
cola26licht: doesn't show hand
*** SUMMARY ***
Total pot $48 | Rake $0.50
Board [4d 8h 3h Tc Js]
Seat 2: cola26licht (button) (small blind) collected ($47.50)
Seat 3: Chessnok (big blind) folded on the River


PokerStars Hand #168622842402:  Hold'em Limit ($3/$6 USD) - 2017/04/05 15:05:59 ET
Table 'Tauris II' 6-max Seat #3 is the button
Seat 2: cola26licht ($190.26 in chips)
Seat 3: Chessnok ($60 in chips)
Chessnok: posts small blind $1
cola26licht: posts big blind $3
*** HOLE CARDS ***
Chessnok: raises $3 to $6
cola26licht: folds
Uncalled bet ($3) returned to Chessnok
Chessnok collected $6 from pot
Chessnok: doesn't show hand
*** SUMMARY ***
Total pot $6 | Rake $0
Seat 2: cola26licht (big blind) folded before Flop
Seat 3: Chessnok (button) (small blind) collected ($6)


PokerStars Hand #168622890399:  Hold'em Limit ($3/$6 USD) - 2017/04/05 15:06:54 ET
Table 'Tauris II' 6-max Seat #3 is the button
Seat 2: cola26licht ($272.76 in chips)
Seat 3: Chessnok ($60 in chips)
Chessnok: posts small blind $1
cola26licht: posts big blind $3
*** HOLE CARDS ***
Chessnok: raises $3 to $6
cola26licht: folds
Uncalled bet ($3) returned to Chessnok
Chessnok collected $6 from pot
Chessnok: doesn't show hand
*** SUMMARY ***
Total pot $6 | Rake $0
Seat 2: cola26licht (big blind) folded before Flop
Seat 3: Chessnok (button) (small blind) collected ($6)


PokerStars Hand #168622876650:  Hold'em Limit ($3/$6 USD) - 2017/04/05 15:06:38 ET
Table 'Tauris II' 6-max Seat #2 is the button
Seat 2: cola26licht ($255.26 in chips)
Seat 3: Chessnok ($60 in chips)
cola26licht: posts small blind $1
Chessnok: posts big blind $3
*** HOLE CARDS ***
cola26licht: raises $3 to $6
Chessnok: raises $3 to $9
cola26licht: raises $3 to $12
Betting is capped
Chessnok: calls $3
*** FLOP *** [Jd Qs As]
Chessnok: bets $3
cola26licht: raises $3 to $6
Chessnok: calls $3
*** TURN *** [Jd Qs As] [8d]
Chessnok: checks
cola26licht: bets $6
Chessnok: folds
Uncalled bet ($6) returned to cola26licht
cola26licht collected $35.50 from pot
cola26licht: doesn't show hand
*** SUMMARY ***
Total pot $36 | Rake $0.50
Board [Jd Qs As 8d]
Seat 2: cola26licht (button) (small blind) collected ($35.50)
Seat 3: Chessnok (big blind) folded on the Turn


PokerStars Hand #168622866174:  Hold'em Limit ($3/$6 USD) - 2017/04/05 15:06:26 ET
Table 'Tauris II' 6-max Seat #3 is the button
Seat 2: cola26licht ($243.74 in chips)
Seat 3: Chessnok ($60 in chips)
Chessnok: posts small blind $1
cola26licht: posts big blind $3
*** HOLE CARDS ***
Chessnok: raises $3 to $6
cola26licht: raises $3 to $9
Chessnok: calls $3
*** FLOP *** [3c 9h 4c]
cola26licht: bets $3
Chessnok: calls $3
*** TURN *** [3c 9h 4c] [4s]
cola26licht: bets $6
Chessnok: folds
Uncalled bet ($6) returned to cola26licht
cola26licht collected $23.52 from pot
cola26licht: doesn't show hand
*** SUMMARY ***
Total pot $24 | Rake $0.48
Board [3c 9h 4c 4s]
Seat 2: cola26licht (big blind) collected ($23.52)
Seat 3: Chessnok (button) (small blind) folded on the Turn


PokerStars Hand #168622853092:  Hold'em Limit ($3/$6 USD) - 2017/04/05 15:06:11 ET
Table 'Tauris II' 6-max Seat #2 is the button
Seat 2: cola26licht ($223.24 in chips)
Seat 3: Chessnok ($63 in chips)
cola26licht: posts small blind $1
Chessnok: posts big blind $3
*** HOLE CARDS ***
cola26licht: calls $2
Chessnok: raises $3 to $6
cola26licht: calls $3
*** FLOP *** [Kc Jc 7s]
Chessnok: bets $3
cola26licht: calls $3
*** TURN *** [Kc Jc 7s] [6d]
Chessnok: bets $6
cola26licht: calls $6
*** RIVER *** [Kc Jc 7s 6d] [Qc]
Chessnok: bets $6
cola26licht: calls $6
*** SHOW DOWN ***
Chessnok: shows [Tc Td] (a pair of Tens)
cola26licht: shows [Ts Qs] (a pair of Queens)
cola26licht collected $41.50 from pot
*** SUMMARY ***
Total pot $42 | Rake $0.50
Board [Kc Jc 7s 6d Qc]
Seat 2: cola26licht (button) (small blind) showed [Ts Qs] and won ($41.50) with a pair of Queens
Seat 3: Chessnok (big blind) showed [Tc Td] and lost with a pair of Tens


