PokerStars Hand #171119263678:  Hold'em Limit ($3/$6 USD) - 2017/05/30 13:17:05 ET
Table 'Tautenburg' 6-max Seat #4 is the button
Seat 3: largopass ($156.38 in chips)
Seat 4: TbIP-TbIP 88 ($73 in chips)
TbIP-TbIP 88: posts small blind $1
largopass: posts big blind $3
*** HOLE CARDS ***
TbIP-TbIP 88: folds
Uncalled bet ($2) returned to largopass
largopass collected $2 from pot
largopass: doesn't show hand
*** SUMMARY ***
Total pot $2 | Rake $0
Seat 3: largopass (big blind) collected ($2)
Seat 4: TbIP-TbIP 88 (button) (small blind) folded before Flop


PokerStars Hand #171119267357:  Hold'em Limit ($3/$6 USD) - 2017/05/30 13:17:10 ET
Table 'Tautenburg' 6-max Seat #3 is the button
Seat 3: largopass ($157.38 in chips)
Seat 4: TbIP-TbIP 88 ($72 in chips)
largopass: posts small blind $1
TbIP-TbIP 88: posts big blind $3
*** HOLE CARDS ***
largopass: calls $2
vestimokrec joins the table at seat #5
TbIP-TbIP 88: raises $3 to $6
largopass: calls $3
*** FLOP *** [As 4h 7c]
TbIP-TbIP 88: bets $3
largopass: folds
Uncalled bet ($3) returned to TbIP-TbIP 88
TbIP-TbIP 88 collected $11.76 from pot
TbIP-TbIP 88: doesn't show hand
*** SUMMARY ***
Total pot $12 | Rake $0.24
Board [As 4h 7c]
Seat 3: largopass (button) (small blind) folded on the Flop
Seat 4: TbIP-TbIP 88 (big blind) collected ($11.76)


PokerStars Hand #171121741309:  Hold'em Limit ($3/$6 USD) - 2017/05/30 14:12:53 ET
Table 'Tautenburg' 6-max Seat #2 is the button
Seat 1: RaisemyNut$ ($246.77 in chips)
Seat 2: EVBET ($297 in chips)
EVBET: posts small blind $1
TbIP-TbIP 88: is sitting out
vestimokrec: is sitting out
RaisemyNut$: posts big blind $3
*** HOLE CARDS ***
EVBET: raises $3 to $6
RaisemyNut$: calls $3
*** FLOP *** [3c 6h 7c]
RaisemyNut$: checks
EVBET: bets $3
vestimokrec leaves the table
RaisemyNut$: raises $3 to $6
EVBET: raises $3 to $9
RaisemyNut$: calls $3
*** TURN *** [3c 6h 7c] [9s]
RaisemyNut$: checks
EVBET: bets $6
RaisemyNut$: calls $6
*** RIVER *** [3c 6h 7c 9s] [Qc]
RaisemyNut$: checks
EVBET: bets $6
RaisemyNut$: calls $6
*** SHOW DOWN ***
EVBET: shows [6c Kc] (a flush, King high)
RaisemyNut$: mucks hand
EVBET collected $53.50 from pot
*** SUMMARY ***
Total pot $54 | Rake $0.50
Board [3c 6h 7c 9s Qc]
Seat 1: RaisemyNut$ (big blind) mucked
Seat 2: EVBET (button) (small blind) showed [6c Kc] and won ($53.50) with a flush, King high


