PokerStars Hand #147340523027:  Hold'em Limit ($3/$6 USD) - 2016/01/19 18:55:17 ET
Table 'Tautenburg' 6-max Seat #4 is the button
Seat 2: Philly0813 ($120.64 in chips)
Seat 4: AzureCaper ($73.64 in chips)
AzureCaper: posts small blind $1
Philly0813: posts big blind $3
*** HOLE CARDS ***
AzureCaper: folds
Uncalled bet ($2) returned to Philly0813
Philly0813 collected $2 from pot
Philly0813: doesn't show hand
*** SUMMARY ***
Total pot $2 | Rake $0
Seat 2: Philly0813 (big blind) collected ($2)
Seat 4: AzureCaper (button) (small blind) folded before Flop


PokerStars Hand #147340507996:  Hold'em Limit ($3/$6 USD) - 2016/01/19 18:54:55 ET
Table 'Tautenburg' 6-max Seat #2 is the button
Seat 2: Philly0813 ($112 in chips)
Seat 4: AzureCaper ($82.64 in chips)
Philly0813: posts small blind $1
AzureCaper: posts big blind $3
*** HOLE CARDS ***
Philly0813: raises $3 to $6
AzureCaper: calls $3
*** FLOP *** [4d 9d Qd]
AzureCaper: checks
Philly0813: bets $3
AzureCaper: calls $3
*** TURN *** [4d 9d Qd] [Jc]
AzureCaper: checks
Philly0813: checks
*** RIVER *** [4d 9d Qd Jc] [Ad]
AzureCaper: checks
Philly0813: bets $6
AzureCaper: folds
Uncalled bet ($6) returned to Philly0813
Philly0813 collected $17.64 from pot
Philly0813: doesn't show hand
*** SUMMARY ***
Total pot $18 | Rake $0.36
Board [4d 9d Qd Jc Ad]
Seat 2: Philly0813 (button) (small blind) collected ($17.64)
Seat 4: AzureCaper (big blind) folded on the River


PokerStars Hand #147340504456:  Hold'em Limit ($3/$6 USD) - 2016/01/19 18:54:50 ET
Table 'Tautenburg' 6-max Seat #4 is the button
Seat 2: Philly0813 ($115 in chips)
Seat 4: AzureCaper ($79.64 in chips)
AzureCaper: posts small blind $1
Philly0813: posts big blind $3
*** HOLE CARDS ***
AzureCaper: raises $3 to $6
Philly0813: folds
Uncalled bet ($3) returned to AzureCaper
AzureCaper collected $6 from pot
AzureCaper: doesn't show hand
*** SUMMARY ***
Total pot $6 | Rake $0
Seat 2: Philly0813 (big blind) folded before Flop
Seat 4: AzureCaper (button) (small blind) collected ($6)


PokerStars Hand #147340501196:  Hold'em Limit ($3/$6 USD) - 2016/01/19 18:54:46 ET
Table 'Tautenburg' 6-max Seat #2 is the button
Seat 2: Philly0813 ($112 in chips)
Seat 4: AzureCaper ($82.64 in chips)
Philly0813: posts small blind $1
AzureCaper: posts big blind $3
*** HOLE CARDS ***
Philly0813: raises $3 to $6
AzureCaper: folds
Uncalled bet ($3) returned to Philly0813
Philly0813 collected $6 from pot
Philly0813: doesn't show hand
*** SUMMARY ***
Total pot $6 | Rake $0
Seat 2: Philly0813 (button) (small blind) collected ($6)
Seat 4: AzureCaper (big blind) folded before Flop


PokerStars Hand #147340496870:  Hold'em Limit ($3/$6 USD) - 2016/01/19 18:54:40 ET
Table 'Tautenburg' 6-max Seat #4 is the button
Seat 2: Philly0813 ($111 in chips)
Seat 4: AzureCaper ($83.64 in chips)
AzureCaper: posts small blind $1
Philly0813: posts big blind $3
*** HOLE CARDS ***
AzureCaper: folds
Uncalled bet ($2) returned to Philly0813
Philly0813 collected $2 from pot
Philly0813: doesn't show hand
*** SUMMARY ***
Total pot $2 | Rake $0
Seat 2: Philly0813 (big blind) collected ($2)
Seat 4: AzureCaper (button) (small blind) folded before Flop


PokerStars Hand #147340488391:  Hold'em Limit ($3/$6 USD) - 2016/01/19 18:54:29 ET
Table 'Tautenburg' 6-max Seat #2 is the button
Seat 2: Philly0813 ($120 in chips)
Seat 4: AzureCaper ($75 in chips)
Philly0813: posts small blind $1
AzureCaper: posts big blind $3
*** HOLE CARDS ***
Philly0813: raises $3 to $6
AzureCaper: calls $3
*** FLOP *** [Th Qs 2c]
AzureCaper: checks
Philly0813: bets $3
AzureCaper: raises $3 to $6
Philly0813: folds
Uncalled bet ($3) returned to AzureCaper
AzureCaper collected $17.64 from pot
AzureCaper: doesn't show hand
*** SUMMARY ***
Total pot $18 | Rake $0.36
Board [Th Qs 2c]
Seat 2: Philly0813 (button) (small blind) folded on the Flop
Seat 4: AzureCaper (big blind) collected ($17.64)


PokerStars Hand #147340525616:  Hold'em Limit ($3/$6 USD) - 2016/01/19 18:55:21 ET
Table 'Tautenburg' 6-max Seat #2 is the button
Seat 2: Philly0813 ($121.64 in chips)
Seat 4: AzureCaper ($72.64 in chips)
Philly0813: posts small blind $1
AzureCaper: posts big blind $3
*** HOLE CARDS ***
zapo1 joins the table at seat #6
Philly0813: folds
Uncalled bet ($2) returned to AzureCaper
AzureCaper collected $2 from pot
AzureCaper: doesn't show hand
*** SUMMARY ***
Total pot $2 | Rake $0
Seat 2: Philly0813 (button) (small blind) folded before Flop
Seat 4: AzureCaper (big blind) collected ($2)


