PokerStars Hand #169666604578:  Hold'em Limit ($3/$6 USD) - 2017/04/28 8:30:20 ET
Table 'Tavastia' 6-max Seat #4 is the button
Seat 1: ermolov1 ($303.12 in chips)
Seat 4: Fabulous108 ($179.93 in chips)
Fabulous108: posts small blind $1
ermolov1: posts big blind $3
*** HOLE CARDS ***
Fabulous108: raises $3 to $6
ermolov1: calls $3
*** FLOP *** [Jh 6h 6s]
ermolov1: bets $3
Fabulous108: calls $3
*** TURN *** [Jh 6h 6s] [Th]
ermolov1: bets $6
Fabulous108: raises $6 to $12
ermolov1: calls $6
*** RIVER *** [Jh 6h 6s Th] [6d]
ermolov1: bets $6
Fabulous108: raises $6 to $12
ermolov1: calls $6
*** SHOW DOWN ***
Fabulous108: shows [Js Kc] (a full house, Sixes full of Jacks)
ermolov1: mucks hand
Fabulous108 collected $65.50 from pot
*** SUMMARY ***
Total pot $66 | Rake $0.50
Board [Jh 6h 6s Th 6d]
Seat 1: ermolov1 (big blind) mucked
Seat 4: Fabulous108 (button) (small blind) showed [Js Kc] and won ($65.50) with a full house, Sixes full of Jacks


PokerStars Hand #169666649657:  Hold'em Limit ($3/$6 USD) - 2017/04/28 8:31:52 ET
Table 'Tavastia' 6-max Seat #1 is the button
Seat 1: ermolov1 ($301.32 in chips)
Seat 4: Fabulous108 ($161.43 in chips)
ermolov1: posts small blind $1
Whatze Phuck is disconnected
Whatze Phuck has timed out while disconnected
Whatze Phuck: is sitting out
Fabulous108: posts big blind $3
*** HOLE CARDS ***
ermolov1: raises $3 to $6
Fabulous108: calls $3
*** FLOP *** [Ad Ks 9c]
Fabulous108: checks
ermolov1: checks
*** TURN *** [Ad Ks 9c] [Qd]
Fabulous108: bets $6
ermolov1: raises $6 to $12
Fabulous108: folds
Uncalled bet ($6) returned to ermolov1
ermolov1 collected $23.52 from pot
*** SUMMARY ***
Total pot $24 | Rake $0.48
Board [Ad Ks 9c Qd]
Seat 1: ermolov1 (button) (small blind) collected ($23.52)
Seat 4: Fabulous108 (big blind) folded on the Turn


PokerStars Hand #169666670511:  Hold'em Limit ($3/$6 USD) - 2017/04/28 8:32:34 ET
Table 'Tavastia' 6-max Seat #1 is the button
Seat 1: ermolov1 ($309.84 in chips)
Seat 4: Fabulous108 ($152.43 in chips)
ermolov1: posts small blind $1
Fabulous108: posts big blind $3
*** HOLE CARDS ***
ermolov1: raises $3 to $6
Fabulous108: calls $3
*** FLOP *** [7c Ad Qh]
Fabulous108: checks
ermolov1: bets $3
Fabulous108: calls $3
*** TURN *** [7c Ad Qh] [2s]
Fabulous108: checks
ermolov1: checks
*** RIVER *** [7c Ad Qh 2s] [3h]
Fabulous108: bets $6
ermolov1: folds
Uncalled bet ($6) returned to Fabulous108
Fabulous108 collected $17.64 from pot
Fabulous108: doesn't show hand
*** SUMMARY ***
Total pot $18 | Rake $0.36
Board [7c Ad Qh 2s 3h]
Seat 1: ermolov1 (button) (small blind) folded on the River
Seat 4: Fabulous108 (big blind) collected ($17.64)


PokerStars Hand #169666666368:  Hold'em Limit ($3/$6 USD) - 2017/04/28 8:32:26 ET
Table 'Tavastia' 6-max Seat #4 is the button
Seat 1: ermolov1 ($312.84 in chips)
Seat 4: Fabulous108 ($149.43 in chips)
Fabulous108: posts small blind $1
ermolov1: posts big blind $3
*** HOLE CARDS ***
Fabulous108: raises $3 to $6
ermolov1: folds
Uncalled bet ($3) returned to Fabulous108
Fabulous108 collected $6 from pot
Fabulous108: doesn't show hand
*** SUMMARY ***
Total pot $6 | Rake $0
Seat 1: ermolov1 (big blind) folded before Flop
Seat 4: Fabulous108 (button) (small blind) collected ($6)


PokerStars Hand #169666694750:  Hold'em Limit ($3/$6 USD) - 2017/04/28 8:33:23 ET
Table 'Tavastia' 6-max Seat #1 is the button
Seat 1: ermolov1 ($305.84 in chips)
Seat 4: Fabulous108 ($156.07 in chips)
ermolov1: posts small blind $1
Whatze Phuck: is sitting out
Fabulous108: posts big blind $3
*** HOLE CARDS ***
ermolov1: raises $3 to $6
Fabulous108: folds
Uncalled bet ($3) returned to ermolov1
ermolov1 collected $6 from pot
*** SUMMARY ***
Total pot $6 | Rake $0
Seat 1: ermolov1 (button) (small blind) collected ($6)
Seat 4: Fabulous108 (big blind) folded before Flop


PokerStars Hand #169666679434:  Hold'em Limit ($3/$6 USD) - 2017/04/28 8:32:52 ET
Table 'Tavastia' 6-max Seat #4 is the button
Seat 1: ermolov1 ($300.84 in chips)
Seat 4: Fabulous108 ($161.07 in chips)
Fabulous108: posts small blind $1
ermolov1: posts big blind $3
*** HOLE CARDS ***
Fabulous108: folds
Uncalled bet ($2) returned to ermolov1
ermolov1 collected $2 from pot
*** SUMMARY ***
Total pot $2 | Rake $0
Seat 1: ermolov1 (big blind) collected ($2)
Seat 4: Fabulous108 (button) (small blind) folded before Flop


PokerStars Hand #169666703190:  Hold'em Limit ($3/$6 USD) - 2017/04/28 8:33:40 ET
Table 'Tavastia' 6-max Seat #4 is the button
Seat 1: ermolov1 ($308.84 in chips)
Seat 4: Fabulous108 ($153.07 in chips)
Fabulous108: posts small blind $1
ermolov1: posts big blind $3
*** HOLE CARDS ***
Fabulous108: folds
Uncalled bet ($2) returned to ermolov1
ermolov1 collected $2 from pot
*** SUMMARY ***
Total pot $2 | Rake $0
Seat 1: ermolov1 (big blind) collected ($2)
Seat 4: Fabulous108 (button) (small blind) folded before Flop


PokerStars Hand #169666706254:  Hold'em Limit ($3/$6 USD) - 2017/04/28 8:33:46 ET
Table 'Tavastia' 6-max Seat #1 is the button
Seat 1: ermolov1 ($309.84 in chips)
Seat 4: Fabulous108 ($152.07 in chips)
ermolov1: posts small blind $1
Fabulous108: posts big blind $3
*** HOLE CARDS ***
ermolov1: raises $3 to $6
Fabulous108: raises $3 to $9
ermolov1: calls $3
*** FLOP *** [3h Kh 9s]
Fabulous108: bets $3
ermolov1: calls $3
*** TURN *** [3h Kh 9s] [5c]
Fabulous108: checks
ermolov1: checks
*** RIVER *** [3h Kh 9s 5c] [5h]
Fabulous108: bets $6
ermolov1: folds
Uncalled bet ($6) returned to Fabulous108
Fabulous108 collected $23.52 from pot
Fabulous108: doesn't show hand
*** SUMMARY ***
Total pot $24 | Rake $0.48
Board [3h Kh 9s 5c 5h]
Seat 1: ermolov1 (button) (small blind) folded on the River
Seat 4: Fabulous108 (big blind) collected ($23.52)


PokerStars Hand #169666698122:  Hold'em Limit ($3/$6 USD) - 2017/04/28 8:33:29 ET
Table 'Tavastia' 6-max Seat #4 is the button
Seat 1: ermolov1 ($308.84 in chips)
Seat 4: Fabulous108 ($153.07 in chips)
Fabulous108: posts small blind $1
ermolov1: posts big blind $3
*** HOLE CARDS ***
Whatze Phuck leaves the table
Fabulous108: folds
Uncalled bet ($2) returned to ermolov1
ermolov1 collected $2 from pot
*** SUMMARY ***
Total pot $2 | Rake $0
Seat 1: ermolov1 (big blind) collected ($2)
Seat 4: Fabulous108 (button) (small blind) folded before Flop


PokerStars Hand #169666728416:  Hold'em Limit ($3/$6 USD) - 2017/04/28 8:34:31 ET
Table 'Tavastia' 6-max Seat #4 is the button
Seat 1: ermolov1 ($297.84 in chips)
Seat 4: Fabulous108 ($163.59 in chips)
Fabulous108: posts small blind $1
ermolov1: posts big blind $3
*** HOLE CARDS ***
Fabulous108: raises $3 to $6
ermolov1: folds
Uncalled bet ($3) returned to Fabulous108
Fabulous108 collected $6 from pot
Fabulous108: doesn't show hand
*** SUMMARY ***
Total pot $6 | Rake $0
Seat 1: ermolov1 (big blind) folded before Flop
Seat 4: Fabulous108 (button) (small blind) collected ($6)


PokerStars Hand #169666735914:  Hold'em Limit ($3/$6 USD) - 2017/04/28 8:34:46 ET
Table 'Tavastia' 6-max Seat #1 is the button
Seat 1: ermolov1 ($294.84 in chips)
Seat 4: Fabulous108 ($166.59 in chips)
ermolov1: posts small blind $1
Fabulous108: posts big blind $3
*** HOLE CARDS ***
ermolov1: raises $3 to $6
Fabulous108: calls $3
*** FLOP *** [8d Kd Jc]
Fabulous108: checks
ermolov1: bets $3
Fabulous108: calls $3
*** TURN *** [8d Kd Jc] [2c]
Fabulous108: checks
ermolov1: bets $6
Fabulous108: folds
Uncalled bet ($6) returned to ermolov1
ermolov1 collected $17.64 from pot
*** SUMMARY ***
Total pot $18 | Rake $0.36
Board [8d Kd Jc 2c]
Seat 1: ermolov1 (button) (small blind) collected ($17.64)
Seat 4: Fabulous108 (big blind) folded on the Turn


PokerStars Hand #169666751453:  Hold'em Limit ($3/$6 USD) - 2017/04/28 8:35:17 ET
Table 'Tavastia' 6-max Seat #4 is the button
Seat 1: ermolov1 ($303.48 in chips)
Seat 4: Fabulous108 ($157.59 in chips)
Fabulous108: posts small blind $1
ermolov1: posts big blind $3
*** HOLE CARDS ***
kolaz03 joins the table at seat #2
Fabulous108: raises $3 to $6
ermolov1: calls $3
*** FLOP *** [5d 7d 3h]
ermolov1: checks
Fabulous108: bets $3
ermolov1: raises $3 to $6
Fabulous108: calls $3
*** TURN *** [5d 7d 3h] [8c]
ermolov1: bets $6
Fabulous108: raises $6 to $12
ermolov1: calls $6
*** RIVER *** [5d 7d 3h 8c] [2d]
ermolov1: checks
Fabulous108: checks
*** SHOW DOWN ***
ermolov1: shows [5s Qs] (a pair of Fives)
Fabulous108: shows [8h 9d] (a pair of Eights)
Fabulous108 collected $47.50 from pot
*** SUMMARY ***
Total pot $48 | Rake $0.50
Board [5d 7d 3h 8c 2d]
Seat 1: ermolov1 (big blind) showed [5s Qs] and lost with a pair of Fives
Seat 4: Fabulous108 (button) (small blind) showed [8h 9d] and won ($47.50) with a pair of Eights


PokerStars Hand #169667108491:  Hold'em Limit ($3/$6 USD) - 2017/04/28 8:46:54 ET
Table 'Tavastia' 6-max Seat #1 is the button
Seat 1: ermolov1 ($290.84 in chips)
Seat 2: kolaz03 ($79.58 in chips)
ermolov1: posts small blind $1
kolaz03: posts big blind $3
*** HOLE CARDS ***
ermolov1: raises $3 to $6
kolaz03: calls $3
*** FLOP *** [2h 2d Qc]
kolaz03: checks
ermolov1: checks
*** TURN *** [2h 2d Qc] [4h]
kolaz03: checks
ermolov1: checks
*** RIVER *** [2h 2d Qc 4h] [Ah]
kolaz03: checks
ermolov1: checks
*** SHOW DOWN ***
kolaz03: shows [Qs 9c] (two pair, Queens and Deuces)
ermolov1: mucks hand
kolaz03 collected $11.76 from pot
*** SUMMARY ***
Total pot $12 | Rake $0.24
Board [2h 2d Qc 4h Ah]
Seat 1: ermolov1 (button) (small blind) mucked
Seat 2: kolaz03 (big blind) showed [Qs 9c] and won ($11.76) with two pair, Queens and Deuces


PokerStars Hand #169667104275:  Hold'em Limit ($3/$6 USD) - 2017/04/28 8:46:46 ET
Table 'Tavastia' 6-max Seat #2 is the button
Seat 1: ermolov1 ($293.84 in chips)
Seat 2: kolaz03 ($76.58 in chips)
kolaz03: posts small blind $1
Fabulous108: is sitting out
ermolov1: posts big blind $3
*** HOLE CARDS ***
kolaz03: raises $3 to $6
ermolov1: folds
Uncalled bet ($3) returned to kolaz03
kolaz03 collected $6 from pot
kolaz03: doesn't show hand
*** SUMMARY ***
Total pot $6 | Rake $0
Seat 1: ermolov1 (big blind) folded before Flop
Seat 2: kolaz03 (button) (small blind) collected ($6)


PokerStars Hand #169668077544:  Hold'em Limit ($3/$6 USD) - 2017/04/28 9:18:23 ET
Table 'Tavastia' 6-max Seat #4 is the button
Seat 2: kolaz03 ($72 in chips)
Seat 4: B_loJkl ($174.83 in chips)
B_loJkl: posts small blind $1
ermolov1: is sitting out
kolaz03: posts big blind $3
*** HOLE CARDS ***
B_loJkl: raises $3 to $6
kolaz03: calls $3
*** FLOP *** [4s 2c 2s]
kolaz03: checks
B_loJkl: checks
*** TURN *** [4s 2c 2s] [7d]
kolaz03: bets $6
B_loJkl: raises $6 to $12
kolaz03: calls $6
*** RIVER *** [4s 2c 2s 7d] [6s]
kolaz03: checks
B_loJkl: bets $6
kolaz03: folds
Uncalled bet ($6) returned to B_loJkl
B_loJkl collected $35.50 from pot
B_loJkl: doesn't show hand
*** SUMMARY ***
Total pot $36 | Rake $0.50
Board [4s 2c 2s 7d 6s]
Seat 2: kolaz03 (big blind) folded on the River
Seat 4: B_loJkl (button) (small blind) collected ($35.50)


PokerStars Hand #169668102588:  Hold'em Limit ($3/$6 USD) - 2017/04/28 9:19:09 ET
Table 'Tavastia' 6-max Seat #2 is the button
Seat 2: kolaz03 ($72 in chips)
Seat 4: B_loJkl ($192.33 in chips)
kolaz03: posts small blind $1
B_loJkl: posts big blind $3
*** HOLE CARDS ***
kolaz03: raises $3 to $6
B_loJkl: calls $3
*** FLOP *** [4h Ac Js]
B_loJkl: checks
kolaz03: bets $3
B_loJkl: calls $3
*** TURN *** [4h Ac Js] [7d]
B_loJkl: checks
kolaz03: bets $6
B_loJkl: calls $6
*** RIVER *** [4h Ac Js 7d] [Th]
B_loJkl: checks
kolaz03: bets $6
B_loJkl: calls $6
*** SHOW DOWN ***
kolaz03: shows [Ad Kh] (a pair of Aces)
B_loJkl: mucks hand
kolaz03 collected $41.50 from pot
*** SUMMARY ***
Total pot $42 | Rake $0.50
Board [4h Ac Js 7d Th]
Seat 2: kolaz03 (button) (small blind) showed [Ad Kh] and won ($41.50) with a pair of Aces
Seat 4: B_loJkl (big blind) mucked


