PokerStars Hand #174609261199:  Hold'em Limit ($3/$6 USD) - 2017/08/21 8:58:21 ET
Table 'Taygeta' 6-max Seat #4 is the button
Seat 3: BAD-Chri$$y ($36.47 in chips)
Seat 4: VolkovDmitri ($158.27 in chips)
VolkovDmitri: posts small blind $1
BAD-Chri$$y: posts big blind $3
*** HOLE CARDS ***
VolkovDmitri: folds
Uncalled bet ($2) returned to BAD-Chri$$y
BAD-Chri$$y collected $2 from pot
BAD-Chri$$y: doesn't show hand
*** SUMMARY ***
Total pot $2 | Rake $0
Seat 3: BAD-Chri$$y (big blind) collected ($2)
Seat 4: VolkovDmitri (button) (small blind) folded before Flop


PokerStars Hand #174609253292:  Hold'em Limit ($3/$6 USD) - 2017/08/21 8:58:02 ET
Table 'Taygeta' 6-max Seat #3 is the button
Seat 3: BAD-Chri$$y ($42.47 in chips)
Seat 4: VolkovDmitri ($152.51 in chips)
BAD-Chri$$y: posts small blind $1
VolkovDmitri: posts big blind $3
*** HOLE CARDS ***
BAD-Chri$$y: raises $3 to $6
VolkovDmitri: calls $3
*** FLOP *** [2d 4c Qh]
VolkovDmitri: checks
BAD-Chri$$y: checks
*** TURN *** [2d 4c Qh] [7d]
VolkovDmitri: checks
BAD-Chri$$y: checks
*** RIVER *** [2d 4c Qh 7d] [Td]
VolkovDmitri: bets $6
BAD-Chri$$y: folds
Uncalled bet ($6) returned to VolkovDmitri
VolkovDmitri collected $11.76 from pot
VolkovDmitri: doesn't show hand
*** SUMMARY ***
Total pot $12 | Rake $0.24
Board [2d 4c Qh 7d Td]
Seat 3: BAD-Chri$$y (button) (small blind) folded on the River
Seat 4: VolkovDmitri (big blind) collected ($11.76)


PokerStars Hand #174609244191:  Hold'em Limit ($3/$6 USD) - 2017/08/21 8:57:40 ET
Table 'Taygeta' 6-max Seat #4 is the button
Seat 3: BAD-Chri$$y ($21.97 in chips)
Seat 4: VolkovDmitri ($173.51 in chips)
VolkovDmitri: posts small blind $1
BAD-Chri$$y: posts big blind $3
*** HOLE CARDS ***
VolkovDmitri: raises $3 to $6
BAD-Chri$$y: calls $3
*** FLOP *** [4c 2c Tc]
BAD-Chri$$y: bets $3
VolkovDmitri: calls $3
*** TURN *** [4c 2c Tc] [6h]
BAD-Chri$$y: bets $6
VolkovDmitri: calls $6
*** RIVER *** [4c 2c Tc 6h] [6d]
BAD-Chri$$y: bets $6
VolkovDmitri: calls $6
*** SHOW DOWN ***
BAD-Chri$$y: shows [2h Jd] (two pair, Sixes and Deuces)
VolkovDmitri: mucks hand
BAD-Chri$$y collected $41.50 from pot
*** SUMMARY ***
Total pot $42 | Rake $0.50
Board [4c 2c Tc 6h 6d]
Seat 3: BAD-Chri$$y (big blind) showed [2h Jd] and won ($41.50) with two pair, Sixes and Deuces
Seat 4: VolkovDmitri (button) (small blind) mucked


PokerStars Hand #174609279969:  Hold'em Limit ($3/$6 USD) - 2017/08/21 8:59:06 ET
Table 'Taygeta' 6-max Seat #3 is the button
Seat 3: BAD-Chri$$y ($60.73 in chips)
Seat 4: VolkovDmitri ($133.27 in chips)
BAD-Chri$$y: posts small blind $1
VolkovDmitri: posts big blind $3
*** HOLE CARDS ***
BAD-Chri$$y: calls $2
VolkovDmitri: raises $3 to $6
BAD-Chri$$y: calls $3
*** FLOP *** [9d 2h Js]
VolkovDmitri: bets $3
BAD-Chri$$y: raises $3 to $6
VolkovDmitri: calls $3
*** TURN *** [9d 2h Js] [Qh]
VolkovDmitri: checks
BAD-Chri$$y: checks
*** RIVER *** [9d 2h Js Qh] [Ad]
VolkovDmitri: bets $6
skaluah joins the table at seat #2
BAD-Chri$$y: calls $6
*** SHOW DOWN ***
VolkovDmitri: shows [As 4h] (a pair of Aces)
BAD-Chri$$y: mucks hand
VolkovDmitri collected $35.50 from pot
*** SUMMARY ***
Total pot $36 | Rake $0.50
Board [9d 2h Js Qh Ad]
Seat 3: BAD-Chri$$y (button) (small blind) mucked
Seat 4: VolkovDmitri (big blind) showed [As 4h] and won ($35.50) with a pair of Aces


PokerStars Hand #174609270883:  Hold'em Limit ($3/$6 USD) - 2017/08/21 8:58:44 ET
Table 'Taygeta' 6-max Seat #4 is the button
Seat 3: BAD-Chri$$y ($43.23 in chips)
Seat 4: VolkovDmitri ($151.27 in chips)
VolkovDmitri: posts small blind $1
BAD-Chri$$y: posts big blind $3
*** HOLE CARDS ***
VolkovDmitri: raises $3 to $6
BAD-Chri$$y: raises $3 to $9
VolkovDmitri: calls $3
*** FLOP *** [4h 9c Qh]
BAD-Chri$$y: checks
VolkovDmitri: bets $3
BAD-Chri$$y: calls $3
*** TURN *** [4h 9c Qh] [Jd]
BAD-Chri$$y: checks
VolkovDmitri: checks
*** RIVER *** [4h 9c Qh Jd] [Qc]
BAD-Chri$$y: bets $6
VolkovDmitri: calls $6
*** SHOW DOWN ***
BAD-Chri$$y: shows [Ad Qd] (three of a kind, Queens)
VolkovDmitri: mucks hand
BAD-Chri$$y collected $35.50 from pot
*** SUMMARY ***
Total pot $36 | Rake $0.50
Board [4h 9c Qh Jd Qc]
Seat 3: BAD-Chri$$y (big blind) showed [Ad Qd] and won ($35.50) with three of a kind, Queens
Seat 4: VolkovDmitri (button) (small blind) mucked


PokerStars Hand #174609264103:  Hold'em Limit ($3/$6 USD) - 2017/08/21 8:58:28 ET
Table 'Taygeta' 6-max Seat #3 is the button
Seat 3: BAD-Chri$$y ($37.47 in chips)
Seat 4: VolkovDmitri ($157.27 in chips)
BAD-Chri$$y: posts small blind $1
VolkovDmitri: posts big blind $3
*** HOLE CARDS ***
BAD-Chri$$y: calls $2
VolkovDmitri: checks
*** FLOP *** [Qc Js 9c]
VolkovDmitri: bets $3
BAD-Chri$$y: calls $3
*** TURN *** [Qc Js 9c] [9d]
VolkovDmitri: checks
BAD-Chri$$y: bets $6
VolkovDmitri: folds
Uncalled bet ($6) returned to BAD-Chri$$y
BAD-Chri$$y collected $11.76 from pot
BAD-Chri$$y: doesn't show hand
*** SUMMARY ***
Total pot $12 | Rake $0.24
Board [Qc Js 9c 9d]
Seat 3: BAD-Chri$$y (button) (small blind) collected ($11.76)
Seat 4: VolkovDmitri (big blind) folded on the Turn


PokerStars Hand #174610987568:  Hold'em Limit ($3/$6 USD) - 2017/08/21 9:56:55 ET
Table 'Taygeta' 6-max Seat #1 is the button
Seat 1: xxPSRxx ($135.90 in chips)
Seat 6: zimin10 ($93.56 in chips)
xxPSRxx: posts small blind $1
VolkovDmitri: is sitting out
zimin10: posts big blind $3
*** HOLE CARDS ***
xxPSRxx: raises $3 to $6
zimin10: calls $3
*** FLOP *** [8s 4d 6s]
zimin10: checks
xxPSRxx: checks
*** TURN *** [8s 4d 6s] [7h]
VolkovDmitri leaves the table
zimin10: bets $6
xxPSRxx: calls $6
*** RIVER *** [8s 4d 6s 7h] [Jd]
zimin10: bets $6
xxPSRxx: folds
Uncalled bet ($6) returned to zimin10
zimin10 collected $23.52 from pot
*** SUMMARY ***
Total pot $24 | Rake $0.48
Board [8s 4d 6s 7h Jd]
Seat 1: xxPSRxx (button) (small blind) folded on the River
Seat 6: zimin10 (big blind) collected ($23.52)


PokerStars Hand #174611009091:  Hold'em Limit ($3/$6 USD) - 2017/08/21 9:57:42 ET
Table 'Taygeta' 6-max Seat #6 is the button
Seat 1: xxPSRxx ($123.90 in chips)
Seat 6: zimin10 ($105.08 in chips)
zimin10: posts small blind $1
xxPSRxx: posts big blind $3
*** HOLE CARDS ***
zimin10: raises $3 to $6
xxPSRxx: calls $3
*** FLOP *** [Kh Qc 4h]
xxPSRxx: checks
zimin10: bets $3
xxPSRxx: calls $3
*** TURN *** [Kh Qc 4h] [Tc]
xxPSRxx: checks
zimin10: bets $6
xxPSRxx: calls $6
*** RIVER *** [Kh Qc 4h Tc] [2d]
xxPSRxx: bets $6
zimin10: folds
Uncalled bet ($6) returned to xxPSRxx
xxPSRxx collected $29.50 from pot
xxPSRxx: doesn't show hand
*** SUMMARY ***
Total pot $30 | Rake $0.50
Board [Kh Qc 4h Tc 2d]
Seat 1: xxPSRxx (big blind) collected ($29.50)
Seat 6: zimin10 (button) (small blind) folded on the River


PokerStars Hand #174611286821:  Hold'em Limit ($3/$6 USD) - 2017/08/21 10:07:07 ET
Table 'Taygeta' 6-max Seat #6 is the button
Seat 4: nord670 ($36 in chips)
Seat 6: zimin10 ($90.08 in chips)
zimin10: posts small blind $1
nord670: posts big blind $3
*** HOLE CARDS ***
Kayaxinh joins the table at seat #1
zimin10: raises $3 to $6
nord670: calls $3
*** FLOP *** [Ad 7d As]
nord670: bets $3
zimin10: calls $3
*** TURN *** [Ad 7d As] [4h]
nord670: checks
zimin10: bets $6
nord670: folds
Uncalled bet ($6) returned to zimin10
zimin10 collected $17.64 from pot
*** SUMMARY ***
Total pot $18 | Rake $0.36
Board [Ad 7d As 4h]
Seat 4: nord670 (big blind) folded on the Turn
Seat 6: zimin10 (button) (small blind) collected ($17.64)


PokerStars Hand #174611314808:  Hold'em Limit ($3/$6 USD) - 2017/08/21 10:08:00 ET
Table 'Taygeta' 6-max Seat #4 is the button
Seat 4: nord670 ($27 in chips)
Seat 6: zimin10 ($98.72 in chips)
nord670: posts small blind $1
zimin10: posts big blind $3
*** HOLE CARDS ***
nord670: calls $2
zimin10: raises $3 to $6
nord670: calls $3
*** FLOP *** [5h 9d 6d]
zimin10: bets $3
nord670: raises $3 to $6
zimin10: calls $3
*** TURN *** [5h 9d 6d] [4c]
zimin10: checks
Kayaxinh is disconnected
nord670: bets $6
zimin10: raises $6 to $12
nord670: raises $3 to $15 and is all-in
zimin10: calls $3
*** RIVER *** [5h 9d 6d 4c] [2d]
*** SHOW DOWN ***
zimin10: shows [4h 6c] (two pair, Sixes and Fours)
nord670: shows [Th 9h] (a pair of Nines)
zimin10 collected $53.50 from pot
*** SUMMARY ***
Total pot $54 | Rake $0.50
Board [5h 9d 6d 4c 2d]
Seat 4: nord670 (button) (small blind) showed [Th 9h] and lost with a pair of Nines
Seat 6: zimin10 (big blind) showed [4h 6c] and won ($53.50) with two pair, Sixes and Fours


PokerStars Hand #174611333086:  Hold'em Limit ($3/$6 USD) - 2017/08/21 10:08:35 ET
Table 'Taygeta' 6-max Seat #6 is the button
Seat 1: Kayaxinh ($30 in chips)
Seat 6: zimin10 ($125.22 in chips)
zimin10: posts small blind $1
Kayaxinh: posts big blind $3
*** HOLE CARDS ***
zimin10: raises $3 to $6
Kayaxinh: calls $3
*** FLOP *** [9c 8d Qd]
nord670 leaves the table
Kayaxinh: bets $3
zimin10: folds
Uncalled bet ($3) returned to Kayaxinh
Kayaxinh collected $11.76 from pot
Kayaxinh: doesn't show hand
*** SUMMARY ***
Total pot $12 | Rake $0.24
Board [9c 8d Qd]
Seat 1: Kayaxinh (big blind) collected ($11.76)
Seat 6: zimin10 (button) (small blind) folded on the Flop


PokerStars Hand #174611339290:  Hold'em Limit ($3/$6 USD) - 2017/08/21 10:08:47 ET
Table 'Taygeta' 6-max Seat #1 is the button
Seat 1: Kayaxinh ($35.76 in chips)
Seat 6: zimin10 ($119.22 in chips)
Kayaxinh: posts small blind $1
zimin10: posts big blind $3
*** HOLE CARDS ***
Kayaxinh: calls $2
zimin10: raises $3 to $6
Kayaxinh: calls $3
*** FLOP *** [Jd 2h Qd]
zimin10: bets $3
Kayaxinh: folds
Uncalled bet ($3) returned to zimin10
zimin10 collected $11.76 from pot
*** SUMMARY ***
Total pot $12 | Rake $0.24
Board [Jd 2h Qd]
Seat 1: Kayaxinh (button) (small blind) folded on the Flop
Seat 6: zimin10 (big blind) collected ($11.76)


PokerStars Hand #174611352204:  Hold'em Limit ($3/$6 USD) - 2017/08/21 10:09:11 ET
Table 'Taygeta' 6-max Seat #6 is the button
Seat 1: Kayaxinh ($29.76 in chips)
Seat 6: zimin10 ($124.98 in chips)
zimin10: posts small blind $1
Kayaxinh: posts big blind $3
*** HOLE CARDS ***
zimin10: raises $3 to $6
Kayaxinh: raises $3 to $9
zimin10: calls $3
*** FLOP *** [5h Kc Js]
Kayaxinh: bets $3
zimin10: folds
Uncalled bet ($3) returned to Kayaxinh
Kayaxinh collected $17.64 from pot
*** SUMMARY ***
Total pot $18 | Rake $0.36
Board [5h Kc Js]
Seat 1: Kayaxinh (big blind) collected ($17.64)
Seat 6: zimin10 (button) (small blind) folded on the Flop


PokerStars Hand #174611360649:  Hold'em Limit ($3/$6 USD) - 2017/08/21 10:09:28 ET
Table 'Taygeta' 6-max Seat #1 is the button
Seat 1: Kayaxinh ($38.40 in chips)
Seat 6: zimin10 ($115.98 in chips)
Kayaxinh: posts small blind $1
zimin10: posts big blind $3
*** HOLE CARDS ***
Kayaxinh: raises $3 to $6
zimin10: raises $3 to $9
Kayaxinh: raises $3 to $12
Betting is capped
zimin10: calls $3
*** FLOP *** [9c 3c 8d]
zimin10: checks
Kayaxinh: checks
*** TURN *** [9c 3c 8d] [Ac]
zimin10: checks
Kayaxinh: bets $6
B_loJkl joins the table at seat #2
zimin10: calls $6
*** RIVER *** [9c 3c 8d Ac] [Jd]
zimin10: checks
Kayaxinh: bets $6
zimin10: raises $6 to $12
Kayaxinh: calls $6
*** SHOW DOWN ***
zimin10: shows [Js As] (two pair, Aces and Jacks)
Kayaxinh: mucks hand
zimin10 collected $59.50 from pot
*** SUMMARY ***
Total pot $60 | Rake $0.50
Board [9c 3c 8d Ac Jd]
Seat 1: Kayaxinh (button) (small blind) mucked
Seat 6: zimin10 (big blind) showed [Js As] and won ($59.50) with two pair, Aces and Jacks


PokerStars Hand #174611397437:  Hold'em Limit ($3/$6 USD) - 2017/08/21 10:10:37 ET
Table 'Taygeta' 6-max Seat #6 is the button
Seat 1: Kayaxinh ($8.40 in chips)
Seat 6: zimin10 ($145.48 in chips)
zimin10: posts small blind $1
Kayaxinh: posts big blind $3
*** HOLE CARDS ***
zimin10: raises $3 to $6
Kayaxinh: raises $2.40 to $8.40 and is all-in
zimin10: calls $2.40
*** FLOP *** [Js Qs Qh]
*** TURN *** [Js Qs Qh] [Ac]
*** RIVER *** [Js Qs Qh Ac] [2h]
*** SHOW DOWN ***
Kayaxinh: shows [5s 6d] (a pair of Queens)
zimin10: shows [Ks Kc] (two pair, Kings and Queens)
zimin10 collected $16.46 from pot
*** SUMMARY ***
Total pot $16.80 | Rake $0.34
Board [Js Qs Qh Ac 2h]
Seat 1: Kayaxinh (big blind) showed [5s 6d] and lost with a pair of Queens
Seat 6: zimin10 (button) (small blind) showed [Ks Kc] and won ($16.46) with two pair, Kings and Queens


