PokerStars Hand #169969608732:  Hold'em Limit ($3/$6 USD) - 2017/05/04 22:28:02 ET
Table 'Taygeta' 6-max Seat #3 is the button
Seat 1: bekooi ($33 in chips)
Seat 3: palmen1985 ($57 in chips)
palmen1985: posts small blind $1
bekooi: posts big blind $3
*** HOLE CARDS ***
palmen1985: raises $3 to $6
bekooi: calls $3
*** FLOP *** [Ad 3c Ks]
bekooi: checks
palmen1985: bets $3
bekooi: calls $3
*** TURN *** [Ad 3c Ks] [4s]
bekooi: checks
palmen1985: checks
*** RIVER *** [Ad 3c Ks 4s] [Js]
bekooi: bets $6
palmen1985: calls $6
*** SHOW DOWN ***
bekooi: shows [As 9h] (a pair of Aces)
palmen1985: mucks hand
bekooi collected $29.50 from pot
*** SUMMARY ***
Total pot $30 | Rake $0.50
Board [Ad 3c Ks 4s Js]
Seat 1: bekooi (big blind) showed [As 9h] and won ($29.50) with a pair of Aces
Seat 3: palmen1985 (button) (small blind) mucked


PokerStars Hand #169969607167:  Hold'em Limit ($3/$6 USD) - 2017/05/04 22:27:57 ET
Table 'Taygeta' 6-max Seat #1 is the button
Seat 1: bekooi ($34 in chips)
Seat 3: palmen1985 ($56 in chips)
bekooi: posts small blind $1
palmen1985: posts big blind $3
*** HOLE CARDS ***
bekooi: folds
Uncalled bet ($2) returned to palmen1985
palmen1985 collected $2 from pot
palmen1985: doesn't show hand
*** SUMMARY ***
Total pot $2 | Rake $0
Seat 1: bekooi (button) (small blind) folded before Flop
Seat 3: palmen1985 (big blind) collected ($2)


PokerStars Hand #169969604617:  Hold'em Limit ($3/$6 USD) - 2017/05/04 22:27:49 ET
Table 'Taygeta' 6-max Seat #3 is the button
Seat 1: bekooi ($33 in chips)
Seat 3: palmen1985 ($57 in chips)
palmen1985: posts small blind $1
bekooi: posts big blind $3
*** HOLE CARDS ***
palmen1985: folds
Uncalled bet ($2) returned to bekooi
bekooi collected $2 from pot
*** SUMMARY ***
Total pot $2 | Rake $0
Seat 1: bekooi (big blind) collected ($2)
Seat 3: palmen1985 (button) (small blind) folded before Flop


PokerStars Hand #169969602451:  Hold'em Limit ($3/$6 USD) - 2017/05/04 22:27:43 ET
Table 'Taygeta' 6-max Seat #1 is the button
Seat 1: bekooi ($34 in chips)
Seat 3: palmen1985 ($56 in chips)
bekooi: posts small blind $1
palmen1985: posts big blind $3
*** HOLE CARDS ***
bekooi: folds
Uncalled bet ($2) returned to palmen1985
palmen1985 collected $2 from pot
palmen1985: doesn't show hand
*** SUMMARY ***
Total pot $2 | Rake $0
Seat 1: bekooi (button) (small blind) folded before Flop
Seat 3: palmen1985 (big blind) collected ($2)


PokerStars Hand #169969599470:  Hold'em Limit ($3/$6 USD) - 2017/05/04 22:27:34 ET
Table 'Taygeta' 6-max Seat #3 is the button
Seat 1: bekooi ($33 in chips)
Seat 3: palmen1985 ($57 in chips)
palmen1985: posts small blind $1
bekooi: posts big blind $3
*** HOLE CARDS ***
palmen1985: folds
Uncalled bet ($2) returned to bekooi
bekooi collected $2 from pot
*** SUMMARY ***
Total pot $2 | Rake $0
Seat 1: bekooi (big blind) collected ($2)
Seat 3: palmen1985 (button) (small blind) folded before Flop


PokerStars Hand #169969597651:  Hold'em Limit ($3/$6 USD) - 2017/05/04 22:27:28 ET
Table 'Taygeta' 6-max Seat #1 is the button
Seat 1: bekooi ($30 in chips)
Seat 3: palmen1985 ($60 in chips)
bekooi: posts small blind $1
palmen1985: posts big blind $3
*** HOLE CARDS ***
bekooi: raises $3 to $6
palmen1985: folds
Uncalled bet ($3) returned to bekooi
bekooi collected $6 from pot
*** SUMMARY ***
Total pot $6 | Rake $0
Seat 1: bekooi (button) (small blind) collected ($6)
Seat 3: palmen1985 (big blind) folded before Flop


PokerStars Hand #169969630371:  Hold'em Limit ($3/$6 USD) - 2017/05/04 22:29:04 ET
Table 'Taygeta' 6-max Seat #3 is the button
Seat 1: bekooi ($76.76 in chips)
Seat 3: palmen1985 ($12 in chips)
palmen1985: posts small blind $1
bekooi: posts big blind $3
*** HOLE CARDS ***
palmen1985: raises $3 to $6
bekooi: calls $3
*** FLOP *** [Ah Kh 6d]
TinaTurner72 joins the table at seat #2
bekooi: bets $3
palmen1985: raises $3 to $6 and is all-in
bekooi: calls $3
*** TURN *** [Ah Kh 6d] [7s]
*** RIVER *** [Ah Kh 6d 7s] [Th]
*** SHOW DOWN ***
bekooi: shows [Kc 8h] (a pair of Kings)
palmen1985: shows [3d 4s] (high card Ace)
bekooi collected $23.52 from pot
*** SUMMARY ***
Total pot $24 | Rake $0.48
Board [Ah Kh 6d 7s Th]
Seat 1: bekooi (big blind) showed [Kc 8h] and won ($23.52) with a pair of Kings
Seat 3: palmen1985 (button) (small blind) showed [3d 4s] and lost with high card Ace


PokerStars Hand #169969614715:  Hold'em Limit ($3/$6 USD) - 2017/05/04 22:28:20 ET
Table 'Taygeta' 6-max Seat #1 is the button
Seat 1: bekooi ($47.50 in chips)
Seat 3: palmen1985 ($42 in chips)
bekooi: posts small blind $1
palmen1985: posts big blind $3
*** HOLE CARDS ***
bekooi: raises $3 to $6
palmen1985: folds
Uncalled bet ($3) returned to bekooi
bekooi collected $6 from pot
*** SUMMARY ***
Total pot $6 | Rake $0
Seat 1: bekooi (button) (small blind) collected ($6)
Seat 3: palmen1985 (big blind) folded before Flop


PokerStars Hand #169969623061:  Hold'em Limit ($3/$6 USD) - 2017/05/04 22:28:44 ET
Table 'Taygeta' 6-max Seat #1 is the button
Seat 1: bekooi ($56.26 in chips)
Seat 3: palmen1985 ($33 in chips)
bekooi: posts small blind $1
palmen1985: posts big blind $3
*** HOLE CARDS ***
bekooi: raises $3 to $6
palmen1985: calls $3
*** FLOP *** [Ts 3d Th]
palmen1985: checks
bekooi: bets $3
palmen1985: calls $3
*** TURN *** [Ts 3d Th] [Qh]
palmen1985: checks
bekooi: bets $6
palmen1985: raises $6 to $12
bekooi: raises $6 to $18
palmen1985: folds
Uncalled bet ($6) returned to bekooi
bekooi collected $41.50 from pot
*** SUMMARY ***
Total pot $42 | Rake $0.50
Board [Ts 3d Th Qh]
Seat 1: bekooi (button) (small blind) collected ($41.50)
Seat 3: palmen1985 (big blind) folded on the Turn


PokerStars Hand #169969618233:  Hold'em Limit ($3/$6 USD) - 2017/05/04 22:28:30 ET
Table 'Taygeta' 6-max Seat #3 is the button
Seat 1: bekooi ($50.50 in chips)
Seat 3: palmen1985 ($39 in chips)
palmen1985: posts small blind $1
bekooi: posts big blind $3
*** HOLE CARDS ***
palmen1985: raises $3 to $6
bekooi: calls $3
*** FLOP *** [Ah 2h Ts]
bekooi: bets $3
palmen1985: folds
Uncalled bet ($3) returned to bekooi
bekooi collected $11.76 from pot
*** SUMMARY ***
Total pot $12 | Rake $0.24
Board [Ah 2h Ts]
Seat 1: bekooi (big blind) collected ($11.76)
Seat 3: palmen1985 (button) (small blind) folded on the Flop


PokerStars Hand #169969637012:  Hold'em Limit ($3/$6 USD) - 2017/05/04 22:29:23 ET
Table 'Taygeta' 6-max Seat #1 is the button
Seat 1: bekooi ($88.28 in chips)
Seat 2: TinaTurner72 ($120 in chips)
bekooi: posts small blind $1
TinaTurner72: posts big blind $3
*** HOLE CARDS ***
bekooi: raises $3 to $6
TinaTurner72: calls $3
*** FLOP *** [4s Ad Ks]
TinaTurner72: checks
palmen1985 leaves the table
bekooi: bets $3
TinaTurner72: calls $3
*** TURN *** [4s Ad Ks] [Kc]
TinaTurner72: checks
bekooi: bets $6
TinaTurner72: raises $6 to $12
bekooi: calls $6
*** RIVER *** [4s Ad Ks Kc] [8c]
TinaTurner72: bets $6
bekooi: calls $6
*** SHOW DOWN ***
TinaTurner72: shows [7c Kh] (three of a kind, Kings)
bekooi: mucks hand
TinaTurner72 collected $53.50 from pot
*** SUMMARY ***
Total pot $54 | Rake $0.50
Board [4s Ad Ks Kc 8c]
Seat 1: bekooi (button) (small blind) mucked
Seat 2: TinaTurner72 (big blind) showed [7c Kh] and won ($53.50) with three of a kind, Kings


PokerStars Hand #169969651065:  Hold'em Limit ($3/$6 USD) - 2017/05/04 22:30:02 ET
Table 'Taygeta' 6-max Seat #2 is the button
Seat 1: bekooi ($61.28 in chips)
Seat 2: TinaTurner72 ($146.50 in chips)
TinaTurner72: posts small blind $1
bekooi: posts big blind $3
*** HOLE CARDS ***
TinaTurner72: raises $3 to $6
bekooi: calls $3
*** FLOP *** [2c 4c 8d]
bekooi: checks
TinaTurner72: bets $3
bekooi: calls $3
*** TURN *** [2c 4c 8d] [As]
bekooi: checks
Brama Br joins the table at seat #6
TinaTurner72: bets $6
bekooi: calls $6
*** RIVER *** [2c 4c 8d As] [3s]
bekooi: checks
TinaTurner72: bets $6
bekooi: calls $6
*** SHOW DOWN ***
TinaTurner72: shows [2h 3h] (two pair, Threes and Deuces)
bekooi: mucks hand
TinaTurner72 collected $41.50 from pot
*** SUMMARY ***
Total pot $42 | Rake $0.50
Board [2c 4c 8d As 3s]
Seat 1: bekooi (big blind) mucked
Seat 2: TinaTurner72 (button) (small blind) showed [2h 3h] and won ($41.50) with two pair, Threes and Deuces


PokerStars Hand #169969661486:  Hold'em Limit ($3/$6 USD) - 2017/05/04 22:30:31 ET
Table 'Taygeta' 6-max Seat #1 is the button
Seat 1: bekooi ($40.28 in chips)
Seat 2: TinaTurner72 ($167 in chips)
bekooi: posts small blind $1
TinaTurner72: posts big blind $3
*** HOLE CARDS ***
bekooi: raises $3 to $6
TinaTurner72: raises $3 to $9
bekooi: calls $3
*** FLOP *** [8c Jc 7d]
TinaTurner72: bets $3
bekooi: raises $3 to $6
TinaTurner72: calls $3
*** TURN *** [8c Jc 7d] [9s]
TinaTurner72: checks
bekooi: checks
*** RIVER *** [8c Jc 7d 9s] [5d]
TinaTurner72: bets $6
bekooi: calls $6
*** SHOW DOWN ***
TinaTurner72: shows [5c 5s] (three of a kind, Fives)
bekooi: mucks hand
TinaTurner72 collected $41.50 from pot
*** SUMMARY ***
Total pot $42 | Rake $0.50
Board [8c Jc 7d 9s 5d]
Seat 1: bekooi (button) (small blind) mucked
Seat 2: TinaTurner72 (big blind) showed [5c 5s] and won ($41.50) with three of a kind, Fives


PokerStars Hand #169969789265:  Hold'em Limit ($3/$6 USD) - 2017/05/04 22:36:08 ET
Table 'Taygeta' 6-max Seat #6 is the button
Seat 4: yayaya ($51.27 in chips)
Seat 6: Brama Br ($196.30 in chips)
Brama Br: posts small blind $1
yayaya: posts big blind $3
*** HOLE CARDS ***
Brama Br: raises $3 to $6
yayaya: raises $3 to $9
Brama Br: raises $3 to $12
Betting is capped
yayaya: calls $3
*** FLOP *** [Qs Ah As]
yayaya: bets $3
Brama Br: calls $3
*** TURN *** [Qs Ah As] [6s]
yayaya: bets $6
Brama Br: calls $6
*** RIVER *** [Qs Ah As 6s] [Ks]
yayaya: bets $6
Brama Br: calls $6
*** SHOW DOWN ***
yayaya: shows [Js Ts] (a Royal Flush)
Brama Br: mucks hand
yayaya collected $53.50 from pot
*** SUMMARY ***
Total pot $54 | Rake $0.50
Board [Qs Ah As 6s Ks]
Seat 4: yayaya (big blind) showed [Js Ts] and won ($53.50) with a Royal Flush
Seat 6: Brama Br (button) (small blind) mucked


PokerStars Hand #169969787672:  Hold'em Limit ($3/$6 USD) - 2017/05/04 22:36:04 ET
Table 'Taygeta' 6-max Seat #4 is the button
Seat 4: yayaya ($52.27 in chips)
Seat 6: Brama Br ($195.30 in chips)
yayaya: posts small blind $1
Brama Br: posts big blind $3
*** HOLE CARDS ***
TbIP-TbIP 88 joins the table at seat #1
yayaya: folds
Uncalled bet ($2) returned to Brama Br
Brama Br collected $2 from pot
Brama Br: doesn't show hand
*** SUMMARY ***
Total pot $2 | Rake $0
Seat 4: yayaya (button) (small blind) folded before Flop
Seat 6: Brama Br (big blind) collected ($2)


PokerStars Hand #169969811815:  Hold'em Limit ($3/$6 USD) - 2017/05/04 22:37:13 ET
Table 'Taygeta' 6-max Seat #4 is the button
Seat 4: yayaya ($50.77 in chips)
Seat 6: Brama Br ($195.56 in chips)
yayaya: posts small blind $1
Brama Br: posts big blind $3
*** HOLE CARDS ***
yayaya: folds
Uncalled bet ($2) returned to Brama Br
Brama Br collected $2 from pot
Brama Br: doesn't show hand
*** SUMMARY ***
Total pot $2 | Rake $0
Seat 4: yayaya (button) (small blind) folded before Flop
Seat 6: Brama Br (big blind) collected ($2)


PokerStars Hand #169969809708:  Hold'em Limit ($3/$6 USD) - 2017/05/04 22:37:07 ET
Table 'Taygeta' 6-max Seat #6 is the button
Seat 4: yayaya ($49.77 in chips)
Seat 6: Brama Br ($196.56 in chips)
Brama Br: posts small blind $1
yayaya: posts big blind $3
*** HOLE CARDS ***
Brama Br: folds
Uncalled bet ($2) returned to yayaya
yayaya collected $2 from pot
*** SUMMARY ***
Total pot $2 | Rake $0
Seat 4: yayaya (big blind) collected ($2)
Seat 6: Brama Br (button) (small blind) folded before Flop


PokerStars Hand #169969807671:  Hold'em Limit ($3/$6 USD) - 2017/05/04 22:37:02 ET
Table 'Taygeta' 6-max Seat #4 is the button
Seat 4: yayaya ($50.77 in chips)
Seat 6: Brama Br ($195.56 in chips)
yayaya: posts small blind $1
Brama Br: posts big blind $3
*** HOLE CARDS ***
yayaya: folds
Uncalled bet ($2) returned to Brama Br
Brama Br collected $2 from pot
Brama Br: doesn't show hand
*** SUMMARY ***
Total pot $2 | Rake $0
Seat 4: yayaya (button) (small blind) folded before Flop
Seat 6: Brama Br (big blind) collected ($2)


PokerStars Hand #169969802953:  Hold'em Limit ($3/$6 USD) - 2017/05/04 22:36:48 ET
Table 'Taygeta' 6-max Seat #6 is the button
Seat 4: yayaya ($56.77 in chips)
Seat 6: Brama Br ($189.80 in chips)
Brama Br: posts small blind $1
yayaya: posts big blind $3
*** HOLE CARDS ***
Brama Br: raises $3 to $6
yayaya: calls $3
*** FLOP *** [9h 9c Td]
yayaya: checks
Brama Br: bets $3
yayaya: folds
Uncalled bet ($3) returned to Brama Br
Brama Br collected $11.76 from pot
Brama Br: doesn't show hand
*** SUMMARY ***
Total pot $12 | Rake $0.24
Board [9h 9c Td]
Seat 4: yayaya (big blind) folded on the Flop
Seat 6: Brama Br (button) (small blind) collected ($11.76)


PokerStars Hand #169969795745:  Hold'em Limit ($3/$6 USD) - 2017/05/04 22:36:27 ET
Table 'Taygeta' 6-max Seat #4 is the button
Seat 4: yayaya ($77.77 in chips)
Seat 6: Brama Br ($169.30 in chips)
yayaya: posts small blind $1
Brama Br: posts big blind $3
*** HOLE CARDS ***
yayaya: raises $3 to $6
Brama Br: calls $3
*** FLOP *** [4d 4c 8c]
Brama Br: checks
yayaya: bets $3
Brama Br: raises $3 to $6
yayaya: raises $3 to $9
Brama Br: calls $3
*** TURN *** [4d 4c 8c] [Ac]
Brama Br: checks
yayaya: bets $6
Brama Br: calls $6
*** RIVER *** [4d 4c 8c Ac] [6c]
Brama Br: checks
yayaya: checks
*** SHOW DOWN ***
Brama Br: shows [Qc 8h] (a flush, Ace high)
yayaya: mucks hand
Brama Br collected $41.50 from pot
*** SUMMARY ***
Total pot $42 | Rake $0.50
Board [4d 4c 8c Ac 6c]
Seat 4: yayaya (button) (small blind) mucked
Seat 6: Brama Br (big blind) showed [Qc 8h] and won ($41.50) with a flush, Ace high


PokerStars Hand #169969831571:  Hold'em Limit ($3/$6 USD) - 2017/05/04 22:38:10 ET
Table 'Taygeta' 6-max Seat #4 is the button
Seat 4: yayaya ($32.53 in chips)
Seat 6: Brama Br ($213.06 in chips)
yayaya: posts small blind $1
Brama Br: posts big blind $3
*** HOLE CARDS ***
yayaya: folds
Uncalled bet ($2) returned to Brama Br
Brama Br collected $2 from pot
Brama Br: doesn't show hand
*** SUMMARY ***
Total pot $2 | Rake $0
Seat 4: yayaya (button) (small blind) folded before Flop
Seat 6: Brama Br (big blind) collected ($2)


PokerStars Hand #169969829415:  Hold'em Limit ($3/$6 USD) - 2017/05/04 22:38:04 ET
Table 'Taygeta' 6-max Seat #6 is the button
Seat 4: yayaya ($31.53 in chips)
Seat 6: Brama Br ($214.06 in chips)
Brama Br: posts small blind $1
yayaya: posts big blind $3
*** HOLE CARDS ***
Brama Br: folds
Uncalled bet ($2) returned to yayaya
yayaya collected $2 from pot
*** SUMMARY ***
Total pot $2 | Rake $0
Seat 4: yayaya (big blind) collected ($2)
Seat 6: Brama Br (button) (small blind) folded before Flop


PokerStars Hand #169969827641:  Hold'em Limit ($3/$6 USD) - 2017/05/04 22:37:59 ET
Table 'Taygeta' 6-max Seat #4 is the button
Seat 4: yayaya ($32.53 in chips)
Seat 6: Brama Br ($213.06 in chips)
yayaya: posts small blind $1
Brama Br: posts big blind $3
*** HOLE CARDS ***
yayaya: folds
Uncalled bet ($2) returned to Brama Br
Brama Br collected $2 from pot
Brama Br: doesn't show hand
*** SUMMARY ***
Total pot $2 | Rake $0
Seat 4: yayaya (button) (small blind) folded before Flop
Seat 6: Brama Br (big blind) collected ($2)


PokerStars Hand #169969825651:  Hold'em Limit ($3/$6 USD) - 2017/05/04 22:37:53 ET
Table 'Taygeta' 6-max Seat #6 is the button
Seat 4: yayaya ($31.53 in chips)
Seat 6: Brama Br ($214.06 in chips)
Brama Br: posts small blind $1
yayaya: posts big blind $3
*** HOLE CARDS ***
Brama Br: folds
Uncalled bet ($2) returned to yayaya
yayaya collected $2 from pot
*** SUMMARY ***
Total pot $2 | Rake $0
Seat 4: yayaya (big blind) collected ($2)
Seat 6: Brama Br (button) (small blind) folded before Flop


PokerStars Hand #169969813525:  Hold'em Limit ($3/$6 USD) - 2017/05/04 22:37:18 ET
Table 'Taygeta' 6-max Seat #6 is the button
Seat 4: yayaya ($49.77 in chips)
Seat 6: Brama Br ($196.56 in chips)
Brama Br: posts small blind $1
yayaya: posts big blind $3
*** HOLE CARDS ***
Brama Br: raises $3 to $6
yayaya: raises $3 to $9
Brama Br: calls $3
*** FLOP *** [Jd Td 6d]
yayaya: bets $3
Brama Br: calls $3
*** TURN *** [Jd Td 6d] [Ah]
yayaya: bets $6
Brama Br: calls $6
*** RIVER *** [Jd Td 6d Ah] [Jc]
yayaya: bets $6
Brama Br: calls $6
*** SHOW DOWN ***
yayaya: shows [9h 9c] (two pair, Jacks and Nines)
Brama Br: shows [As 7d] (two pair, Aces and Jacks)
Brama Br collected $47.50 from pot
*** SUMMARY ***
Total pot $48 | Rake $0.50
Board [Jd Td 6d Ah Jc]
Seat 4: yayaya (big blind) showed [9h 9c] and lost with two pair, Jacks and Nines
Seat 6: Brama Br (button) (small blind) showed [As 7d] and won ($47.50) with two pair, Aces and Jacks


PokerStars Hand #169969821347:  Hold'em Limit ($3/$6 USD) - 2017/05/04 22:37:41 ET
Table 'Taygeta' 6-max Seat #4 is the button
Seat 4: yayaya ($25.77 in chips)
Seat 6: Brama Br ($220.06 in chips)
yayaya: posts small blind $1
Brama Br: posts big blind $3
*** HOLE CARDS ***
yayaya: raises $3 to $6
Brama Br: calls $3
*** FLOP *** [9h 7s Tc]
Brama Br: checks
yayaya: bets $3
Brama Br: folds
Uncalled bet ($3) returned to yayaya
yayaya collected $11.76 from pot
*** SUMMARY ***
Total pot $12 | Rake $0.24
Board [9h 7s Tc]
Seat 4: yayaya (button) (small blind) collected ($11.76)
Seat 6: Brama Br (big blind) folded on the Flop


PokerStars Hand #169969842921:  Hold'em Limit ($3/$6 USD) - 2017/05/04 22:38:43 ET
Table 'Taygeta' 6-max Seat #4 is the button
Seat 4: yayaya ($109.03 in chips)
Seat 6: Brama Br ($196.06 in chips)
yayaya: posts small blind $1
Brama Br: posts big blind $3
*** HOLE CARDS ***
yayaya: raises $3 to $6
Brama Br: raises $3 to $9
yayaya: calls $3
*** FLOP *** [Ks 6d 7h]
Brama Br: bets $3
yayaya: calls $3
*** TURN *** [Ks 6d 7h] [Td]
Brama Br: checks
yayaya: bets $6
Brama Br: calls $6
*** RIVER *** [Ks 6d 7h Td] [6s]
Brama Br: checks
yayaya: bets $6
Brama Br: calls $6
*** SHOW DOWN ***
yayaya: shows [Jd 9d] (a pair of Sixes)
Brama Br: shows [As 8s] (a pair of Sixes - Ace kicker)
Brama Br collected $47.50 from pot
*** SUMMARY ***
Total pot $48 | Rake $0.50
Board [Ks 6d 7h Td 6s]
Seat 4: yayaya (button) (small blind) showed [Jd 9d] and lost with a pair of Sixes
Seat 6: Brama Br (big blind) showed [As 8s] and won ($47.50) with a pair of Sixes


PokerStars Hand #169969853564:  Hold'em Limit ($3/$6 USD) - 2017/05/04 22:39:14 ET
Table 'Taygeta' 6-max Seat #6 is the button
Seat 4: yayaya ($85.03 in chips)
Seat 6: Brama Br ($219.56 in chips)
Brama Br: posts small blind $1
yayaya: posts big blind $3
*** HOLE CARDS ***
Brama Br: raises $3 to $6
yayaya: calls $3
*** FLOP *** [Kh As 8s]
yayaya: checks
Brama Br: bets $3
yayaya: folds
Uncalled bet ($3) returned to Brama Br
Brama Br collected $11.76 from pot
Brama Br: doesn't show hand
*** SUMMARY ***
Total pot $12 | Rake $0.24
Board [Kh As 8s]
Seat 4: yayaya (big blind) folded on the Flop
Seat 6: Brama Br (button) (small blind) collected ($11.76)


PokerStars Hand #169969833272:  Hold'em Limit ($3/$6 USD) - 2017/05/04 22:38:15 ET
Table 'Taygeta' 6-max Seat #6 is the button
Seat 4: yayaya ($31.53 in chips)
Seat 6: Brama Br ($214.06 in chips)
Brama Br: posts small blind $1
yayaya: posts big blind $3
*** HOLE CARDS ***
Brama Br: raises $3 to $6
yayaya: calls $3
*** FLOP *** [6s 5c Tc]
yayaya: checks
Brama Br: bets $3
yayaya: raises $3 to $6
Brama Br: calls $3
*** TURN *** [6s 5c Tc] [2d]
yayaya: bets $6
Brama Br: calls $6
*** RIVER *** [6s 5c Tc 2d] [Jc]
yayaya: bets $6
Brama Br: folds
Uncalled bet ($6) returned to yayaya
yayaya collected $35.50 from pot
*** SUMMARY ***
Total pot $36 | Rake $0.50
Board [6s 5c Tc 2d Jc]
Seat 4: yayaya (big blind) collected ($35.50)
Seat 6: Brama Br (button) (small blind) folded on the River


PokerStars Hand #169969841013:  Hold'em Limit ($3/$6 USD) - 2017/05/04 22:38:37 ET
Table 'Taygeta' 6-max Seat #6 is the button
Seat 4: yayaya ($108.03 in chips)
Seat 6: Brama Br ($197.06 in chips)
Brama Br: posts small blind $1
yayaya: posts big blind $3
*** HOLE CARDS ***
Brama Br: folds
Uncalled bet ($2) returned to yayaya
yayaya collected $2 from pot
*** SUMMARY ***
Total pot $2 | Rake $0
Seat 4: yayaya (big blind) collected ($2)
Seat 6: Brama Br (button) (small blind) folded before Flop


PokerStars Hand #169969839381:  Hold'em Limit ($3/$6 USD) - 2017/05/04 22:38:33 ET
Table 'Taygeta' 6-max Seat #4 is the button
Seat 4: yayaya ($109.03 in chips)
Seat 6: Brama Br ($196.06 in chips)
yayaya: posts small blind $1
Brama Br: posts big blind $3
*** HOLE CARDS ***
yayaya: folds
Uncalled bet ($2) returned to Brama Br
Brama Br collected $2 from pot
Brama Br: doesn't show hand
*** SUMMARY ***
Total pot $2 | Rake $0
Seat 4: yayaya (button) (small blind) folded before Flop
Seat 6: Brama Br (big blind) collected ($2)


PokerStars Hand #169969851744:  Hold'em Limit ($3/$6 USD) - 2017/05/04 22:39:08 ET
Table 'Taygeta' 6-max Seat #4 is the button
Seat 4: yayaya ($86.03 in chips)
Seat 6: Brama Br ($218.56 in chips)
yayaya: posts small blind $1
Brama Br: posts big blind $3
*** HOLE CARDS ***
yayaya: folds
Uncalled bet ($2) returned to Brama Br
Brama Br collected $2 from pot
Brama Br: doesn't show hand
*** SUMMARY ***
Total pot $2 | Rake $0
Seat 4: yayaya (button) (small blind) folded before Flop
Seat 6: Brama Br (big blind) collected ($2)


PokerStars Hand #169969849538:  Hold'em Limit ($3/$6 USD) - 2017/05/04 22:39:02 ET
Table 'Taygeta' 6-max Seat #6 is the button
Seat 4: yayaya ($85.03 in chips)
Seat 6: Brama Br ($219.56 in chips)
Brama Br: posts small blind $1
yayaya: posts big blind $3
*** HOLE CARDS ***
Brama Br: folds
Uncalled bet ($2) returned to yayaya
yayaya collected $2 from pot
*** SUMMARY ***
Total pot $2 | Rake $0
Seat 4: yayaya (big blind) collected ($2)
Seat 6: Brama Br (button) (small blind) folded before Flop


PokerStars Hand #169969856976:  Hold'em Limit ($3/$6 USD) - 2017/05/04 22:39:24 ET
Table 'Taygeta' 6-max Seat #4 is the button
Seat 4: yayaya ($79.03 in chips)
Seat 6: Brama Br ($225.32 in chips)
yayaya: posts small blind $1
Brama Br: posts big blind $3
*** HOLE CARDS ***
yayaya: raises $3 to $6
Brama Br: calls $3
*** FLOP *** [As 5d Ac]
Brama Br: checks
yayaya: bets $3
Brama Br: calls $3
*** TURN *** [As 5d Ac] [9d]
Brama Br: checks
yayaya: bets $6
Brama Br: calls $6
*** RIVER *** [As 5d Ac 9d] [3s]
Brama Br: checks
yayaya: bets $6
Brama Br: calls $6
*** SHOW DOWN ***
yayaya: shows [Ad 9s] (a full house, Aces full of Nines)
Brama Br: mucks hand
yayaya collected $41.50 from pot
*** SUMMARY ***
Total pot $42 | Rake $0.50
Board [As 5d Ac 9d 3s]
Seat 4: yayaya (button) (small blind) showed [Ad 9s] and won ($41.50) with a full house, Aces full of Nines
Seat 6: Brama Br (big blind) mucked


PokerStars Hand #169970780661:  Hold'em Limit ($3/$6 USD) - 2017/05/04 23:26:54 ET
Table 'Taygeta' 6-max Seat #2 is the button
Seat 2: RIGPIG79 ($181.80 in chips)
Seat 5: skaluah ($82.72 in chips)
RIGPIG79: posts small blind $1
skaluah: posts big blind $3
*** HOLE CARDS ***
RIGPIG79: raises $3 to $6
skaluah: calls $3
*** FLOP *** [8d Qc 9d]
TbIP-TbIP 88 leaves the table
skaluah: bets $3
RIGPIG79: folds
Uncalled bet ($3) returned to skaluah
skaluah collected $11.76 from pot
TbIP-TbIP 88 joins the table at seat #6
skaluah: doesn't show hand
*** SUMMARY ***
Total pot $12 | Rake $0.24
Board [8d Qc 9d]
Seat 2: RIGPIG79 (button) (small blind) folded on the Flop
Seat 5: skaluah (big blind) collected ($11.76)


PokerStars Hand #169970774476:  Hold'em Limit ($3/$6 USD) - 2017/05/04 23:26:34 ET
Table 'Taygeta' 6-max Seat #5 is the button
Seat 2: RIGPIG79 ($187.80 in chips)
Seat 5: skaluah ($76.96 in chips)
skaluah: posts small blind $1
TbIP-TbIP 88: is sitting out
RIGPIG79: posts big blind $3
*** HOLE CARDS ***
skaluah: raises $3 to $6
RIGPIG79: calls $3
*** FLOP *** [4h 3d 3c]
RIGPIG79: checks
skaluah: checks
*** TURN *** [4h 3d 3c] [5c]
RIGPIG79: checks
skaluah: bets $6
RIGPIG79: folds
Uncalled bet ($6) returned to skaluah
skaluah collected $11.76 from pot
skaluah: doesn't show hand
*** SUMMARY ***
Total pot $12 | Rake $0.24
Board [4h 3d 3c 5c]
Seat 2: RIGPIG79 (big blind) folded on the Turn
Seat 5: skaluah (button) (small blind) collected ($11.76)


PokerStars Hand #169971108915:  Hold'em Limit ($3/$6 USD) - 2017/05/04 23:45:08 ET
Table 'Taygeta' 6-max Seat #5 is the button
Seat 2: RIGPIG79 ($240.76 in chips)
Seat 5: skaluah ($41.01 in chips)
skaluah: posts small blind $1
RIGPIG79: posts big blind $3
*** HOLE CARDS ***
skaluah: calls $2
RIGPIG79: checks
*** FLOP *** [Qd 7h 2s]
RIGPIG79: checks
skaluah: bets $3
RIGPIG79: raises $3 to $6
skaluah: folds
Uncalled bet ($3) returned to RIGPIG79
RIGPIG79 collected $11.76 from pot
RIGPIG79: doesn't show hand
*** SUMMARY ***
Total pot $12 | Rake $0.24
Board [Qd 7h 2s]
Seat 2: RIGPIG79 (big blind) collected ($11.76)
Seat 5: skaluah (button) (small blind) folded on the Flop


PokerStars Hand #169971114322:  Hold'em Limit ($3/$6 USD) - 2017/05/04 23:45:26 ET
Table 'Taygeta' 6-max Seat #2 is the button
Seat 2: RIGPIG79 ($246.52 in chips)
Seat 5: skaluah ($35.01 in chips)
RIGPIG79: posts small blind $1
skaluah: posts big blind $3
*** HOLE CARDS ***
RIGPIG79: folds
Uncalled bet ($2) returned to skaluah
skaluah collected $2 from pot
*** SUMMARY ***
Total pot $2 | Rake $0
Seat 2: RIGPIG79 (button) (small blind) folded before Flop
Seat 5: skaluah (big blind) collected ($2)


PokerStars Hand #169971202733:  Hold'em Limit ($3/$6 USD) - 2017/05/04 23:50:28 ET
Table 'Taygeta' 6-max Seat #5 is the button
Seat 2: RIGPIG79 ($257.45 in chips)
Seat 5: skaluah ($29.39 in chips)
skaluah: posts small blind $1
RIGPIG79: posts big blind $3
*** HOLE CARDS ***
skaluah: calls $2
RIGPIG79: checks
*** FLOP *** [4h 7s Qs]
RIGPIG79: checks
skaluah: bets $3
RIGPIG79: folds
Uncalled bet ($3) returned to skaluah
skaluah collected $5.88 from pot
*** SUMMARY ***
Total pot $6 | Rake $0.12
Board [4h 7s Qs]
Seat 2: RIGPIG79 (big blind) folded on the Flop
Seat 5: skaluah (button) (small blind) collected ($5.88)


PokerStars Hand #169971225570:  Hold'em Limit ($3/$6 USD) - 2017/05/04 23:51:47 ET
Table 'Taygeta' 6-max Seat #5 is the button
Seat 5: skaluah ($38.03 in chips)
Seat 6: TbIP-TbIP 88 ($72 in chips)
skaluah: posts small blind $1
TbIP-TbIP 88: posts big blind $3
*** HOLE CARDS ***
skaluah: raises $3 to $6
TbIP-TbIP 88: folds
Uncalled bet ($3) returned to skaluah
skaluah collected $6 from pot
*** SUMMARY ***
Total pot $6 | Rake $0
Seat 5: skaluah (button) (small blind) collected ($6)
Seat 6: TbIP-TbIP 88 (big blind) folded before Flop


PokerStars Hand #169971217082:  Hold'em Limit ($3/$6 USD) - 2017/05/04 23:51:18 ET
Table 'Taygeta' 6-max Seat #6 is the button
Seat 5: skaluah ($32.27 in chips)
Seat 6: TbIP-TbIP 88 ($77.82 in chips)
TbIP-TbIP 88: posts small blind $1
skaluah: posts big blind $3
*** HOLE CARDS ***
TbIP-TbIP 88: raises $3 to $6
skaluah: calls $3
*** FLOP *** [5c 8c Th]
skaluah: bets $3
TbIP-TbIP 88: folds
Uncalled bet ($3) returned to skaluah
skaluah collected $11.76 from pot
skaluah: doesn't show hand
*** SUMMARY ***
Total pot $12 | Rake $0.24
Board [5c 8c Th]
Seat 5: skaluah (big blind) collected ($11.76)
Seat 6: TbIP-TbIP 88 (button) (small blind) folded on the Flop


PokerStars Hand #169971240327:  Hold'em Limit ($3/$6 USD) - 2017/05/04 23:52:37 ET
Table 'Taygeta' 6-max Seat #6 is the button
Seat 5: skaluah ($41.03 in chips)
Seat 6: TbIP-TbIP 88 ($73 in chips)
TbIP-TbIP 88: posts small blind $1
skaluah: posts big blind $3
*** HOLE CARDS ***
TbIP-TbIP 88: folds
Uncalled bet ($2) returned to skaluah
skaluah collected $2 from pot
skaluah: doesn't show hand
*** SUMMARY ***
Total pot $2 | Rake $0
Seat 5: skaluah (big blind) collected ($2)
Seat 6: TbIP-TbIP 88 (button) (small blind) folded before Flop


PokerStars Hand #169971238442:  Hold'em Limit ($3/$6 USD) - 2017/05/04 23:52:31 ET
Table 'Taygeta' 6-max Seat #5 is the button
Seat 5: skaluah ($42.03 in chips)
Seat 6: TbIP-TbIP 88 ($72 in chips)
skaluah: posts small blind $1
TbIP-TbIP 88: posts big blind $3
*** HOLE CARDS ***
skaluah: folds
Uncalled bet ($2) returned to TbIP-TbIP 88
TbIP-TbIP 88 collected $2 from pot
TbIP-TbIP 88: doesn't show hand
*** SUMMARY ***
Total pot $2 | Rake $0
Seat 5: skaluah (button) (small blind) folded before Flop
Seat 6: TbIP-TbIP 88 (big blind) collected ($2)


PokerStars Hand #169971235715:  Hold'em Limit ($3/$6 USD) - 2017/05/04 23:52:22 ET
Table 'Taygeta' 6-max Seat #6 is the button
Seat 5: skaluah ($41.03 in chips)
Seat 6: TbIP-TbIP 88 ($72 in chips)
TbIP-TbIP 88: posts small blind $1
skaluah: posts big blind $3
*** HOLE CARDS ***
TbIP-TbIP 88: folds
Uncalled bet ($2) returned to skaluah
skaluah collected $2 from pot
skaluah: doesn't show hand
*** SUMMARY ***
Total pot $2 | Rake $0
Seat 5: skaluah (big blind) collected ($2)
Seat 6: TbIP-TbIP 88 (button) (small blind) folded before Flop


PokerStars Hand #169971267076:  Hold'em Limit ($3/$6 USD) - 2017/05/04 23:53:56 ET
Table 'Taygeta' 6-max Seat #5 is the button
Seat 5: skaluah ($53.55 in chips)
Seat 6: TbIP-TbIP 88 ($72 in chips)
skaluah: posts small blind $1
TbIP-TbIP 88: posts big blind $3
*** HOLE CARDS ***
skaluah: folds
Uncalled bet ($2) returned to TbIP-TbIP 88
TbIP-TbIP 88 collected $2 from pot
TbIP-TbIP 88: doesn't show hand
*** SUMMARY ***
Total pot $2 | Rake $0
Seat 5: skaluah (button) (small blind) folded before Flop
Seat 6: TbIP-TbIP 88 (big blind) collected ($2)


PokerStars Hand #169971253786:  Hold'em Limit ($3/$6 USD) - 2017/05/04 23:53:24 ET
Table 'Taygeta' 6-max Seat #6 is the button
Seat 5: skaluah ($44.91 in chips)
Seat 6: TbIP-TbIP 88 ($72 in chips)
TbIP-TbIP 88: posts small blind $1
skaluah: posts big blind $3
*** HOLE CARDS ***
TbIP-TbIP 88: raises $3 to $6
skaluah: calls $3
*** FLOP *** [9h 6s Js]
skaluah: checks
TbIP-TbIP 88: bets $3
skaluah: calls $3
*** TURN *** [9h 6s Js] [3d]
skaluah: checks
TbIP-TbIP 88: checks
*** RIVER *** [9h 6s Js 3d] [Ks]
skaluah: checks
TbIP-TbIP 88: checks
*** SHOW DOWN ***
skaluah: shows [6d 2h] (a pair of Sixes)
TbIP-TbIP 88: mucks hand
skaluah collected $17.64 from pot
*** SUMMARY ***
Total pot $18 | Rake $0.36
Board [9h 6s Js 3d Ks]
Seat 5: skaluah (big blind) showed [6d 2h] and won ($17.64) with a pair of Sixes
Seat 6: TbIP-TbIP 88 (button) (small blind) mucked


PokerStars Hand #169971246230:  Hold'em Limit ($3/$6 USD) - 2017/05/04 23:52:58 ET
Table 'Taygeta' 6-max Seat #5 is the button
Seat 5: skaluah ($42.03 in chips)
Seat 6: TbIP-TbIP 88 ($72 in chips)
skaluah: posts small blind $1
TbIP-TbIP 88: posts big blind $3
*** HOLE CARDS ***
skaluah: calls $2
TbIP-TbIP 88: checks
*** FLOP *** [6s Ks Td]
TbIP-TbIP 88: checks
skaluah: bets $3
TbIP-TbIP 88: folds
Uncalled bet ($3) returned to skaluah
skaluah collected $5.88 from pot
*** SUMMARY ***
Total pot $6 | Rake $0.12
Board [6s Ks Td]
Seat 5: skaluah (button) (small blind) collected ($5.88)
Seat 6: TbIP-TbIP 88 (big blind) folded on the Flop


