PokerStars Hand #170299979500:  Hold'em Limit ($3/$6 USD) - 2017/05/12 2:11:03 ET
Table 'Taygeta' 10-max Seat #5 is the button
Seat 5: LifeisagameX ($84 in chips)
Seat 6: Prosiaczek1 ($76 in chips)
LifeisagameX: posts small blind $1
Prosiaczek1: posts big blind $3
*** HOLE CARDS ***
LifeisagameX: raises $3 to $6
Prosiaczek1: calls $3
*** FLOP *** [8s Qh Tc]
Prosiaczek1: checks
LifeisagameX: checks
*** TURN *** [8s Qh Tc] [Jh]
Prosiaczek1: bets $6
LifeisagameX: folds
Uncalled bet ($6) returned to Prosiaczek1
Prosiaczek1 collected $11.76 from pot
*** SUMMARY ***
Total pot $12 | Rake $0.24
Board [8s Qh Tc Jh]
Seat 5: LifeisagameX (button) (small blind) folded on the Turn
Seat 6: Prosiaczek1 (big blind) collected ($11.76)


PokerStars Hand #170300003278:  Hold'em Limit ($3/$6 USD) - 2017/05/12 2:12:37 ET
Table 'Taygeta' 10-max Seat #6 is the button
Seat 5: LifeisagameX ($107.50 in chips)
Seat 6: Prosiaczek1 ($89.78 in chips)
Prosiaczek1: posts small blind $1
LifeisagameX: posts big blind $3
*** HOLE CARDS ***
Prosiaczek1: raises $3 to $6
LifeisagameX: calls $3
*** FLOP *** [Ac Qd Kc]
LifeisagameX: checks
Prosiaczek1: bets $3
LifeisagameX: folds
Uncalled bet ($3) returned to Prosiaczek1
Prosiaczek1 collected $11.76 from pot
*** SUMMARY ***
Total pot $12 | Rake $0.24
Board [Ac Qd Kc]
Seat 5: LifeisagameX (big blind) folded on the Flop
Seat 6: Prosiaczek1 (button) (small blind) collected ($11.76)


PokerStars Hand #170299989774:  Hold'em Limit ($3/$6 USD) - 2017/05/12 2:11:43 ET
Table 'Taygeta' 10-max Seat #5 is the button
Seat 5: LifeisagameX ($84 in chips)
Seat 6: Prosiaczek1 ($87.52 in chips)
LifeisagameX: posts small blind $1
Prosiaczek1: posts big blind $3
*** HOLE CARDS ***
LifeisagameX: raises $3 to $6
Prosiaczek1: calls $3
*** FLOP *** [3h 6d 5h]
Prosiaczek1: bets $3
LifeisagameX: calls $3
*** TURN *** [3h 6d 5h] [Js]
Prosiaczek1: bets $6
LifeisagameX: calls $6
*** RIVER *** [3h 6d 5h Js] [6h]
Prosiaczek1: bets $6
LifeisagameX: calls $6
*** SHOW DOWN ***
Prosiaczek1: shows [5c Ts] (two pair, Sixes and Fives)
LifeisagameX: mucks hand
Prosiaczek1 collected $41.50 from pot
*** SUMMARY ***
Total pot $42 | Rake $0.50
Board [3h 6d 5h Js 6h]
Seat 5: LifeisagameX (button) (small blind) mucked
Seat 6: Prosiaczek1 (big blind) showed [5c Ts] and won ($41.50) with two pair, Sixes and Fives


PokerStars Hand #170299997478:  Hold'em Limit ($3/$6 USD) - 2017/05/12 2:12:14 ET
Table 'Taygeta' 10-max Seat #5 is the button
Seat 5: LifeisagameX ($84 in chips)
Seat 6: Prosiaczek1 ($113.78 in chips)
LifeisagameX: posts small blind $1
Prosiaczek1: posts big blind $3
*** HOLE CARDS ***
LifeisagameX: raises $3 to $6
Prosiaczek1: raises $3 to $9
LifeisagameX: calls $3
*** FLOP *** [Jd 5s 2h]
Prosiaczek1: bets $3
LifeisagameX: calls $3
*** TURN *** [Jd 5s 2h] [Jh]
Prosiaczek1: bets $6
LifeisagameX: calls $6
*** RIVER *** [Jd 5s 2h Jh] [6c]
Prosiaczek1: checks
LifeisagameX: bets $6
Prosiaczek1: calls $6
*** SHOW DOWN ***
LifeisagameX: shows [Ac Qc] (a pair of Jacks)
Prosiaczek1: mucks hand
LifeisagameX collected $47.50 from pot
*** SUMMARY ***
Total pot $48 | Rake $0.50
Board [Jd 5s 2h Jh 6c]
Seat 5: LifeisagameX (button) (small blind) showed [Ac Qc] and won ($47.50) with a pair of Jacks
Seat 6: Prosiaczek1 (big blind) mucked


PokerStars Hand #170300017897:  Hold'em Limit ($3/$6 USD) - 2017/05/12 2:13:34 ET
Table 'Taygeta' 10-max Seat #6 is the button
Seat 5: LifeisagameX ($108 in chips)
Seat 6: Prosiaczek1 ($88.06 in chips)
Prosiaczek1: posts small blind $1
LifeisagameX: posts big blind $3
*** HOLE CARDS ***
Prosiaczek1: raises $3 to $6
LifeisagameX: calls $3
*** FLOP *** [6d 5d 4h]
LifeisagameX: checks
Prosiaczek1: bets $3
LifeisagameX: raises $3 to $6
Prosiaczek1: calls $3
*** TURN *** [6d 5d 4h] [9c]
LifeisagameX: bets $6
Prosiaczek1: folds
Uncalled bet ($6) returned to LifeisagameX
LifeisagameX collected $23.52 from pot
LifeisagameX: doesn't show hand
*** SUMMARY ***
Total pot $24 | Rake $0.48
Board [6d 5d 4h 9c]
Seat 5: LifeisagameX (big blind) collected ($23.52)
Seat 6: Prosiaczek1 (button) (small blind) folded on the Turn


PokerStars Hand #170300011994:  Hold'em Limit ($3/$6 USD) - 2017/05/12 2:13:11 ET
Table 'Taygeta' 10-max Seat #5 is the button
Seat 5: LifeisagameX ($90.50 in chips)
Seat 6: Prosiaczek1 ($106.06 in chips)
LifeisagameX: posts small blind $1
Prosiaczek1: posts big blind $3
*** HOLE CARDS ***
LifeisagameX: raises $3 to $6
Prosiaczek1: calls $3
*** FLOP *** [4h 5h 9d]
Prosiaczek1: checks
LifeisagameX: checks
*** TURN *** [4h 5h 9d] [7h]
Prosiaczek1: bets $6
LifeisagameX: raises $6 to $12
Prosiaczek1: calls $6
*** RIVER *** [4h 5h 9d 7h] [Kc]
Prosiaczek1: checks
LifeisagameX: bets $6
Prosiaczek1: folds
Uncalled bet ($6) returned to LifeisagameX
LifeisagameX collected $35.50 from pot
LifeisagameX: doesn't show hand
*** SUMMARY ***
Total pot $36 | Rake $0.50
Board [4h 5h 9d 7h Kc]
Seat 5: LifeisagameX (button) (small blind) collected ($35.50)
Seat 6: Prosiaczek1 (big blind) folded on the River


PokerStars Hand #170300010704:  Hold'em Limit ($3/$6 USD) - 2017/05/12 2:13:06 ET
Table 'Taygeta' 10-max Seat #6 is the button
Seat 5: LifeisagameX ($89.50 in chips)
Seat 6: Prosiaczek1 ($107.06 in chips)
Prosiaczek1: posts small blind $1
LifeisagameX: posts big blind $3
*** HOLE CARDS ***
Prosiaczek1: folds
Uncalled bet ($2) returned to LifeisagameX
LifeisagameX collected $2 from pot
LifeisagameX: doesn't show hand
*** SUMMARY ***
Total pot $2 | Rake $0
Seat 5: LifeisagameX (big blind) collected ($2)
Seat 6: Prosiaczek1 (button) (small blind) folded before Flop


PokerStars Hand #170300005722:  Hold'em Limit ($3/$6 USD) - 2017/05/12 2:12:46 ET
Table 'Taygeta' 10-max Seat #5 is the button
Seat 5: LifeisagameX ($101.50 in chips)
Seat 6: Prosiaczek1 ($95.54 in chips)
LifeisagameX: posts small blind $1
Prosiaczek1: posts big blind $3
*** HOLE CARDS ***
LifeisagameX: raises $3 to $6
Prosiaczek1: raises $3 to $9
LifeisagameX: calls $3
*** FLOP *** [Ac 9s 8c]
Prosiaczek1: bets $3
LifeisagameX: calls $3
*** TURN *** [Ac 9s 8c] [Ad]
Prosiaczek1: bets $6
LifeisagameX: folds
Uncalled bet ($6) returned to Prosiaczek1
Prosiaczek1 collected $23.52 from pot
*** SUMMARY ***
Total pot $24 | Rake $0.48
Board [Ac 9s 8c Ad]
Seat 5: LifeisagameX (button) (small blind) folded on the Turn
Seat 6: Prosiaczek1 (big blind) collected ($23.52)


PokerStars Hand #170300022880:  Hold'em Limit ($3/$6 USD) - 2017/05/12 2:13:53 ET
Table 'Taygeta' 10-max Seat #5 is the button
Seat 5: LifeisagameX ($119.52 in chips)
Seat 6: Prosiaczek1 ($76.06 in chips)
LifeisagameX: posts small blind $1
Prosiaczek1: posts big blind $3
*** HOLE CARDS ***
LifeisagameX: raises $3 to $6
Prosiaczek1: raises $3 to $9
LifeisagameX: calls $3
*** FLOP *** [Ts Kh 6s]
Prosiaczek1: checks
LifeisagameX: checks
*** TURN *** [Ts Kh 6s] [2c]
Prosiaczek1: bets $6
LifeisagameX: calls $6
*** RIVER *** [Ts Kh 6s 2c] [Ks]
Prosiaczek1: checks
LifeisagameX: bets $6
Prosiaczek1: calls $6
*** SHOW DOWN ***
LifeisagameX: shows [6h 8c] (two pair, Kings and Sixes)
Prosiaczek1: mucks hand
LifeisagameX collected $41.50 from pot
*** SUMMARY ***
Total pot $42 | Rake $0.50
Board [Ts Kh 6s 2c Ks]
Seat 5: LifeisagameX (button) (small blind) showed [6h 8c] and won ($41.50) with two pair, Kings and Sixes
Seat 6: Prosiaczek1 (big blind) mucked


PokerStars Hand #170300032646:  Hold'em Limit ($3/$6 USD) - 2017/05/12 2:14:31 ET
Table 'Taygeta' 10-max Seat #5 is the button
Seat 5: LifeisagameX ($148.66 in chips)
Seat 6: Prosiaczek1 ($46.06 in chips)
LifeisagameX: posts small blind $1
Prosiaczek1: posts big blind $3
*** HOLE CARDS ***
LifeisagameX: raises $3 to $6
Prosiaczek1: folds
Uncalled bet ($3) returned to LifeisagameX
LifeisagameX collected $6 from pot
LifeisagameX: doesn't show hand
*** SUMMARY ***
Total pot $6 | Rake $0
Seat 5: LifeisagameX (button) (small blind) collected ($6)
Seat 6: Prosiaczek1 (big blind) folded before Flop


PokerStars Hand #170300028927:  Hold'em Limit ($3/$6 USD) - 2017/05/12 2:14:17 ET
Table 'Taygeta' 10-max Seat #6 is the button
Seat 5: LifeisagameX ($140.02 in chips)
Seat 6: Prosiaczek1 ($55.06 in chips)
Prosiaczek1: posts small blind $1
LifeisagameX: posts big blind $3
*** HOLE CARDS ***
Prosiaczek1: raises $3 to $6
LifeisagameX: calls $3
*** FLOP *** [8d 8h 9d]
LifeisagameX: checks
Prosiaczek1: bets $3
LifeisagameX: raises $3 to $6
Prosiaczek1: folds
Uncalled bet ($3) returned to LifeisagameX
LifeisagameX collected $17.64 from pot
LifeisagameX: doesn't show hand
*** SUMMARY ***
Total pot $18 | Rake $0.36
Board [8d 8h 9d]
Seat 5: LifeisagameX (big blind) collected ($17.64)
Seat 6: Prosiaczek1 (button) (small blind) folded on the Flop


PokerStars Hand #170300045756:  Hold'em Limit ($3/$6 USD) - 2017/05/12 2:15:22 ET
Table 'Taygeta' 10-max Seat #6 is the button
Seat 5: LifeisagameX ($124.66 in chips)
Seat 6: Prosiaczek1 ($69.08 in chips)
Prosiaczek1: posts small blind $1
LifeisagameX: posts big blind $3
*** HOLE CARDS ***
Prosiaczek1: raises $3 to $6
LifeisagameX: calls $3
*** FLOP *** [8c 3s 6h]
LifeisagameX: checks
Prosiaczek1: bets $3
LifeisagameX: calls $3
*** TURN *** [8c 3s 6h] [2d]
LifeisagameX: checks
Prosiaczek1: bets $6
LifeisagameX: calls $6
*** RIVER *** [8c 3s 6h 2d] [Tc]
LifeisagameX: checks
Prosiaczek1: bets $6
LifeisagameX: calls $6
*** SHOW DOWN ***
Prosiaczek1: shows [5c Td] (a pair of Tens)
LifeisagameX: mucks hand
Prosiaczek1 collected $41.50 from pot
*** SUMMARY ***
Total pot $42 | Rake $0.50
Board [8c 3s 6h 2d Tc]
Seat 5: LifeisagameX (big blind) mucked
Seat 6: Prosiaczek1 (button) (small blind) showed [5c Td] and won ($41.50) with a pair of Tens


PokerStars Hand #170300041905:  Hold'em Limit ($3/$6 USD) - 2017/05/12 2:15:07 ET
Table 'Taygeta' 10-max Seat #5 is the button
Seat 5: LifeisagameX ($136.66 in chips)
Seat 6: Prosiaczek1 ($57.56 in chips)
LifeisagameX: posts small blind $1
Prosiaczek1: posts big blind $3
*** HOLE CARDS ***
LifeisagameX: raises $3 to $6
Prosiaczek1: raises $3 to $9
LifeisagameX: calls $3
*** FLOP *** [Td 4h Qs]
Prosiaczek1: bets $3
LifeisagameX: calls $3
*** TURN *** [Td 4h Qs] [2s]
Prosiaczek1: bets $6
LifeisagameX: folds
Uncalled bet ($6) returned to Prosiaczek1
Prosiaczek1 collected $23.52 from pot
*** SUMMARY ***
Total pot $24 | Rake $0.48
Board [Td 4h Qs 2s]
Seat 5: LifeisagameX (button) (small blind) folded on the Turn
Seat 6: Prosiaczek1 (big blind) collected ($23.52)


PokerStars Hand #170300034521:  Hold'em Limit ($3/$6 USD) - 2017/05/12 2:14:39 ET
Table 'Taygeta' 10-max Seat #6 is the button
Seat 5: LifeisagameX ($151.66 in chips)
Seat 6: Prosiaczek1 ($43.06 in chips)
Prosiaczek1: posts small blind $1
LifeisagameX: posts big blind $3
*** HOLE CARDS ***
Prosiaczek1: raises $3 to $6
LifeisagameX: calls $3
*** FLOP *** [Kh Tc Qd]
LifeisagameX: checks
Prosiaczek1: bets $3
LifeisagameX: calls $3
*** TURN *** [Kh Tc Qd] [3c]
LifeisagameX: checks
Prosiaczek1: bets $6
LifeisagameX: calls $6
*** RIVER *** [Kh Tc Qd 3c] [Qs]
LifeisagameX: checks
Prosiaczek1: bets $6
LifeisagameX: folds
Uncalled bet ($6) returned to Prosiaczek1
Prosiaczek1 collected $29.50 from pot
*** SUMMARY ***
Total pot $30 | Rake $0.50
Board [Kh Tc Qd 3c Qs]
Seat 5: LifeisagameX (big blind) folded on the River
Seat 6: Prosiaczek1 (button) (small blind) collected ($29.50)


PokerStars Hand #170300057186:  Hold'em Limit ($3/$6 USD) - 2017/05/12 2:16:07 ET
Table 'Taygeta' 10-max Seat #6 is the button
Seat 5: LifeisagameX ($124.16 in chips)
Seat 6: Prosiaczek1 ($68.58 in chips)
Prosiaczek1: posts small blind $1
LifeisagameX: posts big blind $3
*** HOLE CARDS ***
Prosiaczek1: raises $3 to $6
LifeisagameX: raises $3 to $9
Prosiaczek1: raises $3 to $12
Betting is capped
LifeisagameX: calls $3
*** FLOP *** [9d 2d 2c]
LifeisagameX: checks
Prosiaczek1: bets $3
LifeisagameX: calls $3
*** TURN *** [9d 2d 2c] [2h]
LifeisagameX: checks
Prosiaczek1: bets $6
LifeisagameX: calls $6
*** RIVER *** [9d 2d 2c 2h] [Ah]
LifeisagameX: checks
Prosiaczek1: bets $6
LifeisagameX: calls $6
*** SHOW DOWN ***
Prosiaczek1: shows [Kc Kd] (a full house, Deuces full of Kings)
LifeisagameX: mucks hand
Prosiaczek1 collected $53.50 from pot
*** SUMMARY ***
Total pot $54 | Rake $0.50
Board [9d 2d 2c 2h Ah]
Seat 5: LifeisagameX (big blind) mucked
Seat 6: Prosiaczek1 (button) (small blind) showed [Kc Kd] and won ($53.50) with a full house, Deuces full of Kings


PokerStars Hand #170300051946:  Hold'em Limit ($3/$6 USD) - 2017/05/12 2:15:46 ET
Table 'Taygeta' 10-max Seat #5 is the button
Seat 5: LifeisagameX ($103.66 in chips)
Seat 6: Prosiaczek1 ($89.58 in chips)
LifeisagameX: posts small blind $1
Prosiaczek1: posts big blind $3
*** HOLE CARDS ***
LifeisagameX: raises $3 to $6
Prosiaczek1: raises $3 to $9
LifeisagameX: calls $3
*** FLOP *** [Js 3c Td]
Prosiaczek1: bets $3
LifeisagameX: raises $3 to $6
Prosiaczek1: calls $3
*** TURN *** [Js 3c Td] [Kh]
Prosiaczek1: checks
LifeisagameX: bets $6
Prosiaczek1: calls $6
*** RIVER *** [Js 3c Td Kh] [Kc]
Prosiaczek1: checks
LifeisagameX: bets $6
Prosiaczek1: folds
Uncalled bet ($6) returned to LifeisagameX
LifeisagameX collected $41.50 from pot
LifeisagameX: doesn't show hand
*** SUMMARY ***
Total pot $42 | Rake $0.50
Board [Js 3c Td Kh Kc]
Seat 5: LifeisagameX (button) (small blind) collected ($41.50)
Seat 6: Prosiaczek1 (big blind) folded on the River


PokerStars Hand #170300063988:  Hold'em Limit ($3/$6 USD) - 2017/05/12 2:16:34 ET
Table 'Taygeta' 10-max Seat #5 is the button
Seat 5: LifeisagameX ($97.16 in chips)
Seat 6: Prosiaczek1 ($95.08 in chips)
LifeisagameX: posts small blind $1
Prosiaczek1: posts big blind $3
*** HOLE CARDS ***
LifeisagameX: raises $3 to $6
Prosiaczek1: raises $3 to $9
LifeisagameX: calls $3
*** FLOP *** [Ac 2s Ks]
Prosiaczek1: bets $3
LifeisagameX: calls $3
*** TURN *** [Ac 2s Ks] [6s]
Prosiaczek1: bets $6
LifeisagameX: calls $6
*** RIVER *** [Ac 2s Ks 6s] [5c]
Prosiaczek1: bets $6
LifeisagameX: calls $6
*** SHOW DOWN ***
Prosiaczek1: shows [Jh 6c] (a pair of Sixes)
LifeisagameX: mucks hand
Prosiaczek1 collected $47.50 from pot
*** SUMMARY ***
Total pot $48 | Rake $0.50
Board [Ac 2s Ks 6s 5c]
Seat 5: LifeisagameX (button) (small blind) mucked
Seat 6: Prosiaczek1 (big blind) showed [Jh 6c] and won ($47.50) with a pair of Sixes


PokerStars Hand #170300070201:  Hold'em Limit ($3/$6 USD) - 2017/05/12 2:16:58 ET
Table 'Taygeta' 10-max Seat #6 is the button
Seat 5: LifeisagameX ($84 in chips)
Seat 6: Prosiaczek1 ($118.58 in chips)
Prosiaczek1: posts small blind $1
LifeisagameX: posts big blind $3
*** HOLE CARDS ***
Prosiaczek1: raises $3 to $6
LifeisagameX: calls $3
*** FLOP *** [2c 3h Ts]
LifeisagameX: checks
Prosiaczek1: bets $3
LifeisagameX: raises $3 to $6
Prosiaczek1: calls $3
*** TURN *** [2c 3h Ts] [3d]
LifeisagameX: checks
Prosiaczek1: checks
*** RIVER *** [2c 3h Ts 3d] [Qd]
LifeisagameX: bets $6
Prosiaczek1: folds
Uncalled bet ($6) returned to LifeisagameX
LifeisagameX collected $23.52 from pot
LifeisagameX: doesn't show hand
*** SUMMARY ***
Total pot $24 | Rake $0.48
Board [2c 3h Ts 3d Qd]
Seat 5: LifeisagameX (big blind) collected ($23.52)
Seat 6: Prosiaczek1 (button) (small blind) folded on the River


PokerStars Hand #170300076926:  Hold'em Limit ($3/$6 USD) - 2017/05/12 2:17:24 ET
Table 'Taygeta' 10-max Seat #6 is the button
Seat 5: LifeisagameX ($98.52 in chips)
Seat 6: Prosiaczek1 ($103.58 in chips)
Prosiaczek1: posts small blind $1
LifeisagameX: posts big blind $3
*** HOLE CARDS ***
Prosiaczek1: raises $3 to $6
LifeisagameX: calls $3
*** FLOP *** [6c Td 5c]
LifeisagameX: checks
Prosiaczek1: bets $3
LifeisagameX: calls $3
*** TURN *** [6c Td 5c] [6h]
LifeisagameX: checks
Prosiaczek1: bets $6
LifeisagameX: raises $6 to $12
Prosiaczek1: calls $6
*** RIVER *** [6c Td 5c 6h] [Qd]
LifeisagameX: bets $6
Prosiaczek1: calls $6
*** SHOW DOWN ***
LifeisagameX: shows [2s 6s] (three of a kind, Sixes)
Prosiaczek1: mucks hand
LifeisagameX collected $53.50 from pot
*** SUMMARY ***
Total pot $54 | Rake $0.50
Board [6c Td 5c 6h Qd]
Seat 5: LifeisagameX (big blind) showed [2s 6s] and won ($53.50) with three of a kind, Sixes
Seat 6: Prosiaczek1 (button) (small blind) mucked


PokerStars Hand #170300075301:  Hold'em Limit ($3/$6 USD) - 2017/05/12 2:17:17 ET
Table 'Taygeta' 10-max Seat #5 is the button
Seat 5: LifeisagameX ($95.52 in chips)
Seat 6: Prosiaczek1 ($106.58 in chips)
LifeisagameX: posts small blind $1
Prosiaczek1: posts big blind $3
*** HOLE CARDS ***
LifeisagameX: raises $3 to $6
Prosiaczek1: folds
Uncalled bet ($3) returned to LifeisagameX
LifeisagameX collected $6 from pot
LifeisagameX: doesn't show hand
*** SUMMARY ***
Total pot $6 | Rake $0
Seat 5: LifeisagameX (button) (small blind) collected ($6)
Seat 6: Prosiaczek1 (big blind) folded before Flop


PokerStars Hand #170300090677:  Hold'em Limit ($3/$6 USD) - 2017/05/12 2:18:17 ET
Table 'Taygeta' 10-max Seat #6 is the button
Seat 5: LifeisagameX ($124.77 in chips)
Seat 6: Prosiaczek1 ($76.33 in chips)
Prosiaczek1: posts small blind $1
LifeisagameX: posts big blind $3
*** HOLE CARDS ***
Prosiaczek1: raises $3 to $6
LifeisagameX: raises $3 to $9
Prosiaczek1: raises $3 to $12
Betting is capped
LifeisagameX: calls $3
*** FLOP *** [2c 2h 5c]
LifeisagameX: checks
Prosiaczek1: bets $3
LifeisagameX: calls $3
*** TURN *** [2c 2h 5c] [Kh]
LifeisagameX: checks
Prosiaczek1: bets $6
LifeisagameX: calls $6
*** RIVER *** [2c 2h 5c Kh] [6d]
LifeisagameX: checks
Prosiaczek1: bets $6
LifeisagameX: calls $6
*** SHOW DOWN ***
Prosiaczek1: shows [Kc Ah] (two pair, Kings and Deuces)
LifeisagameX: mucks hand
Prosiaczek1 collected $53.50 from pot
*** SUMMARY ***
Total pot $54 | Rake $0.50
Board [2c 2h 5c Kh 6d]
Seat 5: LifeisagameX (big blind) mucked
Seat 6: Prosiaczek1 (button) (small blind) showed [Kc Ah] and won ($53.50) with two pair, Kings and Deuces


PokerStars Hand #170300085457:  Hold'em Limit ($3/$6 USD) - 2017/05/12 2:17:57 ET
Table 'Taygeta' 10-max Seat #5 is the button
Seat 5: LifeisagameX ($125.02 in chips)
Seat 6: Prosiaczek1 ($76.58 in chips)
LifeisagameX: posts small blind $1
Prosiaczek1: posts big blind $3
*** HOLE CARDS ***
LifeisagameX: raises $3 to $6
Prosiaczek1: calls $3
*** FLOP *** [9s Qd 5s]
Prosiaczek1: checks
LifeisagameX: bets $3
Prosiaczek1: calls $3
*** TURN *** [9s Qd 5s] [Tc]
Prosiaczek1: checks
LifeisagameX: bets $6
Prosiaczek1: raises $6 to $12
LifeisagameX: calls $6
*** RIVER *** [9s Qd 5s Tc] [Jd]
Prosiaczek1: bets $6
LifeisagameX: calls $6
*** SHOW DOWN ***
Prosiaczek1: shows [6s Qc] (a pair of Queens)
LifeisagameX: shows [Qs 4h] (a pair of Queens)
Prosiaczek1 collected $26.75 from pot
LifeisagameX collected $26.75 from pot
*** SUMMARY ***
Total pot $54 | Rake $0.50
Board [9s Qd 5s Tc Jd]
Seat 5: LifeisagameX (button) (small blind) showed [Qs 4h] and won ($26.75) with a pair of Queens
Seat 6: Prosiaczek1 (big blind) showed [6s Qc] and won ($26.75) with a pair of Queens


PokerStars Hand #170300111273:  Hold'em Limit ($3/$6 USD) - 2017/05/12 2:19:36 ET
Table 'Taygeta' 10-max Seat #5 is the button
Seat 5: LifeisagameX ($84 in chips)
Seat 6: Prosiaczek1 ($126.33 in chips)
LifeisagameX: posts small blind $1
Prosiaczek1: posts big blind $3
*** HOLE CARDS ***
LifeisagameX: raises $3 to $6
Prosiaczek1: raises $3 to $9
LifeisagameX: calls $3
*** FLOP *** [9h 2d 5s]
Prosiaczek1: bets $3
LifeisagameX: calls $3
*** TURN *** [9h 2d 5s] [Qh]
Prosiaczek1: bets $6
LifeisagameX: calls $6
*** RIVER *** [9h 2d 5s Qh] [6d]
Prosiaczek1: bets $6
LifeisagameX: calls $6
*** SHOW DOWN ***
Prosiaczek1: shows [8h 7s] (a straight, Five to Nine)
LifeisagameX: mucks hand
Prosiaczek1 collected $47.50 from pot
*** SUMMARY ***
Total pot $48 | Rake $0.50
Board [9h 2d 5s Qh 6d]
Seat 5: LifeisagameX (button) (small blind) mucked
Seat 6: Prosiaczek1 (big blind) showed [8h 7s] and won ($47.50) with a straight, Five to Nine


PokerStars Hand #170300104312:  Hold'em Limit ($3/$6 USD) - 2017/05/12 2:19:09 ET
Table 'Taygeta' 10-max Seat #6 is the button
Seat 5: LifeisagameX ($103.53 in chips)
Seat 6: Prosiaczek1 ($96.83 in chips)
Prosiaczek1: posts small blind $1
LifeisagameX: posts big blind $3
*** HOLE CARDS ***
Prosiaczek1: raises $3 to $6
LifeisagameX: calls $3
*** FLOP *** [8c 6s Td]
LifeisagameX: checks
Prosiaczek1: bets $3
LifeisagameX: raises $3 to $6
Prosiaczek1: calls $3
*** TURN *** [8c 6s Td] [9s]
LifeisagameX: bets $6
Prosiaczek1: calls $6
*** RIVER *** [8c 6s Td 9s] [7h]
LifeisagameX: bets $6
Prosiaczek1: raises $6 to $12
LifeisagameX: calls $6
*** SHOW DOWN ***
Prosiaczek1: shows [Jd 9c] (a straight, Seven to Jack)
LifeisagameX: mucks hand
Prosiaczek1 collected $59.50 from pot
*** SUMMARY ***
Total pot $60 | Rake $0.50
Board [8c 6s Td 9s 7h]
Seat 5: LifeisagameX (big blind) mucked
Seat 6: Prosiaczek1 (button) (small blind) showed [Jd 9c] and won ($59.50) with a straight, Seven to Jack


PokerStars Hand #170300101068:  Hold'em Limit ($3/$6 USD) - 2017/05/12 2:18:57 ET
Table 'Taygeta' 10-max Seat #5 is the button
Seat 5: LifeisagameX ($97.77 in chips)
Seat 6: Prosiaczek1 ($102.83 in chips)
LifeisagameX: posts small blind $1
Prosiaczek1: posts big blind $3
*** HOLE CARDS ***
LifeisagameX: raises $3 to $6
Prosiaczek1: calls $3
*** FLOP *** [Qd 5h 7c]
Prosiaczek1: checks
LifeisagameX: bets $3
Prosiaczek1: folds
Uncalled bet ($3) returned to LifeisagameX
LifeisagameX collected $11.76 from pot
LifeisagameX: doesn't show hand
*** SUMMARY ***
Total pot $12 | Rake $0.24
Board [Qd 5h 7c]
Seat 5: LifeisagameX (button) (small blind) collected ($11.76)
Seat 6: Prosiaczek1 (big blind) folded on the Flop


PokerStars Hand #170300116288:  Hold'em Limit ($3/$6 USD) - 2017/05/12 2:19:56 ET
Table 'Taygeta' 10-max Seat #6 is the button
Seat 5: LifeisagameX ($84 in chips)
Seat 6: Prosiaczek1 ($149.83 in chips)
Prosiaczek1: posts small blind $1
LifeisagameX: posts big blind $3
*** HOLE CARDS ***
Prosiaczek1: raises $3 to $6
LifeisagameX: raises $3 to $9
Agrotait joins the table at seat #7
Prosiaczek1: calls $3
*** FLOP *** [Ts Js Kc]
LifeisagameX: bets $3
Prosiaczek1: folds
Uncalled bet ($3) returned to LifeisagameX
LifeisagameX collected $17.64 from pot
LifeisagameX: doesn't show hand
*** SUMMARY ***
Total pot $18 | Rake $0.36
Board [Ts Js Kc]
Seat 5: LifeisagameX (big blind) collected ($17.64)
Seat 6: Prosiaczek1 (button) (small blind) folded on the Flop


PokerStars Hand #170300119038:  Hold'em Limit ($3/$6 USD) - 2017/05/12 2:20:06 ET
Table 'Taygeta' 10-max Seat #5 is the button
Seat 5: LifeisagameX ($92.64 in chips)
Seat 6: Prosiaczek1 ($140.83 in chips)
LifeisagameX: posts small blind $1
Prosiaczek1: posts big blind $3
*** HOLE CARDS ***
LifeisagameX: raises $3 to $6
Prosiaczek1: calls $3
*** FLOP *** [8c 8h 5c]
Prosiaczek1: bets $3
LifeisagameX: calls $3
*** TURN *** [8c 8h 5c] [9h]
Prosiaczek1: bets $6
LifeisagameX: calls $6
*** RIVER *** [8c 8h 5c 9h] [4c]
Prosiaczek1: bets $6
LifeisagameX: folds
Uncalled bet ($6) returned to Prosiaczek1
Prosiaczek1 collected $29.50 from pot
*** SUMMARY ***
Total pot $30 | Rake $0.50
Board [8c 8h 5c 9h 4c]
Seat 5: LifeisagameX (button) (small blind) folded on the River
Seat 6: Prosiaczek1 (big blind) collected ($29.50)


PokerStars Hand #170300164113:  Hold'em Limit ($3/$6 USD) - 2017/05/12 2:22:58 ET
Table 'Taygeta' 10-max Seat #6 is the button
Seat 6: Prosiaczek1 ($152.04 in chips)
Seat 7: Agrotait ($116.21 in chips)
Prosiaczek1: posts small blind $1
Agrotait: posts big blind $3
*** HOLE CARDS ***
Prosiaczek1: folds
Uncalled bet ($2) returned to Agrotait
Agrotait collected $2 from pot
Agrotait: doesn't show hand
*** SUMMARY ***
Total pot $2 | Rake $0
Seat 6: Prosiaczek1 (button) (small blind) folded before Flop
Seat 7: Agrotait (big blind) collected ($2)


PokerStars Hand #170300162589:  Hold'em Limit ($3/$6 USD) - 2017/05/12 2:22:52 ET
Table 'Taygeta' 10-max Seat #7 is the button
Seat 6: Prosiaczek1 ($151.04 in chips)
Seat 7: Agrotait ($117.21 in chips)
Agrotait: posts small blind $1
Prosiaczek1: posts big blind $3
*** HOLE CARDS ***
Agrotait: folds
Uncalled bet ($2) returned to Prosiaczek1
Prosiaczek1 collected $2 from pot
*** SUMMARY ***
Total pot $2 | Rake $0
Seat 6: Prosiaczek1 (big blind) collected ($2)
Seat 7: Agrotait (button) (small blind) folded before Flop


PokerStars Hand #170300154610:  Hold'em Limit ($3/$6 USD) - 2017/05/12 2:22:20 ET
Table 'Taygeta' 10-max Seat #6 is the button
Seat 6: Prosiaczek1 ($152.04 in chips)
Seat 7: Agrotait ($116.21 in chips)
Prosiaczek1: posts small blind $1
Agrotait: posts big blind $3
*** HOLE CARDS ***
LifeisagameX leaves the table
Prosiaczek1: folds
Uncalled bet ($2) returned to Agrotait
Agrotait collected $2 from pot
Agrotait: doesn't show hand
*** SUMMARY ***
Total pot $2 | Rake $0
Seat 6: Prosiaczek1 (button) (small blind) folded before Flop
Seat 7: Agrotait (big blind) collected ($2)


PokerStars Hand #170300179187:  Hold'em Limit ($3/$6 USD) - 2017/05/12 2:23:57 ET
Table 'Taygeta' 10-max Seat #7 is the button
Seat 6: Prosiaczek1 ($168.54 in chips)
Seat 7: Agrotait ($99.21 in chips)
Agrotait: posts small blind $1
Prosiaczek1: posts big blind $3
*** HOLE CARDS ***
Agrotait: folds
Uncalled bet ($2) returned to Prosiaczek1
Prosiaczek1 collected $2 from pot
*** SUMMARY ***
Total pot $2 | Rake $0
Seat 6: Prosiaczek1 (big blind) collected ($2)
Seat 7: Agrotait (button) (small blind) folded before Flop


PokerStars Hand #170300167911:  Hold'em Limit ($3/$6 USD) - 2017/05/12 2:23:13 ET
Table 'Taygeta' 10-max Seat #6 is the button
Seat 6: Prosiaczek1 ($148.04 in chips)
Seat 7: Agrotait ($120.21 in chips)
Prosiaczek1: posts small blind $1
Agrotait: posts big blind $3
*** HOLE CARDS ***
Prosiaczek1: raises $3 to $6
Agrotait: calls $3
*** FLOP *** [8d Jd 5c]
Agrotait: checks
Prosiaczek1: bets $3
Agrotait: calls $3
*** TURN *** [8d Jd 5c] [3s]
Agrotait: checks
Prosiaczek1: bets $6
Agrotait: calls $6
*** RIVER *** [8d Jd 5c 3s] [7d]
Agrotait: checks
Prosiaczek1: bets $6
Agrotait: calls $6
*** SHOW DOWN ***
Prosiaczek1: shows [Jc 8c] (two pair, Jacks and Eights)
Agrotait: mucks hand
Prosiaczek1 collected $41.50 from pot
*** SUMMARY ***
Total pot $42 | Rake $0.50
Board [8d Jd 5c 3s 7d]
Seat 6: Prosiaczek1 (button) (small blind) showed [Jc 8c] and won ($41.50) with two pair, Jacks and Eights
Seat 7: Agrotait (big blind) mucked


PokerStars Hand #170300165426:  Hold'em Limit ($3/$6 USD) - 2017/05/12 2:23:03 ET
Table 'Taygeta' 10-max Seat #7 is the button
Seat 6: Prosiaczek1 ($151.04 in chips)
Seat 7: Agrotait ($117.21 in chips)
Agrotait: posts small blind $1
Prosiaczek1: posts big blind $3
*** HOLE CARDS ***
Agrotait: raises $3 to $6
Prosiaczek1: folds
Uncalled bet ($3) returned to Agrotait
Agrotait collected $6 from pot
Agrotait: doesn't show hand
*** SUMMARY ***
Total pot $6 | Rake $0
Seat 6: Prosiaczek1 (big blind) folded before Flop
Seat 7: Agrotait (button) (small blind) collected ($6)


PokerStars Hand #170300180631:  Hold'em Limit ($3/$6 USD) - 2017/05/12 2:24:02 ET
Table 'Taygeta' 10-max Seat #6 is the button
Seat 6: Prosiaczek1 ($169.54 in chips)
Seat 7: Agrotait ($98.21 in chips)
Prosiaczek1: posts small blind $1
Agrotait: posts big blind $3
*** HOLE CARDS ***
Prosiaczek1: raises $3 to $6
Agrotait: calls $3
*** FLOP *** [5c 4c Qd]
Agrotait: checks
Prosiaczek1: bets $3
Agrotait: raises $3 to $6
Prosiaczek1: folds
Uncalled bet ($3) returned to Agrotait
Agrotait collected $17.64 from pot
Agrotait: doesn't show hand
*** SUMMARY ***
Total pot $18 | Rake $0.36
Board [5c 4c Qd]
Seat 6: Prosiaczek1 (button) (small blind) folded on the Flop
Seat 7: Agrotait (big blind) collected ($17.64)


PokerStars Hand #170300188916:  Hold'em Limit ($3/$6 USD) - 2017/05/12 2:24:35 ET
Table 'Taygeta' 10-max Seat #7 is the button
Seat 6: Prosiaczek1 ($160.54 in chips)
Seat 7: Agrotait ($106.85 in chips)
Agrotait: posts small blind $1
Prosiaczek1: posts big blind $3
*** HOLE CARDS ***
Agrotait: folds
Uncalled bet ($2) returned to Prosiaczek1
Prosiaczek1 collected $2 from pot
*** SUMMARY ***
Total pot $2 | Rake $0
Seat 6: Prosiaczek1 (big blind) collected ($2)
Seat 7: Agrotait (button) (small blind) folded before Flop


PokerStars Hand #170300190630:  Hold'em Limit ($3/$6 USD) - 2017/05/12 2:24:41 ET
Table 'Taygeta' 10-max Seat #6 is the button
Seat 6: Prosiaczek1 ($161.54 in chips)
Seat 7: Agrotait ($105.85 in chips)
Prosiaczek1: posts small blind $1
Agrotait: posts big blind $3
*** HOLE CARDS ***
Prosiaczek1: raises $3 to $6
Agrotait: calls $3
*** FLOP *** [9d Tc Td]
Agrotait: checks
Prosiaczek1: bets $3
Agrotait: folds
Uncalled bet ($3) returned to Prosiaczek1
Prosiaczek1 collected $11.76 from pot
*** SUMMARY ***
Total pot $12 | Rake $0.24
Board [9d Tc Td]
Seat 6: Prosiaczek1 (button) (small blind) collected ($11.76)
Seat 7: Agrotait (big blind) folded on the Flop


