PokerStars Hand #175220597939:  Hold'em Limit ($3/$6 USD) - 2017/09/04 20:01:58 ET
Table 'Tekmessa' 6-max Seat #4 is the button
Seat 4: Actionni13 ($287.32 in chips)
Seat 6: dmonr ($60.57 in chips)
Actionni13: posts small blind $1
dmonr: posts big blind $3
*** HOLE CARDS ***
Actionni13: raises $3 to $6
dmonr: folds
Uncalled bet ($3) returned to Actionni13
Actionni13 collected $6 from pot
Actionni13: doesn't show hand
*** SUMMARY ***
Total pot $6 | Rake $0
Seat 4: Actionni13 (button) (small blind) collected ($6)
Seat 6: dmonr (big blind) folded before Flop


PokerStars Hand #175220595303:  Hold'em Limit ($3/$6 USD) - 2017/09/04 20:01:53 ET
Table 'Tekmessa' 6-max Seat #6 is the button
Seat 4: Actionni13 ($286.32 in chips)
Seat 6: dmonr ($61.57 in chips)
dmonr: posts small blind $1
Actionni13: posts big blind $3
*** HOLE CARDS ***
ZOGI is disconnected
dmonr: folds
Uncalled bet ($2) returned to Actionni13
Actionni13 collected $2 from pot
Actionni13: doesn't show hand
*** SUMMARY ***
Total pot $2 | Rake $0
Seat 4: Actionni13 (big blind) collected ($2)
Seat 6: dmonr (button) (small blind) folded before Flop


PokerStars Hand #175220589306:  Hold'em Limit ($3/$6 USD) - 2017/09/04 20:01:41 ET
Table 'Tekmessa' 6-max Seat #4 is the button
Seat 4: Actionni13 ($295.32 in chips)
Seat 6: dmonr ($52.93 in chips)
Actionni13: posts small blind $1
dmonr: posts big blind $3
*** HOLE CARDS ***
Actionni13: raises $3 to $6
dmonr: raises $3 to $9
Actionni13: calls $3
*** FLOP *** [4h Ts As]
dmonr: bets $3
Actionni13: folds
Uncalled bet ($3) returned to dmonr
dmonr collected $17.64 from pot
dmonr: doesn't show hand
*** SUMMARY ***
Total pot $18 | Rake $0.36
Board [4h Ts As]
Seat 4: Actionni13 (button) (small blind) folded on the Flop
Seat 6: dmonr (big blind) collected ($17.64)


PokerStars Hand #175220586403:  Hold'em Limit ($3/$6 USD) - 2017/09/04 20:01:35 ET
Table 'Tekmessa' 6-max Seat #6 is the button
Seat 4: Actionni13 ($294.32 in chips)
Seat 6: dmonr ($53.93 in chips)
dmonr: posts small blind $1
Actionni13: posts big blind $3
*** HOLE CARDS ***
dmonr: folds
Uncalled bet ($2) returned to Actionni13
Actionni13 collected $2 from pot
Actionni13: doesn't show hand
*** SUMMARY ***
Total pot $2 | Rake $0
Seat 4: Actionni13 (big blind) collected ($2)
Seat 6: dmonr (button) (small blind) folded before Flop


PokerStars Hand #175220583747:  Hold'em Limit ($3/$6 USD) - 2017/09/04 20:01:30 ET
Table 'Tekmessa' 6-max Seat #4 is the button
Seat 4: Actionni13 ($295.32 in chips)
Seat 6: dmonr ($52.93 in chips)
Actionni13: posts small blind $1
dmonr: posts big blind $3
*** HOLE CARDS ***
Actionni13: folds
Uncalled bet ($2) returned to dmonr
dmonr collected $2 from pot
dmonr: doesn't show hand
*** SUMMARY ***
Total pot $2 | Rake $0
Seat 4: Actionni13 (button) (small blind) folded before Flop
Seat 6: dmonr (big blind) collected ($2)


PokerStars Hand #175220578120:  Hold'em Limit ($3/$6 USD) - 2017/09/04 20:01:18 ET
Table 'Tekmessa' 6-max Seat #6 is the button
Seat 4: Actionni13 ($292.44 in chips)
Seat 6: dmonr ($55.93 in chips)
dmonr: posts small blind $1
Actionni13: posts big blind $3
*** HOLE CARDS ***
dmonr: calls $2
Actionni13: checks
*** FLOP *** [3d 7d 2d]
Actionni13: bets $3
dmonr: folds
Uncalled bet ($3) returned to Actionni13
Actionni13 collected $5.88 from pot
Actionni13: doesn't show hand
*** SUMMARY ***
Total pot $6 | Rake $0.12
Board [3d 7d 2d]
Seat 4: Actionni13 (big blind) collected ($5.88)
Seat 6: dmonr (button) (small blind) folded on the Flop


PokerStars Hand #175220615663:  Hold'em Limit ($3/$6 USD) - 2017/09/04 20:02:33 ET
Table 'Tekmessa' 6-max Seat #4 is the button
Seat 4: Actionni13 ($260.32 in chips)
Seat 6: dmonr ($87.07 in chips)
Actionni13: posts small blind $1
dmonr: posts big blind $3
*** HOLE CARDS ***
Actionni13: raises $3 to $6
dmonr: folds
Uncalled bet ($3) returned to Actionni13
Actionni13 collected $6 from pot
Actionni13: doesn't show hand
*** SUMMARY ***
Total pot $6 | Rake $0
Seat 4: Actionni13 (button) (small blind) collected ($6)
Seat 6: dmonr (big blind) folded before Flop


PokerStars Hand #175220600760:  Hold'em Limit ($3/$6 USD) - 2017/09/04 20:02:04 ET
Table 'Tekmessa' 6-max Seat #6 is the button
Seat 4: Actionni13 ($290.32 in chips)
Seat 6: dmonr ($57.57 in chips)
dmonr: posts small blind $1
Actionni13: posts big blind $3
*** HOLE CARDS ***
dmonr: raises $3 to $6
Actionni13: calls $3
*** FLOP *** [7d 5d 6h]
Actionni13: bets $3
dmonr: raises $3 to $6
Actionni13: raises $3 to $9
dmonr: raises $3 to $12
Betting is capped
Actionni13: calls $3
*** TURN *** [7d 5d 6h] [Qc]
Actionni13: checks
dmonr: bets $6
Actionni13: calls $6
*** RIVER *** [7d 5d 6h Qc] [9h]
Actionni13: checks
dmonr: bets $6
Actionni13: calls $6
*** SHOW DOWN ***
dmonr: shows [3c 4s] (a straight, Three to Seven)
Actionni13: mucks hand
dmonr collected $59.50 from pot
*** SUMMARY ***
Total pot $60 | Rake $0.50
Board [7d 5d 6h Qc 9h]
Seat 4: Actionni13 (big blind) mucked
Seat 6: dmonr (button) (small blind) showed [3c 4s] and won ($59.50) with a straight, Three to Seven


PokerStars Hand #175220946275:  Hold'em Limit ($3/$6 USD) - 2017/09/04 20:13:22 ET
Table 'Tekmessa' 6-max Seat #3 is the button
Seat 3: hairy1961 ($50 in chips)
Seat 4: Actionni13 ($263.32 in chips)
hairy1961: posts small blind $1
Actionni13: posts big blind $3
*** HOLE CARDS ***
hairy1961: folds
Uncalled bet ($2) returned to Actionni13
Actionni13 collected $2 from pot
Actionni13: doesn't show hand
*** SUMMARY ***
Total pot $2 | Rake $0
Seat 3: hairy1961 (button) (small blind) folded before Flop
Seat 4: Actionni13 (big blind) collected ($2)


PokerStars Hand #175220949281:  Hold'em Limit ($3/$6 USD) - 2017/09/04 20:13:28 ET
Table 'Tekmessa' 6-max Seat #4 is the button
Seat 3: hairy1961 ($49 in chips)
Seat 4: Actionni13 ($264.32 in chips)
Actionni13: posts small blind $1
hairy1961: posts big blind $3
*** HOLE CARDS ***
Actionni13: raises $3 to $6
hairy1961: folds
Uncalled bet ($3) returned to Actionni13
Actionni13 collected $6 from pot
Actionni13: doesn't show hand
*** SUMMARY ***
Total pot $6 | Rake $0
Seat 3: hairy1961 (big blind) folded before Flop
Seat 4: Actionni13 (button) (small blind) collected ($6)


PokerStars Hand #175220986473:  Hold'em Limit ($3/$6 USD) - 2017/09/04 20:14:44 ET
Table 'Tekmessa' 6-max Seat #3 is the button
Seat 3: hairy1961 ($46 in chips)
Seat 4: Actionni13 ($267.32 in chips)
hairy1961: posts small blind $1
Actionni13: posts big blind $3
*** HOLE CARDS ***
hairy1961: raises $3 to $6
Actionni13: raises $3 to $9
hairy1961: raises $3 to $12
Betting is capped
Actionni13: calls $3
*** FLOP *** [7s 2c 9s]
Actionni13: checks
hairy1961: bets $3
Actionni13: calls $3
*** TURN *** [7s 2c 9s] [Ks]
Actionni13: checks
hairy1961: bets $6
Actionni13: folds
Uncalled bet ($6) returned to hairy1961
hairy1961 collected $29.50 from pot
*** SUMMARY ***
Total pot $30 | Rake $0.50
Board [7s 2c 9s Ks]
Seat 3: hairy1961 (button) (small blind) collected ($29.50)
Seat 4: Actionni13 (big blind) folded on the Turn


PokerStars Hand #175221003733:  Hold'em Limit ($3/$6 USD) - 2017/09/04 20:15:20 ET
Table 'Tekmessa' 6-max Seat #4 is the button
Seat 3: hairy1961 ($60.50 in chips)
Seat 4: Actionni13 ($252.32 in chips)
Actionni13: posts small blind $1
hairy1961: posts big blind $3
*** HOLE CARDS ***
Actionni13: raises $3 to $6
hairy1961: calls $3
*** FLOP *** [8s 8c Qh]
hairy1961: checks
Actionni13: bets $3
hairy1961: calls $3
*** TURN *** [8s 8c Qh] [9h]
hairy1961: checks
Actionni13: bets $6
hairy1961: raises $6 to $12
Actionni13: calls $6
*** RIVER *** [8s 8c Qh 9h] [8d]
hairy1961: bets $6
Actionni13: raises $6 to $12
hairy1961: raises $6 to $18
Actionni13: calls $6
*** SHOW DOWN ***
hairy1961: shows [Qc Ks] (a full house, Eights full of Queens)
Actionni13: shows [Qs Th] (a full house, Eights full of Queens)
hairy1961 collected $38.75 from pot
Actionni13 collected $38.75 from pot
*** SUMMARY ***
Total pot $78 | Rake $0.50
Board [8s 8c Qh 9h 8d]
Seat 3: hairy1961 (big blind) showed [Qc Ks] and won ($38.75) with a full house, Eights full of Queens
Seat 4: Actionni13 (button) (small blind) showed [Qs Th] and won ($38.75) with a full house, Eights full of Queens


PokerStars Hand #175221023782:  Hold'em Limit ($3/$6 USD) - 2017/09/04 20:16:01 ET
Table 'Tekmessa' 6-max Seat #3 is the button
Seat 3: hairy1961 ($60.25 in chips)
Seat 4: Actionni13 ($252.07 in chips)
hairy1961: posts small blind $1
Actionni13: posts big blind $3
*** HOLE CARDS ***
hairy1961: raises $3 to $6
Actionni13: calls $3
*** FLOP *** [6d As Kh]
Actionni13: checks
hairy1961: bets $3
Actionni13: folds
Uncalled bet ($3) returned to hairy1961
hairy1961 collected $11.76 from pot
*** SUMMARY ***
Total pot $12 | Rake $0.24
Board [6d As Kh]
Seat 3: hairy1961 (button) (small blind) collected ($11.76)
Seat 4: Actionni13 (big blind) folded on the Flop


PokerStars Hand #175221031244:  Hold'em Limit ($3/$6 USD) - 2017/09/04 20:16:17 ET
Table 'Tekmessa' 6-max Seat #4 is the button
Seat 3: hairy1961 ($66.01 in chips)
Seat 4: Actionni13 ($246.07 in chips)
Actionni13: posts small blind $1
hairy1961: posts big blind $3
*** HOLE CARDS ***
Actionni13: raises $3 to $6
hairy1961: calls $3
*** FLOP *** [7s 3d 3c]
hairy1961: bets $3
Actionni13: calls $3
*** TURN *** [7s 3d 3c] [Qc]
hairy1961: checks
Actionni13: checks
*** RIVER *** [7s 3d 3c Qc] [3s]
hairy1961: bets $6
Actionni13: folds
Uncalled bet ($6) returned to hairy1961
hairy1961 collected $17.64 from pot
*** SUMMARY ***
Total pot $18 | Rake $0.36
Board [7s 3d 3c Qc 3s]
Seat 3: hairy1961 (big blind) collected ($17.64)
Seat 4: Actionni13 (button) (small blind) folded on the River


PokerStars Hand #175221045459:  Hold'em Limit ($3/$6 USD) - 2017/09/04 20:16:46 ET
Table 'Tekmessa' 6-max Seat #3 is the button
Seat 3: hairy1961 ($74.65 in chips)
Seat 4: Actionni13 ($237.07 in chips)
hairy1961: posts small blind $1
Actionni13: posts big blind $3
*** HOLE CARDS ***
hairy1961: raises $3 to $6
Actionni13: raises $3 to $9
hairy1961: calls $3
*** FLOP *** [4d 3s Jd]
Actionni13: bets $3
hairy1961: calls $3
*** TURN *** [4d 3s Jd] [4h]
Actionni13: bets $6
hairy1961: calls $6
*** RIVER *** [4d 3s Jd 4h] [Qc]
Actionni13: bets $6
hairy1961: folds
Uncalled bet ($6) returned to Actionni13
Actionni13 collected $35.50 from pot
Actionni13: doesn't show hand
*** SUMMARY ***
Total pot $36 | Rake $0.50
Board [4d 3s Jd 4h Qc]
Seat 3: hairy1961 (button) (small blind) folded on the River
Seat 4: Actionni13 (big blind) collected ($35.50)


PokerStars Hand #175229514135:  Hold'em Limit ($3/$6 USD) - 2017/09/05 3:58:54 ET
Table 'Tekmessa' 6-max Seat #4 is the button
Seat 3: Kartll11 ($43.69 in chips)
Seat 4: sismos404 ($160.85 in chips)
sismos404: posts small blind $1
Ale4o: is sitting out
Kartll11: posts big blind $3
*** HOLE CARDS ***
sismos404: folds
Uncalled bet ($2) returned to Kartll11
Kartll11 collected $2 from pot
Kartll11: doesn't show hand
*** SUMMARY ***
Total pot $2 | Rake $0
Seat 3: Kartll11 (big blind) collected ($2)
Seat 4: sismos404 (button) (small blind) folded before Flop


PokerStars Hand #175229515653:  Hold'em Limit ($3/$6 USD) - 2017/09/05 3:59:00 ET
Table 'Tekmessa' 6-max Seat #3 is the button
Seat 3: Kartll11 ($44.69 in chips)
Seat 4: sismos404 ($159.85 in chips)
Kartll11: posts small blind $1
sismos404: posts big blind $3
*** HOLE CARDS ***
Kartll11: folds
Uncalled bet ($2) returned to sismos404
sismos404 collected $2 from pot
*** SUMMARY ***
Total pot $2 | Rake $0
Seat 3: Kartll11 (button) (small blind) folded before Flop
Seat 4: sismos404 (big blind) collected ($2)


PokerStars Hand #175229517049:  Hold'em Limit ($3/$6 USD) - 2017/09/05 3:59:06 ET
Table 'Tekmessa' 6-max Seat #4 is the button
Seat 3: Kartll11 ($43.69 in chips)
Seat 4: sismos404 ($160.85 in chips)
sismos404: posts small blind $1
Kartll11: posts big blind $3
*** HOLE CARDS ***
sismos404: folds
Uncalled bet ($2) returned to Kartll11
Kartll11 collected $2 from pot
Kartll11: doesn't show hand
*** SUMMARY ***
Total pot $2 | Rake $0
Seat 3: Kartll11 (big blind) collected ($2)
Seat 4: sismos404 (button) (small blind) folded before Flop


PokerStars Hand #175229518420:  Hold'em Limit ($3/$6 USD) - 2017/09/05 3:59:11 ET
Table 'Tekmessa' 6-max Seat #3 is the button
Seat 3: Kartll11 ($44.69 in chips)
Seat 4: sismos404 ($159.85 in chips)
Kartll11: posts small blind $1
sismos404: posts big blind $3
*** HOLE CARDS ***
Kartll11: raises $3 to $6
sismos404: calls $3
*** FLOP *** [Jh Qc 4h]
sismos404: checks
Kartll11: bets $3
sismos404: folds
Uncalled bet ($3) returned to Kartll11
Kartll11 collected $11.76 from pot
Kartll11: doesn't show hand
*** SUMMARY ***
Total pot $12 | Rake $0.24
Board [Jh Qc 4h]
Seat 3: Kartll11 (button) (small blind) collected ($11.76)
Seat 4: sismos404 (big blind) folded on the Flop


PokerStars Hand #175230184521:  Hold'em Limit ($3/$6 USD) - 2017/09/05 4:38:12 ET
Table 'Tekmessa' 6-max Seat #4 is the button
Seat 3: Kartll11 ($70.87 in chips)
Seat 4: rascal_319 ($95.56 in chips)
rascal_319: posts small blind $1
ice0034: is sitting out
Agrotait: is sitting out
Kartll11: posts big blind $3
*** HOLE CARDS ***
Agrotait leaves the table
rascal_319: folds
Uncalled bet ($2) returned to Kartll11
Kartll11 collected $2 from pot
Kartll11: doesn't show hand
*** SUMMARY ***
Total pot $2 | Rake $0
Seat 3: Kartll11 (big blind) collected ($2)
Seat 4: rascal_319 (button) (small blind) folded before Flop


