PokerStars Hand #167363386736:  Hold'em Limit ($3/$6 USD) - 2017/03/09 20:02:28 ET
Table 'Tekmessa II' 6-max Seat #3 is the button
Seat 3: 99%garant ($170.83 in chips)
Seat 5: MellivoraSto ($232.46 in chips)
99%garant: posts small blind $1
MellivoraSto: posts big blind $3
*** HOLE CARDS ***
99%garant: calls $2
MellivoraSto: raises $3 to $6
99%garant: calls $3
*** FLOP *** [6d 9d 3s]
MellivoraSto: bets $3
99%garant: calls $3
*** TURN *** [6d 9d 3s] [2s]
MellivoraSto: bets $6
99%garant: calls $6
*** RIVER *** [6d 9d 3s 2s] [Ad]
MellivoraSto: checks
99%garant: checks
*** SHOW DOWN ***
MellivoraSto: shows [9c Qs] (a pair of Nines)
99%garant: mucks hand
MellivoraSto collected $29.50 from pot
*** SUMMARY ***
Total pot $30 | Rake $0.50
Board [6d 9d 3s 2s Ad]
Seat 3: 99%garant (button) (small blind) mucked
Seat 5: MellivoraSto (big blind) showed [9c Qs] and won ($29.50) with a pair of Nines


PokerStars Hand #167364801360:  Hold'em Limit ($3/$6 USD) - 2017/03/09 20:50:58 ET
Table 'Tekmessa II' 6-max Seat #4 is the button
Seat 4: MellivoraSto ($108 in chips)
Seat 5: Chrisgalo33 ($97.64 in chips)
MellivoraSto: posts small blind $1
Chrisgalo33: posts big blind $3
*** HOLE CARDS ***
MellivoraSto: folds
Uncalled bet ($2) returned to Chrisgalo33
Chrisgalo33 collected $2 from pot
*** SUMMARY ***
Total pot $2 | Rake $0
Seat 4: MellivoraSto (button) (small blind) folded before Flop
Seat 5: Chrisgalo33 (big blind) collected ($2)


PokerStars Hand #167365321814:  Hold'em Limit ($3/$6 USD) - 2017/03/09 21:11:24 ET
Table 'Tekmessa II' 6-max Seat #6 is the button
Seat 4: MellivoraSto ($137.69 in chips)
Seat 6: vitamin168 ($196.07 in chips)
vitamin168: posts small blind $1
Scheubi88: is sitting out
MellivoraSto: posts big blind $3
*** HOLE CARDS ***
Scheubi88 leaves the table
vitamin168: folds
Uncalled bet ($2) returned to MellivoraSto
MellivoraSto collected $2 from pot
MellivoraSto: doesn't show hand
*** SUMMARY ***
Total pot $2 | Rake $0
Seat 4: MellivoraSto (big blind) collected ($2)
Seat 6: vitamin168 (button) (small blind) folded before Flop


PokerStars Hand #167365353831:  Hold'em Limit ($3/$6 USD) - 2017/03/09 21:12:39 ET
Table 'Tekmessa II' 6-max Seat #4 is the button
Seat 4: MellivoraSto ($134.45 in chips)
Seat 6: vitamin168 ($198.83 in chips)
MellivoraSto: posts small blind $1
vitamin168: posts big blind $3
*** HOLE CARDS ***
MellivoraSto: folds
Uncalled bet ($2) returned to vitamin168
vitamin168 collected $2 from pot
vitamin168: doesn't show hand
*** SUMMARY ***
Total pot $2 | Rake $0
Seat 4: MellivoraSto (button) (small blind) folded before Flop
Seat 6: vitamin168 (big blind) collected ($2)


PokerStars Hand #167365351111:  Hold'em Limit ($3/$6 USD) - 2017/03/09 21:12:32 ET
Table 'Tekmessa II' 6-max Seat #6 is the button
Seat 4: MellivoraSto ($133.45 in chips)
Seat 6: vitamin168 ($199.83 in chips)
vitamin168: posts small blind $1
MellivoraSto: posts big blind $3
*** HOLE CARDS ***
vitamin168: folds
Uncalled bet ($2) returned to MellivoraSto
MellivoraSto collected $2 from pot
MellivoraSto: doesn't show hand
*** SUMMARY ***
Total pot $2 | Rake $0
Seat 4: MellivoraSto (big blind) collected ($2)
Seat 6: vitamin168 (button) (small blind) folded before Flop


PokerStars Hand #167365348395:  Hold'em Limit ($3/$6 USD) - 2017/03/09 21:12:26 ET
Table 'Tekmessa II' 6-max Seat #4 is the button
Seat 4: MellivoraSto ($134.45 in chips)
Seat 6: vitamin168 ($198.83 in chips)
MellivoraSto: posts small blind $1
vitamin168: posts big blind $3
*** HOLE CARDS ***
MellivoraSto: folds
Uncalled bet ($2) returned to vitamin168
vitamin168 collected $2 from pot
vitamin168: doesn't show hand
*** SUMMARY ***
Total pot $2 | Rake $0
Seat 4: MellivoraSto (button) (small blind) folded before Flop
Seat 6: vitamin168 (big blind) collected ($2)


PokerStars Hand #167365344917:  Hold'em Limit ($3/$6 USD) - 2017/03/09 21:12:18 ET
Table 'Tekmessa II' 6-max Seat #6 is the button
Seat 4: MellivoraSto ($133.45 in chips)
Seat 6: vitamin168 ($199.83 in chips)
vitamin168: posts small blind $1
MellivoraSto: posts big blind $3
*** HOLE CARDS ***
vitamin168: folds
Uncalled bet ($2) returned to MellivoraSto
MellivoraSto collected $2 from pot
MellivoraSto: doesn't show hand
*** SUMMARY ***
Total pot $2 | Rake $0
Seat 4: MellivoraSto (big blind) collected ($2)
Seat 6: vitamin168 (button) (small blind) folded before Flop


PokerStars Hand #167365342497:  Hold'em Limit ($3/$6 USD) - 2017/03/09 21:12:12 ET
Table 'Tekmessa II' 6-max Seat #4 is the button
Seat 4: MellivoraSto ($134.45 in chips)
Seat 6: vitamin168 ($198.83 in chips)
MellivoraSto: posts small blind $1
vitamin168: posts big blind $3
*** HOLE CARDS ***
MellivoraSto: folds
Uncalled bet ($2) returned to vitamin168
vitamin168 collected $2 from pot
vitamin168: doesn't show hand
*** SUMMARY ***
Total pot $2 | Rake $0
Seat 4: MellivoraSto (button) (small blind) folded before Flop
Seat 6: vitamin168 (big blind) collected ($2)


PokerStars Hand #167365337717:  Hold'em Limit ($3/$6 USD) - 2017/03/09 21:12:01 ET
Table 'Tekmessa II' 6-max Seat #6 is the button
Seat 4: MellivoraSto ($140.45 in chips)
Seat 6: vitamin168 ($193.07 in chips)
vitamin168: posts small blind $1
MellivoraSto: posts big blind $3
*** HOLE CARDS ***
vitamin168: raises $3 to $6
MellivoraSto: calls $3
*** FLOP *** [9s 2c Qd]
MellivoraSto: checks
vitamin168: bets $3
MellivoraSto: folds
Uncalled bet ($3) returned to vitamin168
vitamin168 collected $11.76 from pot
vitamin168: doesn't show hand
*** SUMMARY ***
Total pot $12 | Rake $0.24
Board [9s 2c Qd]
Seat 4: MellivoraSto (big blind) folded on the Flop
Seat 6: vitamin168 (button) (small blind) collected ($11.76)


PokerStars Hand #167365335246:  Hold'em Limit ($3/$6 USD) - 2017/03/09 21:11:55 ET
Table 'Tekmessa II' 6-max Seat #4 is the button
Seat 4: MellivoraSto ($141.45 in chips)
Seat 6: vitamin168 ($192.07 in chips)
MellivoraSto: posts small blind $1
vitamin168: posts big blind $3
*** HOLE CARDS ***
MellivoraSto: folds
Uncalled bet ($2) returned to vitamin168
vitamin168 collected $2 from pot
vitamin168: doesn't show hand
*** SUMMARY ***
Total pot $2 | Rake $0
Seat 4: MellivoraSto (button) (small blind) folded before Flop
Seat 6: vitamin168 (big blind) collected ($2)


PokerStars Hand #167365331624:  Hold'em Limit ($3/$6 USD) - 2017/03/09 21:11:47 ET
Table 'Tekmessa II' 6-max Seat #6 is the button
Seat 4: MellivoraSto ($144.45 in chips)
Seat 6: vitamin168 ($189.07 in chips)
vitamin168: posts small blind $1
MellivoraSto: posts big blind $3
*** HOLE CARDS ***
vitamin168: raises $3 to $6
MellivoraSto: folds
Uncalled bet ($3) returned to vitamin168
vitamin168 collected $6 from pot
vitamin168: doesn't show hand
*** SUMMARY ***
Total pot $6 | Rake $0
Seat 4: MellivoraSto (big blind) folded before Flop
Seat 6: vitamin168 (button) (small blind) collected ($6)


PokerStars Hand #167365356059:  Hold'em Limit ($3/$6 USD) - 2017/03/09 21:12:44 ET
Table 'Tekmessa II' 6-max Seat #6 is the button
Seat 4: MellivoraSto ($133.45 in chips)
Seat 6: vitamin168 ($199.83 in chips)
vitamin168: posts small blind $1
MellivoraSto: posts big blind $3
*** HOLE CARDS ***
vitamin168: folds
Uncalled bet ($2) returned to MellivoraSto
MellivoraSto collected $2 from pot
MellivoraSto: doesn't show hand
*** SUMMARY ***
Total pot $2 | Rake $0
Seat 4: MellivoraSto (big blind) collected ($2)
Seat 6: vitamin168 (button) (small blind) folded before Flop


PokerStars Hand #167365381989:  Hold'em Limit ($3/$6 USD) - 2017/03/09 21:13:30 ET
Table 'Tekmessa II' 6-max Seat #4 is the button
Seat 4: MellivoraSto ($148.97 in chips)
Seat 6: vitamin168 ($183.83 in chips)
MellivoraSto: posts small blind $1
vitamin168: posts big blind $3
*** HOLE CARDS ***
MellivoraSto: folds
Uncalled bet ($2) returned to vitamin168
vitamin168 collected $2 from pot
vitamin168: doesn't show hand
*** SUMMARY ***
Total pot $2 | Rake $0
Seat 4: MellivoraSto (button) (small blind) folded before Flop
Seat 6: vitamin168 (big blind) collected ($2)


PokerStars Hand #167365370412:  Hold'em Limit ($3/$6 USD) - 2017/03/09 21:13:03 ET
Table 'Tekmessa II' 6-max Seat #6 is the button
Seat 4: MellivoraSto ($137.45 in chips)
Seat 6: vitamin168 ($195.83 in chips)
vitamin168: posts small blind $1
MellivoraSto: posts big blind $3
*** HOLE CARDS ***
vitamin168: raises $3 to $6
MellivoraSto: calls $3
*** FLOP *** [8h 7c Qc]
MellivoraSto: checks
vitamin168: bets $3
MellivoraSto: raises $3 to $6
vitamin168: calls $3
*** TURN *** [8h 7c Qc] [8s]
MellivoraSto: bets $6
vitamin168: folds
Uncalled bet ($6) returned to MellivoraSto
MellivoraSto collected $23.52 from pot
MellivoraSto: doesn't show hand
*** SUMMARY ***
Total pot $24 | Rake $0.48
Board [8h 7c Qc 8s]
Seat 4: MellivoraSto (big blind) collected ($23.52)
Seat 6: vitamin168 (button) (small blind) folded on the Turn


PokerStars Hand #167365359660:  Hold'em Limit ($3/$6 USD) - 2017/03/09 21:12:52 ET
Table 'Tekmessa II' 6-max Seat #4 is the button
Seat 4: MellivoraSto ($134.45 in chips)
Seat 6: vitamin168 ($198.83 in chips)
MellivoraSto: posts small blind $1
vitamin168: posts big blind $3
*** HOLE CARDS ***
MellivoraSto: raises $3 to $6
vitamin168: folds
Uncalled bet ($3) returned to MellivoraSto
MellivoraSto collected $6 from pot
MellivoraSto: doesn't show hand
*** SUMMARY ***
Total pot $6 | Rake $0
Seat 4: MellivoraSto (button) (small blind) collected ($6)
Seat 6: vitamin168 (big blind) folded before Flop


PokerStars Hand #167365384729:  Hold'em Limit ($3/$6 USD) - 2017/03/09 21:13:37 ET
Table 'Tekmessa II' 6-max Seat #6 is the button
Seat 4: MellivoraSto ($147.97 in chips)
Seat 6: vitamin168 ($184.83 in chips)
vitamin168: posts small blind $1
MellivoraSto: posts big blind $3
*** HOLE CARDS ***
vitamin168: raises $3 to $6
MellivoraSto: folds
Uncalled bet ($3) returned to vitamin168
vitamin168 collected $6 from pot
vitamin168: doesn't show hand
*** SUMMARY ***
Total pot $6 | Rake $0
Seat 4: MellivoraSto (big blind) folded before Flop
Seat 6: vitamin168 (button) (small blind) collected ($6)


PokerStars Hand #167365392036:  Hold'em Limit ($3/$6 USD) - 2017/03/09 21:13:53 ET
Table 'Tekmessa II' 6-max Seat #6 is the button
Seat 4: MellivoraSto ($143.97 in chips)
Seat 6: vitamin168 ($188.83 in chips)
vitamin168: posts small blind $1
MellivoraSto: posts big blind $3
*** HOLE CARDS ***
vitamin168: raises $3 to $6
MellivoraSto: calls $3
*** FLOP *** [7d 5s Ac]
MellivoraSto: checks
vitamin168: bets $3
MellivoraSto: calls $3
*** TURN *** [7d 5s Ac] [Jd]
MellivoraSto: checks
vitamin168: checks
*** RIVER *** [7d 5s Ac Jd] [4h]
MellivoraSto: checks
vitamin168: checks
*** SHOW DOWN ***
MellivoraSto: shows [8c 9d] (high card Ace)
vitamin168: shows [Th 8s] (high card Ace - Jack+Ten kicker)
vitamin168 collected $17.64 from pot
*** SUMMARY ***
Total pot $18 | Rake $0.36
Board [7d 5s Ac Jd 4h]
Seat 4: MellivoraSto (big blind) showed [8c 9d] and lost with high card Ace
Seat 6: vitamin168 (button) (small blind) showed [Th 8s] and won ($17.64) with high card Ace


PokerStars Hand #167365387715:  Hold'em Limit ($3/$6 USD) - 2017/03/09 21:13:44 ET
Table 'Tekmessa II' 6-max Seat #4 is the button
Seat 4: MellivoraSto ($144.97 in chips)
Seat 6: vitamin168 ($187.83 in chips)
MellivoraSto: posts small blind $1
vitamin168: posts big blind $3
*** HOLE CARDS ***
MellivoraSto: folds
Uncalled bet ($2) returned to vitamin168
vitamin168 collected $2 from pot
vitamin168: doesn't show hand
*** SUMMARY ***
Total pot $2 | Rake $0
Seat 4: MellivoraSto (button) (small blind) folded before Flop
Seat 6: vitamin168 (big blind) collected ($2)


PokerStars Hand #167365405907:  Hold'em Limit ($3/$6 USD) - 2017/03/09 21:14:25 ET
Table 'Tekmessa II' 6-max Seat #4 is the button
Seat 4: MellivoraSto ($134.97 in chips)
Seat 6: vitamin168 ($197.47 in chips)
MellivoraSto: posts small blind $1
vitamin168: posts big blind $3
*** HOLE CARDS ***
MellivoraSto: raises $3 to $6
vitamin168: calls $3
*** FLOP *** [2c Tc 4d]
vitamin168: checks
MellivoraSto: checks
*** TURN *** [2c Tc 4d] [Js]
vitamin168: bets $6
MellivoraSto: folds
Uncalled bet ($6) returned to vitamin168
vitamin168 collected $11.76 from pot
vitamin168: doesn't show hand
*** SUMMARY ***
Total pot $12 | Rake $0.24
Board [2c Tc 4d Js]
Seat 4: MellivoraSto (button) (small blind) folded on the Turn
Seat 6: vitamin168 (big blind) collected ($11.76)


PokerStars Hand #167365428274:  Hold'em Limit ($3/$6 USD) - 2017/03/09 21:15:17 ET
Table 'Tekmessa II' 6-max Seat #6 is the button
Seat 4: MellivoraSto ($136.97 in chips)
Seat 6: vitamin168 ($195.23 in chips)
vitamin168: posts small blind $1
MellivoraSto: posts big blind $3
*** HOLE CARDS ***
vitamin168: folds
Uncalled bet ($2) returned to MellivoraSto
MellivoraSto collected $2 from pot
MellivoraSto: doesn't show hand
*** SUMMARY ***
Total pot $2 | Rake $0
Seat 4: MellivoraSto (big blind) collected ($2)
Seat 6: vitamin168 (button) (small blind) folded before Flop


PokerStars Hand #167365424754:  Hold'em Limit ($3/$6 USD) - 2017/03/09 21:15:09 ET
Table 'Tekmessa II' 6-max Seat #4 is the button
Seat 4: MellivoraSto ($133.97 in chips)
Seat 6: vitamin168 ($198.23 in chips)
MellivoraSto: posts small blind $1
vitamin168: posts big blind $3
*** HOLE CARDS ***
MellivoraSto: raises $3 to $6
vitamin168: folds
Uncalled bet ($3) returned to MellivoraSto
MellivoraSto collected $6 from pot
MellivoraSto: doesn't show hand
*** SUMMARY ***
Total pot $6 | Rake $0
Seat 4: MellivoraSto (button) (small blind) collected ($6)
Seat 6: vitamin168 (big blind) folded before Flop


PokerStars Hand #167365422255:  Hold'em Limit ($3/$6 USD) - 2017/03/09 21:15:03 ET
Table 'Tekmessa II' 6-max Seat #6 is the button
Seat 4: MellivoraSto ($132.97 in chips)
Seat 6: vitamin168 ($199.23 in chips)
vitamin168: posts small blind $1
MellivoraSto: posts big blind $3
*** HOLE CARDS ***
vitamin168: folds
Uncalled bet ($2) returned to MellivoraSto
MellivoraSto collected $2 from pot
MellivoraSto: doesn't show hand
*** SUMMARY ***
Total pot $2 | Rake $0
Seat 4: MellivoraSto (big blind) collected ($2)
Seat 6: vitamin168 (button) (small blind) folded before Flop


PokerStars Hand #167365418567:  Hold'em Limit ($3/$6 USD) - 2017/03/09 21:14:54 ET
Table 'Tekmessa II' 6-max Seat #4 is the button
Seat 4: MellivoraSto ($129.97 in chips)
Seat 6: vitamin168 ($202.23 in chips)
MellivoraSto: posts small blind $1
vitamin168: posts big blind $3
*** HOLE CARDS ***
MellivoraSto: raises $3 to $6
vitamin168: folds
Uncalled bet ($3) returned to MellivoraSto
MellivoraSto collected $6 from pot
MellivoraSto: doesn't show hand
*** SUMMARY ***
Total pot $6 | Rake $0
Seat 4: MellivoraSto (button) (small blind) collected ($6)
Seat 6: vitamin168 (big blind) folded before Flop


PokerStars Hand #167365414641:  Hold'em Limit ($3/$6 USD) - 2017/03/09 21:14:45 ET
Table 'Tekmessa II' 6-max Seat #6 is the button
Seat 4: MellivoraSto ($128.97 in chips)
Seat 6: vitamin168 ($203.23 in chips)
vitamin168: posts small blind $1
MellivoraSto: posts big blind $3
*** HOLE CARDS ***
vitamin168: folds
Uncalled bet ($2) returned to MellivoraSto
MellivoraSto collected $2 from pot
MellivoraSto: doesn't show hand
*** SUMMARY ***
Total pot $2 | Rake $0
Seat 4: MellivoraSto (big blind) collected ($2)
Seat 6: vitamin168 (button) (small blind) folded before Flop


PokerStars Hand #167365438717:  Hold'em Limit ($3/$6 USD) - 2017/03/09 21:15:41 ET
Table 'Tekmessa II' 6-max Seat #4 is the button
Seat 4: MellivoraSto ($129.97 in chips)
Seat 6: vitamin168 ($201.87 in chips)
MellivoraSto: posts small blind $1
vitamin168: posts big blind $3
*** HOLE CARDS ***
MellivoraSto: folds
Uncalled bet ($2) returned to vitamin168
vitamin168 collected $2 from pot
vitamin168: doesn't show hand
*** SUMMARY ***
Total pot $2 | Rake $0
Seat 4: MellivoraSto (button) (small blind) folded before Flop
Seat 6: vitamin168 (big blind) collected ($2)


PokerStars Hand #167365436108:  Hold'em Limit ($3/$6 USD) - 2017/03/09 21:15:35 ET
Table 'Tekmessa II' 6-max Seat #6 is the button
Seat 4: MellivoraSto ($128.97 in chips)
Seat 6: vitamin168 ($202.87 in chips)
vitamin168: posts small blind $1
MellivoraSto: posts big blind $3
*** HOLE CARDS ***
vitamin168: folds
Uncalled bet ($2) returned to MellivoraSto
MellivoraSto collected $2 from pot
MellivoraSto: doesn't show hand
*** SUMMARY ***
Total pot $2 | Rake $0
Seat 4: MellivoraSto (big blind) collected ($2)
Seat 6: vitamin168 (button) (small blind) folded before Flop


PokerStars Hand #167365455502:  Hold'em Limit ($3/$6 USD) - 2017/03/09 21:16:20 ET
Table 'Tekmessa II' 6-max Seat #6 is the button
Seat 4: MellivoraSto ($128.97 in chips)
Seat 6: vitamin168 ($202.87 in chips)
vitamin168: posts small blind $1
MellivoraSto: posts big blind $3
*** HOLE CARDS ***
vitamin168: folds
Uncalled bet ($2) returned to MellivoraSto
MellivoraSto collected $2 from pot
MellivoraSto: doesn't show hand
*** SUMMARY ***
Total pot $2 | Rake $0
Seat 4: MellivoraSto (big blind) collected ($2)
Seat 6: vitamin168 (button) (small blind) folded before Flop


PokerStars Hand #167365451818:  Hold'em Limit ($3/$6 USD) - 2017/03/09 21:16:11 ET
Table 'Tekmessa II' 6-max Seat #4 is the button
Seat 4: MellivoraSto ($129.97 in chips)
Seat 6: vitamin168 ($201.87 in chips)
MellivoraSto: posts small blind $1
vitamin168: posts big blind $3
*** HOLE CARDS ***
MellivoraSto: folds
Uncalled bet ($2) returned to vitamin168
vitamin168 collected $2 from pot
vitamin168: doesn't show hand
*** SUMMARY ***
Total pot $2 | Rake $0
Seat 4: MellivoraSto (button) (small blind) folded before Flop
Seat 6: vitamin168 (big blind) collected ($2)


PokerStars Hand #167365447864:  Hold'em Limit ($3/$6 USD) - 2017/03/09 21:16:02 ET
Table 'Tekmessa II' 6-max Seat #6 is the button
Seat 4: MellivoraSto ($132.97 in chips)
Seat 6: vitamin168 ($198.87 in chips)
vitamin168: posts small blind $1
MellivoraSto: posts big blind $3
*** HOLE CARDS ***
vitamin168: raises $3 to $6
MellivoraSto: folds
Uncalled bet ($3) returned to vitamin168
vitamin168 collected $6 from pot
vitamin168: doesn't show hand
*** SUMMARY ***
Total pot $6 | Rake $0
Seat 4: MellivoraSto (big blind) folded before Flop
Seat 6: vitamin168 (button) (small blind) collected ($6)


PokerStars Hand #167365444380:  Hold'em Limit ($3/$6 USD) - 2017/03/09 21:15:54 ET
Table 'Tekmessa II' 6-max Seat #4 is the button
Seat 4: MellivoraSto ($129.97 in chips)
Seat 6: vitamin168 ($201.87 in chips)
MellivoraSto: posts small blind $1
vitamin168: posts big blind $3
*** HOLE CARDS ***
MellivoraSto: raises $3 to $6
vitamin168: folds
Uncalled bet ($3) returned to MellivoraSto
MellivoraSto collected $6 from pot
MellivoraSto: doesn't show hand
*** SUMMARY ***
Total pot $6 | Rake $0
Seat 4: MellivoraSto (button) (small blind) collected ($6)
Seat 6: vitamin168 (big blind) folded before Flop


PokerStars Hand #167365442081:  Hold'em Limit ($3/$6 USD) - 2017/03/09 21:15:49 ET
Table 'Tekmessa II' 6-max Seat #6 is the button
Seat 4: MellivoraSto ($128.97 in chips)
Seat 6: vitamin168 ($202.87 in chips)
vitamin168: posts small blind $1
MellivoraSto: posts big blind $3
*** HOLE CARDS ***
vitamin168: folds
Uncalled bet ($2) returned to MellivoraSto
MellivoraSto collected $2 from pot
MellivoraSto: doesn't show hand
*** SUMMARY ***
Total pot $2 | Rake $0
Seat 4: MellivoraSto (big blind) collected ($2)
Seat 6: vitamin168 (button) (small blind) folded before Flop


PokerStars Hand #167365459722:  Hold'em Limit ($3/$6 USD) - 2017/03/09 21:16:29 ET
Table 'Tekmessa II' 6-max Seat #4 is the button
Seat 4: MellivoraSto ($129.97 in chips)
Seat 6: vitamin168 ($201.87 in chips)
MellivoraSto: posts small blind $1
vitamin168: posts big blind $3
*** HOLE CARDS ***
MellivoraSto: raises $3 to $6
vitamin168: folds
Uncalled bet ($3) returned to MellivoraSto
MellivoraSto collected $6 from pot
MellivoraSto: doesn't show hand
*** SUMMARY ***
Total pot $6 | Rake $0
Seat 4: MellivoraSto (button) (small blind) collected ($6)
Seat 6: vitamin168 (big blind) folded before Flop


PokerStars Hand #167365487264:  Hold'em Limit ($3/$6 USD) - 2017/03/09 21:17:33 ET
Table 'Tekmessa II' 6-max Seat #6 is the button
Seat 4: MellivoraSto ($107.97 in chips)
Seat 6: vitamin168 ($223.37 in chips)
vitamin168: posts small blind $1
MellivoraSto: posts big blind $3
*** HOLE CARDS ***
vitamin168: folds
Uncalled bet ($2) returned to MellivoraSto
MellivoraSto collected $2 from pot
MellivoraSto: doesn't show hand
*** SUMMARY ***
Total pot $2 | Rake $0
Seat 4: MellivoraSto (big blind) collected ($2)
Seat 6: vitamin168 (button) (small blind) folded before Flop


PokerStars Hand #167365485214:  Hold'em Limit ($3/$6 USD) - 2017/03/09 21:17:29 ET
Table 'Tekmessa II' 6-max Seat #4 is the button
Seat 4: MellivoraSto ($108.97 in chips)
Seat 6: vitamin168 ($222.37 in chips)
MellivoraSto: posts small blind $1
vitamin168: posts big blind $3
*** HOLE CARDS ***
MellivoraSto: folds
Uncalled bet ($2) returned to vitamin168
vitamin168 collected $2 from pot
vitamin168: doesn't show hand
*** SUMMARY ***
Total pot $2 | Rake $0
Seat 4: MellivoraSto (button) (small blind) folded before Flop
Seat 6: vitamin168 (big blind) collected ($2)


PokerStars Hand #167365465588:  Hold'em Limit ($3/$6 USD) - 2017/03/09 21:16:43 ET
Table 'Tekmessa II' 6-max Seat #6 is the button
Seat 4: MellivoraSto ($132.97 in chips)
Seat 6: vitamin168 ($198.87 in chips)
vitamin168: posts small blind $1
MellivoraSto: posts big blind $3
*** HOLE CARDS ***
vitamin168: raises $3 to $6
MellivoraSto: raises $3 to $9
vitamin168: calls $3
*** FLOP *** [9d 4c 4h]
MellivoraSto: bets $3
vitamin168: calls $3
*** TURN *** [9d 4c 4h] [2d]
MellivoraSto: bets $6
vitamin168: calls $6
*** RIVER *** [9d 4c 4h 2d] [5d]
MellivoraSto: checks
vitamin168: bets $6
MellivoraSto: calls $6
*** SHOW DOWN ***
vitamin168: shows [9h Jc] (two pair, Nines and Fours)
MellivoraSto: mucks hand
vitamin168 collected $47.50 from pot
*** SUMMARY ***
Total pot $48 | Rake $0.50
Board [9d 4c 4h 2d 5d]
Seat 4: MellivoraSto (big blind) mucked
Seat 6: vitamin168 (button) (small blind) showed [9h Jc] and won ($47.50) with two pair, Nines and Fours


PokerStars Hand #167365513665:  Hold'em Limit ($3/$6 USD) - 2017/03/09 21:18:35 ET
Table 'Tekmessa II' 6-max Seat #6 is the button
Seat 4: MellivoraSto ($114.61 in chips)
Seat 6: vitamin168 ($216.13 in chips)
vitamin168: posts small blind $1
MellivoraSto: posts big blind $3
*** HOLE CARDS ***
vitamin168: raises $3 to $6
MellivoraSto: raises $3 to $9
vitamin168: calls $3
*** FLOP *** [2d 3c 5d]
MellivoraSto: bets $3
vitamin168: folds
Uncalled bet ($3) returned to MellivoraSto
MellivoraSto collected $17.64 from pot
MellivoraSto: doesn't show hand
*** SUMMARY ***
Total pot $18 | Rake $0.36
Board [2d 3c 5d]
Seat 4: MellivoraSto (big blind) collected ($17.64)
Seat 6: vitamin168 (button) (small blind) folded on the Flop


PokerStars Hand #167365511497:  Hold'em Limit ($3/$6 USD) - 2017/03/09 21:18:30 ET
Table 'Tekmessa II' 6-max Seat #4 is the button
Seat 4: MellivoraSto ($115.61 in chips)
Seat 6: vitamin168 ($215.13 in chips)
MellivoraSto: posts small blind $1
vitamin168: posts big blind $3
*** HOLE CARDS ***
MellivoraSto: folds
Uncalled bet ($2) returned to vitamin168
vitamin168 collected $2 from pot
vitamin168: doesn't show hand
*** SUMMARY ***
Total pot $2 | Rake $0
Seat 4: MellivoraSto (button) (small blind) folded before Flop
Seat 6: vitamin168 (big blind) collected ($2)


PokerStars Hand #167365508777:  Hold'em Limit ($3/$6 USD) - 2017/03/09 21:18:24 ET
Table 'Tekmessa II' 6-max Seat #6 is the button
Seat 4: MellivoraSto ($114.61 in chips)
Seat 6: vitamin168 ($216.13 in chips)
vitamin168: posts small blind $1
MellivoraSto: posts big blind $3
*** HOLE CARDS ***
vitamin168: folds
Uncalled bet ($2) returned to MellivoraSto
MellivoraSto collected $2 from pot
MellivoraSto: doesn't show hand
*** SUMMARY ***
Total pot $2 | Rake $0
Seat 4: MellivoraSto (big blind) collected ($2)
Seat 6: vitamin168 (button) (small blind) folded before Flop


PokerStars Hand #167365506153:  Hold'em Limit ($3/$6 USD) - 2017/03/09 21:18:18 ET
Table 'Tekmessa II' 6-max Seat #4 is the button
Seat 4: MellivoraSto ($111.61 in chips)
Seat 6: vitamin168 ($219.13 in chips)
MellivoraSto: posts small blind $1
vitamin168: posts big blind $3
*** HOLE CARDS ***
MellivoraSto: raises $3 to $6
vitamin168: folds
Uncalled bet ($3) returned to MellivoraSto
MellivoraSto collected $6 from pot
MellivoraSto: doesn't show hand
*** SUMMARY ***
Total pot $6 | Rake $0
Seat 4: MellivoraSto (button) (small blind) collected ($6)
Seat 6: vitamin168 (big blind) folded before Flop


PokerStars Hand #167365498683:  Hold'em Limit ($3/$6 USD) - 2017/03/09 21:18:00 ET
Table 'Tekmessa II' 6-max Seat #6 is the button
Seat 4: MellivoraSto ($102.97 in chips)
Seat 6: vitamin168 ($228.13 in chips)
vitamin168: posts small blind $1
MellivoraSto: posts big blind $3
*** HOLE CARDS ***
vitamin168: raises $3 to $6
MellivoraSto: calls $3
*** FLOP *** [7h Ac 2d]
MellivoraSto: checks
vitamin168: bets $3
MellivoraSto: raises $3 to $6
vitamin168: folds
Uncalled bet ($3) returned to MellivoraSto
MellivoraSto collected $17.64 from pot
MellivoraSto: doesn't show hand
*** SUMMARY ***
Total pot $18 | Rake $0.36
Board [7h Ac 2d]
Seat 4: MellivoraSto (big blind) collected ($17.64)
Seat 6: vitamin168 (button) (small blind) folded on the Flop


PokerStars Hand #167365491550:  Hold'em Limit ($3/$6 USD) - 2017/03/09 21:17:43 ET
Table 'Tekmessa II' 6-max Seat #4 is the button
Seat 4: MellivoraSto ($108.97 in chips)
Seat 6: vitamin168 ($222.37 in chips)
MellivoraSto: posts small blind $1
vitamin168: posts big blind $3
*** HOLE CARDS ***
MellivoraSto: raises $3 to $6
vitamin168: calls $3
*** FLOP *** [6s Qc Qd]
vitamin168: bets $3
MellivoraSto: folds
Uncalled bet ($3) returned to vitamin168
vitamin168 collected $11.76 from pot
vitamin168: doesn't show hand
*** SUMMARY ***
Total pot $12 | Rake $0.24
Board [6s Qc Qd]
Seat 4: MellivoraSto (button) (small blind) folded on the Flop
Seat 6: vitamin168 (big blind) collected ($11.76)


PokerStars Hand #167365537400:  Hold'em Limit ($3/$6 USD) - 2017/03/09 21:19:30 ET
Table 'Tekmessa II' 6-max Seat #6 is the button
Seat 4: MellivoraSto ($129.01 in chips)
Seat 6: vitamin168 ($201.13 in chips)
vitamin168: posts small blind $1
MellivoraSto: posts big blind $3
*** HOLE CARDS ***
vitamin168: raises $3 to $6
MellivoraSto: calls $3
*** FLOP *** [Kc Qh Th]
MellivoraSto: checks
vitamin168: bets $3
MellivoraSto: raises $3 to $6
vitamin168: folds
Uncalled bet ($3) returned to MellivoraSto
MellivoraSto collected $17.64 from pot
MellivoraSto: doesn't show hand
*** SUMMARY ***
Total pot $18 | Rake $0.36
Board [Kc Qh Th]
Seat 4: MellivoraSto (big blind) collected ($17.64)
Seat 6: vitamin168 (button) (small blind) folded on the Flop


PokerStars Hand #167365535155:  Hold'em Limit ($3/$6 USD) - 2017/03/09 21:19:25 ET
Table 'Tekmessa II' 6-max Seat #4 is the button
Seat 4: MellivoraSto ($130.01 in chips)
Seat 6: vitamin168 ($200.13 in chips)
MellivoraSto: posts small blind $1
vitamin168: posts big blind $3
*** HOLE CARDS ***
MellivoraSto: folds
Uncalled bet ($2) returned to vitamin168
vitamin168 collected $2 from pot
vitamin168: doesn't show hand
*** SUMMARY ***
Total pot $2 | Rake $0
Seat 4: MellivoraSto (button) (small blind) folded before Flop
Seat 6: vitamin168 (big blind) collected ($2)


PokerStars Hand #167365532996:  Hold'em Limit ($3/$6 USD) - 2017/03/09 21:19:20 ET
Table 'Tekmessa II' 6-max Seat #6 is the button
Seat 4: MellivoraSto ($129.01 in chips)
Seat 6: vitamin168 ($201.13 in chips)
vitamin168: posts small blind $1
MellivoraSto: posts big blind $3
*** HOLE CARDS ***
vitamin168: folds
Uncalled bet ($2) returned to MellivoraSto
MellivoraSto collected $2 from pot
MellivoraSto: doesn't show hand
*** SUMMARY ***
Total pot $2 | Rake $0
Seat 4: MellivoraSto (big blind) collected ($2)
Seat 6: vitamin168 (button) (small blind) folded before Flop


PokerStars Hand #167365547954:  Hold'em Limit ($3/$6 USD) - 2017/03/09 21:19:55 ET
Table 'Tekmessa II' 6-max Seat #6 is the button
Seat 4: MellivoraSto ($140.65 in chips)
Seat 6: vitamin168 ($189.13 in chips)
vitamin168: posts small blind $1
MellivoraSto: posts big blind $3
*** HOLE CARDS ***
vitamin168: folds
Uncalled bet ($2) returned to MellivoraSto
MellivoraSto collected $2 from pot
MellivoraSto: doesn't show hand
*** SUMMARY ***
Total pot $2 | Rake $0
Seat 4: MellivoraSto (big blind) collected ($2)
Seat 6: vitamin168 (button) (small blind) folded before Flop


PokerStars Hand #167365544680:  Hold'em Limit ($3/$6 USD) - 2017/03/09 21:19:47 ET
Table 'Tekmessa II' 6-max Seat #4 is the button
Seat 4: MellivoraSto ($137.65 in chips)
Seat 6: vitamin168 ($192.13 in chips)
MellivoraSto: posts small blind $1
vitamin168: posts big blind $3
*** HOLE CARDS ***
MellivoraSto: raises $3 to $6
vitamin168: folds
Uncalled bet ($3) returned to MellivoraSto
MellivoraSto collected $6 from pot
MellivoraSto: doesn't show hand
*** SUMMARY ***
Total pot $6 | Rake $0
Seat 4: MellivoraSto (button) (small blind) collected ($6)
Seat 6: vitamin168 (big blind) folded before Flop


PokerStars Hand #167365583363:  Hold'em Limit ($3/$6 USD) - 2017/03/09 21:21:17 ET
Table 'Tekmessa II' 6-max Seat #6 is the button
Seat 4: MellivoraSto ($160.90 in chips)
Seat 6: vitamin168 ($167.88 in chips)
vitamin168: posts small blind $1
MellivoraSto: posts big blind $3
*** HOLE CARDS ***
vitamin168: folds
Uncalled bet ($2) returned to MellivoraSto
MellivoraSto collected $2 from pot
MellivoraSto: doesn't show hand
*** SUMMARY ***
Total pot $2 | Rake $0
Seat 4: MellivoraSto (big blind) collected ($2)
Seat 6: vitamin168 (button) (small blind) folded before Flop


PokerStars Hand #167365576347:  Hold'em Limit ($3/$6 USD) - 2017/03/09 21:21:01 ET
Table 'Tekmessa II' 6-max Seat #4 is the button
Seat 4: MellivoraSto ($161.90 in chips)
Seat 6: vitamin168 ($166.88 in chips)
MellivoraSto: posts small blind $1
vitamin168: posts big blind $3
*** HOLE CARDS ***
MellivoraSto: folds
Uncalled bet ($2) returned to vitamin168
vitamin168 collected $2 from pot
vitamin168: doesn't show hand
*** SUMMARY ***
Total pot $2 | Rake $0
Seat 4: MellivoraSto (button) (small blind) folded before Flop
Seat 6: vitamin168 (big blind) collected ($2)


PokerStars Hand #167365564419:  Hold'em Limit ($3/$6 USD) - 2017/03/09 21:20:33 ET
Table 'Tekmessa II' 6-max Seat #6 is the button
Seat 4: MellivoraSto ($162.15 in chips)
Seat 6: vitamin168 ($167.13 in chips)
vitamin168: posts small blind $1
MellivoraSto: posts big blind $3
*** HOLE CARDS ***
vitamin168: raises $3 to $6
MellivoraSto: calls $3
*** FLOP *** [9c Ac Ah]
MellivoraSto: checks
vitamin168: bets $3
MellivoraSto: calls $3
*** TURN *** [9c Ac Ah] [6s]
MellivoraSto: checks
vitamin168: bets $6
MellivoraSto: calls $6
*** RIVER *** [9c Ac Ah 6s] [4c]
MellivoraSto: checks
vitamin168: checks
*** SHOW DOWN ***
MellivoraSto: shows [6h Kd] (two pair, Aces and Sixes)
vitamin168: shows [6d Kh] (two pair, Aces and Sixes)
MellivoraSto collected $14.75 from pot
vitamin168 collected $14.75 from pot
*** SUMMARY ***
Total pot $30 | Rake $0.50
Board [9c Ac Ah 6s 4c]
Seat 4: MellivoraSto (big blind) showed [6h Kd] and won ($14.75) with two pair, Aces and Sixes
Seat 6: vitamin168 (button) (small blind) showed [6d Kh] and won ($14.75) with two pair, Aces and Sixes


PokerStars Hand #167365592525:  Hold'em Limit ($3/$6 USD) - 2017/03/09 21:21:39 ET
Table 'Tekmessa II' 6-max Seat #6 is the button
Seat 4: MellivoraSto ($167.66 in chips)
Seat 6: vitamin168 ($160.88 in chips)
vitamin168: posts small blind $1
MellivoraSto: posts big blind $3
*** HOLE CARDS ***
vitamin168: raises $3 to $6
MellivoraSto: calls $3
*** FLOP *** [4c As 7s]
MellivoraSto: checks
vitamin168: bets $3
MellivoraSto: calls $3
*** TURN *** [4c As 7s] [8s]
MellivoraSto: bets $6
vitamin168: raises $6 to $12
MellivoraSto: calls $6
*** RIVER *** [4c As 7s 8s] [7h]
MellivoraSto: checks
vitamin168: bets $6
MellivoraSto: calls $6
*** SHOW DOWN ***
vitamin168: shows [Qs 2s] (a flush, Ace high)
MellivoraSto: mucks hand
vitamin168 collected $53.50 from pot
*** SUMMARY ***
Total pot $54 | Rake $0.50
Board [4c As 7s 8s 7h]
Seat 4: MellivoraSto (big blind) mucked
Seat 6: vitamin168 (button) (small blind) showed [Qs 2s] and won ($53.50) with a flush, Ace high


PokerStars Hand #167365641967:  Hold'em Limit ($3/$6 USD) - 2017/03/09 21:23:35 ET
Table 'Tekmessa II' 6-max Seat #6 is the button
Seat 4: MellivoraSto ($181.42 in chips)
Seat 6: vitamin168 ($145.38 in chips)
vitamin168: posts small blind $1
MellivoraSto: posts big blind $3
*** HOLE CARDS ***
vitamin168: raises $3 to $6
MellivoraSto: calls $3
*** FLOP *** [7d 2h Qc]
MellivoraSto: checks
vitamin168: checks
*** TURN *** [7d 2h Qc] [Ac]
MellivoraSto: bets $6
vitamin168: folds
Uncalled bet ($6) returned to MellivoraSto
MellivoraSto collected $11.76 from pot
MellivoraSto: doesn't show hand
*** SUMMARY ***
Total pot $12 | Rake $0.24
Board [7d 2h Qc Ac]
Seat 4: MellivoraSto (big blind) collected ($11.76)
Seat 6: vitamin168 (button) (small blind) folded on the Turn


PokerStars Hand #167365633164:  Hold'em Limit ($3/$6 USD) - 2017/03/09 21:23:14 ET
Table 'Tekmessa II' 6-max Seat #4 is the button
Seat 4: MellivoraSto ($166.92 in chips)
Seat 6: vitamin168 ($160.38 in chips)
MellivoraSto: posts small blind $1
vitamin168: posts big blind $3
*** HOLE CARDS ***
MellivoraSto: raises $3 to $6
vitamin168: calls $3
*** FLOP *** [4h Jc 4s]
vitamin168: checks
MellivoraSto: bets $3
vitamin168: calls $3
*** TURN *** [4h Jc 4s] [9s]
vitamin168: checks
MellivoraSto: checks
*** RIVER *** [4h Jc 4s 9s] [Ac]
vitamin168: checks
MellivoraSto: bets $6
vitamin168: calls $6
*** SHOW DOWN ***
MellivoraSto: shows [Qc As] (two pair, Aces and Fours)
vitamin168: mucks hand
MellivoraSto collected $29.50 from pot
*** SUMMARY ***
Total pot $30 | Rake $0.50
Board [4h Jc 4s 9s Ac]
Seat 4: MellivoraSto (button) (small blind) showed [Qc As] and won ($29.50) with two pair, Aces and Fours
Seat 6: vitamin168 (big blind) mucked


PokerStars Hand #167365615561:  Hold'em Limit ($3/$6 USD) - 2017/03/09 21:22:33 ET
Table 'Tekmessa II' 6-max Seat #6 is the button
Seat 4: MellivoraSto ($146.42 in chips)
Seat 6: vitamin168 ($181.38 in chips)
vitamin168: posts small blind $1
MellivoraSto: posts big blind $3
*** HOLE CARDS ***
vitamin168: raises $3 to $6
MellivoraSto: calls $3
*** FLOP *** [6s Qs Ks]
MellivoraSto: checks
vitamin168: bets $3
MellivoraSto: raises $3 to $6
vitamin168: raises $3 to $9
MellivoraSto: calls $3
*** TURN *** [6s Qs Ks] [Tc]
MellivoraSto: checks
vitamin168: bets $6
MellivoraSto: calls $6
*** RIVER *** [6s Qs Ks Tc] [5c]
MellivoraSto: bets $6
vitamin168: folds
Uncalled bet ($6) returned to MellivoraSto
MellivoraSto collected $41.50 from pot
MellivoraSto: doesn't show hand
*** SUMMARY ***
Total pot $42 | Rake $0.50
Board [6s Qs Ks Tc 5c]
Seat 4: MellivoraSto (big blind) collected ($41.50)
Seat 6: vitamin168 (button) (small blind) folded on the River


PokerStars Hand #167365649297:  Hold'em Limit ($3/$6 USD) - 2017/03/09 21:23:52 ET
Table 'Tekmessa II' 6-max Seat #4 is the button
Seat 4: MellivoraSto ($187.18 in chips)
Seat 6: vitamin168 ($139.38 in chips)
MellivoraSto: posts small blind $1
vitamin168: posts big blind $3
*** HOLE CARDS ***
MellivoraSto: folds
Uncalled bet ($2) returned to vitamin168
vitamin168 collected $2 from pot
vitamin168: doesn't show hand
*** SUMMARY ***
Total pot $2 | Rake $0
Seat 4: MellivoraSto (button) (small blind) folded before Flop
Seat 6: vitamin168 (big blind) collected ($2)


PokerStars Hand #167365669418:  Hold'em Limit ($3/$6 USD) - 2017/03/09 21:24:40 ET
Table 'Tekmessa II' 6-max Seat #4 is the button
Seat 4: MellivoraSto ($218.68 in chips)
Seat 6: vitamin168 ($107.38 in chips)
MellivoraSto: posts small blind $1
vitamin168: posts big blind $3
*** HOLE CARDS ***
MellivoraSto: raises $3 to $6
vitamin168: folds
Uncalled bet ($3) returned to MellivoraSto
MellivoraSto collected $6 from pot
MellivoraSto: doesn't show hand
*** SUMMARY ***
Total pot $6 | Rake $0
Seat 4: MellivoraSto (button) (small blind) collected ($6)
Seat 6: vitamin168 (big blind) folded before Flop


PokerStars Hand #167365652712:  Hold'em Limit ($3/$6 USD) - 2017/03/09 21:24:00 ET
Table 'Tekmessa II' 6-max Seat #6 is the button
Seat 4: MellivoraSto ($186.18 in chips)
Seat 6: vitamin168 ($140.38 in chips)
vitamin168: posts small blind $1
MellivoraSto: posts big blind $3
*** HOLE CARDS ***
vitamin168: raises $3 to $6
MellivoraSto: calls $3
*** FLOP *** [4c Jh 4h]
MellivoraSto: checks
vitamin168: bets $3
MellivoraSto: raises $3 to $6
vitamin168: raises $3 to $9
MellivoraSto: calls $3
*** TURN *** [4c Jh 4h] [Qc]
MellivoraSto: checks
vitamin168: checks
*** RIVER *** [4c Jh 4h Qc] [5h]
MellivoraSto: bets $6
vitamin168: raises $6 to $12
MellivoraSto: raises $6 to $18
vitamin168: calls $6
*** SHOW DOWN ***
MellivoraSto: shows [Th Kh] (a flush, King high)
vitamin168: mucks hand
MellivoraSto collected $65.50 from pot
*** SUMMARY ***
Total pot $66 | Rake $0.50
Board [4c Jh 4h Qc 5h]
Seat 4: MellivoraSto (big blind) showed [Th Kh] and won ($65.50) with a flush, King high
Seat 6: vitamin168 (button) (small blind) mucked


PokerStars Hand #167365672872:  Hold'em Limit ($3/$6 USD) - 2017/03/09 21:24:48 ET
Table 'Tekmessa II' 6-max Seat #6 is the button
Seat 4: MellivoraSto ($221.68 in chips)
Seat 6: vitamin168 ($104.38 in chips)
vitamin168: posts small blind $1
MellivoraSto: posts big blind $3
*** HOLE CARDS ***
vitamin168: raises $3 to $6
MellivoraSto: calls $3
*** FLOP *** [7s Ts 5c]
MellivoraSto: checks
vitamin168: bets $3
MellivoraSto: raises $3 to $6
vitamin168: raises $3 to $9
MellivoraSto: calls $3
*** TURN *** [7s Ts 5c] [5d]
MellivoraSto: checks
vitamin168: bets $6
MellivoraSto: calls $6
*** RIVER *** [7s Ts 5c 5d] [3s]
MellivoraSto: bets $6
vitamin168: calls $6
*** SHOW DOWN ***
MellivoraSto: shows [9s As] (a flush, Ace high)
vitamin168: mucks hand
MellivoraSto collected $53.50 from pot
*** SUMMARY ***
Total pot $54 | Rake $0.50
Board [7s Ts 5c 5d 3s]
Seat 4: MellivoraSto (big blind) showed [9s As] and won ($53.50) with a flush, Ace high
Seat 6: vitamin168 (button) (small blind) mucked


PokerStars Hand #167365696360:  Hold'em Limit ($3/$6 USD) - 2017/03/09 21:25:43 ET
Table 'Tekmessa II' 6-max Seat #6 is the button
Seat 4: MellivoraSto ($271.68 in chips)
Seat 6: vitamin168 ($53.38 in chips)
vitamin168: posts small blind $1
MellivoraSto: posts big blind $3
*** HOLE CARDS ***
vitamin168: raises $3 to $6
MellivoraSto: folds
Uncalled bet ($3) returned to vitamin168
vitamin168 collected $6 from pot
vitamin168: doesn't show hand
*** SUMMARY ***
Total pot $6 | Rake $0
Seat 4: MellivoraSto (big blind) folded before Flop
Seat 6: vitamin168 (button) (small blind) collected ($6)


PokerStars Hand #167365686526:  Hold'em Limit ($3/$6 USD) - 2017/03/09 21:25:20 ET
Table 'Tekmessa II' 6-max Seat #4 is the button
Seat 4: MellivoraSto ($248.18 in chips)
Seat 6: vitamin168 ($77.38 in chips)
MellivoraSto: posts small blind $1
vitamin168: posts big blind $3
*** HOLE CARDS ***
MellivoraSto: raises $3 to $6
vitamin168: calls $3
*** FLOP *** [5c Jh 8c]
vitamin168: checks
MellivoraSto: bets $3
vitamin168: raises $3 to $6
MellivoraSto: calls $3
*** TURN *** [5c Jh 8c] [Ad]
vitamin168: checks
MellivoraSto: bets $6
vitamin168: calls $6
*** RIVER *** [5c Jh 8c Ad] [4d]
vitamin168: checks
MellivoraSto: bets $6
vitamin168: calls $6
*** SHOW DOWN ***
MellivoraSto: shows [Ah 5s] (two pair, Aces and Fives)
vitamin168: mucks hand
MellivoraSto collected $47.50 from pot
*** SUMMARY ***
Total pot $48 | Rake $0.50
Board [5c Jh 8c Ad 4d]
Seat 4: MellivoraSto (button) (small blind) showed [Ah 5s] and won ($47.50) with two pair, Aces and Fives
Seat 6: vitamin168 (big blind) mucked


PokerStars Hand #167365705724:  Hold'em Limit ($3/$6 USD) - 2017/03/09 21:26:05 ET
Table 'Tekmessa II' 6-max Seat #4 is the button
Seat 4: MellivoraSto ($268.68 in chips)
Seat 6: vitamin168 ($56.38 in chips)
MellivoraSto: posts small blind $1
vitamin168: posts big blind $3
*** HOLE CARDS ***
MellivoraSto: folds
Uncalled bet ($2) returned to vitamin168
vitamin168 collected $2 from pot
vitamin168: doesn't show hand
*** SUMMARY ***
Total pot $2 | Rake $0
Seat 4: MellivoraSto (button) (small blind) folded before Flop
Seat 6: vitamin168 (big blind) collected ($2)


PokerStars Hand #167365702691:  Hold'em Limit ($3/$6 USD) - 2017/03/09 21:25:58 ET
Table 'Tekmessa II' 6-max Seat #6 is the button
Seat 4: MellivoraSto ($267.68 in chips)
Seat 6: vitamin168 ($57.38 in chips)
vitamin168: posts small blind $1
MellivoraSto: posts big blind $3
*** HOLE CARDS ***
vitamin168: folds
Uncalled bet ($2) returned to MellivoraSto
MellivoraSto collected $2 from pot
MellivoraSto: doesn't show hand
*** SUMMARY ***
Total pot $2 | Rake $0
Seat 4: MellivoraSto (big blind) collected ($2)
Seat 6: vitamin168 (button) (small blind) folded before Flop


PokerStars Hand #167365707986:  Hold'em Limit ($3/$6 USD) - 2017/03/09 21:26:11 ET
Table 'Tekmessa II' 6-max Seat #6 is the button
Seat 4: MellivoraSto ($267.68 in chips)
Seat 6: vitamin168 ($57.38 in chips)
vitamin168: posts small blind $1
MellivoraSto: posts big blind $3
*** HOLE CARDS ***
vitamin168: folds
Uncalled bet ($2) returned to MellivoraSto
MellivoraSto collected $2 from pot
MellivoraSto: doesn't show hand
*** SUMMARY ***
Total pot $2 | Rake $0
Seat 4: MellivoraSto (big blind) collected ($2)
Seat 6: vitamin168 (button) (small blind) folded before Flop


PokerStars Hand #167365711727:  Hold'em Limit ($3/$6 USD) - 2017/03/09 21:26:20 ET
Table 'Tekmessa II' 6-max Seat #4 is the button
Seat 4: MellivoraSto ($268.68 in chips)
Seat 6: vitamin168 ($56.38 in chips)
MellivoraSto: posts small blind $1
vitamin168: posts big blind $3
*** HOLE CARDS ***
MellivoraSto: raises $3 to $6
vitamin168: calls $3
*** FLOP *** [5s As Qd]
vitamin168: checks
MellivoraSto: bets $3
vitamin168: calls $3
*** TURN *** [5s As Qd] [6h]
vitamin168: checks
MellivoraSto: bets $6
vitamin168: calls $6
*** RIVER *** [5s As Qd 6h] [7s]
vitamin168: checks
MellivoraSto: bets $6
vitamin168: calls $6
*** SHOW DOWN ***
MellivoraSto: shows [Kd 5c] (a pair of Fives)
vitamin168: shows [Ks 5h] (a pair of Fives)
vitamin168 collected $20.75 from pot
MellivoraSto collected $20.75 from pot
*** SUMMARY ***
Total pot $42 | Rake $0.50
Board [5s As Qd 6h 7s]
Seat 4: MellivoraSto (button) (small blind) showed [Kd 5c] and won ($20.75) with a pair of Fives
Seat 6: vitamin168 (big blind) showed [Ks 5h] and won ($20.75) with a pair of Fives


PokerStars Hand #167365700124:  Hold'em Limit ($3/$6 USD) - 2017/03/09 21:25:52 ET
Table 'Tekmessa II' 6-max Seat #4 is the button
Seat 4: MellivoraSto ($268.68 in chips)
Seat 6: vitamin168 ($56.38 in chips)
MellivoraSto: posts small blind $1
vitamin168: posts big blind $3
*** HOLE CARDS ***
MellivoraSto: folds
Uncalled bet ($2) returned to vitamin168
vitamin168 collected $2 from pot
vitamin168: doesn't show hand
*** SUMMARY ***
Total pot $2 | Rake $0
Seat 4: MellivoraSto (button) (small blind) folded before Flop
Seat 6: vitamin168 (big blind) collected ($2)


PokerStars Hand #167365724202:  Hold'em Limit ($3/$6 USD) - 2017/03/09 21:26:50 ET
Table 'Tekmessa II' 6-max Seat #6 is the button
Seat 4: MellivoraSto ($268.43 in chips)
Seat 6: vitamin168 ($56.13 in chips)
vitamin168: posts small blind $1
MellivoraSto: posts big blind $3
*** HOLE CARDS ***
vitamin168: folds
Uncalled bet ($2) returned to MellivoraSto
MellivoraSto collected $2 from pot
MellivoraSto: doesn't show hand
*** SUMMARY ***
Total pot $2 | Rake $0
Seat 4: MellivoraSto (big blind) collected ($2)
Seat 6: vitamin168 (button) (small blind) folded before Flop


PokerStars Hand #167365730291:  Hold'em Limit ($3/$6 USD) - 2017/03/09 21:27:04 ET
Table 'Tekmessa II' 6-max Seat #6 is the button
Seat 4: MellivoraSto ($272.43 in chips)
Seat 6: vitamin168 ($52.13 in chips)
vitamin168: posts small blind $1
MellivoraSto: posts big blind $3
*** HOLE CARDS ***
vitamin168: folds
Uncalled bet ($2) returned to MellivoraSto
MellivoraSto collected $2 from pot
MellivoraSto: doesn't show hand
*** SUMMARY ***
Total pot $2 | Rake $0
Seat 4: MellivoraSto (big blind) collected ($2)
Seat 6: vitamin168 (button) (small blind) folded before Flop


PokerStars Hand #167365727911:  Hold'em Limit ($3/$6 USD) - 2017/03/09 21:26:58 ET
Table 'Tekmessa II' 6-max Seat #4 is the button
Seat 4: MellivoraSto ($269.43 in chips)
Seat 6: vitamin168 ($55.13 in chips)
MellivoraSto: posts small blind $1
vitamin168: posts big blind $3
*** HOLE CARDS ***
MellivoraSto: raises $3 to $6
vitamin168: folds
Uncalled bet ($3) returned to MellivoraSto
MellivoraSto collected $6 from pot
MellivoraSto: doesn't show hand
*** SUMMARY ***
Total pot $6 | Rake $0
Seat 4: MellivoraSto (button) (small blind) collected ($6)
Seat 6: vitamin168 (big blind) folded before Flop


PokerStars Hand #167365732549:  Hold'em Limit ($3/$6 USD) - 2017/03/09 21:27:10 ET
Table 'Tekmessa II' 6-max Seat #4 is the button
Seat 4: MellivoraSto ($273.43 in chips)
Seat 6: vitamin168 ($51.13 in chips)
MellivoraSto: posts small blind $1
vitamin168: posts big blind $3
*** HOLE CARDS ***
MellivoraSto: raises $3 to $6
vitamin168: raises $3 to $9
MellivoraSto: calls $3
*** FLOP *** [7c 4c 7s]
vitamin168: bets $3
MellivoraSto: raises $3 to $6
vitamin168: raises $3 to $9
MellivoraSto: calls $3
*** TURN *** [7c 4c 7s] [9c]
vitamin168: bets $6
MellivoraSto: calls $6
*** RIVER *** [7c 4c 7s 9c] [9h]
vitamin168: bets $6
MellivoraSto: folds
Uncalled bet ($6) returned to vitamin168
vitamin168 collected $47.50 from pot
vitamin168: doesn't show hand
*** SUMMARY ***
Total pot $48 | Rake $0.50
Board [7c 4c 7s 9c 9h]
Seat 4: MellivoraSto (button) (small blind) folded on the River
Seat 6: vitamin168 (big blind) collected ($47.50)


PokerStars Hand #167365743039:  Hold'em Limit ($3/$6 USD) - 2017/03/09 21:27:35 ET
Table 'Tekmessa II' 6-max Seat #4 is the button
Seat 4: MellivoraSto ($250.43 in chips)
Seat 6: vitamin168 ($73.63 in chips)
MellivoraSto: posts small blind $1
vitamin168: posts big blind $3
*** HOLE CARDS ***
ToDaFelt joins the table at seat #1
MellivoraSto: folds
Uncalled bet ($2) returned to vitamin168
vitamin168 collected $2 from pot
vitamin168: doesn't show hand
*** SUMMARY ***
Total pot $2 | Rake $0
Seat 4: MellivoraSto (button) (small blind) folded before Flop
Seat 6: vitamin168 (big blind) collected ($2)


PokerStars Hand #167365740950:  Hold'em Limit ($3/$6 USD) - 2017/03/09 21:27:30 ET
Table 'Tekmessa II' 6-max Seat #6 is the button
Seat 4: MellivoraSto ($249.43 in chips)
Seat 6: vitamin168 ($74.63 in chips)
vitamin168: posts small blind $1
MellivoraSto: posts big blind $3
*** HOLE CARDS ***
vitamin168: folds
Uncalled bet ($2) returned to MellivoraSto
MellivoraSto collected $2 from pot
MellivoraSto: doesn't show hand
*** SUMMARY ***
Total pot $2 | Rake $0
Seat 4: MellivoraSto (big blind) collected ($2)
Seat 6: vitamin168 (button) (small blind) folded before Flop


PokerStars Hand #167366356347:  Hold'em Limit ($3/$6 USD) - 2017/03/09 21:52:27 ET
Table 'Tekmessa II' 6-max Seat #1 is the button
Seat 1: ToDaFelt ($291.83 in chips)
Seat 5: huracan mdp ($54.08 in chips)
ToDaFelt: posts small blind $1
MellivoraSto: is sitting out
huracan mdp: posts big blind $3
*** HOLE CARDS ***
ToDaFelt: raises $3 to $6
huracan mdp: calls $3
*** FLOP *** [Kh 9h 4c]
huracan mdp: checks
ToDaFelt: bets $3
huracan mdp: calls $3
*** TURN *** [Kh 9h 4c] [Ks]
huracan mdp: checks
ToDaFelt: checks
*** RIVER *** [Kh 9h 4c Ks] [Jh]
huracan mdp: bets $6
ToDaFelt: calls $6
*** SHOW DOWN ***
huracan mdp: shows [Ah 2d] (a pair of Kings)
ToDaFelt: shows [Td Jd] (two pair, Kings and Jacks)
ToDaFelt collected $29.50 from pot
*** SUMMARY ***
Total pot $30 | Rake $0.50
Board [Kh 9h 4c Ks Jh]
Seat 1: ToDaFelt (button) (small blind) showed [Td Jd] and won ($29.50) with two pair, Kings and Jacks
Seat 5: huracan mdp (big blind) showed [Ah 2d] and lost with a pair of Kings


PokerStars Hand #167366366985:  Hold'em Limit ($3/$6 USD) - 2017/03/09 21:52:55 ET
Table 'Tekmessa II' 6-max Seat #5 is the button
Seat 1: ToDaFelt ($306.33 in chips)
Seat 5: huracan mdp ($39.08 in chips)
huracan mdp: posts small blind $1
ToDaFelt: posts big blind $3
*** HOLE CARDS ***
huracan mdp: raises $3 to $6
MellivoraSto leaves the table
ToDaFelt: calls $3
*** FLOP *** [6h 9h Th]
ToDaFelt: checks
huracan mdp: bets $3
ToDaFelt: calls $3
*** TURN *** [6h 9h Th] [Tc]
ToDaFelt: checks
huracan mdp: bets $6
ToDaFelt: calls $6
*** RIVER *** [6h 9h Th Tc] [Ad]
ToDaFelt: bets $6
huracan mdp: raises $6 to $12
ToDaFelt: folds
Uncalled bet ($6) returned to huracan mdp
huracan mdp collected $41.50 from pot
*** SUMMARY ***
Total pot $42 | Rake $0.50
Board [6h 9h Th Tc Ad]
Seat 1: ToDaFelt (big blind) folded on the River
Seat 5: huracan mdp (button) (small blind) collected ($41.50)


PokerStars Hand #167366404468:  Hold'em Limit ($3/$6 USD) - 2017/03/09 21:54:33 ET
Table 'Tekmessa II' 6-max Seat #1 is the button
Seat 1: ToDaFelt ($310.83 in chips)
Seat 5: huracan mdp ($33.58 in chips)
ToDaFelt: posts small blind $1
huracan mdp: posts big blind $3
*** HOLE CARDS ***
ToDaFelt: raises $3 to $6
huracan mdp: folds
Uncalled bet ($3) returned to ToDaFelt
ToDaFelt collected $6 from pot
ToDaFelt: doesn't show hand
*** SUMMARY ***
Total pot $6 | Rake $0
Seat 1: ToDaFelt (button) (small blind) collected ($6)
Seat 5: huracan mdp (big blind) folded before Flop


PokerStars Hand #167366402368:  Hold'em Limit ($3/$6 USD) - 2017/03/09 21:54:27 ET
Table 'Tekmessa II' 6-max Seat #5 is the button
Seat 1: ToDaFelt ($309.83 in chips)
Seat 5: huracan mdp ($34.58 in chips)
huracan mdp: posts small blind $1
ToDaFelt: posts big blind $3
*** HOLE CARDS ***
huracan mdp: folds
Uncalled bet ($2) returned to ToDaFelt
ToDaFelt collected $2 from pot
ToDaFelt: doesn't show hand
*** SUMMARY ***
Total pot $2 | Rake $0
Seat 1: ToDaFelt (big blind) collected ($2)
Seat 5: huracan mdp (button) (small blind) folded before Flop


PokerStars Hand #167366389840:  Hold'em Limit ($3/$6 USD) - 2017/03/09 21:53:54 ET
Table 'Tekmessa II' 6-max Seat #1 is the button
Seat 1: ToDaFelt ($289.33 in chips)
Seat 5: huracan mdp ($55.58 in chips)
ToDaFelt: posts small blind $1
huracan mdp: posts big blind $3
*** HOLE CARDS ***
ToDaFelt: raises $3 to $6
huracan mdp: calls $3
*** FLOP *** [Qc 3d Ks]
huracan mdp: checks
ToDaFelt: bets $3
huracan mdp: calls $3
*** TURN *** [Qc 3d Ks] [6c]
huracan mdp: checks
ToDaFelt: bets $6
huracan mdp: calls $6
*** RIVER *** [Qc 3d Ks 6c] [Td]
huracan mdp: checks
ToDaFelt: bets $6
huracan mdp: calls $6
*** SHOW DOWN ***
ToDaFelt: shows [Qd 5c] (a pair of Queens)
huracan mdp: mucks hand
ToDaFelt collected $41.50 from pot
*** SUMMARY ***
Total pot $42 | Rake $0.50
Board [Qc 3d Ks 6c Td]
Seat 1: ToDaFelt (button) (small blind) showed [Qd 5c] and won ($41.50) with a pair of Queens
Seat 5: huracan mdp (big blind) mucked


PokerStars Hand #167366387540:  Hold'em Limit ($3/$6 USD) - 2017/03/09 21:53:48 ET
Table 'Tekmessa II' 6-max Seat #5 is the button
Seat 1: ToDaFelt ($288.33 in chips)
Seat 5: huracan mdp ($56.58 in chips)
huracan mdp: posts small blind $1
ToDaFelt: posts big blind $3
*** HOLE CARDS ***
huracan mdp: folds
Uncalled bet ($2) returned to ToDaFelt
ToDaFelt collected $2 from pot
ToDaFelt: doesn't show hand
*** SUMMARY ***
Total pot $2 | Rake $0
Seat 1: ToDaFelt (big blind) collected ($2)
Seat 5: huracan mdp (button) (small blind) folded before Flop


PokerStars Hand #167366384163:  Hold'em Limit ($3/$6 USD) - 2017/03/09 21:53:39 ET
Table 'Tekmessa II' 6-max Seat #1 is the button
Seat 1: ToDaFelt ($285.33 in chips)
Seat 5: huracan mdp ($59.58 in chips)
ToDaFelt: posts small blind $1
huracan mdp: posts big blind $3
*** HOLE CARDS ***
ToDaFelt: raises $3 to $6
huracan mdp: folds
Uncalled bet ($3) returned to ToDaFelt
ToDaFelt collected $6 from pot
*** SUMMARY ***
Total pot $6 | Rake $0
Seat 1: ToDaFelt (button) (small blind) collected ($6)
Seat 5: huracan mdp (big blind) folded before Flop


PokerStars Hand #167366409330:  Hold'em Limit ($3/$6 USD) - 2017/03/09 21:54:45 ET
Table 'Tekmessa II' 6-max Seat #5 is the button
Seat 1: ToDaFelt ($313.83 in chips)
Seat 5: huracan mdp ($30.58 in chips)
huracan mdp: posts small blind $1
ToDaFelt: posts big blind $3
*** HOLE CARDS ***
huracan mdp: raises $3 to $6
ToDaFelt: calls $3
*** FLOP *** [Tc 2h 4s]
ToDaFelt: checks
huracan mdp: bets $3
ToDaFelt: calls $3
*** TURN *** [Tc 2h 4s] [Qd]
ToDaFelt: checks
huracan mdp: bets $6
ToDaFelt: raises $6 to $12
huracan mdp: raises $6 to $18
ToDaFelt: calls $6
*** RIVER *** [Tc 2h 4s Qd] [6c]
ToDaFelt: checks
huracan mdp: checks
*** SHOW DOWN ***
ToDaFelt: shows [Qs 9h] (a pair of Queens)
huracan mdp: mucks hand
ToDaFelt collected $53.50 from pot
*** SUMMARY ***
Total pot $54 | Rake $0.50
Board [Tc 2h 4s Qd 6c]
Seat 1: ToDaFelt (big blind) showed [Qs 9h] and won ($53.50) with a pair of Queens
Seat 5: huracan mdp (button) (small blind) mucked


