PokerStars Hand #168147546017:  Hold'em Limit ($3/$6 USD) - 2017/03/26 14:23:19 ET
Table 'Tekmessa' 10-max Seat #1 is the button
Seat 1: Zubasa07 ($300 in chips)
Seat 5: simper11 ($120 in chips)
Zubasa07: posts small blind $1
simper11: posts big blind $3
*** HOLE CARDS ***
Zubasa07: raises $3 to $6
simper11: calls $3
*** FLOP *** [2s Ts 3c]
simper11: checks
Zubasa07: bets $3
simper11: folds
Uncalled bet ($3) returned to Zubasa07
Zubasa07 collected $11.76 from pot
Zubasa07: doesn't show hand
*** SUMMARY ***
Total pot $12 | Rake $0.24
Board [2s Ts 3c]
Seat 1: Zubasa07 (button) (small blind) collected ($11.76)
Seat 5: simper11 (big blind) folded on the Flop


PokerStars Hand #168147581501:  Hold'em Limit ($3/$6 USD) - 2017/03/26 14:23:54 ET
Table 'Tekmessa' 10-max Seat #1 is the button
Seat 1: Zubasa07 ($302.76 in chips)
Seat 5: simper11 ($123 in chips)
Zubasa07: posts small blind $1
simper11: posts big blind $3
*** HOLE CARDS ***
Zubasa07: raises $3 to $6
simper11: calls $3
*** FLOP *** [5d Th 6s]
simper11: checks
Zubasa07: checks
*** TURN *** [5d Th 6s] [Js]
simper11: bets $6
Zubasa07: calls $6
*** RIVER *** [5d Th 6s Js] [Ts]
simper11: bets $6
Zubasa07: calls $6
*** SHOW DOWN ***
simper11: shows [4c 6h] (two pair, Tens and Sixes)
Zubasa07: mucks hand
simper11 collected $35.50 from pot
*** SUMMARY ***
Total pot $36 | Rake $0.50
Board [5d Th 6s Js Ts]
Seat 1: Zubasa07 (button) (small blind) mucked
Seat 5: simper11 (big blind) showed [4c 6h] and won ($35.50) with two pair, Tens and Sixes


PokerStars Hand #168147572345:  Hold'em Limit ($3/$6 USD) - 2017/03/26 14:23:45 ET
Table 'Tekmessa' 10-max Seat #5 is the button
Seat 1: Zubasa07 ($305.76 in chips)
Seat 5: simper11 ($120 in chips)
simper11: posts small blind $1
Zubasa07: posts big blind $3
*** HOLE CARDS ***
simper11: raises $3 to $6
Zubasa07: folds
Uncalled bet ($3) returned to simper11
simper11 collected $6 from pot
simper11: doesn't show hand
*** SUMMARY ***
Total pot $6 | Rake $0
Seat 1: Zubasa07 (big blind) folded before Flop
Seat 5: simper11 (button) (small blind) collected ($6)


PokerStars Hand #168147639020:  Hold'em Limit ($3/$6 USD) - 2017/03/26 14:24:51 ET
Table 'Tekmessa' 10-max Seat #5 is the button
Seat 1: Zubasa07 ($284.76 in chips)
Seat 5: simper11 ($140.50 in chips)
simper11: posts small blind $1
Zubasa07: posts big blind $3
*** HOLE CARDS ***
simper11: raises $3 to $6
Zubasa07: raises $3 to $9
simper11: calls $3
*** FLOP *** [Kd Js Jd]
Zubasa07: bets $3
simper11: folds
Uncalled bet ($3) returned to Zubasa07
bulgarianDOG joins the table at seat #6
Zubasa07 collected $17.64 from pot
Zubasa07: doesn't show hand
*** SUMMARY ***
Total pot $18 | Rake $0.36
Board [Kd Js Jd]
Seat 1: Zubasa07 (big blind) collected ($17.64)
Seat 5: simper11 (button) (small blind) folded on the Flop


PokerStars Hand #168147659167:  Hold'em Limit ($3/$6 USD) - 2017/03/26 14:25:11 ET
Table 'Tekmessa' 10-max Seat #1 is the button
Seat 1: Zubasa07 ($293.40 in chips)
Seat 5: simper11 ($131.50 in chips)
Zubasa07: posts small blind $1
simper11: posts big blind $3
*** HOLE CARDS ***
Zubasa07: raises $3 to $6
simper11: raises $3 to $9
Zubasa07: calls $3
*** FLOP *** [As 9d Th]
simper11: bets $3
Zubasa07: calls $3
*** TURN *** [As 9d Th] [8c]
simper11: bets $6
Zubasa07: calls $6
*** RIVER *** [As 9d Th 8c] [Qd]
simper11: bets $6
Zubasa07: folds
Uncalled bet ($6) returned to simper11
simper11 collected $35.50 from pot
simper11: doesn't show hand
*** SUMMARY ***
Total pot $36 | Rake $0.50
Board [As 9d Th 8c Qd]
Seat 1: Zubasa07 (button) (small blind) folded on the River
Seat 5: simper11 (big blind) collected ($35.50)


PokerStars Hand #168147789155:  Hold'em Limit ($3/$6 USD) - 2017/03/26 14:27:21 ET
Table 'Tekmessa' 10-max Seat #1 is the button
Seat 1: Zubasa07 ($281.98 in chips)
Seat 5: simper11 ($170.38 in chips)
Zubasa07: posts small blind $1
simper11: posts big blind $3
*** HOLE CARDS ***
Zubasa07: raises $3 to $6
simper11: raises $3 to $9
Zubasa07: calls $3
*** FLOP *** [9h 7c As]
simper11: bets $3
Zubasa07: calls $3
*** TURN *** [9h 7c As] [Td]
simper11: bets $6
Zubasa07: calls $6
*** RIVER *** [9h 7c As Td] [Kc]
simper11: checks
Zubasa07: checks
*** SHOW DOWN ***
simper11: shows [4s 4d] (a pair of Fours)
Zubasa07: mucks hand
simper11 collected $35.50 from pot
*** SUMMARY ***
Total pot $36 | Rake $0.50
Board [9h 7c As Td Kc]
Seat 1: Zubasa07 (button) (small blind) mucked
Seat 5: simper11 (big blind) showed [4s 4d] and won ($35.50) with a pair of Fours


PokerStars Hand #168148079774:  Hold'em Limit ($3/$6 USD) - 2017/03/26 14:32:10 ET
Table 'Tekmessa' 10-max Seat #6 is the button
Seat 5: simper11 ($244.80 in chips)
Seat 6: bulgarianDOG ($44.65 in chips)
bulgarianDOG: posts small blind $1
simper11: posts big blind $3
*** HOLE CARDS ***
bulgarianDOG: folds
Uncalled bet ($2) returned to simper11
simper11 collected $2 from pot
simper11: doesn't show hand
*** SUMMARY ***
Total pot $2 | Rake $0
Seat 5: simper11 (big blind) collected ($2)
Seat 6: bulgarianDOG (button) (small blind) folded before Flop


PokerStars Hand #168148051151:  Hold'em Limit ($3/$6 USD) - 2017/03/26 14:31:42 ET
Table 'Tekmessa' 10-max Seat #6 is the button
Seat 5: simper11 ($250.92 in chips)
Seat 6: bulgarianDOG ($39.01 in chips)
bulgarianDOG: posts small blind $1
tttzzz: is sitting out
simper11: posts big blind $3
*** HOLE CARDS ***
bulgarianDOG: calls $2
simper11: checks
*** FLOP *** [Kh 2c 6d]
simper11: checks
bulgarianDOG: checks
*** TURN *** [Kh 2c 6d] [5h]
simper11: bets $6
tttzzz leaves the table
bulgarianDOG: folds
Uncalled bet ($6) returned to simper11
simper11 collected $5.88 from pot
simper11: doesn't show hand
*** SUMMARY ***
Total pot $6 | Rake $0.12
Board [Kh 2c 6d 5h]
Seat 5: simper11 (big blind) collected ($5.88)
Seat 6: bulgarianDOG (button) (small blind) folded on the Turn


PokerStars Hand #168148066339:  Hold'em Limit ($3/$6 USD) - 2017/03/26 14:31:57 ET
Table 'Tekmessa' 10-max Seat #5 is the button
Seat 5: simper11 ($253.80 in chips)
Seat 6: bulgarianDOG ($36.01 in chips)
simper11: posts small blind $1
bulgarianDOG: posts big blind $3
*** HOLE CARDS ***
simper11: raises $3 to $6
bulgarianDOG: calls $3
*** FLOP *** [7h 7s 5h]
bulgarianDOG: checks
simper11: bets $3
bulgarianDOG: raises $3 to $6
simper11: folds
Uncalled bet ($3) returned to bulgarianDOG
bulgarianDOG collected $17.64 from pot
*** SUMMARY ***
Total pot $18 | Rake $0.36
Board [7h 7s 5h]
Seat 5: simper11 (button) (small blind) folded on the Flop
Seat 6: bulgarianDOG (big blind) collected ($17.64)


