PokerStars Hand #167356427722:  Hold'em Limit ($3/$6 USD) - 2017/03/09 17:08:56 ET
Table 'Tekmessa II' 6-max Seat #5 is the button
Seat 5: MellivoraSto ($132.88 in chips)
Seat 6: komornik ($122.58 in chips)
MellivoraSto: posts small blind $1
komornik: posts big blind $3
*** HOLE CARDS ***
MellivoraSto: raises $3 to $6
komornik: calls $3
*** FLOP *** [7s Jh 3s]
komornik: checks
MellivoraSto: bets $3
komornik: folds
Uncalled bet ($3) returned to MellivoraSto
MellivoraSto collected $11.76 from pot
MellivoraSto: doesn't show hand
*** SUMMARY ***
Total pot $12 | Rake $0.24
Board [7s Jh 3s]
Seat 5: MellivoraSto (button) (small blind) collected ($11.76)
Seat 6: komornik (big blind) folded on the Flop


PokerStars Hand #167356423243:  Hold'em Limit ($3/$6 USD) - 2017/03/09 17:08:51 ET
Table 'Tekmessa II' 6-max Seat #6 is the button
Seat 5: MellivoraSto ($131.88 in chips)
Seat 6: komornik ($123.58 in chips)
komornik: posts small blind $1
MellivoraSto: posts big blind $3
*** HOLE CARDS ***
komornik: folds
Uncalled bet ($2) returned to MellivoraSto
MellivoraSto collected $2 from pot
MellivoraSto: doesn't show hand
*** SUMMARY ***
Total pot $2 | Rake $0
Seat 5: MellivoraSto (big blind) collected ($2)
Seat 6: komornik (button) (small blind) folded before Flop


PokerStars Hand #167356415272:  Hold'em Limit ($3/$6 USD) - 2017/03/09 17:08:41 ET
Table 'Tekmessa II' 6-max Seat #5 is the button
Seat 5: MellivoraSto ($132.88 in chips)
Seat 6: komornik ($122.58 in chips)
MellivoraSto: posts small blind $1
komornik: posts big blind $3
*** HOLE CARDS ***
MellivoraSto: folds
Uncalled bet ($2) returned to komornik
komornik collected $2 from pot
komornik: doesn't show hand
*** SUMMARY ***
Total pot $2 | Rake $0
Seat 5: MellivoraSto (button) (small blind) folded before Flop
Seat 6: komornik (big blind) collected ($2)


PokerStars Hand #167356396541:  Hold'em Limit ($3/$6 USD) - 2017/03/09 17:08:18 ET
Table 'Tekmessa II' 6-max Seat #6 is the button
Seat 5: MellivoraSto ($127.12 in chips)
Seat 6: komornik ($128.58 in chips)
komornik: posts small blind $1
B_loJkl: is sitting out
ToDaFelt: is sitting out
MellivoraSto: posts big blind $3
*** HOLE CARDS ***
ToDaFelt leaves the table
komornik: calls $2
MellivoraSto: raises $3 to $6
komornik: calls $3
*** FLOP *** [Th 5h Kc]
MellivoraSto: bets $3
komornik: folds
Uncalled bet ($3) returned to MellivoraSto
MellivoraSto collected $11.76 from pot
MellivoraSto: doesn't show hand
*** SUMMARY ***
Total pot $12 | Rake $0.24
Board [Th 5h Kc]
Seat 5: MellivoraSto (big blind) collected ($11.76)
Seat 6: komornik (button) (small blind) folded on the Flop


PokerStars Hand #167356441042:  Hold'em Limit ($3/$6 USD) - 2017/03/09 17:09:12 ET
Table 'Tekmessa II' 6-max Seat #6 is the button
Seat 5: MellivoraSto ($138.64 in chips)
Seat 6: komornik ($116.58 in chips)
komornik: posts small blind $1
MellivoraSto: posts big blind $3
*** HOLE CARDS ***
komornik: raises $3 to $6
MellivoraSto: calls $3
*** FLOP *** [7c Ad Kc]
MellivoraSto: checks
komornik: bets $3
MellivoraSto: raises $3 to $6
komornik: folds
Uncalled bet ($3) returned to MellivoraSto
Boxer-Carlo joins the table at seat #3
MellivoraSto collected $17.64 from pot
MellivoraSto: doesn't show hand
*** SUMMARY ***
Total pot $18 | Rake $0.36
Board [7c Ad Kc]
Seat 5: MellivoraSto (big blind) collected ($17.64)
Seat 6: komornik (button) (small blind) folded on the Flop


PokerStars Hand #167356460695:  Hold'em Limit ($3/$6 USD) - 2017/03/09 17:09:36 ET
Table 'Tekmessa II' 6-max Seat #5 is the button
Seat 5: MellivoraSto ($147.28 in chips)
Seat 6: komornik ($107.58 in chips)
MellivoraSto: posts small blind $1
komornik: posts big blind $3
*** HOLE CARDS ***
MellivoraSto: raises $3 to $6
komornik: calls $3
*** FLOP *** [Jc 5h Ts]
komornik: checks
MellivoraSto: bets $3
komornik: raises $3 to $6
MellivoraSto: folds
Uncalled bet ($3) returned to komornik
komornik collected $17.64 from pot
komornik: doesn't show hand
*** SUMMARY ***
Total pot $18 | Rake $0.36
Board [Jc 5h Ts]
Seat 5: MellivoraSto (button) (small blind) folded on the Flop
Seat 6: komornik (big blind) collected ($17.64)


PokerStars Hand #167359991314:  Hold'em Limit ($3/$6 USD) - 2017/03/09 18:26:13 ET
Table 'Tekmessa II' 6-max Seat #5 is the button
Seat 4: ToDaFelt ($353.74 in chips)
Seat 5: MellivoraSto ($258.66 in chips)
MellivoraSto: posts small blind $1
ToDaFelt: posts big blind $3
*** HOLE CARDS ***
MellivoraSto: raises $3 to $6
ToDaFelt: raises $3 to $9
MellivoraSto: calls $3
*** FLOP *** [7d 8c Qc]
ToDaFelt: bets $3
MellivoraSto: calls $3
*** TURN *** [7d 8c Qc] [Jc]
ToDaFelt: bets $6
MellivoraSto: calls $6
*** RIVER *** [7d 8c Qc Jc] [Js]
ToDaFelt: bets $6
MellivoraSto: folds
Uncalled bet ($6) returned to ToDaFelt
ToDaFelt collected $35.50 from pot
ToDaFelt: doesn't show hand
*** SUMMARY ***
Total pot $36 | Rake $0.50
Board [7d 8c Qc Jc Js]
Seat 4: ToDaFelt (big blind) collected ($35.50)
Seat 5: MellivoraSto (button) (small blind) folded on the River


PokerStars Hand #167360015602:  Hold'em Limit ($3/$6 USD) - 2017/03/09 18:26:48 ET
Table 'Tekmessa II' 6-max Seat #4 is the button
Seat 4: ToDaFelt ($371.24 in chips)
Seat 5: MellivoraSto ($240.66 in chips)
ToDaFelt: posts small blind $1
MellivoraSto: posts big blind $3
*** HOLE CARDS ***
ToDaFelt: raises $3 to $6
MellivoraSto: raises $3 to $9
ToDaFelt: calls $3
*** FLOP *** [2d 9h Kd]
MellivoraSto: bets $3
ToDaFelt: raises $3 to $6
MellivoraSto: calls $3
*** TURN *** [2d 9h Kd] [7d]
MellivoraSto: checks
ToDaFelt: bets $6
MellivoraSto: folds
Uncalled bet ($6) returned to ToDaFelt
ToDaFelt collected $29.50 from pot
ToDaFelt: doesn't show hand
*** SUMMARY ***
Total pot $30 | Rake $0.50
Board [2d 9h Kd 7d]
Seat 4: ToDaFelt (button) (small blind) collected ($29.50)
Seat 5: MellivoraSto (big blind) folded on the Turn


