PokerStars Hand #153451776411:  Hold'em Limit ($3/$6 USD) - 2016/05/17 13:32:05 ET
Table 'Telamon' 6-max Seat #6 is the button
Seat 1: RaisemyNut$ ($120 in chips)
Seat 6: manisped ($120 in chips)
manisped: posts small blind $1
RaisemyNut$: posts big blind $3
*** HOLE CARDS ***
manisped: raises $3 to $6
RaisemyNut$: calls $3
*** FLOP *** [Tc Kd Js]
RaisemyNut$: checks
manisped: bets $3
RaisemyNut$: calls $3
*** TURN *** [Tc Kd Js] [5s]
tomte999 joins the table at seat #2
RaisemyNut$: checks
manisped: checks
*** RIVER *** [Tc Kd Js 5s] [Jc]
RaisemyNut$: checks
manisped: checks
*** SHOW DOWN ***
RaisemyNut$: shows [4d Ah] (a pair of Jacks)
manisped: shows [Ac 5h] (two pair, Jacks and Fives)
manisped collected $17.64 from pot
*** SUMMARY ***
Total pot $18 | Rake $0.36
Board [Tc Kd Js 5s Jc]
Seat 1: RaisemyNut$ (big blind) showed [4d Ah] and lost with a pair of Jacks
Seat 6: manisped (button) (small blind) showed [Ac 5h] and won ($17.64) with two pair, Jacks and Fives


PokerStars Hand #153454833618:  Hold'em Limit ($3/$6 USD) - 2016/05/17 14:32:21 ET
Table 'Telamon' 6-max Seat #1 is the button
Seat 1: RaisemyNut$ ($129.01 in chips)
Seat 3: tedros404 ($299.22 in chips)
RaisemyNut$: posts small blind $1
tomte999: is sitting out
tedros404: posts big blind $3
*** HOLE CARDS ***
RaisemyNut$: folds
Uncalled bet ($2) returned to tedros404
tedros404 collected $2 from pot
tedros404: doesn't show hand
*** SUMMARY ***
Total pot $2 | Rake $0
Seat 1: RaisemyNut$ (button) (small blind) folded before Flop
Seat 3: tedros404 (big blind) collected ($2)


PokerStars Hand #153454837871:  Hold'em Limit ($3/$6 USD) - 2016/05/17 14:32:26 ET
Table 'Telamon' 6-max Seat #3 is the button
Seat 1: RaisemyNut$ ($128.01 in chips)
Seat 3: tedros404 ($300.22 in chips)
tedros404: posts small blind $1
RaisemyNut$: posts big blind $3
*** HOLE CARDS ***
tedros404: raises $3 to $6
RaisemyNut$: calls $3
*** FLOP *** [3s 9h Kc]
RaisemyNut$: checks
tedros404: bets $3
RaisemyNut$: folds
Uncalled bet ($3) returned to tedros404
tedros404 collected $11.76 from pot
tedros404: doesn't show hand
*** SUMMARY ***
Total pot $12 | Rake $0.24
Board [3s 9h Kc]
Seat 1: RaisemyNut$ (big blind) folded on the Flop
Seat 3: tedros404 (button) (small blind) collected ($11.76)


