PokerStars Hand #165031467554:  Hold'em Limit ($3/$6 USD) - 2017/01/23 5:33:54 ET
Table 'Telamon' 6-max Seat #4 is the button
Seat 3: hairy1961 ($26 in chips)
Seat 4: Actionni13 ($173.50 in chips)
Actionni13: posts small blind $1
hairy1961: posts big blind $3
*** HOLE CARDS ***
Actionni13: folds
Uncalled bet ($2) returned to hairy1961
hairy1961 collected $2 from pot
*** SUMMARY ***
Total pot $2 | Rake $0
Seat 3: hairy1961 (big blind) collected ($2)
Seat 4: Actionni13 (button) (small blind) folded before Flop


PokerStars Hand #165031464554:  Hold'em Limit ($3/$6 USD) - 2017/01/23 5:33:47 ET
Table 'Telamon' 6-max Seat #3 is the button
Seat 3: hairy1961 ($27 in chips)
Seat 4: Actionni13 ($172.50 in chips)
hairy1961: posts small blind $1
Actionni13: posts big blind $3
*** HOLE CARDS ***
hairy1961: folds
Uncalled bet ($2) returned to Actionni13
Actionni13 collected $2 from pot
*** SUMMARY ***
Total pot $2 | Rake $0
Seat 3: hairy1961 (button) (small blind) folded before Flop
Seat 4: Actionni13 (big blind) collected ($2)


PokerStars Hand #165031460592:  Hold'em Limit ($3/$6 USD) - 2017/01/23 5:33:38 ET
Table 'Telamon' 6-max Seat #4 is the button
Seat 3: hairy1961 ($26 in chips)
Seat 4: Actionni13 ($173.50 in chips)
Actionni13: posts small blind $1
hairy1961: posts big blind $3
*** HOLE CARDS ***
Actionni13: folds
Uncalled bet ($2) returned to hairy1961
hairy1961 collected $2 from pot
*** SUMMARY ***
Total pot $2 | Rake $0
Seat 3: hairy1961 (big blind) collected ($2)
Seat 4: Actionni13 (button) (small blind) folded before Flop


PokerStars Hand #165031446174:  Hold'em Limit ($3/$6 USD) - 2017/01/23 5:33:04 ET
Table 'Telamon' 6-max Seat #3 is the button
Seat 3: hairy1961 ($50 in chips)
Seat 4: Actionni13 ($150 in chips)
hairy1961: posts small blind $1
Actionni13: posts big blind $3
*** HOLE CARDS ***
hairy1961: raises $3 to $6
Actionni13: calls $3
*** FLOP *** [Qd 4h Jc]
Actionni13: checks
hairy1961: checks
*** TURN *** [Qd 4h Jc] [8d]
Actionni13: bets $6
hairy1961: calls $6
*** RIVER *** [Qd 4h Jc 8d] [5s]
Actionni13: bets $6
hairy1961: raises $6 to $12
Actionni13: calls $6
*** SHOW DOWN ***
hairy1961: shows [2s 9s] (high card Queen)
Actionni13: shows [4d 5d] (two pair, Fives and Fours)
Actionni13 collected $47.50 from pot
*** SUMMARY ***
Total pot $48 | Rake $0.50
Board [Qd 4h Jc 8d 5s]
Seat 3: hairy1961 (button) (small blind) showed [2s 9s] and lost with high card Queen
Seat 4: Actionni13 (big blind) showed [4d 5d] and won ($47.50) with two pair, Fives and Fours


PokerStars Hand #165031475873:  Hold'em Limit ($3/$6 USD) - 2017/01/23 5:34:13 ET
Table 'Telamon' 6-max Seat #3 is the button
Seat 3: hairy1961 ($27 in chips)
Seat 4: Actionni13 ($172.50 in chips)
hairy1961: posts small blind $1
Actionni13: posts big blind $3
*** HOLE CARDS ***
hairy1961: raises $3 to $6
Actionni13: calls $3
*** FLOP *** [5s Js 8h]
Actionni13: checks
hairy1961: bets $3
Actionni13: calls $3
*** TURN *** [5s Js 8h] [Ad]
Actionni13: checks
hairy1961: bets $6
Actionni13: folds
Uncalled bet ($6) returned to hairy1961
hairy1961 collected $17.64 from pot
*** SUMMARY ***
Total pot $18 | Rake $0.36
Board [5s Js 8h Ad]
Seat 3: hairy1961 (button) (small blind) collected ($17.64)
Seat 4: Actionni13 (big blind) folded on the Turn


PokerStars Hand #165031472707:  Hold'em Limit ($3/$6 USD) - 2017/01/23 5:34:06 ET
Table 'Telamon' 6-max Seat #4 is the button
Seat 3: hairy1961 ($26 in chips)
Seat 4: Actionni13 ($173.50 in chips)
Actionni13: posts small blind $1
hairy1961: posts big blind $3
*** HOLE CARDS ***
Actionni13: folds
Uncalled bet ($2) returned to hairy1961
hairy1961 collected $2 from pot
*** SUMMARY ***
Total pot $2 | Rake $0
Seat 3: hairy1961 (big blind) collected ($2)
Seat 4: Actionni13 (button) (small blind) folded before Flop


PokerStars Hand #165031501400:  Hold'em Limit ($3/$6 USD) - 2017/01/23 5:35:12 ET
Table 'Telamon' 6-max Seat #3 is the button
Seat 3: hairy1961 ($14.64 in chips)
Seat 4: Actionni13 ($184 in chips)
hairy1961: posts small blind $1
Actionni13: posts big blind $3
*** HOLE CARDS ***
hairy1961: raises $3 to $6
Actionni13: raises $3 to $9
hairy1961: raises $3 to $12
Betting is capped
Actionni13: calls $3
*** FLOP *** [Ts 8d Jh]
Actionni13: bets $3
hairy1961: calls $2.64 and is all-in
Uncalled bet ($0.36) returned to Actionni13
*** TURN *** [Ts 8d Jh] [7c]
*** RIVER *** [Ts 8d Jh 7c] [8s]
*** SHOW DOWN ***
Actionni13: shows [9c 9h] (a straight, Seven to Jack)
hairy1961: shows [Ad 9s] (a straight, Seven to Jack)
Actionni13 collected $14.39 from pot
hairy1961 collected $14.39 from pot
*** SUMMARY ***
Total pot $29.28 | Rake $0.50
Board [Ts 8d Jh 7c 8s]
Seat 3: hairy1961 (button) (small blind) showed [Ad 9s] and won ($14.39) with a straight, Seven to Jack
Seat 4: Actionni13 (big blind) showed [9c 9h] and won ($14.39) with a straight, Seven to Jack


PokerStars Hand #165031488413:  Hold'em Limit ($3/$6 USD) - 2017/01/23 5:34:42 ET
Table 'Telamon' 6-max Seat #4 is the button
Seat 3: hairy1961 ($35.64 in chips)
Seat 4: Actionni13 ($163.50 in chips)
Actionni13: posts small blind $1
hairy1961: posts big blind $3
*** HOLE CARDS ***
Actionni13: raises $3 to $6
hairy1961: calls $3
*** FLOP *** [3s 7c Tc]
hairy1961: checks
Actionni13: bets $3
hairy1961: calls $3
*** TURN *** [3s 7c Tc] [6s]
hairy1961: checks
Actionni13: checks
*** RIVER *** [3s 7c Tc 6s] [8d]
hairy1961: bets $6
Actionni13: raises $6 to $12
hairy1961: calls $6
*** SHOW DOWN ***
Actionni13: shows [Jh 9h] (a straight, Seven to Jack)
hairy1961: mucks hand
Actionni13 collected $41.50 from pot
*** SUMMARY ***
Total pot $42 | Rake $0.50
Board [3s 7c Tc 6s 8d]
Seat 3: hairy1961 (big blind) mucked
Seat 4: Actionni13 (button) (small blind) showed [Jh 9h] and won ($41.50) with a straight, Seven to Jack


PokerStars Hand #165031509944:  Hold'em Limit ($3/$6 USD) - 2017/01/23 5:35:32 ET
Table 'Telamon' 6-max Seat #4 is the button
Seat 3: hairy1961 ($14.39 in chips)
Seat 4: Actionni13 ($183.75 in chips)
Actionni13: posts small blind $1
hairy1961: posts big blind $3
*** HOLE CARDS ***
Actionni13: raises $3 to $6
hairy1961: calls $3
*** FLOP *** [5d 2s 3s]
hairy1961: checks
Actionni13: bets $3
hairy1961: raises $3 to $6
Actionni13: raises $3 to $9
hairy1961: calls $2.39 and is all-in
Uncalled bet ($0.61) returned to Actionni13
*** TURN *** [5d 2s 3s] [5c]
*** RIVER *** [5d 2s 3s 5c] [2d]
*** SHOW DOWN ***
hairy1961: shows [Kh 3c] (two pair, Fives and Threes)
Actionni13: shows [Ah 5s] (a full house, Fives full of Deuces)
Actionni13 collected $28.28 from pot
*** SUMMARY ***
Total pot $28.78 | Rake $0.50
Board [5d 2s 3s 5c 2d]
Seat 3: hairy1961 (big blind) showed [Kh 3c] and lost with two pair, Fives and Threes
Seat 4: Actionni13 (button) (small blind) showed [Ah 5s] and won ($28.28) with a full house, Fives full of Deuces


