PokerStars Hand #148887979095:  Hold'em Limit ($3/$6 USD) - 2016/02/16 3:44:24 ET
Table 'Telamon II' 6-max Seat #5 is the button
Seat 4: Agrotait ($75 in chips)
Seat 5: pecs680 ($117 in chips)
pecs680: posts small blind $1
Agrotait: posts big blind $3
*** HOLE CARDS ***
pecs680: folds
Uncalled bet ($2) returned to Agrotait
Agrotait collected $2 from pot
Agrotait: doesn't show hand
*** SUMMARY ***
Total pot $2 | Rake $0
Seat 4: Agrotait (big blind) collected ($2)
Seat 5: pecs680 (button) (small blind) folded before Flop


PokerStars Hand #148887972577:  Hold'em Limit ($3/$6 USD) - 2016/02/16 3:44:05 ET
Table 'Telamon II' 6-max Seat #4 is the button
Seat 4: Agrotait ($72 in chips)
Seat 5: pecs680 ($120 in chips)
Agrotait: posts small blind $1
pecs680: posts big blind $3
*** HOLE CARDS ***
Agrotait: raises $3 to $6
pecs680: folds
Uncalled bet ($3) returned to Agrotait
Agrotait collected $6 from pot
Agrotait: doesn't show hand
*** SUMMARY ***
Total pot $6 | Rake $0
Seat 4: Agrotait (button) (small blind) collected ($6)
Seat 5: pecs680 (big blind) folded before Flop


PokerStars Hand #148887981676:  Hold'em Limit ($3/$6 USD) - 2016/02/16 3:44:31 ET
Table 'Telamon II' 6-max Seat #4 is the button
Seat 4: Agrotait ($76 in chips)
Seat 5: pecs680 ($116 in chips)
Agrotait: posts small blind $1
pecs680: posts big blind $3
*** HOLE CARDS ***
Agrotait: raises $3 to $6
pecs680: calls $3
*** FLOP *** [Kc Qd 3c]
pecs680: checks
Agrotait: checks
*** TURN *** [Kc Qd 3c] [6s]
pecs680: bets $6
Agrotait: folds
Uncalled bet ($6) returned to pecs680
pecs680 collected $11.76 from pot
pecs680: doesn't show hand
*** SUMMARY ***
Total pot $12 | Rake $0.24
Board [Kc Qd 3c 6s]
Seat 4: Agrotait (button) (small blind) folded on the Turn
Seat 5: pecs680 (big blind) collected ($11.76)


PokerStars Hand #148887990473:  Hold'em Limit ($3/$6 USD) - 2016/02/16 3:44:55 ET
Table 'Telamon II' 6-max Seat #5 is the button
Seat 4: Agrotait ($70 in chips)
Seat 5: pecs680 ($121.76 in chips)
pecs680: posts small blind $1
Agrotait: posts big blind $3
*** HOLE CARDS ***
pecs680: folds
Uncalled bet ($2) returned to Agrotait
Agrotait collected $2 from pot
Agrotait: doesn't show hand
*** SUMMARY ***
Total pot $2 | Rake $0
Seat 4: Agrotait (big blind) collected ($2)
Seat 5: pecs680 (button) (small blind) folded before Flop


PokerStars Hand #148888015989:  Hold'em Limit ($3/$6 USD) - 2016/02/16 3:46:06 ET
Table 'Telamon II' 6-max Seat #5 is the button
Seat 4: Agrotait ($92.26 in chips)
Seat 5: pecs680 ($98.76 in chips)
pecs680: posts small blind $1
Agrotait: posts big blind $3
*** HOLE CARDS ***
pecs680: folds
Uncalled bet ($2) returned to Agrotait
Agrotait collected $2 from pot
Agrotait: doesn't show hand
*** SUMMARY ***
Total pot $2 | Rake $0
Seat 4: Agrotait (big blind) collected ($2)
Seat 5: pecs680 (button) (small blind) folded before Flop


PokerStars Hand #148888006735:  Hold'em Limit ($3/$6 USD) - 2016/02/16 3:45:40 ET
Table 'Telamon II' 6-max Seat #4 is the button
Seat 4: Agrotait ($86.50 in chips)
Seat 5: pecs680 ($104.76 in chips)
Agrotait: posts small blind $1
pecs680: posts big blind $3
*** HOLE CARDS ***
Agrotait: raises $3 to $6
pecs680: calls $3
*** FLOP *** [Jh 8d Ad]
pecs680: checks
Agrotait: bets $3
pecs680: folds
Uncalled bet ($3) returned to Agrotait
Agrotait collected $11.76 from pot
Agrotait: doesn't show hand
*** SUMMARY ***
Total pot $12 | Rake $0.24
Board [Jh 8d Ad]
Seat 4: Agrotait (button) (small blind) collected ($11.76)
Seat 5: pecs680 (big blind) folded on the Flop


PokerStars Hand #148888003782:  Hold'em Limit ($3/$6 USD) - 2016/02/16 3:45:32 ET
Table 'Telamon II' 6-max Seat #5 is the button
Seat 4: Agrotait ($85.50 in chips)
Seat 5: pecs680 ($105.76 in chips)
pecs680: posts small blind $1
Agrotait: posts big blind $3
*** HOLE CARDS ***
pecs680: folds
Uncalled bet ($2) returned to Agrotait
Agrotait collected $2 from pot
Agrotait: doesn't show hand
*** SUMMARY ***
Total pot $2 | Rake $0
Seat 4: Agrotait (big blind) collected ($2)
Seat 5: pecs680 (button) (small blind) folded before Flop


PokerStars Hand #148887994176:  Hold'em Limit ($3/$6 USD) - 2016/02/16 3:45:05 ET
Table 'Telamon II' 6-max Seat #4 is the button
Seat 4: Agrotait ($71 in chips)
Seat 5: pecs680 ($120.76 in chips)
Agrotait: posts small blind $1
pecs680: posts big blind $3
*** HOLE CARDS ***
Agrotait: raises $3 to $6
pecs680: calls $3
*** FLOP *** [8s 9s Ac]
pecs680: checks
Agrotait: bets $3
pecs680: calls $3
*** TURN *** [8s 9s Ac] [9d]
pecs680: checks
Agrotait: checks
*** RIVER *** [8s 9s Ac 9d] [2s]
pecs680: bets $6
Agrotait: calls $6
*** SHOW DOWN ***
pecs680: shows [Kc 7s] (a pair of Nines)
Agrotait: shows [Ks 2c] (two pair, Nines and Deuces)
Agrotait collected $29.50 from pot
*** SUMMARY ***
Total pot $30 | Rake $0.50
Board [8s 9s Ac 9d 2s]
Seat 4: Agrotait (button) (small blind) showed [Ks 2c] and won ($29.50) with two pair, Nines and Deuces
Seat 5: pecs680 (big blind) showed [Kc 7s] and lost with a pair of Nines


PokerStars Hand #148888036877:  Hold'em Limit ($3/$6 USD) - 2016/02/16 3:47:03 ET
Table 'Telamon II' 6-max Seat #4 is the button
Seat 4: Agrotait ($89.02 in chips)
Seat 5: pecs680 ($101.52 in chips)
Agrotait: posts small blind $1
pecs680: posts big blind $3
*** HOLE CARDS ***
Agrotait: raises $3 to $6
pecs680: calls $3
*** FLOP *** [Qh Ac Kc]
pecs680: checks
Agrotait: bets $3
pecs680: folds
Uncalled bet ($3) returned to Agrotait
Agrotait collected $11.76 from pot
Agrotait: doesn't show hand
*** SUMMARY ***
Total pot $12 | Rake $0.24
Board [Qh Ac Kc]
Seat 4: Agrotait (button) (small blind) collected ($11.76)
Seat 5: pecs680 (big blind) folded on the Flop


PokerStars Hand #148888030705:  Hold'em Limit ($3/$6 USD) - 2016/02/16 3:46:46 ET
Table 'Telamon II' 6-max Seat #5 is the button
Seat 4: Agrotait ($95.02 in chips)
Seat 5: pecs680 ($95.76 in chips)
pecs680: posts small blind $1
Agrotait: posts big blind $3
*** HOLE CARDS ***
pecs680: raises $3 to $6
Agrotait: calls $3
*** FLOP *** [5h Qc 3d]
Agrotait: checks
pecs680: bets $3
Agrotait: folds
Uncalled bet ($3) returned to pecs680
pecs680 collected $11.76 from pot
pecs680: doesn't show hand
*** SUMMARY ***
Total pot $12 | Rake $0.24
Board [5h Qc 3d]
Seat 4: Agrotait (big blind) folded on the Flop
Seat 5: pecs680 (button) (small blind) collected ($11.76)


PokerStars Hand #148888028762:  Hold'em Limit ($3/$6 USD) - 2016/02/16 3:46:41 ET
Table 'Telamon II' 6-max Seat #4 is the button
Seat 4: Agrotait ($96.02 in chips)
Seat 5: pecs680 ($94.76 in chips)
Agrotait: posts small blind $1
pecs680: posts big blind $3
*** HOLE CARDS ***
Agrotait: folds
Uncalled bet ($2) returned to pecs680
pecs680 collected $2 from pot
pecs680: doesn't show hand
*** SUMMARY ***
Total pot $2 | Rake $0
Seat 4: Agrotait (button) (small blind) folded before Flop
Seat 5: pecs680 (big blind) collected ($2)


PokerStars Hand #148888025856:  Hold'em Limit ($3/$6 USD) - 2016/02/16 3:46:33 ET
Table 'Telamon II' 6-max Seat #5 is the button
Seat 4: Agrotait ($99.02 in chips)
Seat 5: pecs680 ($91.76 in chips)
pecs680: posts small blind $1
Agrotait: posts big blind $3
*** HOLE CARDS ***
pecs680: raises $3 to $6
Agrotait: folds
Uncalled bet ($3) returned to pecs680
pecs680 collected $6 from pot
*** SUMMARY ***
Total pot $6 | Rake $0
Seat 4: Agrotait (big blind) folded before Flop
Seat 5: pecs680 (button) (small blind) collected ($6)


PokerStars Hand #148888018066:  Hold'em Limit ($3/$6 USD) - 2016/02/16 3:46:11 ET
Table 'Telamon II' 6-max Seat #4 is the button
Seat 4: Agrotait ($93.26 in chips)
Seat 5: pecs680 ($97.76 in chips)
Agrotait: posts small blind $1
pecs680: posts big blind $3
*** HOLE CARDS ***
Agrotait: raises $3 to $6
pecs680: calls $3
*** FLOP *** [4d Th Qh]
pecs680: checks
Agrotait: bets $3
pecs680: folds
Uncalled bet ($3) returned to Agrotait
Agrotait collected $11.76 from pot
Agrotait: doesn't show hand
*** SUMMARY ***
Total pot $12 | Rake $0.24
Board [4d Th Qh]
Seat 4: Agrotait (button) (small blind) collected ($11.76)
Seat 5: pecs680 (big blind) folded on the Flop


PokerStars Hand #148888041893:  Hold'em Limit ($3/$6 USD) - 2016/02/16 3:47:16 ET
Table 'Telamon II' 6-max Seat #5 is the button
Seat 4: Agrotait ($94.78 in chips)
Seat 5: pecs680 ($95.52 in chips)
pecs680: posts small blind $1
Agrotait: posts big blind $3
*** HOLE CARDS ***
pecs680: raises $3 to $6
Agrotait: calls $3
*** FLOP *** [2h 4s 3s]
Agrotait: checks
pecs680: bets $3
Agrotait: calls $3
*** TURN *** [2h 4s 3s] [8d]
Agrotait: checks
pecs680: bets $6
Agrotait: calls $6
*** RIVER *** [2h 4s 3s 8d] [Qs]
Agrotait: checks
pecs680: bets $6
Agrotait: raises $6 to $12
pecs680: calls $6
*** SHOW DOWN ***
Agrotait: shows [Ah 7d] (high card Ace)
pecs680: shows [Qd Td] (a pair of Queens)
pecs680 collected $53.50 from pot
*** SUMMARY ***
Total pot $54 | Rake $0.50
Board [2h 4s 3s 8d Qs]
Seat 4: Agrotait (big blind) showed [Ah 7d] and lost with high card Ace
Seat 5: pecs680 (button) (small blind) showed [Qd Td] and won ($53.50) with a pair of Queens


PokerStars Hand #148888059960:  Hold'em Limit ($3/$6 USD) - 2016/02/16 3:48:06 ET
Table 'Telamon II' 6-max Seat #4 is the button
Seat 4: Agrotait ($67.78 in chips)
Seat 5: pecs680 ($122.02 in chips)
Agrotait: posts small blind $1
pecs680: posts big blind $3
*** HOLE CARDS ***
Agrotait: raises $3 to $6
pecs680: raises $3 to $9
Agrotait: calls $3
*** FLOP *** [5d 5s Qc]
pecs680: bets $3
Agrotait: calls $3
*** TURN *** [5d 5s Qc] [6h]
pecs680: bets $6
Agrotait: calls $6
*** RIVER *** [5d 5s Qc 6h] [4h]
pecs680: bets $6
Agrotait: raises $6 to $12
pecs680: calls $6
*** SHOW DOWN ***
Agrotait: shows [Ac 5c] (three of a kind, Fives)
pecs680: mucks hand
Agrotait collected $59.50 from pot
*** SUMMARY ***
Total pot $60 | Rake $0.50
Board [5d 5s Qc 6h 4h]
Seat 4: Agrotait (button) (small blind) showed [Ac 5c] and won ($59.50) with three of a kind, Fives
Seat 5: pecs680 (big blind) mucked


PokerStars Hand #148888078365:  Hold'em Limit ($3/$6 USD) - 2016/02/16 3:48:56 ET
Table 'Telamon II' 6-max Seat #5 is the button
Seat 4: Agrotait ($97.28 in chips)
Seat 5: pecs680 ($92.02 in chips)
pecs680: posts small blind $1
Agrotait: posts big blind $3
*** HOLE CARDS ***
pecs680: raises $3 to $6
Agrotait: calls $3
*** FLOP *** [Ah Js 6s]
Agrotait: checks
pecs680: bets $3
Agrotait: folds
Uncalled bet ($3) returned to pecs680
pecs680 collected $11.76 from pot
pecs680: doesn't show hand
*** SUMMARY ***
Total pot $12 | Rake $0.24
Board [Ah Js 6s]
Seat 4: Agrotait (big blind) folded on the Flop
Seat 5: pecs680 (button) (small blind) collected ($11.76)


PokerStars Hand #148888072160:  Hold'em Limit ($3/$6 USD) - 2016/02/16 3:48:39 ET
Table 'Telamon II' 6-max Seat #4 is the button
Seat 4: Agrotait ($98.28 in chips)
Seat 5: pecs680 ($91.02 in chips)
Agrotait: posts small blind $1
pecs680: posts big blind $3
*** HOLE CARDS ***
Agrotait: folds
Uncalled bet ($2) returned to pecs680
pecs680 collected $2 from pot
pecs680: doesn't show hand
*** SUMMARY ***
Total pot $2 | Rake $0
Seat 4: Agrotait (button) (small blind) folded before Flop
Seat 5: pecs680 (big blind) collected ($2)


PokerStars Hand #148888069478:  Hold'em Limit ($3/$6 USD) - 2016/02/16 3:48:32 ET
Table 'Telamon II' 6-max Seat #5 is the button
Seat 4: Agrotait ($97.28 in chips)
Seat 5: pecs680 ($92.02 in chips)
pecs680: posts small blind $1
Agrotait: posts big blind $3
*** HOLE CARDS ***
pecs680: folds
Uncalled bet ($2) returned to Agrotait
Agrotait collected $2 from pot
Agrotait: doesn't show hand
*** SUMMARY ***
Total pot $2 | Rake $0
Seat 4: Agrotait (big blind) collected ($2)
Seat 5: pecs680 (button) (small blind) folded before Flop


