PokerStars Hand #154094092390:  Hold'em Limit ($3/$6 USD) - 2016/05/31 10:31:34 ET
Table 'Telephus' 6-max Seat #3 is the button
Seat 3: DimaZips ($135.50 in chips)
Seat 4: VolkovDmitri ($126.76 in chips)
DimaZips: posts small blind $1
VolkovDmitri: posts big blind $3
*** HOLE CARDS ***
DimaZips: folds
Uncalled bet ($2) returned to VolkovDmitri
VolkovDmitri collected $2 from pot
VolkovDmitri: doesn't show hand
*** SUMMARY ***
Total pot $2 | Rake $0
Seat 3: DimaZips (button) (small blind) folded before Flop
Seat 4: VolkovDmitri (big blind) collected ($2)


PokerStars Hand #154094042138:  Hold'em Limit ($3/$6 USD) - 2016/05/31 10:30:08 ET
Table 'Telephus' 6-max Seat #4 is the button
Seat 3: DimaZips ($119 in chips)
Seat 4: VolkovDmitri ($121 in chips)
VolkovDmitri: posts small blind $1
DimaZips: posts big blind $3
*** HOLE CARDS ***
VolkovDmitri: raises $3 to $6
DimaZips: calls $3
*** FLOP *** [9s Ah 4d]
DimaZips: checks
VolkovDmitri: bets $3
DimaZips: raises $3 to $6
VolkovDmitri: calls $3
*** TURN *** [9s Ah 4d] [4h]
DimaZips: bets $6
VolkovDmitri: calls $6
*** RIVER *** [9s Ah 4d 4h] [8d]
DimaZips: bets $6
VolkovDmitri: calls $6
*** SHOW DOWN ***
DimaZips: shows [7d 9d] (two pair, Nines and Fours)
VolkovDmitri: mucks hand
DimaZips collected $47.50 from pot
*** SUMMARY ***
Total pot $48 | Rake $0.50
Board [9s Ah 4d 4h 8d]
Seat 3: DimaZips (big blind) showed [7d 9d] and won ($47.50) with two pair, Nines and Fours
Seat 4: VolkovDmitri (button) (small blind) mucked


PokerStars Hand #154094083485:  Hold'em Limit ($3/$6 USD) - 2016/05/31 10:31:19 ET
Table 'Telephus' 6-max Seat #4 is the button
Seat 3: DimaZips ($141.50 in chips)
Seat 4: VolkovDmitri ($121 in chips)
VolkovDmitri: posts small blind $1
DimaZips: posts big blind $3
*** HOLE CARDS ***
VolkovDmitri: raises $3 to $6
DimaZips: calls $3
*** FLOP *** [7s 6c Ts]
DimaZips: checks
VolkovDmitri: bets $3
DimaZips: folds
Uncalled bet ($3) returned to VolkovDmitri
VolkovDmitri collected $11.76 from pot
VolkovDmitri: doesn't show hand
*** SUMMARY ***
Total pot $12 | Rake $0.24
Board [7s 6c Ts]
Seat 3: DimaZips (big blind) folded on the Flop
Seat 4: VolkovDmitri (button) (small blind) collected ($11.76)


PokerStars Hand #154094113319:  Hold'em Limit ($3/$6 USD) - 2016/05/31 10:32:10 ET
Table 'Telephus' 6-max Seat #3 is the button
Seat 3: DimaZips ($143.14 in chips)
Seat 4: VolkovDmitri ($120 in chips)
DimaZips: posts small blind $1
VolkovDmitri: posts big blind $3
*** HOLE CARDS ***
DimaZips: raises $3 to $6
VolkovDmitri: folds
Uncalled bet ($3) returned to DimaZips
DimaZips collected $6 from pot
DimaZips: doesn't show hand
*** SUMMARY ***
Total pot $6 | Rake $0
Seat 3: DimaZips (button) (small blind) collected ($6)
Seat 4: VolkovDmitri (big blind) folded before Flop


PokerStars Hand #154094095216:  Hold'em Limit ($3/$6 USD) - 2016/05/31 10:31:39 ET
Table 'Telephus' 6-max Seat #4 is the button
Seat 3: DimaZips ($134.50 in chips)
Seat 4: VolkovDmitri ($127.76 in chips)
VolkovDmitri: posts small blind $1
DimaZips: posts big blind $3
*** HOLE CARDS ***
VolkovDmitri: raises $3 to $6
DimaZips: calls $3
*** FLOP *** [7s 9s Ac]
DimaZips: checks
VolkovDmitri: bets $3
DimaZips: raises $3 to $6
VolkovDmitri: folds
Uncalled bet ($3) returned to DimaZips
DimaZips collected $17.64 from pot
DimaZips: doesn't show hand
*** SUMMARY ***
Total pot $18 | Rake $0.36
Board [7s 9s Ac]
Seat 3: DimaZips (big blind) collected ($17.64)
Seat 4: VolkovDmitri (button) (small blind) folded on the Flop


PokerStars Hand #154094121081:  Hold'em Limit ($3/$6 USD) - 2016/05/31 10:32:23 ET
Table 'Telephus' 6-max Seat #4 is the button
Seat 3: DimaZips ($146.14 in chips)
Seat 4: VolkovDmitri ($120 in chips)
VolkovDmitri: posts small blind $1
DimaZips: posts big blind $3
*** HOLE CARDS ***
VolkovDmitri: raises $3 to $6
DimaZips: calls $3
*** FLOP *** [6c 2c 2h]
DimaZips: checks
VolkovDmitri: bets $3
DimaZips: calls $3
*** TURN *** [6c 2c 2h] [9c]
DimaZips: checks
VolkovDmitri: bets $6
DimaZips: calls $6
*** RIVER *** [6c 2c 2h 9c] [2s]
DimaZips: checks
VolkovDmitri: bets $6
DimaZips: calls $6
*** SHOW DOWN ***
VolkovDmitri: shows [Js 2d] (four of a kind, Deuces)
DimaZips: mucks hand
VolkovDmitri collected $41.50 from pot
*** SUMMARY ***
Total pot $42 | Rake $0.50
Board [6c 2c 2h 9c 2s]
Seat 3: DimaZips (big blind) mucked
Seat 4: VolkovDmitri (button) (small blind) showed [Js 2d] and won ($41.50) with four of a kind, Deuces


PokerStars Hand #154094146612:  Hold'em Limit ($3/$6 USD) - 2016/05/31 10:33:06 ET
Table 'Telephus' 6-max Seat #3 is the button
Seat 3: DimaZips ($125.14 in chips)
Seat 4: VolkovDmitri ($140.50 in chips)
DimaZips: posts small blind $1
VolkovDmitri: posts big blind $3
*** HOLE CARDS ***
DimaZips: folds
Uncalled bet ($2) returned to VolkovDmitri
VolkovDmitri collected $2 from pot
VolkovDmitri: doesn't show hand
*** SUMMARY ***
Total pot $2 | Rake $0
Seat 3: DimaZips (button) (small blind) folded before Flop
Seat 4: VolkovDmitri (big blind) collected ($2)


PokerStars Hand #154094156411:  Hold'em Limit ($3/$6 USD) - 2016/05/31 10:33:23 ET
Table 'Telephus' 6-max Seat #3 is the button
Seat 3: DimaZips ($118.14 in chips)
Seat 4: VolkovDmitri ($147.26 in chips)
DimaZips: posts small blind $1
VolkovDmitri: posts big blind $3
*** HOLE CARDS ***
DimaZips: raises $3 to $6
VolkovDmitri: calls $3
*** FLOP *** [Jd 6h 6c]
VolkovDmitri: bets $3
DimaZips: calls $3
*** TURN *** [Jd 6h 6c] [7h]
VolkovDmitri: bets $6
DimaZips: raises $6 to $12
VolkovDmitri: folds
Uncalled bet ($6) returned to DimaZips
DimaZips collected $29.50 from pot
DimaZips: doesn't show hand
*** SUMMARY ***
Total pot $30 | Rake $0.50
Board [Jd 6h 6c 7h]
Seat 3: DimaZips (button) (small blind) collected ($29.50)
Seat 4: VolkovDmitri (big blind) folded on the Turn


PokerStars Hand #154094149341:  Hold'em Limit ($3/$6 USD) - 2016/05/31 10:33:11 ET
Table 'Telephus' 6-max Seat #4 is the button
Seat 3: DimaZips ($124.14 in chips)
Seat 4: VolkovDmitri ($141.50 in chips)
VolkovDmitri: posts small blind $1
DimaZips: posts big blind $3
*** HOLE CARDS ***
VolkovDmitri: raises $3 to $6
DimaZips: calls $3
*** FLOP *** [3s Td 8c]
DimaZips: checks
VolkovDmitri: bets $3
DimaZips: folds
Uncalled bet ($3) returned to VolkovDmitri
VolkovDmitri collected $11.76 from pot
VolkovDmitri: doesn't show hand
*** SUMMARY ***
Total pot $12 | Rake $0.24
Board [3s Td 8c]
Seat 3: DimaZips (big blind) folded on the Flop
Seat 4: VolkovDmitri (button) (small blind) collected ($11.76)


PokerStars Hand #154094171516:  Hold'em Limit ($3/$6 USD) - 2016/05/31 10:33:48 ET
Table 'Telephus' 6-max Seat #4 is the button
Seat 3: DimaZips ($132.64 in chips)
Seat 4: VolkovDmitri ($132.26 in chips)
VolkovDmitri: posts small blind $1
DimaZips: posts big blind $3
*** HOLE CARDS ***
VolkovDmitri: raises $3 to $6
DimaZips: folds
Uncalled bet ($3) returned to VolkovDmitri
VolkovDmitri collected $6 from pot
VolkovDmitri: doesn't show hand
*** SUMMARY ***
Total pot $6 | Rake $0
Seat 3: DimaZips (big blind) folded before Flop
Seat 4: VolkovDmitri (button) (small blind) collected ($6)


PokerStars Hand #154094176042:  Hold'em Limit ($3/$6 USD) - 2016/05/31 10:33:56 ET
Table 'Telephus' 6-max Seat #3 is the button
Seat 3: DimaZips ($129.64 in chips)
Seat 4: VolkovDmitri ($135.26 in chips)
DimaZips: posts small blind $1
VolkovDmitri: posts big blind $3
*** HOLE CARDS ***
DimaZips: raises $3 to $6
VolkovDmitri: calls $3
*** FLOP *** [6c 2d 6h]
VolkovDmitri: checks
DimaZips: bets $3
VolkovDmitri: calls $3
*** TURN *** [6c 2d 6h] [Ah]
VolkovDmitri: checks
DimaZips: checks
*** RIVER *** [6c 2d 6h Ah] [5h]
VolkovDmitri: bets $6
DimaZips: folds
Uncalled bet ($6) returned to VolkovDmitri
VolkovDmitri collected $17.64 from pot
VolkovDmitri: doesn't show hand
*** SUMMARY ***
Total pot $18 | Rake $0.36
Board [6c 2d 6h Ah 5h]
Seat 3: DimaZips (button) (small blind) folded on the River
Seat 4: VolkovDmitri (big blind) collected ($17.64)


PokerStars Hand #154094191469:  Hold'em Limit ($3/$6 USD) - 2016/05/31 10:34:22 ET
Table 'Telephus' 6-max Seat #4 is the button
Seat 3: DimaZips ($120.64 in chips)
Seat 4: VolkovDmitri ($143.90 in chips)
VolkovDmitri: posts small blind $1
DimaZips: posts big blind $3
*** HOLE CARDS ***
VolkovDmitri: raises $3 to $6
DimaZips: raises $3 to $9
VolkovDmitri: calls $3
*** FLOP *** [Ad Qh 5c]
DimaZips: bets $3
VolkovDmitri: calls $3
*** TURN *** [Ad Qh 5c] [As]
DimaZips: bets $6
VolkovDmitri: folds
Uncalled bet ($6) returned to DimaZips
DimaZips collected $23.52 from pot
DimaZips: doesn't show hand
*** SUMMARY ***
Total pot $24 | Rake $0.48
Board [Ad Qh 5c As]
Seat 3: DimaZips (big blind) collected ($23.52)
Seat 4: VolkovDmitri (button) (small blind) folded on the Turn


PokerStars Hand #154094212342:  Hold'em Limit ($3/$6 USD) - 2016/05/31 10:34:57 ET
Table 'Telephus' 6-max Seat #3 is the button
Seat 3: DimaZips ($132.16 in chips)
Seat 4: VolkovDmitri ($131.90 in chips)
DimaZips: posts small blind $1
VolkovDmitri: posts big blind $3
*** HOLE CARDS ***
DimaZips: folds
Uncalled bet ($2) returned to VolkovDmitri
VolkovDmitri collected $2 from pot
VolkovDmitri: doesn't show hand
*** SUMMARY ***
Total pot $2 | Rake $0
Seat 3: DimaZips (button) (small blind) folded before Flop
Seat 4: VolkovDmitri (big blind) collected ($2)


PokerStars Hand #154094260606:  Hold'em Limit ($3/$6 USD) - 2016/05/31 10:36:19 ET
Table 'Telephus' 6-max Seat #3 is the button
Seat 3: DimaZips ($112.16 in chips)
Seat 4: VolkovDmitri ($151.18 in chips)
DimaZips: posts small blind $1
VolkovDmitri: posts big blind $3
*** HOLE CARDS ***
DimaZips: raises $3 to $6
VolkovDmitri: calls $3
*** FLOP *** [Ks 9s 7d]
VolkovDmitri: checks
DimaZips: bets $3
VolkovDmitri: folds
Uncalled bet ($3) returned to DimaZips
DimaZips collected $11.76 from pot
DimaZips: doesn't show hand
*** SUMMARY ***
Total pot $12 | Rake $0.24
Board [Ks 9s 7d]
Seat 3: DimaZips (button) (small blind) collected ($11.76)
Seat 4: VolkovDmitri (big blind) folded on the Flop


PokerStars Hand #154094215214:  Hold'em Limit ($3/$6 USD) - 2016/05/31 10:35:02 ET
Table 'Telephus' 6-max Seat #4 is the button
Seat 3: DimaZips ($131.16 in chips)
Seat 4: VolkovDmitri ($132.90 in chips)
VolkovDmitri: posts small blind $1
DimaZips: posts big blind $3
*** HOLE CARDS ***
VolkovDmitri: raises $3 to $6
DimaZips: raises $3 to $9
VolkovDmitri: calls $3
*** FLOP *** [3h 2h 9d]
DimaZips: checks
VolkovDmitri: bets $3
DimaZips: calls $3
*** TURN *** [3h 2h 9d] [4h]
DimaZips: checks
VolkovDmitri: checks
*** RIVER *** [3h 2h 9d 4h] [8h]
DimaZips: checks
VolkovDmitri: bets $6
DimaZips: folds
Uncalled bet ($6) returned to VolkovDmitri
VolkovDmitri collected $23.52 from pot
VolkovDmitri: doesn't show hand
*** SUMMARY ***
Total pot $24 | Rake $0.48
Board [3h 2h 9d 4h 8h]
Seat 3: DimaZips (big blind) folded on the River
Seat 4: VolkovDmitri (button) (small blind) collected ($23.52)


PokerStars Hand #154094249709:  Hold'em Limit ($3/$6 USD) - 2016/05/31 10:36:01 ET
Table 'Telephus' 6-max Seat #4 is the button
Seat 3: DimaZips ($118.16 in chips)
Seat 4: VolkovDmitri ($145.42 in chips)
VolkovDmitri: posts small blind $1
DimaZips: posts big blind $3
*** HOLE CARDS ***
VolkovDmitri: raises $3 to $6
DimaZips: calls $3
*** FLOP *** [3d 6c 3h]
DimaZips: checks
VolkovDmitri: bets $3
DimaZips: folds
Uncalled bet ($3) returned to VolkovDmitri
VolkovDmitri collected $11.76 from pot
VolkovDmitri: doesn't show hand
*** SUMMARY ***
Total pot $12 | Rake $0.24
Board [3d 6c 3h]
Seat 3: DimaZips (big blind) folded on the Flop
Seat 4: VolkovDmitri (button) (small blind) collected ($11.76)


PokerStars Hand #154094274399:  Hold'em Limit ($3/$6 USD) - 2016/05/31 10:36:43 ET
Table 'Telephus' 6-max Seat #4 is the button
Seat 3: DimaZips ($117.92 in chips)
Seat 4: VolkovDmitri ($145.18 in chips)
VolkovDmitri: posts small blind $1
DimaZips: posts big blind $3
*** HOLE CARDS ***
VolkovDmitri: raises $3 to $6
DimaZips: raises $3 to $9
VolkovDmitri: calls $3
*** FLOP *** [2d 6h Kd]
DimaZips: checks
VolkovDmitri: checks
*** TURN *** [2d 6h Kd] [9h]
DimaZips: bets $6
VolkovDmitri: calls $6
*** RIVER *** [2d 6h Kd 9h] [Qh]
DimaZips: checks
VolkovDmitri: bets $6
DimaZips: folds
Uncalled bet ($6) returned to VolkovDmitri
VolkovDmitri collected $29.50 from pot
VolkovDmitri: doesn't show hand
*** SUMMARY ***
Total pot $30 | Rake $0.50
Board [2d 6h Kd 9h Qh]
Seat 3: DimaZips (big blind) folded on the River
Seat 4: VolkovDmitri (button) (small blind) collected ($29.50)


PokerStars Hand #154094315373:  Hold'em Limit ($3/$6 USD) - 2016/05/31 10:37:52 ET
Table 'Telephus' 6-max Seat #3 is the button
Seat 3: DimaZips ($98.92 in chips)
Seat 4: VolkovDmitri ($163.68 in chips)
DimaZips: posts small blind $1
VolkovDmitri: posts big blind $3
*** HOLE CARDS ***
DimaZips: raises $3 to $6
VolkovDmitri: calls $3
*** FLOP *** [9s 7h Jh]
VolkovDmitri: bets $3
DimaZips: folds
Uncalled bet ($3) returned to VolkovDmitri
VolkovDmitri collected $11.76 from pot
VolkovDmitri: doesn't show hand
*** SUMMARY ***
Total pot $12 | Rake $0.24
Board [9s 7h Jh]
Seat 3: DimaZips (button) (small blind) folded on the Flop
Seat 4: VolkovDmitri (big blind) collected ($11.76)


PokerStars Hand #154094344539:  Hold'em Limit ($3/$6 USD) - 2016/05/31 10:38:41 ET
Table 'Telephus' 6-max Seat #3 is the button
Seat 3: DimaZips ($82.92 in chips)
Seat 4: VolkovDmitri ($179.20 in chips)
DimaZips: posts small blind $1
VolkovDmitri: posts big blind $3
*** HOLE CARDS ***
DimaZips: folds
Uncalled bet ($2) returned to VolkovDmitri
VolkovDmitri collected $2 from pot
VolkovDmitri: doesn't show hand
*** SUMMARY ***
Total pot $2 | Rake $0
Seat 3: DimaZips (button) (small blind) folded before Flop
Seat 4: VolkovDmitri (big blind) collected ($2)


PokerStars Hand #154094340285:  Hold'em Limit ($3/$6 USD) - 2016/05/31 10:38:34 ET
Table 'Telephus' 6-max Seat #4 is the button
Seat 3: DimaZips ($85.92 in chips)
Seat 4: VolkovDmitri ($176.20 in chips)
VolkovDmitri: posts small blind $1
DimaZips: posts big blind $3
*** HOLE CARDS ***
VolkovDmitri: raises $3 to $6
DimaZips: folds
Uncalled bet ($3) returned to VolkovDmitri
VolkovDmitri collected $6 from pot
VolkovDmitri: doesn't show hand
*** SUMMARY ***
Total pot $6 | Rake $0
Seat 3: DimaZips (big blind) folded before Flop
Seat 4: VolkovDmitri (button) (small blind) collected ($6)


PokerStars Hand #154094337590:  Hold'em Limit ($3/$6 USD) - 2016/05/31 10:38:29 ET
Table 'Telephus' 6-max Seat #3 is the button
Seat 3: DimaZips ($86.92 in chips)
Seat 4: VolkovDmitri ($175.20 in chips)
DimaZips: posts small blind $1
VolkovDmitri: posts big blind $3
*** HOLE CARDS ***
DimaZips: folds
Uncalled bet ($2) returned to VolkovDmitri
VolkovDmitri collected $2 from pot
VolkovDmitri: doesn't show hand
*** SUMMARY ***
Total pot $2 | Rake $0
Seat 3: DimaZips (button) (small blind) folded before Flop
Seat 4: VolkovDmitri (big blind) collected ($2)


PokerStars Hand #154094327696:  Hold'em Limit ($3/$6 USD) - 2016/05/31 10:38:13 ET
Table 'Telephus' 6-max Seat #4 is the button
Seat 3: DimaZips ($92.92 in chips)
Seat 4: VolkovDmitri ($169.44 in chips)
VolkovDmitri: posts small blind $1
DimaZips: posts big blind $3
*** HOLE CARDS ***
VolkovDmitri: raises $3 to $6
DimaZips: calls $3
*** FLOP *** [Js Kh 7d]
DimaZips: checks
VolkovDmitri: bets $3
DimaZips: folds
Uncalled bet ($3) returned to VolkovDmitri
VolkovDmitri collected $11.76 from pot
VolkovDmitri: doesn't show hand
*** SUMMARY ***
Total pot $12 | Rake $0.24
Board [Js Kh 7d]
Seat 3: DimaZips (big blind) folded on the Flop
Seat 4: VolkovDmitri (button) (small blind) collected ($11.76)


PokerStars Hand #154094311424:  Hold'em Limit ($3/$6 USD) - 2016/05/31 10:37:45 ET
Table 'Telephus' 6-max Seat #4 is the button
Seat 3: DimaZips ($101.92 in chips)
Seat 4: VolkovDmitri ($160.68 in chips)
VolkovDmitri: posts small blind $1
DimaZips: posts big blind $3
*** HOLE CARDS ***
VolkovDmitri: raises $3 to $6
DimaZips: folds
Uncalled bet ($3) returned to VolkovDmitri
VolkovDmitri collected $6 from pot
VolkovDmitri: doesn't show hand
*** SUMMARY ***
Total pot $6 | Rake $0
Seat 3: DimaZips (big blind) folded before Flop
Seat 4: VolkovDmitri (button) (small blind) collected ($6)


PokerStars Hand #154094370806:  Hold'em Limit ($3/$6 USD) - 2016/05/31 10:39:25 ET
Table 'Telephus' 6-max Seat #3 is the button
Seat 3: DimaZips ($68.92 in chips)
Seat 4: VolkovDmitri ($192.84 in chips)
DimaZips: posts small blind $1
VolkovDmitri: posts big blind $3
*** HOLE CARDS ***
DimaZips: folds
Uncalled bet ($2) returned to VolkovDmitri
VolkovDmitri collected $2 from pot
VolkovDmitri: doesn't show hand
*** SUMMARY ***
Total pot $2 | Rake $0
Seat 3: DimaZips (button) (small blind) folded before Flop
Seat 4: VolkovDmitri (big blind) collected ($2)


PokerStars Hand #154094360012:  Hold'em Limit ($3/$6 USD) - 2016/05/31 10:39:07 ET
Table 'Telephus' 6-max Seat #4 is the button
Seat 3: DimaZips ($71.92 in chips)
Seat 4: VolkovDmitri ($189.84 in chips)
VolkovDmitri: posts small blind $1
DimaZips: posts big blind $3
*** HOLE CARDS ***
VolkovDmitri: raises $3 to $6
DimaZips: folds
Uncalled bet ($3) returned to VolkovDmitri
VolkovDmitri collected $6 from pot
VolkovDmitri: doesn't show hand
*** SUMMARY ***
Total pot $6 | Rake $0
Seat 3: DimaZips (big blind) folded before Flop
Seat 4: VolkovDmitri (button) (small blind) collected ($6)


PokerStars Hand #154094373585:  Hold'em Limit ($3/$6 USD) - 2016/05/31 10:39:30 ET
Table 'Telephus' 6-max Seat #4 is the button
Seat 3: DimaZips ($67.92 in chips)
Seat 4: VolkovDmitri ($193.84 in chips)
VolkovDmitri: posts small blind $1
DimaZips: posts big blind $3
*** HOLE CARDS ***
VolkovDmitri: raises $3 to $6
DimaZips: folds
Uncalled bet ($3) returned to VolkovDmitri
VolkovDmitri collected $6 from pot
VolkovDmitri: doesn't show hand
*** SUMMARY ***
Total pot $6 | Rake $0
Seat 3: DimaZips (big blind) folded before Flop
Seat 4: VolkovDmitri (button) (small blind) collected ($6)


PokerStars Hand #154094357339:  Hold'em Limit ($3/$6 USD) - 2016/05/31 10:39:02 ET
Table 'Telephus' 6-max Seat #3 is the button
Seat 3: DimaZips ($72.92 in chips)
Seat 4: VolkovDmitri ($188.84 in chips)
DimaZips: posts small blind $1
VolkovDmitri: posts big blind $3
*** HOLE CARDS ***
DimaZips: folds
Uncalled bet ($2) returned to VolkovDmitri
VolkovDmitri collected $2 from pot
VolkovDmitri: doesn't show hand
*** SUMMARY ***
Total pot $2 | Rake $0
Seat 3: DimaZips (button) (small blind) folded before Flop
Seat 4: VolkovDmitri (big blind) collected ($2)


PokerStars Hand #154094347763:  Hold'em Limit ($3/$6 USD) - 2016/05/31 10:38:46 ET
Table 'Telephus' 6-max Seat #4 is the button
Seat 3: DimaZips ($81.92 in chips)
Seat 4: VolkovDmitri ($180.20 in chips)
VolkovDmitri: posts small blind $1
DimaZips: posts big blind $3
*** HOLE CARDS ***
VolkovDmitri: raises $3 to $6
DimaZips: calls $3
*** FLOP *** [Qc Kd 2h]
DimaZips: bets $3
VolkovDmitri: raises $3 to $6
DimaZips: folds
Uncalled bet ($3) returned to VolkovDmitri
VolkovDmitri collected $17.64 from pot
VolkovDmitri: doesn't show hand
*** SUMMARY ***
Total pot $18 | Rake $0.36
Board [Qc Kd 2h]
Seat 3: DimaZips (big blind) folded on the Flop
Seat 4: VolkovDmitri (button) (small blind) collected ($17.64)


PokerStars Hand #154094380096:  Hold'em Limit ($3/$6 USD) - 2016/05/31 10:39:41 ET
Table 'Telephus' 6-max Seat #4 is the button
Seat 3: DimaZips ($63.92 in chips)
Seat 4: VolkovDmitri ($197.84 in chips)
VolkovDmitri: posts small blind $1
DimaZips: posts big blind $3
*** HOLE CARDS ***
VolkovDmitri: raises $3 to $6
DimaZips: folds
Uncalled bet ($3) returned to VolkovDmitri
VolkovDmitri collected $6 from pot
VolkovDmitri: doesn't show hand
*** SUMMARY ***
Total pot $6 | Rake $0
Seat 3: DimaZips (big blind) folded before Flop
Seat 4: VolkovDmitri (button) (small blind) collected ($6)


PokerStars Hand #154094377325:  Hold'em Limit ($3/$6 USD) - 2016/05/31 10:39:36 ET
Table 'Telephus' 6-max Seat #3 is the button
Seat 3: DimaZips ($64.92 in chips)
Seat 4: VolkovDmitri ($196.84 in chips)
DimaZips: posts small blind $1
VolkovDmitri: posts big blind $3
*** HOLE CARDS ***
DimaZips: folds
Uncalled bet ($2) returned to VolkovDmitri
VolkovDmitri collected $2 from pot
VolkovDmitri: doesn't show hand
*** SUMMARY ***
Total pot $2 | Rake $0
Seat 3: DimaZips (button) (small blind) folded before Flop
Seat 4: VolkovDmitri (big blind) collected ($2)


PokerStars Hand #154094395960:  Hold'em Limit ($3/$6 USD) - 2016/05/31 10:40:08 ET
Table 'Telephus' 6-max Seat #3 is the button
Seat 3: DimaZips ($56.92 in chips)
Seat 4: VolkovDmitri ($204.84 in chips)
DimaZips: posts small blind $1
VolkovDmitri: posts big blind $3
*** HOLE CARDS ***
DimaZips: folds
Uncalled bet ($2) returned to VolkovDmitri
VolkovDmitri collected $2 from pot
VolkovDmitri: doesn't show hand
*** SUMMARY ***
Total pot $2 | Rake $0
Seat 3: DimaZips (button) (small blind) folded before Flop
Seat 4: VolkovDmitri (big blind) collected ($2)


PokerStars Hand #154094386547:  Hold'em Limit ($3/$6 USD) - 2016/05/31 10:39:52 ET
Table 'Telephus' 6-max Seat #4 is the button
Seat 3: DimaZips ($59.92 in chips)
Seat 4: VolkovDmitri ($201.84 in chips)
VolkovDmitri: posts small blind $1
DimaZips: posts big blind $3
*** HOLE CARDS ***
VolkovDmitri: raises $3 to $6
DimaZips: folds
Uncalled bet ($3) returned to VolkovDmitri
VolkovDmitri collected $6 from pot
VolkovDmitri: doesn't show hand
*** SUMMARY ***
Total pot $6 | Rake $0
Seat 3: DimaZips (big blind) folded before Flop
Seat 4: VolkovDmitri (button) (small blind) collected ($6)


PokerStars Hand #154094383928:  Hold'em Limit ($3/$6 USD) - 2016/05/31 10:39:47 ET
Table 'Telephus' 6-max Seat #3 is the button
Seat 3: DimaZips ($60.92 in chips)
Seat 4: VolkovDmitri ($200.84 in chips)
DimaZips: posts small blind $1
VolkovDmitri: posts big blind $3
*** HOLE CARDS ***
DimaZips: folds
Uncalled bet ($2) returned to VolkovDmitri
VolkovDmitri collected $2 from pot
VolkovDmitri: doesn't show hand
*** SUMMARY ***
Total pot $2 | Rake $0
Seat 3: DimaZips (button) (small blind) folded before Flop
Seat 4: VolkovDmitri (big blind) collected ($2)


PokerStars Hand #154094444113:  Hold'em Limit ($3/$6 USD) - 2016/05/31 10:41:28 ET
Table 'Telephus' 6-max Seat #3 is the button
Seat 3: DimaZips ($26.92 in chips)
Seat 4: VolkovDmitri ($234.10 in chips)
DimaZips: posts small blind $1
VolkovDmitri: posts big blind $3
*** HOLE CARDS ***
DimaZips: folds
Uncalled bet ($2) returned to VolkovDmitri
VolkovDmitri collected $2 from pot
VolkovDmitri: doesn't show hand
*** SUMMARY ***
Total pot $2 | Rake $0
Seat 3: DimaZips (button) (small blind) folded before Flop
Seat 4: VolkovDmitri (big blind) collected ($2)


PokerStars Hand #154094423897:  Hold'em Limit ($3/$6 USD) - 2016/05/31 10:40:54 ET
Table 'Telephus' 6-max Seat #3 is the button
Seat 3: DimaZips ($37.92 in chips)
Seat 4: VolkovDmitri ($223.34 in chips)
DimaZips: posts small blind $1
VolkovDmitri: posts big blind $3
*** HOLE CARDS ***
DimaZips: folds
Uncalled bet ($2) returned to VolkovDmitri
VolkovDmitri collected $2 from pot
VolkovDmitri: doesn't show hand
*** SUMMARY ***
Total pot $2 | Rake $0
Seat 3: DimaZips (button) (small blind) folded before Flop
Seat 4: VolkovDmitri (big blind) collected ($2)


PokerStars Hand #154094403560:  Hold'em Limit ($3/$6 USD) - 2016/05/31 10:40:20 ET
Table 'Telephus' 6-max Seat #4 is the button
Seat 3: DimaZips ($55.92 in chips)
Seat 4: VolkovDmitri ($205.84 in chips)
VolkovDmitri: posts small blind $1
DimaZips: posts big blind $3
*** HOLE CARDS ***
VolkovDmitri: raises $3 to $6
DimaZips: calls $3
*** FLOP *** [Td 9s 7c]
DimaZips: checks
VolkovDmitri: checks
*** TURN *** [Td 9s 7c] [8s]
DimaZips: bets $6
VolkovDmitri: calls $6
*** RIVER *** [Td 9s 7c 8s] [Ac]
DimaZips: bets $6
VolkovDmitri: calls $6
*** SHOW DOWN ***
DimaZips: shows [Qh Tc] (a pair of Tens)
VolkovDmitri: shows [6h Qs] (a straight, Six to Ten)
VolkovDmitri collected $35.50 from pot
*** SUMMARY ***
Total pot $36 | Rake $0.50
Board [Td 9s 7c 8s Ac]
Seat 3: DimaZips (big blind) showed [Qh Tc] and lost with a pair of Tens
Seat 4: VolkovDmitri (button) (small blind) showed [6h Qs] and won ($35.50) with a straight, Six to Ten


PokerStars Hand #154094426786:  Hold'em Limit ($3/$6 USD) - 2016/05/31 10:40:59 ET
Table 'Telephus' 6-max Seat #4 is the button
Seat 3: DimaZips ($36.92 in chips)
Seat 4: VolkovDmitri ($224.34 in chips)
VolkovDmitri: posts small blind $1
DimaZips: posts big blind $3
*** HOLE CARDS ***
VolkovDmitri: raises $3 to $6
DimaZips: folds
Uncalled bet ($3) returned to VolkovDmitri
VolkovDmitri collected $6 from pot
VolkovDmitri: doesn't show hand
*** SUMMARY ***
Total pot $6 | Rake $0
Seat 3: DimaZips (big blind) folded before Flop
Seat 4: VolkovDmitri (button) (small blind) collected ($6)


PokerStars Hand #154094450402:  Hold'em Limit ($3/$6 USD) - 2016/05/31 10:41:38 ET
Table 'Telephus' 6-max Seat #4 is the button
Seat 3: DimaZips ($25.92 in chips)
Seat 4: VolkovDmitri ($235.10 in chips)
VolkovDmitri: posts small blind $1
DimaZips: posts big blind $3
*** HOLE CARDS ***
VolkovDmitri: raises $3 to $6
DimaZips: folds
Uncalled bet ($3) returned to VolkovDmitri
VolkovDmitri collected $6 from pot
VolkovDmitri: doesn't show hand
*** SUMMARY ***
Total pot $6 | Rake $0
Seat 3: DimaZips (big blind) folded before Flop
Seat 4: VolkovDmitri (button) (small blind) collected ($6)


PokerStars Hand #154094436276:  Hold'em Limit ($3/$6 USD) - 2016/05/31 10:41:15 ET
Table 'Telephus' 6-max Seat #4 is the button
Seat 3: DimaZips ($32.92 in chips)
Seat 4: VolkovDmitri ($228.34 in chips)
VolkovDmitri: posts small blind $1
DimaZips: posts big blind $3
*** HOLE CARDS ***
VolkovDmitri: raises $3 to $6
DimaZips: calls $3
*** FLOP *** [7c 2c 8d]
DimaZips: checks
VolkovDmitri: bets $3
DimaZips: folds
Uncalled bet ($3) returned to VolkovDmitri
VolkovDmitri collected $11.76 from pot
VolkovDmitri: doesn't show hand
*** SUMMARY ***
Total pot $12 | Rake $0.24
Board [7c 2c 8d]
Seat 3: DimaZips (big blind) folded on the Flop
Seat 4: VolkovDmitri (button) (small blind) collected ($11.76)


PokerStars Hand #154094432848:  Hold'em Limit ($3/$6 USD) - 2016/05/31 10:41:09 ET
Table 'Telephus' 6-max Seat #3 is the button
Seat 3: DimaZips ($33.92 in chips)
Seat 4: VolkovDmitri ($227.34 in chips)
DimaZips: posts small blind $1
VolkovDmitri: posts big blind $3
*** HOLE CARDS ***
DimaZips: folds
Uncalled bet ($2) returned to VolkovDmitri
VolkovDmitri collected $2 from pot
VolkovDmitri: doesn't show hand
*** SUMMARY ***
Total pot $2 | Rake $0
Seat 3: DimaZips (button) (small blind) folded before Flop
Seat 4: VolkovDmitri (big blind) collected ($2)


PokerStars Hand #154094457683:  Hold'em Limit ($3/$6 USD) - 2016/05/31 10:41:51 ET
Table 'Telephus' 6-max Seat #3 is the button
Seat 3: DimaZips ($22.92 in chips)
Seat 4: VolkovDmitri ($238.10 in chips)
DimaZips: posts small blind $1
VolkovDmitri: posts big blind $3
*** HOLE CARDS ***
DimaZips: folds
Uncalled bet ($2) returned to VolkovDmitri
VolkovDmitri collected $2 from pot
VolkovDmitri: doesn't show hand
*** SUMMARY ***
Total pot $2 | Rake $0
Seat 3: DimaZips (button) (small blind) folded before Flop
Seat 4: VolkovDmitri (big blind) collected ($2)


PokerStars Hand #154094462526:  Hold'em Limit ($3/$6 USD) - 2016/05/31 10:41:59 ET
Table 'Telephus' 6-max Seat #4 is the button
Seat 3: DimaZips ($21.92 in chips)
Seat 4: VolkovDmitri ($239.10 in chips)
VolkovDmitri: posts small blind $1
DimaZips: posts big blind $3
*** HOLE CARDS ***
VolkovDmitri: raises $3 to $6
DimaZips: raises $3 to $9
VolkovDmitri: calls $3
*** FLOP *** [Qd 8h 7s]
DimaZips: bets $3
VolkovDmitri: folds
Uncalled bet ($3) returned to DimaZips
DimaZips collected $17.64 from pot
DimaZips: doesn't show hand
*** SUMMARY ***
Total pot $18 | Rake $0.36
Board [Qd 8h 7s]
Seat 3: DimaZips (big blind) collected ($17.64)
Seat 4: VolkovDmitri (button) (small blind) folded on the Flop


PokerStars Hand #154094485252:  Hold'em Limit ($3/$6 USD) - 2016/05/31 10:42:37 ET
Table 'Telephus' 6-max Seat #4 is the button
Seat 3: DimaZips ($29.56 in chips)
Seat 4: VolkovDmitri ($231.10 in chips)
VolkovDmitri: posts small blind $1
DimaZips: posts big blind $3
*** HOLE CARDS ***
VolkovDmitri: raises $3 to $6
DimaZips: folds
Uncalled bet ($3) returned to VolkovDmitri
VolkovDmitri collected $6 from pot
VolkovDmitri: doesn't show hand
*** SUMMARY ***
Total pot $6 | Rake $0
Seat 3: DimaZips (big blind) folded before Flop
Seat 4: VolkovDmitri (button) (small blind) collected ($6)


PokerStars Hand #154094481237:  Hold'em Limit ($3/$6 USD) - 2016/05/31 10:42:30 ET
Table 'Telephus' 6-max Seat #3 is the button
Seat 3: DimaZips ($30.56 in chips)
Seat 4: VolkovDmitri ($230.10 in chips)
DimaZips: posts small blind $1
VolkovDmitri: posts big blind $3
*** HOLE CARDS ***
DimaZips: folds
Uncalled bet ($2) returned to VolkovDmitri
VolkovDmitri collected $2 from pot
VolkovDmitri: doesn't show hand
*** SUMMARY ***
Total pot $2 | Rake $0
Seat 3: DimaZips (button) (small blind) folded before Flop
Seat 4: VolkovDmitri (big blind) collected ($2)


PokerStars Hand #154094504908:  Hold'em Limit ($3/$6 USD) - 2016/05/31 10:43:09 ET
Table 'Telephus' 6-max Seat #4 is the button
Seat 3: DimaZips ($20.56 in chips)
Seat 4: VolkovDmitri ($239.86 in chips)
VolkovDmitri: posts small blind $1
DimaZips: posts big blind $3
*** HOLE CARDS ***
VolkovDmitri: raises $3 to $6
DimaZips: calls $3
*** FLOP *** [8d 2c 6d]
DimaZips: checks
VolkovDmitri: bets $3
DimaZips: calls $3
*** TURN *** [8d 2c 6d] [3h]
DimaZips: bets $6
VolkovDmitri: calls $6
*** RIVER *** [8d 2c 6d 3h] [9s]
DimaZips: bets $5.56 and is all-in
VolkovDmitri: calls $5.56
*** SHOW DOWN ***
DimaZips: shows [7d Jd] (high card Jack)
VolkovDmitri: shows [3c Tc] (a pair of Threes)
VolkovDmitri collected $40.62 from pot
*** SUMMARY ***
Total pot $41.12 | Rake $0.50
Board [8d 2c 6d 3h 9s]
Seat 3: DimaZips (big blind) showed [7d Jd] and lost with high card Jack
Seat 4: VolkovDmitri (button) (small blind) showed [3c Tc] and won ($40.62) with a pair of Threes


PokerStars Hand #154094490586:  Hold'em Limit ($3/$6 USD) - 2016/05/31 10:42:46 ET
Table 'Telephus' 6-max Seat #3 is the button
Seat 3: DimaZips ($26.56 in chips)
Seat 4: VolkovDmitri ($234.10 in chips)
DimaZips: posts small blind $1
VolkovDmitri: posts big blind $3
*** HOLE CARDS ***
DimaZips: calls $2
VolkovDmitri: raises $3 to $6
DimaZips: calls $3
*** FLOP *** [6h Qc 4c]
VolkovDmitri: bets $3
DimaZips: folds
Uncalled bet ($3) returned to VolkovDmitri
VolkovDmitri collected $11.76 from pot
VolkovDmitri: doesn't show hand
*** SUMMARY ***
Total pot $12 | Rake $0.24
Board [6h Qc 4c]
Seat 3: DimaZips (button) (small blind) folded on the Flop
Seat 4: VolkovDmitri (big blind) collected ($11.76)


