PokerStars Hand #161520735051:  Hold'em Limit ($3/$6 USD) - 2016/11/16 21:47:00 ET
Table 'Telesto' 6-max Seat #3 is the button
Seat 2: RaisemyNut$ ($126.90 in chips)
Seat 3: HenryIX ($135.87 in chips)
HenryIX: posts small blind $1
I M GOIN OFF: is sitting out
RaisemyNut$: posts big blind $3
*** HOLE CARDS ***
I M GOIN OFF leaves the table
HenryIX: folds
Uncalled bet ($2) returned to RaisemyNut$
RaisemyNut$ collected $2 from pot
RaisemyNut$: doesn't show hand
*** SUMMARY ***
Total pot $2 | Rake $0
Seat 2: RaisemyNut$ (big blind) collected ($2)
Seat 3: HenryIX (button) (small blind) folded before Flop


PokerStars Hand #161520738668:  Hold'em Limit ($3/$6 USD) - 2016/11/16 21:47:09 ET
Table 'Telesto' 6-max Seat #2 is the button
Seat 2: RaisemyNut$ ($127.90 in chips)
Seat 3: HenryIX ($134.87 in chips)
RaisemyNut$: posts small blind $1
HenryIX: posts big blind $3
*** HOLE CARDS ***
RaisemyNut$: folds
Uncalled bet ($2) returned to HenryIX
HenryIX collected $2 from pot
assitoni leaves the table
HenryIX: doesn't show hand
*** SUMMARY ***
Total pot $2 | Rake $0
Seat 2: RaisemyNut$ (button) (small blind) folded before Flop
Seat 3: HenryIX (big blind) collected ($2)


PokerStars Hand #161520758683:  Hold'em Limit ($3/$6 USD) - 2016/11/16 21:48:00 ET
Table 'Telesto' 6-max Seat #3 is the button
Seat 2: RaisemyNut$ ($116.90 in chips)
Seat 3: HenryIX ($145.51 in chips)
HenryIX: posts small blind $1
RaisemyNut$: posts big blind $3
*** HOLE CARDS ***
HenryIX: calls $2
RaisemyNut$: checks
*** FLOP *** [7c 8h As]
RaisemyNut$: checks
HenryIX: bets $3
RaisemyNut$: folds
Uncalled bet ($3) returned to HenryIX
HenryIX collected $5.88 from pot
HenryIX: doesn't show hand
*** SUMMARY ***
Total pot $6 | Rake $0.12
Board [7c 8h As]
Seat 2: RaisemyNut$ (big blind) folded on the Flop
Seat 3: HenryIX (button) (small blind) collected ($5.88)


PokerStars Hand #161520742952:  Hold'em Limit ($3/$6 USD) - 2016/11/16 21:47:20 ET
Table 'Telesto' 6-max Seat #3 is the button
Seat 2: RaisemyNut$ ($126.90 in chips)
Seat 3: HenryIX ($135.87 in chips)
HenryIX: posts small blind $1
RaisemyNut$: posts big blind $3
*** HOLE CARDS ***
HenryIX: calls $2
RaisemyNut$: checks
*** FLOP *** [4s Ad As]
RaisemyNut$: checks
HenryIX: checks
*** TURN *** [4s Ad As] [Jc]
RaisemyNut$: bets $6
HenryIX: calls $6
*** RIVER *** [4s Ad As Jc] [6s]
RaisemyNut$: checks
HenryIX: bets $6
RaisemyNut$: folds
Uncalled bet ($6) returned to HenryIX
HenryIX collected $17.64 from pot
HenryIX: doesn't show hand
*** SUMMARY ***
Total pot $18 | Rake $0.36
Board [4s Ad As Jc 6s]
Seat 2: RaisemyNut$ (big blind) folded on the River
Seat 3: HenryIX (button) (small blind) collected ($17.64)


PokerStars Hand #161520756710:  Hold'em Limit ($3/$6 USD) - 2016/11/16 21:47:55 ET
Table 'Telesto' 6-max Seat #2 is the button
Seat 2: RaisemyNut$ ($117.90 in chips)
Seat 3: HenryIX ($144.51 in chips)
RaisemyNut$: posts small blind $1
HenryIX: posts big blind $3
*** HOLE CARDS ***
RaisemyNut$: folds
Uncalled bet ($2) returned to HenryIX
HenryIX collected $2 from pot
HenryIX: doesn't show hand
*** SUMMARY ***
Total pot $2 | Rake $0
Seat 2: RaisemyNut$ (button) (small blind) folded before Flop
Seat 3: HenryIX (big blind) collected ($2)


