PokerStars Hand #152910297231:  Hold'em Limit ($3/$6 USD) - 2016/05/05 19:29:10 ET
Table 'Telephus' 6-max Seat #2 is the button
Seat 2: hairy1961 ($60 in chips)
Seat 3: Fused2Orium ($120 in chips)
hairy1961: posts small blind $1
Fused2Orium: posts big blind $3
*** HOLE CARDS ***
hairy1961: folds
Uncalled bet ($2) returned to Fused2Orium
Fused2Orium collected $2 from pot
Fused2Orium: doesn't show hand
*** SUMMARY ***
Total pot $2 | Rake $0
Seat 2: hairy1961 (button) (small blind) folded before Flop
Seat 3: Fused2Orium (big blind) collected ($2)


PokerStars Hand #152910317510:  Hold'em Limit ($3/$6 USD) - 2016/05/05 19:29:44 ET
Table 'Telephus' 6-max Seat #2 is the button
Seat 2: hairy1961 ($76.50 in chips)
Seat 3: Fused2Orium ($103 in chips)
hairy1961: posts small blind $1
Fused2Orium: posts big blind $3
*** HOLE CARDS ***
hairy1961: folds
Uncalled bet ($2) returned to Fused2Orium
Fused2Orium collected $2 from pot
Fused2Orium: doesn't show hand
*** SUMMARY ***
Total pot $2 | Rake $0
Seat 2: hairy1961 (button) (small blind) folded before Flop
Seat 3: Fused2Orium (big blind) collected ($2)


PokerStars Hand #152910300805:  Hold'em Limit ($3/$6 USD) - 2016/05/05 19:29:16 ET
Table 'Telephus' 6-max Seat #3 is the button
Seat 2: hairy1961 ($59 in chips)
Seat 3: Fused2Orium ($121 in chips)
Fused2Orium: posts small blind $1
hairy1961: posts big blind $3
*** HOLE CARDS ***
Fused2Orium: raises $3 to $6
hairy1961: calls $3
*** FLOP *** [Th Td Qh]
hairy1961: checks
Fused2Orium: bets $3
hairy1961: raises $3 to $6
Fused2Orium: calls $3
*** TURN *** [Th Td Qh] [3c]
hairy1961: bets $6
Fused2Orium: calls $6
*** RIVER *** [Th Td Qh 3c] [6d]
hairy1961: bets $6
Fused2Orium: folds
Uncalled bet ($6) returned to hairy1961
hairy1961 collected $35.50 from pot
*** SUMMARY ***
Total pot $36 | Rake $0.50
Board [Th Td Qh 3c 6d]
Seat 2: hairy1961 (big blind) collected ($35.50)
Seat 3: Fused2Orium (button) (small blind) folded on the River


PokerStars Hand #152910320419:  Hold'em Limit ($3/$6 USD) - 2016/05/05 19:29:49 ET
Table 'Telephus' 6-max Seat #3 is the button
Seat 2: hairy1961 ($75.50 in chips)
Seat 3: Fused2Orium ($104 in chips)
Fused2Orium: posts small blind $1
hairy1961: posts big blind $3
*** HOLE CARDS ***
vestimokrec joins the table at seat #4
Fused2Orium: folds
Uncalled bet ($2) returned to hairy1961
hairy1961 collected $2 from pot
*** SUMMARY ***
Total pot $2 | Rake $0
Seat 2: hairy1961 (big blind) collected ($2)
Seat 3: Fused2Orium (button) (small blind) folded before Flop


PokerStars Hand #152910323974:  Hold'em Limit ($3/$6 USD) - 2016/05/05 19:29:55 ET
Table 'Telephus' 6-max Seat #2 is the button
Seat 2: hairy1961 ($76.50 in chips)
Seat 3: Fused2Orium ($103 in chips)
hairy1961: posts small blind $1
Fused2Orium: posts big blind $3
*** HOLE CARDS ***
hairy1961: raises $3 to $6
Fused2Orium: calls $3
*** FLOP *** [4h 8h Td]
Fused2Orium: bets $3
hairy1961: raises $3 to $6
Fused2Orium: calls $3
*** TURN *** [4h 8h Td] [9h]
Fused2Orium: bets $6
hairy1961: calls $6
*** RIVER *** [4h 8h Td 9h] [3c]
Chessnok joins the table at seat #5
Fused2Orium: bets $6
hairy1961: calls $6
*** SHOW DOWN ***
Fused2Orium: shows [Qs 8d] (a pair of Eights)
hairy1961: shows [Jh 9c] (a pair of Nines)
hairy1961 collected $47.50 from pot
*** SUMMARY ***
Total pot $48 | Rake $0.50
Board [4h 8h Td 9h 3c]
Seat 2: hairy1961 (button) (small blind) showed [Jh 9c] and won ($47.50) with a pair of Nines
Seat 3: Fused2Orium (big blind) showed [Qs 8d] and lost with a pair of Eights


