PokerStars Hand #153564999838:  Hold'em Limit ($3/$6 USD) - 2016/05/19 20:11:55 ET
Table 'Telephus II' 6-max Seat #3 is the button
Seat 3: Negrani10 ($68.61 in chips)
Seat 4: vestimokrec ($169.37 in chips)
Negrani10: posts small blind $1
vestimokrec: posts big blind $3
*** HOLE CARDS ***
Negrani10: folds
Uncalled bet ($2) returned to vestimokrec
vestimokrec collected $2 from pot
vestimokrec: doesn't show hand
*** SUMMARY ***
Total pot $2 | Rake $0
Seat 3: Negrani10 (button) (small blind) folded before Flop
Seat 4: vestimokrec (big blind) collected ($2)


PokerStars Hand #153564986393:  Hold'em Limit ($3/$6 USD) - 2016/05/19 20:11:30 ET
Table 'Telephus II' 6-max Seat #4 is the button
Seat 3: Negrani10 ($71.61 in chips)
Seat 4: vestimokrec ($166.37 in chips)
vestimokrec: posts small blind $1
anetkaapro: is sitting out
Negrani10: posts big blind $3
*** HOLE CARDS ***
vestimokrec: raises $3 to $6
Negrani10: folds
Uncalled bet ($3) returned to vestimokrec
vestimokrec collected $6 from pot
vestimokrec: doesn't show hand
*** SUMMARY ***
Total pot $6 | Rake $0
Seat 3: Negrani10 (big blind) folded before Flop
Seat 4: vestimokrec (button) (small blind) collected ($6)


PokerStars Hand #153565008624:  Hold'em Limit ($3/$6 USD) - 2016/05/19 20:12:12 ET
Table 'Telephus II' 6-max Seat #4 is the button
Seat 3: Negrani10 ($67.61 in chips)
Seat 4: vestimokrec ($170.37 in chips)
vestimokrec: posts small blind $1
Negrani10: posts big blind $3
*** HOLE CARDS ***
vestimokrec: raises $3 to $6
Negrani10: calls $3
*** FLOP *** [Js 6d 4c]
Negrani10: checks
vestimokrec: bets $3
Negrani10: folds
Uncalled bet ($3) returned to vestimokrec
vestimokrec collected $11.76 from pot
vestimokrec: doesn't show hand
*** SUMMARY ***
Total pot $12 | Rake $0.24
Board [Js 6d 4c]
Seat 3: Negrani10 (big blind) folded on the Flop
Seat 4: vestimokrec (button) (small blind) collected ($11.76)


