PokerStars Hand #170156647084:  Hold'em Limit ($3/$6 USD) - 2017/05/08 21:27:31 ET
Table 'Telephus' 6-max Seat #3 is the button
Seat 2: Brama Br ($93 in chips)
Seat 3: B_loJkl ($176.50 in chips)
B_loJkl: posts small blind $1
Brama Br: posts big blind $3
*** HOLE CARDS ***
B_loJkl: folds
Uncalled bet ($2) returned to Brama Br
Brama Br collected $2 from pot
Brama Br: doesn't show hand
*** SUMMARY ***
Total pot $2 | Rake $0
Seat 2: Brama Br (big blind) collected ($2)
Seat 3: B_loJkl (button) (small blind) folded before Flop


PokerStars Hand #170156651187:  Hold'em Limit ($3/$6 USD) - 2017/05/08 21:27:40 ET
Table 'Telephus' 6-max Seat #2 is the button
Seat 2: Brama Br ($94 in chips)
Seat 3: B_loJkl ($175.50 in chips)
Brama Br: posts small blind $1
B_loJkl: posts big blind $3
*** HOLE CARDS ***
Brama Br: raises $3 to $6
GoliafUa leaves the table
B_loJkl: calls $3
*** FLOP *** [3h 2c 9c]
B_loJkl is disconnected
B_loJkl has timed out while disconnected
B_loJkl: checks
Brama Br: bets $3
B_loJkl has timed out while disconnected
B_loJkl: folds
Uncalled bet ($3) returned to Brama Br
Brama Br collected $11.76 from pot
Brama Br: doesn't show hand
*** SUMMARY ***
Total pot $12 | Rake $0.24
Board [3h 2c 9c]
Seat 2: Brama Br (button) (small blind) collected ($11.76)
Seat 3: B_loJkl (big blind) folded on the Flop


