PokerStars Hand #160330874495:  Hold'em Limit ($3/$6 USD) - 2016/10/23 12:30:15 ET
Table 'Telephus' 10-max Seat #5 is the button
Seat 5: _Lukaku_015 ($63.68 in chips)
Seat 7: VolkovDmitri ($120 in chips)
_Lukaku_015: posts small blind $1
VolkovDmitri: posts big blind $3
*** HOLE CARDS ***
_Lukaku_015: calls $2
vestimokrec joins the table at seat #6
VolkovDmitri: raises $3 to $6
_Lukaku_015: calls $3
*** FLOP *** [7c Kh 4s]
VolkovDmitri: bets $3
_Lukaku_015: calls $3
*** TURN *** [7c Kh 4s] [Jh]
VolkovDmitri: bets $6
_Lukaku_015: folds
Uncalled bet ($6) returned to VolkovDmitri
VolkovDmitri collected $17.64 from pot
VolkovDmitri: doesn't show hand
*** SUMMARY ***
Total pot $18 | Rake $0.36
Board [7c Kh 4s Jh]
Seat 5: _Lukaku_015 (button) (small blind) folded on the Turn
Seat 7: VolkovDmitri (big blind) collected ($17.64)


PokerStars Hand #160330891334:  Hold'em Limit ($3/$6 USD) - 2016/10/23 12:30:36 ET
Table 'Telephus' 10-max Seat #7 is the button
Seat 5: _Lukaku_015 ($54.68 in chips)
Seat 7: VolkovDmitri ($128.64 in chips)
VolkovDmitri: posts small blind $1
_Lukaku_015: posts big blind $3
*** HOLE CARDS ***
VolkovDmitri: raises $3 to $6
_Lukaku_015: calls $3
*** FLOP *** [Ks 8h Kd]
charlys65 joins the table at seat #4
_Lukaku_015: checks
VolkovDmitri: bets $3
_Lukaku_015: calls $3
*** TURN *** [Ks 8h Kd] [Jh]
_Lukaku_015: checks
VolkovDmitri: checks
*** RIVER *** [Ks 8h Kd Jh] [3h]
_Lukaku_015: bets $6
VolkovDmitri: folds
Uncalled bet ($6) returned to _Lukaku_015
_Lukaku_015 collected $17.64 from pot
_Lukaku_015: doesn't show hand
*** SUMMARY ***
Total pot $18 | Rake $0.36
Board [Ks 8h Kd Jh 3h]
Seat 5: _Lukaku_015 (big blind) collected ($17.64)
Seat 7: VolkovDmitri (button) (small blind) folded on the River


PokerStars Hand #160331469209:  Hold'em Limit ($3/$6 USD) - 2016/10/23 12:41:59 ET
Table 'Telephus' 10-max Seat #7 is the button
Seat 4: charlys65 ($256.73 in chips)
Seat 7: VolkovDmitri ($155.82 in chips)
VolkovDmitri: posts small blind $1
charlys65: posts big blind $3
*** HOLE CARDS ***
VolkovDmitri: folds
Uncalled bet ($2) returned to charlys65
charlys65 collected $2 from pot
charlys65: doesn't show hand
*** SUMMARY ***
Total pot $2 | Rake $0
Seat 4: charlys65 (big blind) collected ($2)
Seat 7: VolkovDmitri (button) (small blind) folded before Flop


PokerStars Hand #160331534153:  Hold'em Limit ($3/$6 USD) - 2016/10/23 12:43:15 ET
Table 'Telephus' 10-max Seat #4 is the button
Seat 4: charlys65 ($263.25 in chips)
Seat 7: VolkovDmitri ($148.58 in chips)
charlys65: posts small blind $1
VolkovDmitri: posts big blind $3
*** HOLE CARDS ***
charlys65: raises $3 to $6
VolkovDmitri: folds
Uncalled bet ($3) returned to charlys65
charlys65 collected $6 from pot
charlys65: doesn't show hand
*** SUMMARY ***
Total pot $6 | Rake $0
Seat 4: charlys65 (button) (small blind) collected ($6)
Seat 7: VolkovDmitri (big blind) folded before Flop


PokerStars Hand #160331514149:  Hold'em Limit ($3/$6 USD) - 2016/10/23 12:42:52 ET
Table 'Telephus' 10-max Seat #7 is the button
Seat 4: charlys65 ($269.25 in chips)
Seat 7: VolkovDmitri ($142.82 in chips)
VolkovDmitri: posts small blind $1
charlys65: posts big blind $3
*** HOLE CARDS ***
VolkovDmitri: raises $3 to $6
charlys65: calls $3
*** FLOP *** [9c Jc 6c]
charlys65: checks
VolkovDmitri: bets $3
charlys65: folds
Uncalled bet ($3) returned to VolkovDmitri
VolkovDmitri collected $11.76 from pot
VolkovDmitri: doesn't show hand
*** SUMMARY ***
Total pot $12 | Rake $0.24
Board [9c Jc 6c]
Seat 4: charlys65 (big blind) folded on the Flop
Seat 7: VolkovDmitri (button) (small blind) collected ($11.76)


PokerStars Hand #160331474802:  Hold'em Limit ($3/$6 USD) - 2016/10/23 12:42:05 ET
Table 'Telephus' 10-max Seat #4 is the button
Seat 4: charlys65 ($257.73 in chips)
Seat 7: VolkovDmitri ($154.82 in chips)
charlys65: posts small blind $1
VolkovDmitri: posts big blind $3
*** HOLE CARDS ***
charlys65: raises $3 to $6
VolkovDmitri: raises $3 to $9
charlys65: calls $3
*** FLOP *** [Ac 4h 7c]
VolkovDmitri: bets $3
charlys65: calls $3
*** TURN *** [Ac 4h 7c] [5s]
VolkovDmitri: checks
charlys65: bets $6
VolkovDmitri: folds
Uncalled bet ($6) returned to charlys65
charlys65 collected $23.52 from pot
charlys65: doesn't show hand
*** SUMMARY ***
Total pot $24 | Rake $0.48
Board [Ac 4h 7c 5s]
Seat 4: charlys65 (button) (small blind) collected ($23.52)
Seat 7: VolkovDmitri (big blind) folded on the Turn


PokerStars Hand #160331551615:  Hold'em Limit ($3/$6 USD) - 2016/10/23 12:43:35 ET
Table 'Telephus' 10-max Seat #7 is the button
Seat 4: charlys65 ($266.25 in chips)
Seat 7: VolkovDmitri ($145.58 in chips)
VolkovDmitri: posts small blind $1
charlys65: posts big blind $3
*** HOLE CARDS ***
VolkovDmitri: raises $3 to $6
charlys65: calls $3
*** FLOP *** [Qd 2h Ac]
charlys65: checks
VolkovDmitri: bets $3
charlys65: calls $3
*** TURN *** [Qd 2h Ac] [Th]
charlys65: checks
VolkovDmitri: checks
*** RIVER *** [Qd 2h Ac Th] [Ks]
charlys65: bets $6
VolkovDmitri: calls $6
*** SHOW DOWN ***
charlys65: shows [2c 7d] (a pair of Deuces)
VolkovDmitri: shows [3h Kc] (a pair of Kings)
VolkovDmitri collected $29.50 from pot
*** SUMMARY ***
Total pot $30 | Rake $0.50
Board [Qd 2h Ac Th Ks]
Seat 4: charlys65 (big blind) showed [2c 7d] and lost with a pair of Deuces
Seat 7: VolkovDmitri (button) (small blind) showed [3h Kc] and won ($29.50) with a pair of Kings


PokerStars Hand #160331580435:  Hold'em Limit ($3/$6 USD) - 2016/10/23 12:44:09 ET
Table 'Telephus' 10-max Seat #4 is the button
Seat 4: charlys65 ($251.25 in chips)
Seat 7: VolkovDmitri ($160.08 in chips)
charlys65: posts small blind $1
VolkovDmitri: posts big blind $3
*** HOLE CARDS ***
charlys65: folds
Uncalled bet ($2) returned to VolkovDmitri
charlys65 leaves the table
VolkovDmitri collected $2 from pot
VolkovDmitri: doesn't show hand
*** SUMMARY ***
Total pot $2 | Rake $0
Seat 4: charlys65 (button) (small blind) folded before Flop
Seat 7: VolkovDmitri (big blind) collected ($2)


