PokerStars Hand #158837285377:  Hold'em Limit ($3/$6 USD) - 2016/09/19 20:40:59 ET
Table 'Tercidina' 6-max Seat #6 is the button
Seat 1: ToDaFelt ($120 in chips)
Seat 6: jrisaacnet ($50 in chips)
jrisaacnet: posts small blind $1
ToDaFelt: posts big blind $3
*** HOLE CARDS ***
jrisaacnet: raises $3 to $6
Evgenia56 joins the table at seat #2
ToDaFelt: calls $3
*** FLOP *** [6h Qh 2h]
ToDaFelt: checks
jrisaacnet: bets $3
ToDaFelt: folds
Uncalled bet ($3) returned to jrisaacnet
jrisaacnet collected $11.76 from pot
jrisaacnet: doesn't show hand
*** SUMMARY ***
Total pot $12 | Rake $0.24
Board [6h Qh 2h]
Seat 1: ToDaFelt (big blind) folded on the Flop
Seat 6: jrisaacnet (button) (small blind) collected ($11.76)


PokerStars Hand #158838333454:  Hold'em Limit ($3/$6 USD) - 2016/09/19 21:24:22 ET
Table 'Tercidina' 6-max Seat #6 is the button
Seat 1: ToDaFelt ($185.89 in chips)
Seat 6: jrisaacnet ($204.14 in chips)
jrisaacnet: posts small blind $1
ToDaFelt: posts big blind $3
*** HOLE CARDS ***
jrisaacnet: folds
Uncalled bet ($2) returned to ToDaFelt
ToDaFelt collected $2 from pot
ToDaFelt: doesn't show hand
*** SUMMARY ***
Total pot $2 | Rake $0
Seat 1: ToDaFelt (big blind) collected ($2)
Seat 6: jrisaacnet (button) (small blind) folded before Flop


PokerStars Hand #158838327123:  Hold'em Limit ($3/$6 USD) - 2016/09/19 21:24:05 ET
Table 'Tercidina' 6-max Seat #1 is the button
Seat 1: ToDaFelt ($182.89 in chips)
Seat 6: jrisaacnet ($207.14 in chips)
ToDaFelt: posts small blind $1
jrisaacnet: posts big blind $3
*** HOLE CARDS ***
ToDaFelt: raises $3 to $6
jrisaacnet: folds
Uncalled bet ($3) returned to ToDaFelt
ToDaFelt collected $6 from pot
ToDaFelt: doesn't show hand
*** SUMMARY ***
Total pot $6 | Rake $0
Seat 1: ToDaFelt (button) (small blind) collected ($6)
Seat 6: jrisaacnet (big blind) folded before Flop


PokerStars Hand #158838336016:  Hold'em Limit ($3/$6 USD) - 2016/09/19 21:24:28 ET
Table 'Tercidina' 6-max Seat #1 is the button
Seat 1: ToDaFelt ($186.89 in chips)
Seat 6: jrisaacnet ($203.14 in chips)
ToDaFelt: posts small blind $1
jrisaacnet: posts big blind $3
*** HOLE CARDS ***
ToDaFelt: raises $3 to $6
jrisaacnet: folds
Uncalled bet ($3) returned to ToDaFelt
ToDaFelt collected $6 from pot
ToDaFelt: doesn't show hand
*** SUMMARY ***
Total pot $6 | Rake $0
Seat 1: ToDaFelt (button) (small blind) collected ($6)
Seat 6: jrisaacnet (big blind) folded before Flop


PokerStars Hand #158838339374:  Hold'em Limit ($3/$6 USD) - 2016/09/19 21:24:37 ET
Table 'Tercidina' 6-max Seat #6 is the button
Seat 1: ToDaFelt ($189.89 in chips)
Seat 6: jrisaacnet ($200.14 in chips)
jrisaacnet: posts small blind $1
ToDaFelt: posts big blind $3
*** HOLE CARDS ***
jrisaacnet: raises $3 to $6
ToDaFelt: calls $3
*** FLOP *** [Ad Qd Td]
ToDaFelt: checks
jrisaacnet: bets $3
ToDaFelt: calls $3
*** TURN *** [Ad Qd Td] [9c]
ToDaFelt: checks
jrisaacnet: bets $6
ToDaFelt: raises $6 to $12
jrisaacnet: calls $6
*** RIVER *** [Ad Qd Td 9c] [8h]
ToDaFelt: bets $6
jrisaacnet: calls $6
*** SHOW DOWN ***
ToDaFelt: shows [7d 5s] (high card Ace)
jrisaacnet: shows [8d Ks] (a pair of Eights)
jrisaacnet collected $53.50 from pot
*** SUMMARY ***
Total pot $54 | Rake $0.50
Board [Ad Qd Td 9c 8h]
Seat 1: ToDaFelt (big blind) showed [7d 5s] and lost with high card Ace
Seat 6: jrisaacnet (button) (small blind) showed [8d Ks] and won ($53.50) with a pair of Eights


PokerStars Hand #158838347108:  Hold'em Limit ($3/$6 USD) - 2016/09/19 21:24:56 ET
Table 'Tercidina' 6-max Seat #1 is the button
Seat 1: ToDaFelt ($162.89 in chips)
Seat 6: jrisaacnet ($226.64 in chips)
ToDaFelt: posts small blind $1
jrisaacnet: posts big blind $3
*** HOLE CARDS ***
ToDaFelt: raises $3 to $6
jrisaacnet: raises $3 to $9
ToDaFelt: calls $3
*** FLOP *** [Js 2d 9d]
jrisaacnet: bets $3
ToDaFelt: calls $3
*** TURN *** [Js 2d 9d] [Tc]
jrisaacnet: checks
ToDaFelt: bets $6
jrisaacnet: calls $6
*** RIVER *** [Js 2d 9d Tc] [Qh]
jrisaacnet: checks
ToDaFelt: checks
*** SHOW DOWN ***
jrisaacnet: shows [7c 7h] (a pair of Sevens)
ToDaFelt: shows [5h Jh] (a pair of Jacks)
ToDaFelt collected $35.50 from pot
*** SUMMARY ***
Total pot $36 | Rake $0.50
Board [Js 2d 9d Tc Qh]
Seat 1: ToDaFelt (button) (small blind) showed [5h Jh] and won ($35.50) with a pair of Jacks
Seat 6: jrisaacnet (big blind) showed [7c 7h] and lost with a pair of Sevens


PokerStars Hand #158838354899:  Hold'em Limit ($3/$6 USD) - 2016/09/19 21:25:17 ET
Table 'Tercidina' 6-max Seat #6 is the button
Seat 1: ToDaFelt ($180.39 in chips)
Seat 6: jrisaacnet ($208.64 in chips)
jrisaacnet: posts small blind $1
ToDaFelt: posts big blind $3
*** HOLE CARDS ***
jrisaacnet: calls $2
ToDaFelt: checks
*** FLOP *** [2h Th Ts]
ToDaFelt: checks
jrisaacnet: bets $3
ToDaFelt: folds
Uncalled bet ($3) returned to jrisaacnet
jrisaacnet collected $5.88 from pot
jrisaacnet: doesn't show hand
*** SUMMARY ***
Total pot $6 | Rake $0.12
Board [2h Th Ts]
Seat 1: ToDaFelt (big blind) folded on the Flop
Seat 6: jrisaacnet (button) (small blind) collected ($5.88)


PokerStars Hand #158838360859:  Hold'em Limit ($3/$6 USD) - 2016/09/19 21:25:32 ET
Table 'Tercidina' 6-max Seat #1 is the button
Seat 1: ToDaFelt ($177.39 in chips)
Seat 6: jrisaacnet ($211.52 in chips)
ToDaFelt: posts small blind $1
jrisaacnet: posts big blind $3
*** HOLE CARDS ***
ToDaFelt: raises $3 to $6
jrisaacnet: calls $3
*** FLOP *** [Kh 2s Ts]
jrisaacnet: bets $3
ToDaFelt: calls $3
*** TURN *** [Kh 2s Ts] [6s]
jrisaacnet: bets $6
ToDaFelt: folds
Uncalled bet ($6) returned to jrisaacnet
jrisaacnet collected $17.64 from pot
jrisaacnet: doesn't show hand
*** SUMMARY ***
Total pot $18 | Rake $0.36
Board [Kh 2s Ts 6s]
Seat 1: ToDaFelt (button) (small blind) folded on the Turn
Seat 6: jrisaacnet (big blind) collected ($17.64)


PokerStars Hand #158838379493:  Hold'em Limit ($3/$6 USD) - 2016/09/19 21:26:11 ET
Table 'Tercidina' 6-max Seat #1 is the button
Seat 1: ToDaFelt ($156.39 in chips)
Seat 6: jrisaacnet ($231.68 in chips)
ToDaFelt: posts small blind $1
jrisaacnet: posts big blind $3
*** HOLE CARDS ***
ToDaFelt: raises $3 to $6
jrisaacnet: calls $3
*** FLOP *** [Qs Kd 2h]
jrisaacnet: checks
ToDaFelt: bets $3
jrisaacnet: calls $3
*** TURN *** [Qs Kd 2h] [4c]
jrisaacnet: checks
ToDaFelt: checks
*** RIVER *** [Qs Kd 2h 4c] [9s]
jrisaacnet: bets $6
ToDaFelt: folds
Uncalled bet ($6) returned to jrisaacnet
jrisaacnet collected $17.64 from pot
jrisaacnet: doesn't show hand
*** SUMMARY ***
Total pot $18 | Rake $0.36
Board [Qs Kd 2h 4c 9s]
Seat 1: ToDaFelt (button) (small blind) folded on the River
Seat 6: jrisaacnet (big blind) collected ($17.64)


PokerStars Hand #158838388201:  Hold'em Limit ($3/$6 USD) - 2016/09/19 21:26:33 ET
Table 'Tercidina' 6-max Seat #6 is the button
Seat 1: ToDaFelt ($147.39 in chips)
Seat 6: jrisaacnet ($240.32 in chips)
jrisaacnet: posts small blind $1
ToDaFelt: posts big blind $3
*** HOLE CARDS ***
jrisaacnet: raises $3 to $6
ToDaFelt: calls $3
*** FLOP *** [Kc 8c 5d]
ToDaFelt: checks
jrisaacnet: bets $3
ToDaFelt: calls $3
*** TURN *** [Kc 8c 5d] [Tc]
ToDaFelt: checks
jrisaacnet: bets $6
ToDaFelt: folds
Uncalled bet ($6) returned to jrisaacnet
jrisaacnet collected $17.64 from pot
jrisaacnet: doesn't show hand
*** SUMMARY ***
Total pot $18 | Rake $0.36
Board [Kc 8c 5d Tc]
Seat 1: ToDaFelt (big blind) folded on the Turn
Seat 6: jrisaacnet (button) (small blind) collected ($17.64)


PokerStars Hand #158838371629:  Hold'em Limit ($3/$6 USD) - 2016/09/19 21:25:50 ET
Table 'Tercidina' 6-max Seat #6 is the button
Seat 1: ToDaFelt ($168.39 in chips)
Seat 6: jrisaacnet ($220.16 in chips)
jrisaacnet: posts small blind $1
ToDaFelt: posts big blind $3
*** HOLE CARDS ***
jrisaacnet: calls $2
ToDaFelt: checks
*** FLOP *** [8h 2s Ts]
ToDaFelt: checks
jrisaacnet: bets $3
ToDaFelt: calls $3
*** TURN *** [8h 2s Ts] [3d]
ToDaFelt: checks
jrisaacnet: bets $6
ToDaFelt: calls $6
*** RIVER *** [8h 2s Ts 3d] [Qh]
ToDaFelt: checks
jrisaacnet: checks
*** SHOW DOWN ***
ToDaFelt: shows [3h Ks] (a pair of Threes)
jrisaacnet: shows [5h 5s] (a pair of Fives)
jrisaacnet collected $23.52 from pot
*** SUMMARY ***
Total pot $24 | Rake $0.48
Board [8h 2s Ts 3d Qh]
Seat 1: ToDaFelt (big blind) showed [3h Ks] and lost with a pair of Threes
Seat 6: jrisaacnet (button) (small blind) showed [5h 5s] and won ($23.52) with a pair of Fives


PokerStars Hand #158838396473:  Hold'em Limit ($3/$6 USD) - 2016/09/19 21:26:55 ET
Table 'Tercidina' 6-max Seat #1 is the button
Seat 1: ToDaFelt ($138.39 in chips)
Seat 6: jrisaacnet ($248.96 in chips)
ToDaFelt: posts small blind $1
jrisaacnet: posts big blind $3
*** HOLE CARDS ***
ToDaFelt: raises $3 to $6
jrisaacnet: folds
Uncalled bet ($3) returned to ToDaFelt
ToDaFelt collected $6 from pot
ToDaFelt: doesn't show hand
*** SUMMARY ***
Total pot $6 | Rake $0
Seat 1: ToDaFelt (button) (small blind) collected ($6)
Seat 6: jrisaacnet (big blind) folded before Flop


PokerStars Hand #158838408109:  Hold'em Limit ($3/$6 USD) - 2016/09/19 21:27:25 ET
Table 'Tercidina' 6-max Seat #1 is the button
Seat 1: ToDaFelt ($138.39 in chips)
Seat 6: jrisaacnet ($248.84 in chips)
ToDaFelt: posts small blind $1
jrisaacnet: posts big blind $3
*** HOLE CARDS ***
ToDaFelt: raises $3 to $6
jrisaacnet: folds
Uncalled bet ($3) returned to ToDaFelt
ToDaFelt collected $6 from pot
ToDaFelt: doesn't show hand
*** SUMMARY ***
Total pot $6 | Rake $0
Seat 1: ToDaFelt (button) (small blind) collected ($6)
Seat 6: jrisaacnet (big blind) folded before Flop


PokerStars Hand #158838398709:  Hold'em Limit ($3/$6 USD) - 2016/09/19 21:27:01 ET
Table 'Tercidina' 6-max Seat #6 is the button
Seat 1: ToDaFelt ($141.39 in chips)
Seat 6: jrisaacnet ($245.96 in chips)
jrisaacnet: posts small blind $1
ToDaFelt: posts big blind $3
*** HOLE CARDS ***
jrisaacnet: calls $2
ToDaFelt: checks
*** FLOP *** [Ah Td 6s]
ToDaFelt: checks
jrisaacnet: bets $3
ToDaFelt: folds
Uncalled bet ($3) returned to jrisaacnet
jrisaacnet collected $5.88 from pot
jrisaacnet: doesn't show hand
*** SUMMARY ***
Total pot $6 | Rake $0.12
Board [Ah Td 6s]
Seat 1: ToDaFelt (big blind) folded on the Flop
Seat 6: jrisaacnet (button) (small blind) collected ($5.88)


PokerStars Hand #158838427314:  Hold'em Limit ($3/$6 USD) - 2016/09/19 21:28:15 ET
Table 'Tercidina' 6-max Seat #6 is the button
Seat 1: ToDaFelt ($144.33 in chips)
Seat 6: jrisaacnet ($242.78 in chips)
jrisaacnet: posts small blind $1
ToDaFelt: posts big blind $3
*** HOLE CARDS ***
jrisaacnet: raises $3 to $6
ToDaFelt: raises $3 to $9
jrisaacnet: calls $3
*** FLOP *** [7c Jc Js]
ToDaFelt: bets $3
jrisaacnet: calls $3
*** TURN *** [7c Jc Js] [2d]
ToDaFelt: checks
jrisaacnet: bets $6
ToDaFelt: calls $6
*** RIVER *** [7c Jc Js 2d] [Tc]
ToDaFelt: checks
jrisaacnet: checks
*** SHOW DOWN ***
ToDaFelt: shows [As 6s] (a pair of Jacks)
jrisaacnet: shows [Ts Qd] (two pair, Jacks and Tens)
jrisaacnet collected $35.50 from pot
*** SUMMARY ***
Total pot $36 | Rake $0.50
Board [7c Jc Js 2d Tc]
Seat 1: ToDaFelt (big blind) showed [As 6s] and lost with a pair of Jacks
Seat 6: jrisaacnet (button) (small blind) showed [Ts Qd] and won ($35.50) with two pair, Jacks and Tens


PokerStars Hand #158838421730:  Hold'em Limit ($3/$6 USD) - 2016/09/19 21:28:01 ET
Table 'Tercidina' 6-max Seat #1 is the button
Seat 1: ToDaFelt ($141.33 in chips)
Seat 6: jrisaacnet ($245.78 in chips)
ToDaFelt: posts small blind $1
jrisaacnet: posts big blind $3
*** HOLE CARDS ***
ToDaFelt: raises $3 to $6
jrisaacnet: folds
Uncalled bet ($3) returned to ToDaFelt
ToDaFelt collected $6 from pot
ToDaFelt: doesn't show hand
*** SUMMARY ***
Total pot $6 | Rake $0
Seat 1: ToDaFelt (button) (small blind) collected ($6)
Seat 6: jrisaacnet (big blind) folded before Flop


PokerStars Hand #158838412775:  Hold'em Limit ($3/$6 USD) - 2016/09/19 21:27:38 ET
Table 'Tercidina' 6-max Seat #6 is the button
Seat 1: ToDaFelt ($141.39 in chips)
Seat 6: jrisaacnet ($245.84 in chips)
jrisaacnet: posts small blind $1
ToDaFelt: posts big blind $3
*** HOLE CARDS ***
jrisaacnet: calls $2
ToDaFelt: checks
*** FLOP *** [Ad 7h 7s]
ToDaFelt: checks
jrisaacnet: checks
*** TURN *** [Ad 7h 7s] [Ks]
ToDaFelt: checks
jrisaacnet: checks
*** RIVER *** [Ad 7h 7s Ks] [Kd]
ToDaFelt: checks
jrisaacnet: checks
*** SHOW DOWN ***
ToDaFelt: shows [4s Qd] (two pair, Kings and Sevens)
jrisaacnet: shows [Jc 9c] (two pair, Kings and Sevens)
ToDaFelt collected $2.94 from pot
jrisaacnet collected $2.94 from pot
*** SUMMARY ***
Total pot $6 | Rake $0.12
Board [Ad 7h 7s Ks Kd]
Seat 1: ToDaFelt (big blind) showed [4s Qd] and won ($2.94) with two pair, Kings and Sevens
Seat 6: jrisaacnet (button) (small blind) showed [Jc 9c] and won ($2.94) with two pair, Kings and Sevens


PokerStars Hand #158838439232:  Hold'em Limit ($3/$6 USD) - 2016/09/19 21:28:47 ET
Table 'Tercidina' 6-max Seat #1 is the button
Seat 1: ToDaFelt ($126.33 in chips)
Seat 6: jrisaacnet ($260.28 in chips)
ToDaFelt: posts small blind $1
jrisaacnet: posts big blind $3
*** HOLE CARDS ***
ToDaFelt: raises $3 to $6
jrisaacnet: folds
Uncalled bet ($3) returned to ToDaFelt
ToDaFelt collected $6 from pot
ToDaFelt: doesn't show hand
*** SUMMARY ***
Total pot $6 | Rake $0
Seat 1: ToDaFelt (button) (small blind) collected ($6)
Seat 6: jrisaacnet (big blind) folded before Flop


PokerStars Hand #158838448835:  Hold'em Limit ($3/$6 USD) - 2016/09/19 21:29:13 ET
Table 'Tercidina' 6-max Seat #1 is the button
Seat 1: ToDaFelt ($126.33 in chips)
Seat 6: jrisaacnet ($260.16 in chips)
ToDaFelt: posts small blind $1
jrisaacnet: posts big blind $3
*** HOLE CARDS ***
ToDaFelt: raises $3 to $6
jrisaacnet: calls $3
*** FLOP *** [7c 9d 8d]
jrisaacnet: checks
ToDaFelt: bets $3
jrisaacnet: calls $3
*** TURN *** [7c 9d 8d] [Ah]
jrisaacnet: checks
ToDaFelt: bets $6
jrisaacnet: calls $6
*** RIVER *** [7c 9d 8d Ah] [3c]
jrisaacnet: checks
ToDaFelt: bets $6
jrisaacnet: folds
Uncalled bet ($6) returned to ToDaFelt
ToDaFelt collected $29.50 from pot
ToDaFelt: doesn't show hand
*** SUMMARY ***
Total pot $30 | Rake $0.50
Board [7c 9d 8d Ah 3c]
Seat 1: ToDaFelt (button) (small blind) collected ($29.50)
Seat 6: jrisaacnet (big blind) folded on the River


PokerStars Hand #158838441760:  Hold'em Limit ($3/$6 USD) - 2016/09/19 21:28:54 ET
Table 'Tercidina' 6-max Seat #6 is the button
Seat 1: ToDaFelt ($129.33 in chips)
Seat 6: jrisaacnet ($257.28 in chips)
jrisaacnet: posts small blind $1
ToDaFelt: posts big blind $3
*** HOLE CARDS ***
jrisaacnet: calls $2
ToDaFelt: checks
*** FLOP *** [4c 5h 4s]
ToDaFelt: checks
jrisaacnet: checks
*** TURN *** [4c 5h 4s] [5d]
ToDaFelt: checks
jrisaacnet: checks
*** RIVER *** [4c 5h 4s 5d] [8s]
ToDaFelt: checks
jrisaacnet: bets $6
ToDaFelt: folds
Uncalled bet ($6) returned to jrisaacnet
jrisaacnet collected $5.88 from pot
jrisaacnet: doesn't show hand
*** SUMMARY ***
Total pot $6 | Rake $0.12
Board [4c 5h 4s 5d 8s]
Seat 1: ToDaFelt (big blind) folded on the River
Seat 6: jrisaacnet (button) (small blind) collected ($5.88)


PokerStars Hand #158838481159:  Hold'em Limit ($3/$6 USD) - 2016/09/19 21:30:38 ET
Table 'Tercidina' 6-max Seat #6 is the button
Seat 1: ToDaFelt ($101.83 in chips)
Seat 6: jrisaacnet ($283.16 in chips)
jrisaacnet: posts small blind $1
ToDaFelt: posts big blind $3
*** HOLE CARDS ***
jrisaacnet: calls $2
ToDaFelt: raises $3 to $6
jrisaacnet: calls $3
*** FLOP *** [Ks 4c 7s]
ToDaFelt: bets $3
jrisaacnet: calls $3
*** TURN *** [Ks 4c 7s] [Qh]
ToDaFelt: bets $6
jrisaacnet: calls $6
*** RIVER *** [Ks 4c 7s Qh] [9c]
ToDaFelt: bets $6
jrisaacnet: calls $6
*** SHOW DOWN ***
ToDaFelt: shows [Td Ac] (high card Ace)
jrisaacnet: shows [6c 7c] (a pair of Sevens)
jrisaacnet collected $41.50 from pot
*** SUMMARY ***
Total pot $42 | Rake $0.50
Board [Ks 4c 7s Qh 9c]
Seat 1: ToDaFelt (big blind) showed [Td Ac] and lost with high card Ace
Seat 6: jrisaacnet (button) (small blind) showed [6c 7c] and won ($41.50) with a pair of Sevens


PokerStars Hand #158838468443:  Hold'em Limit ($3/$6 USD) - 2016/09/19 21:30:04 ET
Table 'Tercidina' 6-max Seat #1 is the button
Seat 1: ToDaFelt ($125.83 in chips)
Seat 6: jrisaacnet ($259.66 in chips)
ToDaFelt: posts small blind $1
jrisaacnet: posts big blind $3
*** HOLE CARDS ***
ToDaFelt: raises $3 to $6
jrisaacnet: raises $3 to $9
ToDaFelt: calls $3
*** FLOP *** [7d 8h 6h]
jrisaacnet: bets $3
ToDaFelt: calls $3
*** TURN *** [7d 8h 6h] [2d]
jrisaacnet: bets $6
ToDaFelt: calls $6
*** RIVER *** [7d 8h 6h 2d] [7s]
jrisaacnet: bets $6
ToDaFelt: calls $6
*** SHOW DOWN ***
jrisaacnet: shows [8s 8c] (a full house, Eights full of Sevens)
ToDaFelt: mucks hand
jrisaacnet collected $47.50 from pot
*** SUMMARY ***
Total pot $48 | Rake $0.50
Board [7d 8h 6h 2d 7s]
Seat 1: ToDaFelt (button) (small blind) mucked
Seat 6: jrisaacnet (big blind) showed [8s 8c] and won ($47.50) with a full house, Eights full of Sevens


PokerStars Hand #158838460530:  Hold'em Limit ($3/$6 USD) - 2016/09/19 21:29:43 ET
Table 'Tercidina' 6-max Seat #6 is the button
Seat 1: ToDaFelt ($140.83 in chips)
Seat 6: jrisaacnet ($245.16 in chips)
jrisaacnet: posts small blind $1
ToDaFelt: posts big blind $3
*** HOLE CARDS ***
jrisaacnet: raises $3 to $6
ToDaFelt: calls $3
*** FLOP *** [Js Td Qd]
ToDaFelt: checks
jrisaacnet: bets $3
ToDaFelt: calls $3
*** TURN *** [Js Td Qd] [7c]
ToDaFelt: checks
jrisaacnet: bets $6
ToDaFelt: calls $6
*** RIVER *** [Js Td Qd 7c] [3s]
ToDaFelt: checks
jrisaacnet: bets $6
ToDaFelt: folds
Uncalled bet ($6) returned to jrisaacnet
jrisaacnet collected $29.50 from pot
jrisaacnet: doesn't show hand
*** SUMMARY ***
Total pot $30 | Rake $0.50
Board [Js Td Qd 7c 3s]
Seat 1: ToDaFelt (big blind) folded on the River
Seat 6: jrisaacnet (button) (small blind) collected ($29.50)


PokerStars Hand #158838503719:  Hold'em Limit ($3/$6 USD) - 2016/09/19 21:31:37 ET
Table 'Tercidina' 6-max Seat #6 is the button
Seat 1: ToDaFelt ($101.33 in chips)
Seat 6: jrisaacnet ($282.66 in chips)
jrisaacnet: posts small blind $1
ToDaFelt: posts big blind $3
*** HOLE CARDS ***
jrisaacnet: calls $2
ToDaFelt: raises $3 to $6
jrisaacnet: calls $3
*** FLOP *** [4d Td Ks]
ToDaFelt: bets $3
jrisaacnet: folds
Uncalled bet ($3) returned to ToDaFelt
ToDaFelt collected $11.76 from pot
ToDaFelt: doesn't show hand
*** SUMMARY ***
Total pot $12 | Rake $0.24
Board [4d Td Ks]
Seat 1: ToDaFelt (big blind) collected ($11.76)
Seat 6: jrisaacnet (button) (small blind) folded on the Flop


PokerStars Hand #158838494583:  Hold'em Limit ($3/$6 USD) - 2016/09/19 21:31:13 ET
Table 'Tercidina' 6-max Seat #1 is the button
Seat 1: ToDaFelt ($80.83 in chips)
Seat 6: jrisaacnet ($303.66 in chips)
ToDaFelt: posts small blind $1
jrisaacnet: posts big blind $3
*** HOLE CARDS ***
ToDaFelt: raises $3 to $6
jrisaacnet: calls $3
*** FLOP *** [9c 7s Js]
jrisaacnet: checks
ToDaFelt: bets $3
jrisaacnet: calls $3
*** TURN *** [9c 7s Js] [5c]
jrisaacnet: checks
ToDaFelt: bets $6
jrisaacnet: calls $6
*** RIVER *** [9c 7s Js 5c] [3d]
jrisaacnet: checks
ToDaFelt: bets $6
jrisaacnet: calls $6
*** SHOW DOWN ***
ToDaFelt: shows [Th Jh] (a pair of Jacks)
jrisaacnet: mucks hand
ToDaFelt collected $41.50 from pot
*** SUMMARY ***
Total pot $42 | Rake $0.50
Board [9c 7s Js 5c 3d]
Seat 1: ToDaFelt (button) (small blind) showed [Th Jh] and won ($41.50) with a pair of Jacks
Seat 6: jrisaacnet (big blind) mucked


PokerStars Hand #158838492253:  Hold'em Limit ($3/$6 USD) - 2016/09/19 21:31:07 ET
Table 'Tercidina' 6-max Seat #6 is the button
Seat 1: ToDaFelt ($79.83 in chips)
Seat 6: jrisaacnet ($304.66 in chips)
jrisaacnet: posts small blind $1
ToDaFelt: posts big blind $3
*** HOLE CARDS ***
jrisaacnet: folds
Uncalled bet ($2) returned to ToDaFelt
ToDaFelt collected $2 from pot
ToDaFelt: doesn't show hand
*** SUMMARY ***
Total pot $2 | Rake $0
Seat 1: ToDaFelt (big blind) collected ($2)
Seat 6: jrisaacnet (button) (small blind) folded before Flop


PokerStars Hand #158838490237:  Hold'em Limit ($3/$6 USD) - 2016/09/19 21:31:01 ET
Table 'Tercidina' 6-max Seat #1 is the button
Seat 1: ToDaFelt ($80.83 in chips)
Seat 6: jrisaacnet ($303.66 in chips)
ToDaFelt: posts small blind $1
jrisaacnet: posts big blind $3
*** HOLE CARDS ***
ToDaFelt: folds
Uncalled bet ($2) returned to jrisaacnet
jrisaacnet collected $2 from pot
jrisaacnet: doesn't show hand
*** SUMMARY ***
Total pot $2 | Rake $0
Seat 1: ToDaFelt (button) (small blind) folded before Flop
Seat 6: jrisaacnet (big blind) collected ($2)


PokerStars Hand #158838515928:  Hold'em Limit ($3/$6 USD) - 2016/09/19 21:32:09 ET
Table 'Tercidina' 6-max Seat #1 is the button
Seat 1: ToDaFelt ($99.09 in chips)
Seat 6: jrisaacnet ($284.30 in chips)
ToDaFelt: posts small blind $1
jrisaacnet: posts big blind $3
*** HOLE CARDS ***
ToDaFelt: raises $3 to $6
jrisaacnet: calls $3
*** FLOP *** [Qh 4s 5c]
jrisaacnet: checks
ToDaFelt: bets $3
jrisaacnet: calls $3
*** TURN *** [Qh 4s 5c] [Th]
jrisaacnet: checks
ToDaFelt: bets $6
jrisaacnet: folds
Uncalled bet ($6) returned to ToDaFelt
ToDaFelt collected $17.64 from pot
ToDaFelt: doesn't show hand
*** SUMMARY ***
Total pot $18 | Rake $0.36
Board [Qh 4s 5c Th]
Seat 1: ToDaFelt (button) (small blind) collected ($17.64)
Seat 6: jrisaacnet (big blind) folded on the Turn


PokerStars Hand #158838513740:  Hold'em Limit ($3/$6 USD) - 2016/09/19 21:32:03 ET
Table 'Tercidina' 6-max Seat #6 is the button
Seat 1: ToDaFelt ($98.09 in chips)
Seat 6: jrisaacnet ($285.30 in chips)
jrisaacnet: posts small blind $1
ToDaFelt: posts big blind $3
*** HOLE CARDS ***
jrisaacnet: folds
Uncalled bet ($2) returned to ToDaFelt
ToDaFelt collected $2 from pot
ToDaFelt: doesn't show hand
*** SUMMARY ***
Total pot $2 | Rake $0
Seat 1: ToDaFelt (big blind) collected ($2)
Seat 6: jrisaacnet (button) (small blind) folded before Flop


PokerStars Hand #158838508705:  Hold'em Limit ($3/$6 USD) - 2016/09/19 21:31:50 ET
Table 'Tercidina' 6-max Seat #1 is the button
Seat 1: ToDaFelt ($107.09 in chips)
Seat 6: jrisaacnet ($276.66 in chips)
ToDaFelt: posts small blind $1
jrisaacnet: posts big blind $3
*** HOLE CARDS ***
ToDaFelt: raises $3 to $6
jrisaacnet: raises $3 to $9
ToDaFelt: calls $3
*** FLOP *** [5c 7c Ad]
jrisaacnet: bets $3
ToDaFelt: folds
Uncalled bet ($3) returned to jrisaacnet
jrisaacnet collected $17.64 from pot
jrisaacnet: doesn't show hand
*** SUMMARY ***
Total pot $18 | Rake $0.36
Board [5c 7c Ad]
Seat 1: ToDaFelt (button) (small blind) folded on the Flop
Seat 6: jrisaacnet (big blind) collected ($17.64)


PokerStars Hand #158838524697:  Hold'em Limit ($3/$6 USD) - 2016/09/19 21:32:32 ET
Table 'Tercidina' 6-max Seat #6 is the button
Seat 1: ToDaFelt ($107.73 in chips)
Seat 6: jrisaacnet ($275.30 in chips)
jrisaacnet: posts small blind $1
ToDaFelt: posts big blind $3
*** HOLE CARDS ***
jrisaacnet: calls $2
happyshine88 joins the table at seat #2
ToDaFelt: checks
*** FLOP *** [9c Kc 3s]
ToDaFelt: checks
jrisaacnet: checks
*** TURN *** [9c Kc 3s] [5h]
ToDaFelt: bets $6
jrisaacnet: calls $6
*** RIVER *** [9c Kc 3s 5h] [Kd]
ToDaFelt: bets $6
jrisaacnet: folds
Uncalled bet ($6) returned to ToDaFelt
ToDaFelt collected $17.64 from pot
ToDaFelt: doesn't show hand
*** SUMMARY ***
Total pot $18 | Rake $0.36
Board [9c Kc 3s 5h Kd]
Seat 1: ToDaFelt (big blind) collected ($17.64)
Seat 6: jrisaacnet (button) (small blind) folded on the River


PokerStars Hand #158838729127:  Hold'em Limit ($3/$6 USD) - 2016/09/19 21:41:16 ET
Table 'Tercidina' 6-max Seat #6 is the button
Seat 1: ToDaFelt ($233.79 in chips)
Seat 6: jrisaacnet ($212.81 in chips)
Evgenia56 will be allowed to play after the button
jrisaacnet: posts small blind $1
ToDaFelt: posts big blind $3
*** HOLE CARDS ***
jrisaacnet: raises $3 to $6
ToDaFelt: calls $3
*** FLOP *** [Ts 2h Qd]
ToDaFelt: checks
jrisaacnet: bets $3
ToDaFelt: folds
Uncalled bet ($3) returned to jrisaacnet
jrisaacnet collected $11.76 from pot
jrisaacnet: doesn't show hand
*** SUMMARY ***
Total pot $12 | Rake $0.24
Board [Ts 2h Qd]
Seat 1: ToDaFelt (big blind) folded on the Flop
Seat 6: jrisaacnet (button) (small blind) collected ($11.76)


PokerStars Hand #158842382353:  Hold'em Limit ($3/$6 USD) - 2016/09/20 1:17:07 ET
Table 'Tercidina' 6-max Seat #3 is the button
Seat 1: swics1202 ($635.92 in chips)
Seat 3: CharginWapos ($115.64 in chips)
CharginWapos: posts small blind $1
swics1202: posts big blind $3
*** HOLE CARDS ***
CharginWapos: folds
Uncalled bet ($2) returned to swics1202
swics1202 collected $2 from pot
*** SUMMARY ***
Total pot $2 | Rake $0
Seat 1: swics1202 (big blind) collected ($2)
Seat 3: CharginWapos (button) (small blind) folded before Flop


