PokerStars Hand #175929057019:  Hold'em Limit ($3/$6 USD) - 2017/09/21 9:32:30 ET
Table 'Tercidina II' 6-max Seat #1 is the button
Seat 1: kote1969 ($31 in chips)
Seat 4: Agrotait ($86.26 in chips)
kote1969: posts small blind $1
Agrotait: posts big blind $3
*** HOLE CARDS ***
kote1969: raises $3 to $6
Agrotait: calls $3
*** FLOP *** [8d 5s 6c]
Agrotait: checks
kote1969: bets $3
Agrotait: raises $3 to $6
kote1969: raises $3 to $9
Anchig joins the table at seat #2
Agrotait: calls $3
*** TURN *** [8d 5s 6c] [As]
Agrotait: checks
kote1969: bets $6
Agrotait: calls $6
*** RIVER *** [8d 5s 6c As] [Tc]
Agrotait: checks
kote1969: bets $6
Agrotait: folds
Uncalled bet ($6) returned to kote1969
kote1969 collected $41.50 from pot
kote1969: doesn't show hand
*** SUMMARY ***
Total pot $42 | Rake $0.50
Board [8d 5s 6c As Tc]
Seat 1: kote1969 (button) (small blind) collected ($41.50)
Seat 4: Agrotait (big blind) folded on the River


PokerStars Hand #175929047919:  Hold'em Limit ($3/$6 USD) - 2017/09/21 9:32:12 ET
Table 'Tercidina II' 6-max Seat #4 is the button
Seat 1: kote1969 ($37 in chips)
Seat 4: Agrotait ($80.50 in chips)
Agrotait: posts small blind $1
kote1969: posts big blind $3
*** HOLE CARDS ***
Agrotait: raises $3 to $6
kote1969: calls $3
*** FLOP *** [Ac Ks 4c]
kote1969: checks
Agrotait: bets $3
kote1969: folds
Uncalled bet ($3) returned to Agrotait
Agrotait collected $11.76 from pot
Agrotait: doesn't show hand
*** SUMMARY ***
Total pot $12 | Rake $0.24
Board [Ac Ks 4c]
Seat 1: kote1969 (big blind) folded on the Flop
Seat 4: Agrotait (button) (small blind) collected ($11.76)


PokerStars Hand #175929035912:  Hold'em Limit ($3/$6 USD) - 2017/09/21 9:31:48 ET
Table 'Tercidina II' 6-max Seat #1 is the button
Seat 1: kote1969 ($52 in chips)
Seat 4: Agrotait ($66 in chips)
kote1969: posts small blind $1
Agrotait: posts big blind $3
*** HOLE CARDS ***
kote1969: calls $2
Agrotait: raises $3 to $6
kote1969: calls $3
*** FLOP *** [4c 8c 2d]
Agrotait: bets $3
kote1969: calls $3
*** TURN *** [4c 8c 2d] [3c]
Agrotait: bets $6
kote1969: calls $6
*** RIVER *** [4c 8c 2d 3c] [2s]
Agrotait: bets $6
kote1969: folds
Uncalled bet ($6) returned to Agrotait
Agrotait collected $29.50 from pot
Agrotait: doesn't show hand
*** SUMMARY ***
Total pot $30 | Rake $0.50
Board [4c 8c 2d 3c 2s]
Seat 1: kote1969 (button) (small blind) folded on the River
Seat 4: Agrotait (big blind) collected ($29.50)


PokerStars Hand #175929073830:  Hold'em Limit ($3/$6 USD) - 2017/09/21 9:33:04 ET
Table 'Tercidina II' 6-max Seat #4 is the button
Seat 1: kote1969 ($51.50 in chips)
Seat 4: Agrotait ($65.26 in chips)
Agrotait: posts small blind $1
kote1969: posts big blind $3
*** HOLE CARDS ***
Agrotait: raises $3 to $6
kote1969: raises $3 to $9
Agrotait: calls $3
*** FLOP *** [8h 3c 2c]
kote1969: bets $3
Agrotait: folds
Uncalled bet ($3) returned to kote1969
kote1969 collected $17.64 from pot
kote1969: doesn't show hand
*** SUMMARY ***
Total pot $18 | Rake $0.36
Board [8h 3c 2c]
Seat 1: kote1969 (big blind) collected ($17.64)
Seat 4: Agrotait (button) (small blind) folded on the Flop


PokerStars Hand #175929130185:  Hold'em Limit ($3/$6 USD) - 2017/09/21 9:34:57 ET
Table 'Tercidina II' 6-max Seat #1 is the button
Seat 1: kote1969 ($81.98 in chips)
Seat 2: Anchig ($118.76 in chips)
kote1969: posts small blind $1
Anchig: posts big blind $3
*** HOLE CARDS ***
kote1969: folds
Uncalled bet ($2) returned to Anchig
Agrotait leaves the table
Voldemaras50 joins the table at seat #3
Anchig collected $2 from pot
Anchig: doesn't show hand
*** SUMMARY ***
Total pot $2 | Rake $0
Seat 1: kote1969 (button) (small blind) folded before Flop
Seat 2: Anchig (big blind) collected ($2)


PokerStars Hand #175929124378:  Hold'em Limit ($3/$6 USD) - 2017/09/21 9:34:45 ET
Table 'Tercidina II' 6-max Seat #2 is the button
Seat 1: kote1969 ($87.98 in chips)
Seat 2: Anchig ($113 in chips)
Anchig: posts small blind $1
Agrotait: is sitting out
kote1969: posts big blind $3
*** HOLE CARDS ***
Anchig: raises $3 to $6
kote1969: calls $3
*** FLOP *** [7c 7s Ac]
kote1969: checks
Anchig: bets $3
kote1969: folds
Uncalled bet ($3) returned to Anchig
Anchig collected $11.76 from pot
Anchig: doesn't show hand
*** SUMMARY ***
Total pot $12 | Rake $0.24
Board [7c 7s Ac]
Seat 1: kote1969 (big blind) folded on the Flop
Seat 2: Anchig (button) (small blind) collected ($11.76)


PokerStars Hand #175930911184:  Hold'em Limit ($3/$6 USD) - 2017/09/21 10:32:37 ET
Table 'Tercidina II' 6-max Seat #6 is the button
Seat 5: SONCKG ($154.93 in chips)
Seat 6: Dubris144 ($258.31 in chips)
Dubris144: posts small blind $1
SONCKG: posts big blind $3
*** HOLE CARDS ***
Dubris144: raises $3 to $6
SONCKG: calls $3
*** FLOP *** [Kh 6s Tc]
SONCKG: checks
Dubris144: bets $3
SONCKG: calls $3
*** TURN *** [Kh 6s Tc] [Ah]
SONCKG: checks
Dubris144: bets $6
SONCKG: folds
Uncalled bet ($6) returned to Dubris144
Dubris144 collected $17.64 from pot
Dubris144: doesn't show hand
*** SUMMARY ***
Total pot $18 | Rake $0.36
Board [Kh 6s Tc Ah]
Seat 5: SONCKG (big blind) folded on the Turn
Seat 6: Dubris144 (button) (small blind) collected ($17.64)


PokerStars Hand #175930899654:  Hold'em Limit ($3/$6 USD) - 2017/09/21 10:32:16 ET
Table 'Tercidina II' 6-max Seat #5 is the button
Seat 5: SONCKG ($160.93 in chips)
Seat 6: Dubris144 ($252.55 in chips)
SONCKG: posts small blind $1
Dubris144: posts big blind $3
*** HOLE CARDS ***
SONCKG: calls $2
Noah21 leaves the table
Dubris144: raises $3 to $6
SONCKG: calls $3
*** FLOP *** [6s 5d 2d]
Dubris144: bets $3
SONCKG: folds
Uncalled bet ($3) returned to Dubris144
Dubris144 collected $11.76 from pot
Dubris144: doesn't show hand
*** SUMMARY ***
Total pot $12 | Rake $0.24
Board [6s 5d 2d]
Seat 5: SONCKG (button) (small blind) folded on the Flop
Seat 6: Dubris144 (big blind) collected ($11.76)


