PokerStars Hand #152921837936:  Hold'em Limit ($3/$6 USD) - 2016/05/06 5:13:14 ET
Table 'Tercidina II' 6-max Seat #3 is the button
Seat 3: pipuuu ($120 in chips)
Seat 4: Mudager ($120 in chips)
pipuuu: posts small blind $1
Mudager: posts big blind $3
*** HOLE CARDS ***
pipuuu: raises $3 to $6
Mudager: calls $3
*** FLOP *** [Qc 9h 5h]
Mudager: checks
pipuuu: bets $3
Mudager: folds
Uncalled bet ($3) returned to pipuuu
pipuuu collected $11.76 from pot
*** SUMMARY ***
Total pot $12 | Rake $0.24
Board [Qc 9h 5h]
Seat 3: pipuuu (button) (small blind) collected ($11.76)
Seat 4: Mudager (big blind) folded on the Flop


PokerStars Hand #152921844209:  Hold'em Limit ($3/$6 USD) - 2016/05/06 5:13:31 ET
Table 'Tercidina II' 6-max Seat #4 is the button
Seat 3: pipuuu ($125.76 in chips)
Seat 4: Mudager ($120 in chips)
Mudager: posts small blind $1
pipuuu: posts big blind $3
*** HOLE CARDS ***
Mudager: raises $3 to $6
pipuuu: calls $3
*** FLOP *** [Td 7s Jh]
pipuuu: checks
Mudager: bets $3
pipuuu: folds
Uncalled bet ($3) returned to Mudager
Mudager collected $11.76 from pot
Mudager: doesn't show hand
*** SUMMARY ***
Total pot $12 | Rake $0.24
Board [Td 7s Jh]
Seat 3: pipuuu (big blind) folded on the Flop
Seat 4: Mudager (button) (small blind) collected ($11.76)


PokerStars Hand #152921849530:  Hold'em Limit ($3/$6 USD) - 2016/05/06 5:13:45 ET
Table 'Tercidina II' 6-max Seat #3 is the button
Seat 3: pipuuu ($119.76 in chips)
Seat 4: Mudager ($125.76 in chips)
pipuuu: posts small blind $1
Mudager: posts big blind $3
*** HOLE CARDS ***
pipuuu: raises $3 to $6
Mudager: calls $3
*** FLOP *** [5h 5c 6s]
richardlu819 joins the table at seat #6
Mudager: checks
pipuuu: checks
*** TURN *** [5h 5c 6s] [4s]
kolaz03 joins the table at seat #1
Mudager: bets $6
pipuuu: folds
Uncalled bet ($6) returned to Mudager
belik555 joins the table at seat #2
Mudager collected $11.76 from pot
Mudager: doesn't show hand
*** SUMMARY ***
Total pot $12 | Rake $0.24
Board [5h 5c 6s 4s]
Seat 3: pipuuu (button) (small blind) folded on the Turn
Seat 4: Mudager (big blind) collected ($11.76)


PokerStars Hand #152921940170:  Hold'em Limit ($3/$6 USD) - 2016/05/06 5:17:50 ET
Table 'Tercidina II' 6-max Seat #1 is the button
Seat 1: kolaz03 ($121.91 in chips)
Seat 6: richardlu819 ($78.25 in chips)
kolaz03: posts small blind $1
RockKillerTY: is sitting out
Mudager: is sitting out
richardlu819: posts big blind $3
*** HOLE CARDS ***
Mudager leaves the table
kolaz03: raises $3 to $6
richardlu819: calls $3
*** FLOP *** [Th 4s 5d]
richardlu819: checks
kolaz03: bets $3
richardlu819: calls $3
*** TURN *** [Th 4s 5d] [7d]
richardlu819: bets $6
kolaz03: raises $6 to $12
richardlu819: calls $6
*** RIVER *** [Th 4s 5d 7d] [Ac]
richardlu819: checks
kolaz03: bets $6
richardlu819: calls $6
*** SHOW DOWN ***
kolaz03: shows [8c 6s] (a straight, Four to Eight)
richardlu819: mucks hand
kolaz03 collected $53.50 from pot
*** SUMMARY ***
Total pot $54 | Rake $0.50
Board [Th 4s 5d 7d Ac]
Seat 1: kolaz03 (button) (small blind) showed [8c 6s] and won ($53.50) with a straight, Four to Eight
Seat 6: richardlu819 (big blind) mucked


PokerStars Hand #152921959812:  Hold'em Limit ($3/$6 USD) - 2016/05/06 5:18:42 ET
Table 'Tercidina II' 6-max Seat #6 is the button
Seat 1: kolaz03 ($148.41 in chips)
Seat 6: richardlu819 ($51.25 in chips)
richardlu819: posts small blind $1
kolaz03: posts big blind $3
*** HOLE CARDS ***
richardlu819: folds
Uncalled bet ($2) returned to kolaz03
kolaz03 collected $2 from pot
kolaz03: doesn't show hand
*** SUMMARY ***
Total pot $2 | Rake $0
Seat 1: kolaz03 (big blind) collected ($2)
Seat 6: richardlu819 (button) (small blind) folded before Flop


PokerStars Hand #152921955713:  Hold'em Limit ($3/$6 USD) - 2016/05/06 5:18:31 ET
Table 'Tercidina II' 6-max Seat #1 is the button
Seat 1: kolaz03 ($149.41 in chips)
Seat 6: richardlu819 ($50.25 in chips)
kolaz03: posts small blind $1
richardlu819: posts big blind $3
*** HOLE CARDS ***
kolaz03: folds
Uncalled bet ($2) returned to richardlu819
richardlu819 collected $2 from pot
richardlu819: doesn't show hand
*** SUMMARY ***
Total pot $2 | Rake $0
Seat 1: kolaz03 (button) (small blind) folded before Flop
Seat 6: richardlu819 (big blind) collected ($2)


PokerStars Hand #152921953672:  Hold'em Limit ($3/$6 USD) - 2016/05/06 5:18:26 ET
Table 'Tercidina II' 6-max Seat #6 is the button
Seat 1: kolaz03 ($148.41 in chips)
Seat 6: richardlu819 ($51.25 in chips)
richardlu819: posts small blind $1
kolaz03: posts big blind $3
*** HOLE CARDS ***
richardlu819: folds
Uncalled bet ($2) returned to kolaz03
kolaz03 collected $2 from pot
kolaz03: doesn't show hand
*** SUMMARY ***
Total pot $2 | Rake $0
Seat 1: kolaz03 (big blind) collected ($2)
Seat 6: richardlu819 (button) (small blind) folded before Flop


PokerStars Hand #152921962025:  Hold'em Limit ($3/$6 USD) - 2016/05/06 5:18:48 ET
Table 'Tercidina II' 6-max Seat #1 is the button
Seat 1: kolaz03 ($149.41 in chips)
Seat 6: richardlu819 ($50.25 in chips)
kolaz03: posts small blind $1
richardlu819: posts big blind $3
*** HOLE CARDS ***
kolaz03: folds
Uncalled bet ($2) returned to richardlu819
richardlu819 collected $2 from pot
richardlu819: doesn't show hand
*** SUMMARY ***
Total pot $2 | Rake $0
Seat 1: kolaz03 (button) (small blind) folded before Flop
Seat 6: richardlu819 (big blind) collected ($2)


PokerStars Hand #152921964706:  Hold'em Limit ($3/$6 USD) - 2016/05/06 5:18:55 ET
Table 'Tercidina II' 6-max Seat #6 is the button
Seat 1: kolaz03 ($148.41 in chips)
Seat 6: richardlu819 ($51.25 in chips)
richardlu819: posts small blind $1
kolaz03: posts big blind $3
*** HOLE CARDS ***
richardlu819: raises $3 to $6
kolaz03: calls $3
*** FLOP *** [8c 5s Js]
kolaz03: checks
richardlu819: bets $3
RockKillerTY leaves the table
kolaz03: calls $3
*** TURN *** [8c 5s Js] [4s]
kolaz03: checks
richardlu819: bets $6
kolaz03: calls $6
*** RIVER *** [8c 5s Js 4s] [6h]
kolaz03: checks
richardlu819: bets $6
kolaz03: calls $6
*** SHOW DOWN ***
richardlu819: shows [2d Qs] (high card Queen)
kolaz03: shows [9d 5d] (a pair of Fives)
kolaz03 collected $41.50 from pot
*** SUMMARY ***
Total pot $42 | Rake $0.50
Board [8c 5s Js 4s 6h]
Seat 1: kolaz03 (big blind) showed [9d 5d] and won ($41.50) with a pair of Fives
Seat 6: richardlu819 (button) (small blind) showed [2d Qs] and lost with high card Queen


