PokerStars Hand #146557321617:  Hold'em Limit ($3/$6 USD) - 2016/01/06 6:24:44 ET
Table 'Tercidina III' 2-max Seat #2 is the button
Seat 1: baur017017 ($33 in chips)
Seat 2: MTails ($120 in chips)
MTails: posts small blind $1
baur017017: posts big blind $3
*** HOLE CARDS ***
MTails: raises $3 to $6
baur017017: raises $3 to $9
MTails: calls $3
*** FLOP *** [5h 8c Ks]
baur017017: bets $3
MTails: calls $3
*** TURN *** [5h 8c Ks] [As]
baur017017: bets $6
MTails: folds
Uncalled bet ($6) returned to baur017017
baur017017 collected $23.52 from pot
*** SUMMARY ***
Total pot $24 | Rake $0.48
Board [5h 8c Ks As]
Seat 1: baur017017 (big blind) collected ($23.52)
Seat 2: MTails (button) (small blind) folded on the Turn


PokerStars Hand #146557341735:  Hold'em Limit ($3/$6 USD) - 2016/01/06 6:25:20 ET
Table 'Tercidina III' 2-max Seat #1 is the button
Seat 1: baur017017 ($44.52 in chips)
Seat 2: MTails ($108 in chips)
baur017017: posts small blind $1
MTails: posts big blind $3
*** HOLE CARDS ***
baur017017: folds
Uncalled bet ($2) returned to MTails
MTails collected $2 from pot
*** SUMMARY ***
Total pot $2 | Rake $0
Seat 1: baur017017 (button) (small blind) folded before Flop
Seat 2: MTails (big blind) collected ($2)


PokerStars Hand #146557373183:  Hold'em Limit ($3/$6 USD) - 2016/01/06 6:26:15 ET
Table 'Tercidina III' 2-max Seat #2 is the button
Seat 1: baur017017 ($16.52 in chips)
Seat 2: MTails ($135.26 in chips)
MTails: posts small blind $1
baur017017: posts big blind $3
*** HOLE CARDS ***
MTails: folds
Uncalled bet ($2) returned to baur017017
baur017017 collected $2 from pot
*** SUMMARY ***
Total pot $2 | Rake $0
Seat 1: baur017017 (big blind) collected ($2)
Seat 2: MTails (button) (small blind) folded before Flop


PokerStars Hand #146557361067:  Hold'em Limit ($3/$6 USD) - 2016/01/06 6:25:54 ET
Table 'Tercidina III' 2-max Seat #1 is the button
Seat 1: baur017017 ($22.52 in chips)
Seat 2: MTails ($129.50 in chips)
baur017017: posts small blind $1
MTails: posts big blind $3
*** HOLE CARDS ***
baur017017: raises $3 to $6
MTails: calls $3
*** FLOP *** [4d 5d Tc]
MTails: checks
baur017017: checks
*** TURN *** [4d 5d Tc] [8h]
MTails: bets $6
baur017017: folds
Uncalled bet ($6) returned to MTails
MTails collected $11.76 from pot
*** SUMMARY ***
Total pot $12 | Rake $0.24
Board [4d 5d Tc 8h]
Seat 1: baur017017 (button) (small blind) folded on the Turn
Seat 2: MTails (big blind) collected ($11.76)


PokerStars Hand #146557376034:  Hold'em Limit ($3/$6 USD) - 2016/01/06 6:26:21 ET
Table 'Tercidina III' 2-max Seat #1 is the button
Seat 1: baur017017 ($17.52 in chips)
Seat 2: MTails ($134.26 in chips)
baur017017: posts small blind $1
MTails: posts big blind $3
*** HOLE CARDS ***
baur017017: raises $3 to $6
MTails: calls $3
*** FLOP *** [6h 8c Th]
MTails: checks
baur017017: bets $3
MTails: folds
Uncalled bet ($3) returned to baur017017
baur017017 collected $11.76 from pot
*** SUMMARY ***
Total pot $12 | Rake $0.24
Board [6h 8c Th]
Seat 1: baur017017 (button) (small blind) collected ($11.76)
Seat 2: MTails (big blind) folded on the Flop


PokerStars Hand #146557390015:  Hold'em Limit ($3/$6 USD) - 2016/01/06 6:26:45 ET
Table 'Tercidina III' 2-max Seat #1 is the button
Seat 1: baur017017 ($31.92 in chips)
Seat 2: MTails ($119.26 in chips)
baur017017: posts small blind $1
MTails: posts big blind $3
*** HOLE CARDS ***
baur017017: folds
Uncalled bet ($2) returned to MTails
MTails collected $2 from pot
*** SUMMARY ***
Total pot $2 | Rake $0
Seat 1: baur017017 (button) (small blind) folded before Flop
Seat 2: MTails (big blind) collected ($2)


PokerStars Hand #146557382900:  Hold'em Limit ($3/$6 USD) - 2016/01/06 6:26:33 ET
Table 'Tercidina III' 2-max Seat #2 is the button
Seat 1: baur017017 ($23.28 in chips)
Seat 2: MTails ($128.26 in chips)
MTails: posts small blind $1
baur017017: posts big blind $3
*** HOLE CARDS ***
MTails: raises $3 to $6
baur017017: raises $3 to $9
MTails: calls $3
*** FLOP *** [Kd 8d 4d]
baur017017: bets $3
MTails: folds
Uncalled bet ($3) returned to baur017017
baur017017 collected $17.64 from pot
*** SUMMARY ***
Total pot $18 | Rake $0.36
Board [Kd 8d 4d]
Seat 1: baur017017 (big blind) collected ($17.64)
Seat 2: MTails (button) (small blind) folded on the Flop


PokerStars Hand #146557394172:  Hold'em Limit ($3/$6 USD) - 2016/01/06 6:26:53 ET
Table 'Tercidina III' 2-max Seat #2 is the button
Seat 1: baur017017 ($30.92 in chips)
Seat 2: MTails ($120.26 in chips)
MTails: posts small blind $1
baur017017: posts big blind $3
*** HOLE CARDS ***
MTails: raises $3 to $6
baur017017: raises $3 to $9
MTails: calls $3
*** FLOP *** [Ks 2d 3c]
baur017017: bets $3
MTails: calls $3
*** TURN *** [Ks 2d 3c] [2h]
baur017017: bets $6
MTails: raises $6 to $12
baur017017: calls $6
*** RIVER *** [Ks 2d 3c 2h] [5c]
baur017017: checks
MTails: bets $6
baur017017: calls $6
*** SHOW DOWN ***
MTails: shows [4c Kc] (two pair, Kings and Deuces)
baur017017: mucks hand
MTails collected $59.50 from pot
*** SUMMARY ***
Total pot $60 | Rake $0.50
Board [Ks 2d 3c 2h 5c]
Seat 1: baur017017 (big blind) mucked
Seat 2: MTails (button) (small blind) showed [4c Kc] and won ($59.50) with two pair, Kings and Deuces


PokerStars Hand #146585519473:  Hold'em Limit ($3/$6 USD) - 2016/01/06 15:47:51 ET
Table 'Tercidina III' 2-max Seat #2 is the button
Seat 1: ser111555 ($140.02 in chips)
Seat 2: Kostetikus ($72 in chips)
Kostetikus: posts small blind $1
ser111555: posts big blind $3
*** HOLE CARDS ***
Kostetikus: raises $3 to $6
ser111555: calls $3
*** FLOP *** [3c Ts 7c]
ser111555: checks
Kostetikus: bets $3
ser111555: calls $3
*** TURN *** [3c Ts 7c] [Ad]
ser111555: bets $6
Kostetikus: raises $6 to $12
ser111555: calls $6
*** RIVER *** [3c Ts 7c Ad] [3d]
ser111555: bets $6
Kostetikus: folds
Uncalled bet ($6) returned to ser111555
ser111555 collected $41.50 from pot
ser111555: doesn't show hand
*** SUMMARY ***
Total pot $42 | Rake $0.50
Board [3c Ts 7c Ad 3d]
Seat 1: ser111555 (big blind) collected ($41.50)
Seat 2: Kostetikus (button) (small blind) folded on the River


PokerStars Hand #146585544489:  Hold'em Limit ($3/$6 USD) - 2016/01/06 15:48:15 ET
Table 'Tercidina III' 2-max Seat #1 is the button
Seat 1: ser111555 ($160.52 in chips)
Seat 2: Kostetikus ($72 in chips)
ser111555: posts small blind $1
Kostetikus: posts big blind $3
*** HOLE CARDS ***
ser111555: calls $2
Kostetikus: checks
*** FLOP *** [2c 2s Kc]
Kostetikus: checks
ser111555: bets $3
Kostetikus: folds
Uncalled bet ($3) returned to ser111555
ser111555 collected $5.88 from pot
ser111555: doesn't show hand
*** SUMMARY ***
Total pot $6 | Rake $0.12
Board [2c 2s Kc]
Seat 1: ser111555 (button) (small blind) collected ($5.88)
Seat 2: Kostetikus (big blind) folded on the Flop


PokerStars Hand #146585557323:  Hold'em Limit ($3/$6 USD) - 2016/01/06 15:48:27 ET
Table 'Tercidina III' 2-max Seat #2 is the button
Seat 1: ser111555 ($163.40 in chips)
Seat 2: Kostetikus ($72 in chips)
Kostetikus: posts small blind $1
ser111555: posts big blind $3
*** HOLE CARDS ***
Kostetikus: folds
Uncalled bet ($2) returned to ser111555
ser111555 collected $2 from pot
ser111555: doesn't show hand
*** SUMMARY ***
Total pot $2 | Rake $0
Seat 1: ser111555 (big blind) collected ($2)
Seat 2: Kostetikus (button) (small blind) folded before Flop


PokerStars Hand #146585595967:  Hold'em Limit ($3/$6 USD) - 2016/01/06 15:49:03 ET
Table 'Tercidina III' 2-max Seat #1 is the button
Seat 1: ser111555 ($175.92 in chips)
Seat 2: Kostetikus ($72 in chips)
ser111555: posts small blind $1
Kostetikus: posts big blind $3
*** HOLE CARDS ***
ser111555: calls $2
Kostetikus: checks
*** FLOP *** [Ts Th 3c]
Kostetikus: bets $3
ser111555: calls $3
*** TURN *** [Ts Th 3c] [5d]
Kostetikus: checks
ser111555: checks
*** RIVER *** [Ts Th 3c 5d] [Ad]
Kostetikus: checks
ser111555: checks
*** SHOW DOWN ***
Kostetikus: shows [8h 4c] (a pair of Tens)
ser111555: shows [Jd 9c] (a pair of Tens - Ace+Jack kicker)
ser111555 collected $11.76 from pot
*** SUMMARY ***
Total pot $12 | Rake $0.24
Board [Ts Th 3c 5d Ad]
Seat 1: ser111555 (button) (small blind) showed [Jd 9c] and won ($11.76) with a pair of Tens
Seat 2: Kostetikus (big blind) showed [8h 4c] and lost with a pair of Tens


PokerStars Hand #146585562111:  Hold'em Limit ($3/$6 USD) - 2016/01/06 15:48:31 ET
Table 'Tercidina III' 2-max Seat #1 is the button
Seat 1: ser111555 ($164.40 in chips)
Seat 2: Kostetikus ($72 in chips)
ser111555: posts small blind $1
Kostetikus: posts big blind $3
*** HOLE CARDS ***
ser111555: calls $2
Kostetikus: checks
*** FLOP *** [7d Qh 7h]
Kostetikus: checks
ser111555: checks
*** TURN *** [7d Qh 7h] [Jh]
Kostetikus: checks
ser111555: bets $6
Kostetikus: folds
Uncalled bet ($6) returned to ser111555
ser111555 collected $5.88 from pot
ser111555: doesn't show hand
*** SUMMARY ***
Total pot $6 | Rake $0.12
Board [7d Qh 7h Jh]
Seat 1: ser111555 (button) (small blind) collected ($5.88)
Seat 2: Kostetikus (big blind) folded on the Turn


PokerStars Hand #146585581131:  Hold'em Limit ($3/$6 USD) - 2016/01/06 15:48:49 ET
Table 'Tercidina III' 2-max Seat #2 is the button
Seat 1: ser111555 ($167.28 in chips)
Seat 2: Kostetikus ($72 in chips)
Kostetikus: posts small blind $1
ser111555: posts big blind $3
*** HOLE CARDS ***
Kostetikus: raises $3 to $6
ser111555: raises $3 to $9
Kostetikus: calls $3
*** FLOP *** [Kc 2c 7h]
ser111555: bets $3
Kostetikus: folds
Uncalled bet ($3) returned to ser111555
ser111555 collected $17.64 from pot
ser111555: doesn't show hand
*** SUMMARY ***
Total pot $18 | Rake $0.36
Board [Kc 2c 7h]
Seat 1: ser111555 (big blind) collected ($17.64)
Seat 2: Kostetikus (button) (small blind) folded on the Flop


PokerStars Hand #146585655579:  Hold'em Limit ($3/$6 USD) - 2016/01/06 15:49:59 ET
Table 'Tercidina III' 2-max Seat #2 is the button
Seat 1: ser111555 ($157.68 in chips)
Seat 2: Kostetikus ($95.38 in chips)
Kostetikus: posts small blind $1
ser111555: posts big blind $3
*** HOLE CARDS ***
Kostetikus: raises $3 to $6
ser111555: calls $3
*** FLOP *** [9c 7d Tc]
ser111555: bets $3
Kostetikus: calls $3
*** TURN *** [9c 7d Tc] [2d]
ser111555: bets $6
Kostetikus: raises $6 to $12
ser111555: calls $6
*** RIVER *** [9c 7d Tc 2d] [2h]
ser111555: bets $6
Kostetikus: raises $6 to $12
ser111555: calls $6
*** SHOW DOWN ***
Kostetikus: shows [Ac Ts] (two pair, Tens and Deuces)
ser111555: shows [2s 8h] (three of a kind, Deuces)
ser111555 collected $65.50 from pot
*** SUMMARY ***
Total pot $66 | Rake $0.50
Board [9c 7d Tc 2d 2h]
Seat 1: ser111555 (big blind) showed [2s 8h] and won ($65.50) with three of a kind, Deuces
Seat 2: Kostetikus (button) (small blind) showed [Ac Ts] and lost with two pair, Tens and Deuces


PokerStars Hand #146585615280:  Hold'em Limit ($3/$6 USD) - 2016/01/06 15:49:21 ET
Table 'Tercidina III' 2-max Seat #2 is the button
Seat 1: ser111555 ($181.68 in chips)
Seat 2: Kostetikus ($72 in chips)
Kostetikus: posts small blind $1
ser111555: posts big blind $3
*** HOLE CARDS ***
Kostetikus: raises $3 to $6
ser111555: calls $3
*** FLOP *** [Th 4s Js]
ser111555: checks
Kostetikus: bets $3
ser111555: calls $3
*** TURN *** [Th 4s Js] [Qc]
ser111555: bets $6
Kostetikus: raises $6 to $12
ser111555: calls $6
*** RIVER *** [Th 4s Js Qc] [7s]
ser111555: checks
Kostetikus: bets $6
ser111555: folds
Uncalled bet ($6) returned to Kostetikus
Kostetikus collected $41.50 from pot
Kostetikus: doesn't show hand
*** SUMMARY ***
Total pot $42 | Rake $0.50
Board [Th 4s Js Qc 7s]
Seat 1: ser111555 (big blind) folded on the River
Seat 2: Kostetikus (button) (small blind) collected ($41.50)


PokerStars Hand #146585639988:  Hold'em Limit ($3/$6 USD) - 2016/01/06 15:49:44 ET
Table 'Tercidina III' 2-max Seat #1 is the button
Seat 1: ser111555 ($160.68 in chips)
Seat 2: Kostetikus ($92.50 in chips)
ser111555: posts small blind $1
Kostetikus: posts big blind $3
*** HOLE CARDS ***
ser111555: calls $2
Kostetikus: checks
*** FLOP *** [5s 6c Td]
Kostetikus: checks
ser111555: checks
*** TURN *** [5s 6c Td] [9h]
Kostetikus: bets $6
ser111555: folds
Uncalled bet ($6) returned to Kostetikus
Kostetikus collected $5.88 from pot
Kostetikus: doesn't show hand
*** SUMMARY ***
Total pot $6 | Rake $0.12
Board [5s 6c Td 9h]
Seat 1: ser111555 (button) (small blind) folded on the Turn
Seat 2: Kostetikus (big blind) collected ($5.88)


PokerStars Hand #146585721743:  Hold'em Limit ($3/$6 USD) - 2016/01/06 15:51:01 ET
Table 'Tercidina III' 2-max Seat #2 is the button
Seat 1: ser111555 ($172.18 in chips)
Seat 2: Kostetikus ($89.50 in chips)
Kostetikus: posts small blind $1
ser111555: posts big blind $3
*** HOLE CARDS ***
Kostetikus: raises $3 to $6
ser111555: calls $3
*** FLOP *** [Ks 9c 6s]
ser111555: checks
Kostetikus: bets $3
ser111555: calls $3
*** TURN *** [Ks 9c 6s] [3s]
ser111555: bets $6
Kostetikus: raises $6 to $12
ser111555: calls $6
*** RIVER *** [Ks 9c 6s 3s] [7s]
ser111555: bets $6
Kostetikus: calls $6
*** SHOW DOWN ***
ser111555: shows [3c Ad] (a pair of Threes)
Kostetikus: shows [9s Kc] (a flush, King high)
Kostetikus collected $53.50 from pot
*** SUMMARY ***
Total pot $54 | Rake $0.50
Board [Ks 9c 6s 3s 7s]
Seat 1: ser111555 (big blind) showed [3c Ad] and lost with a pair of Threes
Seat 2: Kostetikus (button) (small blind) showed [9s Kc] and won ($53.50) with a flush, King high


PokerStars Hand #146585687376:  Hold'em Limit ($3/$6 USD) - 2016/01/06 15:50:29 ET
Table 'Tercidina III' 2-max Seat #1 is the button
Seat 1: ser111555 ($190.18 in chips)
Seat 2: Kostetikus ($72 in chips)
ser111555: posts small blind $1
Kostetikus: posts big blind $3
*** HOLE CARDS ***
ser111555: calls $2
Kostetikus: checks
*** FLOP *** [Qh 8h 5d]
Kostetikus: checks
ser111555: bets $3
Kostetikus: calls $3
*** TURN *** [Qh 8h 5d] [7h]
Kostetikus: checks
ser111555: checks
*** RIVER *** [Qh 8h 5d 7h] [Ah]
Kostetikus: bets $6
ser111555: raises $6 to $12
Kostetikus: calls $6
*** SHOW DOWN ***
ser111555: shows [3c Th] (a flush, Ace high)
Kostetikus: shows [5s Jh] (a flush, Ace high - Jack higher)
Kostetikus collected $35.50 from pot
*** SUMMARY ***
Total pot $36 | Rake $0.50
Board [Qh 8h 5d 7h Ah]
Seat 1: ser111555 (button) (small blind) showed [3c Th] and lost with a flush, Ace high
Seat 2: Kostetikus (big blind) showed [5s Jh] and won ($35.50) with a flush, Ace high


PokerStars Hand #146585786317:  Hold'em Limit ($3/$6 USD) - 2016/01/06 15:52:02 ET
Table 'Tercidina III' 2-max Seat #1 is the button
Seat 1: ser111555 ($159.68 in chips)
Seat 2: Kostetikus ($100.76 in chips)
ser111555: posts small blind $1
Kostetikus: posts big blind $3
*** HOLE CARDS ***
ser111555: calls $2
Kostetikus: raises $3 to $6
ser111555: calls $3
*** FLOP *** [4c 8s Jh]
Kostetikus: bets $3
ser111555: raises $3 to $6
Kostetikus: calls $3
*** TURN *** [4c 8s Jh] [7h]
Kostetikus: checks
ser111555: bets $6
Kostetikus: calls $6
*** RIVER *** [4c 8s Jh 7h] [5s]
Kostetikus: checks
ser111555: bets $6
Kostetikus: folds
Uncalled bet ($6) returned to ser111555
ser111555 collected $35.50 from pot
ser111555: doesn't show hand
*** SUMMARY ***
Total pot $36 | Rake $0.50
Board [4c 8s Jh 7h 5s]
Seat 1: ser111555 (button) (small blind) collected ($35.50)
Seat 2: Kostetikus (big blind) folded on the River


PokerStars Hand #146585750448:  Hold'em Limit ($3/$6 USD) - 2016/01/06 15:51:28 ET
Table 'Tercidina III' 2-max Seat #1 is the button
Seat 1: ser111555 ($145.18 in chips)
Seat 2: Kostetikus ($116 in chips)
ser111555: posts small blind $1
Kostetikus: posts big blind $3
*** HOLE CARDS ***
ser111555: raises $3 to $6
Kostetikus: calls $3
*** FLOP *** [5c 2h 9c]
Kostetikus: checks
ser111555: bets $3
Kostetikus: calls $3
*** TURN *** [5c 2h 9c] [6c]
Kostetikus: checks
ser111555: bets $6
Kostetikus: calls $6
*** RIVER *** [5c 2h 9c 6c] [7h]
Kostetikus: checks
ser111555: bets $6
Kostetikus: calls $6
*** SHOW DOWN ***
ser111555: shows [Th Tc] (a pair of Tens)
Kostetikus: mucks hand
ser111555 collected $41.50 from pot
*** SUMMARY ***
Total pot $42 | Rake $0.50
Board [5c 2h 9c 6c 7h]
Seat 1: ser111555 (button) (small blind) showed [Th Tc] and won ($41.50) with a pair of Tens
Seat 2: Kostetikus (big blind) mucked


PokerStars Hand #146585771160:  Hold'em Limit ($3/$6 USD) - 2016/01/06 15:51:48 ET
Table 'Tercidina III' 2-max Seat #2 is the button
Seat 1: ser111555 ($165.68 in chips)
Seat 2: Kostetikus ($95 in chips)
Kostetikus: posts small blind $1
ser111555: posts big blind $3
*** HOLE CARDS ***
Kostetikus: raises $3 to $6
ser111555: calls $3
*** FLOP *** [6s 9h 6h]
ser111555: checks
Kostetikus: bets $3
ser111555: folds
Uncalled bet ($3) returned to Kostetikus
Kostetikus collected $11.76 from pot
Kostetikus: doesn't show hand
*** SUMMARY ***
Total pot $12 | Rake $0.24
Board [6s 9h 6h]
Seat 1: ser111555 (big blind) folded on the Flop
Seat 2: Kostetikus (button) (small blind) collected ($11.76)


PokerStars Hand #146585862323:  Hold'em Limit ($3/$6 USD) - 2016/01/06 15:53:13 ET
Table 'Tercidina III' 2-max Seat #1 is the button
Seat 1: ser111555 ($200.32 in chips)
Seat 2: Kostetikus ($72 in chips)
ser111555: posts small blind $1
Kostetikus: posts big blind $3
*** HOLE CARDS ***
ser111555: calls $2
Kostetikus: checks
*** FLOP *** [4c 6c 7s]
Kostetikus: checks
ser111555: bets $3
Kostetikus: calls $3
*** TURN *** [4c 6c 7s] [9s]
Kostetikus: checks
ser111555: bets $6
Kostetikus: calls $6
*** RIVER *** [4c 6c 7s 9s] [7h]
Kostetikus: checks
ser111555: bets $6
Kostetikus: calls $6
*** SHOW DOWN ***
ser111555: shows [7d 8s] (three of a kind, Sevens)
Kostetikus: mucks hand
ser111555 collected $35.50 from pot
*** SUMMARY ***
Total pot $36 | Rake $0.50
Board [4c 6c 7s 9s 7h]
Seat 1: ser111555 (button) (small blind) showed [7d 8s] and won ($35.50) with three of a kind, Sevens
Seat 2: Kostetikus (big blind) mucked


PokerStars Hand #146585810505:  Hold'em Limit ($3/$6 USD) - 2016/01/06 15:52:25 ET
Table 'Tercidina III' 2-max Seat #2 is the button
Seat 1: ser111555 ($177.18 in chips)
Seat 2: Kostetikus ($82.76 in chips)
Kostetikus: posts small blind $1
ser111555: posts big blind $3
*** HOLE CARDS ***
Kostetikus: raises $3 to $6
ser111555: calls $3
*** FLOP *** [Kh Kc Td]
ser111555: bets $3
Kostetikus: raises $3 to $6
ser111555: calls $3
*** TURN *** [Kh Kc Td] [Th]
ser111555: checks
Kostetikus: checks
*** RIVER *** [Kh Kc Td Th] [Kd]
ser111555: checks
Kostetikus: checks
*** SHOW DOWN ***
ser111555: shows [Jh Ad] (a full house, Kings full of Tens)
Kostetikus: shows [Ah Jc] (a full house, Kings full of Tens)
ser111555 collected $11.76 from pot
Kostetikus collected $11.76 from pot
*** SUMMARY ***
Total pot $24 | Rake $0.48
Board [Kh Kc Td Th Kd]
Seat 1: ser111555 (big blind) showed [Jh Ad] and won ($11.76) with a full house, Kings full of Tens
Seat 2: Kostetikus (button) (small blind) showed [Ah Jc] and won ($11.76) with a full house, Kings full of Tens


PokerStars Hand #146585832737:  Hold'em Limit ($3/$6 USD) - 2016/01/06 15:52:46 ET
Table 'Tercidina III' 2-max Seat #1 is the button
Seat 1: ser111555 ($176.94 in chips)
Seat 2: Kostetikus ($82.52 in chips)
ser111555: posts small blind $1
Kostetikus: posts big blind $3
*** HOLE CARDS ***
ser111555: calls $2
Kostetikus: checks
*** FLOP *** [Ah 3h Ks]
Kostetikus: checks
ser111555: bets $3
Kostetikus: folds
Uncalled bet ($3) returned to ser111555
ser111555 collected $5.88 from pot
ser111555: doesn't show hand
*** SUMMARY ***
Total pot $6 | Rake $0.12
Board [Ah 3h Ks]
Seat 1: ser111555 (button) (small blind) collected ($5.88)
Seat 2: Kostetikus (big blind) folded on the Flop


PokerStars Hand #146585844362:  Hold'em Limit ($3/$6 USD) - 2016/01/06 15:52:57 ET
Table 'Tercidina III' 2-max Seat #2 is the button
Seat 1: ser111555 ($179.82 in chips)
Seat 2: Kostetikus ($79.52 in chips)
Kostetikus: posts small blind $1
ser111555: posts big blind $3
*** HOLE CARDS ***
Kostetikus: raises $3 to $6
ser111555: raises $3 to $9
Kostetikus: calls $3
*** FLOP *** [Kh 2s Qs]
ser111555: checks
Kostetikus: checks
*** TURN *** [Kh 2s Qs] [5s]
ser111555: bets $6
Kostetikus: calls $6
*** RIVER *** [Kh 2s Qs 5s] [5d]
ser111555: bets $6
Kostetikus: calls $6
*** SHOW DOWN ***
ser111555: shows [Tc Th] (two pair, Tens and Fives)
Kostetikus: mucks hand
ser111555 collected $41.50 from pot
*** SUMMARY ***
Total pot $42 | Rake $0.50
Board [Kh 2s Qs 5s 5d]
Seat 1: ser111555 (big blind) showed [Tc Th] and won ($41.50) with two pair, Tens and Fives
Seat 2: Kostetikus (button) (small blind) mucked


PokerStars Hand #146585901056:  Hold'em Limit ($3/$6 USD) - 2016/01/06 15:53:50 ET
Table 'Tercidina III' 2-max Seat #1 is the button
Seat 1: ser111555 ($218.82 in chips)
Seat 2: Kostetikus ($72 in chips)
ser111555: posts small blind $1
Kostetikus: posts big blind $3
*** HOLE CARDS ***
ser111555: calls $2
Kostetikus: checks
*** FLOP *** [Ad 3h 2c]
Kostetikus: bets $3
ser111555: calls $3
*** TURN *** [Ad 3h 2c] [4s]
Kostetikus: checks
ser111555: bets $6
Kostetikus: folds
Uncalled bet ($6) returned to ser111555
ser111555 collected $11.76 from pot
ser111555: doesn't show hand
*** SUMMARY ***
Total pot $12 | Rake $0.24
Board [Ad 3h 2c 4s]
Seat 1: ser111555 (button) (small blind) collected ($11.76)
Seat 2: Kostetikus (big blind) folded on the Turn


PokerStars Hand #146585882578:  Hold'em Limit ($3/$6 USD) - 2016/01/06 15:53:33 ET
Table 'Tercidina III' 2-max Seat #2 is the button
Seat 1: ser111555 ($217.82 in chips)
Seat 2: Kostetikus ($72 in chips)
Kostetikus: posts small blind $1
ser111555: posts big blind $3
*** HOLE CARDS ***
Kostetikus: folds
Uncalled bet ($2) returned to ser111555
ser111555 collected $2 from pot
ser111555: doesn't show hand
*** SUMMARY ***
Total pot $2 | Rake $0
Seat 1: ser111555 (big blind) collected ($2)
Seat 2: Kostetikus (button) (small blind) folded before Flop


PokerStars Hand #146585923960:  Hold'em Limit ($3/$6 USD) - 2016/01/06 15:54:12 ET
Table 'Tercidina III' 2-max Seat #2 is the button
Seat 1: ser111555 ($224.58 in chips)
Seat 2: Kostetikus ($72 in chips)
Kostetikus: posts small blind $1
ser111555: posts big blind $3
*** HOLE CARDS ***
Kostetikus: raises $3 to $6
ser111555: raises $3 to $9
Kostetikus: calls $3
*** FLOP *** [Js Ac 6s]
ser111555: checks
Kostetikus: checks
*** TURN *** [Js Ac 6s] [9s]
ser111555: checks
Kostetikus: checks
*** RIVER *** [Js Ac 6s 9s] [4d]
ser111555: checks
Kostetikus: checks
*** SHOW DOWN ***
ser111555: shows [2d Qd] (high card Ace)
Kostetikus: shows [Qs 3c] (high card Ace)
ser111555 collected $8.82 from pot
Kostetikus collected $8.82 from pot
*** SUMMARY ***
Total pot $18 | Rake $0.36
Board [Js Ac 6s 9s 4d]
Seat 1: ser111555 (big blind) showed [2d Qd] and won ($8.82) with high card Ace
Seat 2: Kostetikus (button) (small blind) showed [Qs 3c] and won ($8.82) with high card Ace


PokerStars Hand #146585953478:  Hold'em Limit ($3/$6 USD) - 2016/01/06 15:54:40 ET
Table 'Tercidina III' 2-max Seat #1 is the button
Seat 1: ser111555 ($224.40 in chips)
Seat 2: Kostetikus ($72 in chips)
ser111555: posts small blind $1
Kostetikus: posts big blind $3
*** HOLE CARDS ***
ser111555: calls $2
Kostetikus: raises $3 to $6
ser111555: calls $3
*** FLOP *** [Qc Qd 2d]
Kostetikus: bets $3
ser111555: calls $3
*** TURN *** [Qc Qd 2d] [Jc]
Kostetikus: bets $6
ser111555: folds
Uncalled bet ($6) returned to Kostetikus
Kostetikus collected $17.64 from pot
Kostetikus: doesn't show hand
*** SUMMARY ***
Total pot $18 | Rake $0.36
Board [Qc Qd 2d Jc]
Seat 1: ser111555 (button) (small blind) folded on the Turn
Seat 2: Kostetikus (big blind) collected ($17.64)


PokerStars Hand #146585979446:  Hold'em Limit ($3/$6 USD) - 2016/01/06 15:55:04 ET
Table 'Tercidina III' 2-max Seat #2 is the button
Seat 1: ser111555 ($215.40 in chips)
Seat 2: Kostetikus ($80.64 in chips)
Kostetikus: posts small blind $1
ser111555: posts big blind $3
*** HOLE CARDS ***
Kostetikus: raises $3 to $6
ser111555: calls $3
*** FLOP *** [Js Ad 6s]
ser111555: checks
Kostetikus: bets $3
ser111555: folds
Uncalled bet ($3) returned to Kostetikus
Kostetikus collected $11.76 from pot
Kostetikus: doesn't show hand
*** SUMMARY ***
Total pot $12 | Rake $0.24
Board [Js Ad 6s]
Seat 1: ser111555 (big blind) folded on the Flop
Seat 2: Kostetikus (button) (small blind) collected ($11.76)


PokerStars Hand #146585988947:  Hold'em Limit ($3/$6 USD) - 2016/01/06 15:55:14 ET
Table 'Tercidina III' 2-max Seat #1 is the button
Seat 1: ser111555 ($209.40 in chips)
Seat 2: Kostetikus ($86.40 in chips)
ser111555: posts small blind $1
Kostetikus: posts big blind $3
*** HOLE CARDS ***
ser111555: raises $3 to $6
Kostetikus: calls $3
*** FLOP *** [9s 4h 7h]
Kostetikus: checks
ser111555: bets $3
Kostetikus: calls $3
*** TURN *** [9s 4h 7h] [6d]
Kostetikus: checks
ser111555: bets $6
Kostetikus: calls $6
*** RIVER *** [9s 4h 7h 6d] [3c]
Kostetikus: checks
ser111555: bets $6
Kostetikus: calls $6
*** SHOW DOWN ***
ser111555: shows [Th 3s] (a pair of Threes)
Kostetikus: shows [Kh 4c] (a pair of Fours)
Kostetikus collected $41.50 from pot
*** SUMMARY ***
Total pot $42 | Rake $0.50
Board [9s 4h 7h 6d 3c]
Seat 1: ser111555 (button) (small blind) showed [Th 3s] and lost with a pair of Threes
Seat 2: Kostetikus (big blind) showed [Kh 4c] and won ($41.50) with a pair of Fours


PokerStars Hand #146586124207:  Hold'em Limit ($3/$6 USD) - 2016/01/06 15:57:58 ET
Table 'Tercidina III' 2-max Seat #2 is the button
Seat 1: ser111555 ($174.78 in chips)
Seat 2: Kostetikus ($117.16 in chips)
Kostetikus: posts small blind $1
ser111555: posts big blind $3
*** HOLE CARDS ***
Kostetikus: raises $3 to $6
ser111555 has timed out
ser111555: folds
Uncalled bet ($3) returned to Kostetikus
Kostetikus collected $6 from pot
Kostetikus: doesn't show hand
*** SUMMARY ***
Total pot $6 | Rake $0
Seat 1: ser111555 (big blind) folded before Flop
Seat 2: Kostetikus (button) (small blind) collected ($6)


PokerStars Hand #146586004895:  Hold'em Limit ($3/$6 USD) - 2016/01/06 15:55:34 ET
Table 'Tercidina III' 2-max Seat #2 is the button
Seat 1: ser111555 ($188.40 in chips)
Seat 2: Kostetikus ($106.90 in chips)
Kostetikus: posts small blind $1
ser111555: posts big blind $3
*** HOLE CARDS ***
Kostetikus: raises $3 to $6
ser111555: calls $3
*** FLOP *** [Kh 2d Ad]
ser111555: checks
Kostetikus: bets $3
ser111555: calls $3
*** TURN *** [Kh 2d Ad] [3d]
ser111555: checks
Kostetikus: bets $6
ser111555: raises $6 to $12
Kostetikus: folds
Uncalled bet ($6) returned to ser111555
ser111555 collected $29.50 from pot
ser111555: doesn't show hand
*** SUMMARY ***
Total pot $30 | Rake $0.50
Board [Kh 2d Ad 3d]
Seat 1: ser111555 (big blind) collected ($29.50)
Seat 2: Kostetikus (button) (small blind) folded on the Turn


PokerStars Hand #146586020120:  Hold'em Limit ($3/$6 USD) - 2016/01/06 15:55:53 ET
Table 'Tercidina III' 2-max Seat #1 is the button
Seat 1: ser111555 ($202.90 in chips)
Seat 2: Kostetikus ($91.90 in chips)
ser111555: posts small blind $1
Kostetikus: posts big blind $3
*** HOLE CARDS ***
ser111555: calls $2
Kostetikus: checks
*** FLOP *** [Th 2s 9d]
Kostetikus: bets $3
ser111555: calls $3
*** TURN *** [Th 2s 9d] [7d]
Kostetikus: bets $6
ser111555: folds
Uncalled bet ($6) returned to Kostetikus
Kostetikus collected $11.76 from pot
Kostetikus: doesn't show hand
*** SUMMARY ***
Total pot $12 | Rake $0.24
Board [Th 2s 9d 7d]
Seat 1: ser111555 (button) (small blind) folded on the Turn
Seat 2: Kostetikus (big blind) collected ($11.76)


PokerStars Hand #146586030330:  Hold'em Limit ($3/$6 USD) - 2016/01/06 15:56:06 ET
Table 'Tercidina III' 2-max Seat #2 is the button
Seat 1: ser111555 ($196.90 in chips)
Seat 2: Kostetikus ($97.66 in chips)
Kostetikus: posts small blind $1
ser111555: posts big blind $3
*** HOLE CARDS ***
Kostetikus: raises $3 to $6
ser111555: calls $3
*** FLOP *** [6s 3h 2h]
ser111555: bets $3
Kostetikus: calls $3
*** TURN *** [6s 3h 2h] [9s]
ser111555: bets $6
Kostetikus: raises $6 to $12
ser111555: calls $6
*** RIVER *** [6s 3h 2h 9s] [Ts]
ser111555: checks
Kostetikus: bets $6
ser111555: folds
Uncalled bet ($6) returned to Kostetikus
Kostetikus collected $41.50 from pot
Kostetikus: doesn't show hand
*** SUMMARY ***
Total pot $42 | Rake $0.50
Board [6s 3h 2h 9s Ts]
Seat 1: ser111555 (big blind) folded on the River
Seat 2: Kostetikus (button) (small blind) collected ($41.50)


PokerStars Hand #146586049333:  Hold'em Limit ($3/$6 USD) - 2016/01/06 15:56:29 ET
Table 'Tercidina III' 2-max Seat #1 is the button
Seat 1: ser111555 ($175.90 in chips)
Seat 2: Kostetikus ($118.16 in chips)
ser111555: posts small blind $1
Kostetikus: posts big blind $3
*** HOLE CARDS ***
ser111555: calls $2
Kostetikus: checks
*** FLOP *** [3d Qh 6s]
Kostetikus: checks
ser111555: checks
*** TURN *** [3d Qh 6s] [7c]
Kostetikus: bets $6
ser111555: calls $6
*** RIVER *** [3d Qh 6s 7c] [8c]
Kostetikus: checks
ser111555: bets $6
Kostetikus: calls $6
*** SHOW DOWN ***
ser111555: shows [Jh 8d] (a pair of Eights)
Kostetikus: mucks hand
ser111555 collected $29.50 from pot
*** SUMMARY ***
Total pot $30 | Rake $0.50
Board [3d Qh 6s 7c 8c]
Seat 1: ser111555 (button) (small blind) showed [Jh 8d] and won ($29.50) with a pair of Eights
Seat 2: Kostetikus (big blind) mucked


PokerStars Hand #146586066333:  Hold'em Limit ($3/$6 USD) - 2016/01/06 15:56:49 ET
Table 'Tercidina III' 2-max Seat #2 is the button
Seat 1: ser111555 ($190.40 in chips)
Seat 2: Kostetikus ($103.16 in chips)
Kostetikus: posts small blind $1
ser111555: posts big blind $3
*** HOLE CARDS ***
Kostetikus: raises $3 to $6
ser111555: calls $3
*** FLOP *** [7s 2c 6d]
ser111555: bets $3
Kostetikus: calls $3
*** TURN *** [7s 2c 6d] [8h]
ser111555: bets $6
Kostetikus: raises $6 to $12
ser111555: calls $6
*** RIVER *** [7s 2c 6d 8h] [2d]
ser111555: checks
Kostetikus: checks
*** SHOW DOWN ***
ser111555: shows [6c Tc] (two pair, Sixes and Deuces)
Kostetikus: shows [7h Kc] (two pair, Sevens and Deuces)
Kostetikus collected $41.50 from pot
*** SUMMARY ***
Total pot $42 | Rake $0.50
Board [7s 2c 6d 8h 2d]
Seat 1: ser111555 (big blind) showed [6c Tc] and lost with two pair, Sixes and Deuces
Seat 2: Kostetikus (button) (small blind) showed [7h Kc] and won ($41.50) with two pair, Sevens and Deuces


PokerStars Hand #146586081523:  Hold'em Limit ($3/$6 USD) - 2016/01/06 15:57:07 ET
Table 'Tercidina III' 2-max Seat #1 is the button
Seat 1: ser111555 ($169.40 in chips)
Seat 2: Kostetikus ($123.66 in chips)
ser111555: posts small blind $1
Kostetikus: posts big blind $3
*** HOLE CARDS ***
ser111555: calls $2
Kostetikus: checks
*** FLOP *** [8d 3s 3h]
Kostetikus: checks
ser111555: checks
*** TURN *** [8d 3s 3h] [2d]
Kostetikus: checks
ser111555: bets $6
Kostetikus: folds
Uncalled bet ($6) returned to ser111555
ser111555 collected $5.88 from pot
ser111555: doesn't show hand
*** SUMMARY ***
Total pot $6 | Rake $0.12
Board [8d 3s 3h 2d]
Seat 1: ser111555 (button) (small blind) collected ($5.88)
Seat 2: Kostetikus (big blind) folded on the Turn


PokerStars Hand #146586093407:  Hold'em Limit ($3/$6 USD) - 2016/01/06 15:57:21 ET
Table 'Tercidina III' 2-max Seat #2 is the button
Seat 1: ser111555 ($172.28 in chips)
Seat 2: Kostetikus ($120.66 in chips)
Kostetikus: posts small blind $1
ser111555: posts big blind $3
*** HOLE CARDS ***
Kostetikus: raises $3 to $6
ser111555: raises $3 to $9
Kostetikus: calls $3
*** FLOP *** [4d 6s 3s]
ser111555: checks
Kostetikus: bets $3
ser111555: calls $3
*** TURN *** [4d 6s 3s] [8c]
ser111555: bets $6
Kostetikus: calls $6
*** RIVER *** [4d 6s 3s 8c] [Th]
ser111555: bets $6
Kostetikus: calls $6
*** SHOW DOWN ***
ser111555: shows [8h 7c] (a pair of Eights)
Kostetikus: mucks hand
ser111555 collected $47.50 from pot
*** SUMMARY ***
Total pot $48 | Rake $0.50
Board [4d 6s 3s 8c Th]
Seat 1: ser111555 (big blind) showed [8h 7c] and won ($47.50) with a pair of Eights
Seat 2: Kostetikus (button) (small blind) mucked


PokerStars Hand #146586426144:  Hold'em Limit ($3/$6 USD) - 2016/01/06 16:03:22 ET
Table 'Tercidina III' 2-max Seat #1 is the button
Seat 1: ser111555 ($171.78 in chips)
Seat 2: Kostetikus ($120.16 in chips)
ser111555: posts small blind $1
Kostetikus: posts big blind $3
*** HOLE CARDS ***
ser111555: calls $2
Kostetikus: checks
*** FLOP *** [7s 9h 7c]
Kostetikus: bets $3
ser111555: calls $3
*** TURN *** [7s 9h 7c] [5s]
Kostetikus: bets $6
ser111555: calls $6
*** RIVER *** [7s 9h 7c 5s] [5c]
Kostetikus: checks
ser111555: bets $6
Kostetikus: calls $6
*** SHOW DOWN ***
ser111555: shows [4d 8d] (two pair, Sevens and Fives)
Kostetikus: shows [6c 9s] (two pair, Nines and Sevens)
Kostetikus collected $35.50 from pot
*** SUMMARY ***
Total pot $36 | Rake $0.50
Board [7s 9h 7c 5s 5c]
Seat 1: ser111555 (button) (small blind) showed [4d 8d] and lost with two pair, Sevens and Fives
Seat 2: Kostetikus (big blind) showed [6c 9s] and won ($35.50) with two pair, Nines and Sevens


PokerStars Hand #146586504682:  Hold'em Limit ($3/$6 USD) - 2016/01/06 16:04:36 ET
Table 'Tercidina III' 2-max Seat #2 is the button
Seat 1: ser111555 ($120.78 in chips)
Seat 2: Kostetikus ($169.80 in chips)
Kostetikus: posts small blind $1
ser111555: posts big blind $3
*** HOLE CARDS ***
Kostetikus: raises $3 to $6
ser111555: calls $3
*** FLOP *** [6h Jh 2h]
ser111555: bets $3
Kostetikus: calls $3
*** TURN *** [6h Jh 2h] [Qs]
ser111555: bets $6
Kostetikus: calls $6
*** RIVER *** [6h Jh 2h Qs] [Qc]
ser111555: bets $6
Kostetikus: calls $6
*** SHOW DOWN ***
ser111555: shows [Qd 2s] (a full house, Queens full of Deuces)
Kostetikus: mucks hand
ser111555 collected $41.50 from pot
*** SUMMARY ***
Total pot $42 | Rake $0.50
Board [6h Jh 2h Qs Qc]
Seat 1: ser111555 (big blind) showed [Qd 2s] and won ($41.50) with a full house, Queens full of Deuces
Seat 2: Kostetikus (button) (small blind) mucked


PokerStars Hand #146586469901:  Hold'em Limit ($3/$6 USD) - 2016/01/06 16:04:03 ET
Table 'Tercidina III' 2-max Seat #1 is the button
Seat 1: ser111555 ($144.78 in chips)
Seat 2: Kostetikus ($146.30 in chips)
ser111555: posts small blind $1
Kostetikus: posts big blind $3
*** HOLE CARDS ***
ser111555: calls $2
Kostetikus: raises $3 to $6
ser111555: calls $3
*** FLOP *** [4c 2c 8c]
Kostetikus: bets $3
ser111555: raises $3 to $6
Kostetikus: calls $3
*** TURN *** [4c 2c 8c] [6h]
Kostetikus: checks
ser111555: bets $6
Kostetikus: calls $6
*** RIVER *** [4c 2c 8c 6h] [6s]
Kostetikus: checks
ser111555: bets $6
Kostetikus: raises $6 to $12
ser111555: folds
Uncalled bet ($6) returned to Kostetikus
Kostetikus collected $47.50 from pot
Kostetikus: doesn't show hand
*** SUMMARY ***
Total pot $48 | Rake $0.50
Board [4c 2c 8c 6h 6s]
Seat 1: ser111555 (button) (small blind) folded on the River
Seat 2: Kostetikus (big blind) collected ($47.50)


PokerStars Hand #146586450639:  Hold'em Limit ($3/$6 USD) - 2016/01/06 16:03:46 ET
Table 'Tercidina III' 2-max Seat #2 is the button
Seat 1: ser111555 ($153.78 in chips)
Seat 2: Kostetikus ($137.66 in chips)
Kostetikus: posts small blind $1
ser111555: posts big blind $3
*** HOLE CARDS ***
Kostetikus: raises $3 to $6
ser111555: calls $3
*** FLOP *** [4d 5c Qh]
ser111555: checks
Kostetikus: bets $3
ser111555: calls $3
*** TURN *** [4d 5c Qh] [4h]
ser111555: checks
Kostetikus: checks
*** RIVER *** [4d 5c Qh 4h] [Qc]
ser111555: checks
Kostetikus: checks
*** SHOW DOWN ***
ser111555: shows [Jh 9d] (two pair, Queens and Fours)
Kostetikus: shows [Td Ad] (two pair, Queens and Fours - Ace kicker)
Kostetikus collected $17.64 from pot
*** SUMMARY ***
Total pot $18 | Rake $0.36
Board [4d 5c Qh 4h Qc]
Seat 1: ser111555 (big blind) showed [Jh 9d] and lost with two pair, Queens and Fours
Seat 2: Kostetikus (button) (small blind) showed [Td Ad] and won ($17.64) with two pair, Queens and Fours


PokerStars Hand #146586550645:  Hold'em Limit ($3/$6 USD) - 2016/01/06 16:05:18 ET
Table 'Tercidina III' 2-max Seat #2 is the button
Seat 1: ser111555 ($138.28 in chips)
Seat 2: Kostetikus ($151.68 in chips)
Kostetikus: posts small blind $1
ser111555: posts big blind $3
*** HOLE CARDS ***
Kostetikus: raises $3 to $6
ser111555: calls $3
*** FLOP *** [2d Th Ah]
ser111555: checks
Kostetikus: bets $3
ser111555: calls $3
*** TURN *** [2d Th Ah] [3c]
ser111555: checks
Kostetikus: checks
*** RIVER *** [2d Th Ah 3c] [8c]
ser111555: bets $6
Kostetikus: calls $6
*** SHOW DOWN ***
ser111555: shows [4h 5s] (a straight, Ace to Five)
Kostetikus: mucks hand
ser111555 collected $29.50 from pot
*** SUMMARY ***
Total pot $30 | Rake $0.50
Board [2d Th Ah 3c 8c]
Seat 1: ser111555 (big blind) showed [4h 5s] and won ($29.50) with a straight, Ace to Five
Seat 2: Kostetikus (button) (small blind) mucked


PokerStars Hand #146586519579:  Hold'em Limit ($3/$6 USD) - 2016/01/06 16:04:50 ET
Table 'Tercidina III' 2-max Seat #1 is the button
Seat 1: ser111555 ($141.28 in chips)
Seat 2: Kostetikus ($148.80 in chips)
ser111555: posts small blind $1
Kostetikus: posts big blind $3
*** HOLE CARDS ***
ser111555: calls $2
Kostetikus: checks
*** FLOP *** [4h 8s Ts]
Kostetikus: checks
ser111555: checks
*** TURN *** [4h 8s Ts] [8c]
Kostetikus: checks
ser111555: checks
*** RIVER *** [4h 8s Ts 8c] [9c]
Kostetikus: checks
ser111555: checks
*** SHOW DOWN ***
Kostetikus: shows [Qs 6d] (a pair of Eights)
ser111555: mucks hand
Kostetikus collected $5.88 from pot
*** SUMMARY ***
Total pot $6 | Rake $0.12
Board [4h 8s Ts 8c 9c]
Seat 1: ser111555 (button) (small blind) mucked
Seat 2: Kostetikus (big blind) showed [Qs 6d] and won ($5.88) with a pair of Eights


PokerStars Hand #146586618392:  Hold'em Limit ($3/$6 USD) - 2016/01/06 16:06:21 ET
Table 'Tercidina III' 2-max Seat #2 is the button
Seat 1: ser111555 ($128.78 in chips)
Seat 2: Kostetikus ($160.18 in chips)
Kostetikus: posts small blind $1
ser111555: posts big blind $3
*** HOLE CARDS ***
Kostetikus: folds
Uncalled bet ($2) returned to ser111555
ser111555 collected $2 from pot
ser111555: doesn't show hand
*** SUMMARY ***
Total pot $2 | Rake $0
Seat 1: ser111555 (big blind) collected ($2)
Seat 2: Kostetikus (button) (small blind) folded before Flop


PokerStars Hand #146586584253:  Hold'em Limit ($3/$6 USD) - 2016/01/06 16:05:49 ET
Table 'Tercidina III' 2-max Seat #1 is the button
Seat 1: ser111555 ($152.78 in chips)
Seat 2: Kostetikus ($136.68 in chips)
ser111555: posts small blind $1
Kostetikus: posts big blind $3
*** HOLE CARDS ***
ser111555: raises $3 to $6
Kostetikus: calls $3
*** FLOP *** [Th 6h Kd]
Kostetikus: checks
ser111555: bets $3
Kostetikus: raises $3 to $6
ser111555: calls $3
*** TURN *** [Th 6h Kd] [5d]
Kostetikus: bets $6
ser111555: calls $6
*** RIVER *** [Th 6h Kd 5d] [Tc]
Kostetikus: bets $6
ser111555: calls $6
*** SHOW DOWN ***
Kostetikus: shows [2s Kh] (two pair, Kings and Tens)
ser111555: mucks hand
Kostetikus collected $47.50 from pot
*** SUMMARY ***
Total pot $48 | Rake $0.50
Board [Th 6h Kd 5d Tc]
Seat 1: ser111555 (button) (small blind) mucked
Seat 2: Kostetikus (big blind) showed [2s Kh] and won ($47.50) with two pair, Kings and Tens


PokerStars Hand #146586663687:  Hold'em Limit ($3/$6 USD) - 2016/01/06 16:07:03 ET
Table 'Tercidina III' 2-max Seat #1 is the button
Seat 1: ser111555 ($133.66 in chips)
Seat 2: Kostetikus ($155.18 in chips)
ser111555: posts small blind $1
Kostetikus: posts big blind $3
*** HOLE CARDS ***
ser111555: raises $3 to $6
Kostetikus: calls $3
*** FLOP *** [Qs 2h 5h]
Kostetikus: checks
ser111555: bets $3
Kostetikus: raises $3 to $6
ser111555: calls $3
*** TURN *** [Qs 2h 5h] [6s]
Kostetikus: bets $6
ser111555: raises $6 to $12
Kostetikus: calls $6
*** RIVER *** [Qs 2h 5h 6s] [2c]
Kostetikus: checks
ser111555: bets $6
Kostetikus: folds
Uncalled bet ($6) returned to ser111555
ser111555 collected $47.50 from pot
ser111555: doesn't show hand
*** SUMMARY ***
Total pot $48 | Rake $0.50
Board [Qs 2h 5h 6s 2c]
Seat 1: ser111555 (button) (small blind) collected ($47.50)
Seat 2: Kostetikus (big blind) folded on the River


PokerStars Hand #146586656542:  Hold'em Limit ($3/$6 USD) - 2016/01/06 16:06:57 ET
Table 'Tercidina III' 2-max Seat #2 is the button
Seat 1: ser111555 ($132.66 in chips)
Seat 2: Kostetikus ($156.18 in chips)
Kostetikus: posts small blind $1
ser111555: posts big blind $3
*** HOLE CARDS ***
Kostetikus: folds
Uncalled bet ($2) returned to ser111555
ser111555 collected $2 from pot
ser111555: doesn't show hand
*** SUMMARY ***
Total pot $2 | Rake $0
Seat 1: ser111555 (big blind) collected ($2)
Seat 2: Kostetikus (button) (small blind) folded before Flop


PokerStars Hand #146586628997:  Hold'em Limit ($3/$6 USD) - 2016/01/06 16:06:31 ET
Table 'Tercidina III' 2-max Seat #1 is the button
Seat 1: ser111555 ($129.78 in chips)
Seat 2: Kostetikus ($159.18 in chips)
ser111555: posts small blind $1
Kostetikus: posts big blind $3
*** HOLE CARDS ***
ser111555: calls $2
Kostetikus: checks
*** FLOP *** [Ac Qc 9s]
Kostetikus: checks
ser111555: bets $3
Kostetikus: folds
Uncalled bet ($3) returned to ser111555
ser111555 collected $5.88 from pot
ser111555: doesn't show hand
*** SUMMARY ***
Total pot $6 | Rake $0.12
Board [Ac Qc 9s]
Seat 1: ser111555 (button) (small blind) collected ($5.88)
Seat 2: Kostetikus (big blind) folded on the Flop


PokerStars Hand #146586748017:  Hold'em Limit ($3/$6 USD) - 2016/01/06 16:08:22 ET
Table 'Tercidina III' 2-max Seat #1 is the button
Seat 1: ser111555 ($147.80 in chips)
Seat 2: Kostetikus ($139.68 in chips)
ser111555: posts small blind $1
Kostetikus: posts big blind $3
*** HOLE CARDS ***
ser111555: calls $2
Kostetikus: checks
*** FLOP *** [3c 8d Ks]
Kostetikus: checks
ser111555: bets $3
Kostetikus: folds
Uncalled bet ($3) returned to ser111555
ser111555 collected $5.88 from pot
ser111555: doesn't show hand
*** SUMMARY ***
Total pot $6 | Rake $0.12
Board [3c 8d Ks]
Seat 1: ser111555 (button) (small blind) collected ($5.88)
Seat 2: Kostetikus (big blind) folded on the Flop


PokerStars Hand #146586730358:  Hold'em Limit ($3/$6 USD) - 2016/01/06 16:08:06 ET
Table 'Tercidina III' 2-max Seat #2 is the button
Seat 1: ser111555 ($139.16 in chips)
Seat 2: Kostetikus ($148.68 in chips)
Kostetikus: posts small blind $1
ser111555: posts big blind $3
*** HOLE CARDS ***
Kostetikus: raises $3 to $6
ser111555: calls $3
*** FLOP *** [3h Ad 6c]
ser111555: bets $3
Kostetikus: calls $3
*** TURN *** [3h Ad 6c] [9s]
ser111555: bets $6
Kostetikus: folds
Uncalled bet ($6) returned to ser111555
ser111555 collected $17.64 from pot
ser111555: doesn't show hand
*** SUMMARY ***
Total pot $18 | Rake $0.36
Board [3h Ad 6c 9s]
Seat 1: ser111555 (big blind) collected ($17.64)
Seat 2: Kostetikus (button) (small blind) folded on the Turn


PokerStars Hand #146586719045:  Hold'em Limit ($3/$6 USD) - 2016/01/06 16:07:55 ET
Table 'Tercidina III' 2-max Seat #1 is the button
Seat 1: ser111555 ($136.16 in chips)
Seat 2: Kostetikus ($151.68 in chips)
ser111555: posts small blind $1
Kostetikus: posts big blind $3
*** HOLE CARDS ***
ser111555: raises $3 to $6
Kostetikus: folds
Uncalled bet ($3) returned to ser111555
ser111555 collected $6 from pot
ser111555: doesn't show hand
*** SUMMARY ***
Total pot $6 | Rake $0
Seat 1: ser111555 (button) (small blind) collected ($6)
Seat 2: Kostetikus (big blind) folded before Flop


PokerStars Hand #146586696666:  Hold'em Limit ($3/$6 USD) - 2016/01/06 16:07:34 ET
Table 'Tercidina III' 2-max Seat #2 is the button
Seat 1: ser111555 ($157.16 in chips)
Seat 2: Kostetikus ($131.18 in chips)
Kostetikus: posts small blind $1
ser111555: posts big blind $3
*** HOLE CARDS ***
Kostetikus: raises $3 to $6
ser111555: calls $3
*** FLOP *** [2h 3c 9h]
ser111555: bets $3
Kostetikus: calls $3
*** TURN *** [2h 3c 9h] [Ad]
ser111555: bets $6
Kostetikus: raises $6 to $12
ser111555: calls $6
*** RIVER *** [2h 3c 9h Ad] [5d]
ser111555: checks
Kostetikus: bets $6
ser111555: folds
Uncalled bet ($6) returned to Kostetikus
Kostetikus collected $41.50 from pot
Kostetikus: doesn't show hand
*** SUMMARY ***
Total pot $42 | Rake $0.50
Board [2h 3c 9h Ad 5d]
Seat 1: ser111555 (big blind) folded on the River
Seat 2: Kostetikus (button) (small blind) collected ($41.50)


PokerStars Hand #146586765808:  Hold'em Limit ($3/$6 USD) - 2016/01/06 16:08:39 ET
Table 'Tercidina III' 2-max Seat #2 is the button
Seat 1: ser111555 ($150.68 in chips)
Seat 2: Kostetikus ($136.68 in chips)
Kostetikus: posts small blind $1
ser111555: posts big blind $3
*** HOLE CARDS ***
Kostetikus: raises $3 to $6
ser111555: raises $3 to $9
Kostetikus: calls $3
*** FLOP *** [2s 8s 7c]
ser111555: bets $3
Kostetikus: calls $3
*** TURN *** [2s 8s 7c] [9c]
ser111555: checks
Kostetikus: bets $6
ser111555: calls $6
*** RIVER *** [2s 8s 7c 9c] [4c]
ser111555: checks
Kostetikus: bets $6
ser111555: calls $6
*** SHOW DOWN ***
Kostetikus: shows [7s 6s] (a pair of Sevens)
ser111555: mucks hand
Kostetikus collected $47.50 from pot
*** SUMMARY ***
Total pot $48 | Rake $0.50
Board [2s 8s 7c 9c 4c]
Seat 1: ser111555 (big blind) mucked
Seat 2: Kostetikus (button) (small blind) showed [7s 6s] and won ($47.50) with a pair of Sevens


PokerStars Hand #146586813849:  Hold'em Limit ($3/$6 USD) - 2016/01/06 16:09:24 ET
Table 'Tercidina III' 2-max Seat #1 is the button
Seat 1: ser111555 ($126.68 in chips)
Seat 2: Kostetikus ($160.18 in chips)
ser111555: posts small blind $1
Kostetikus: posts big blind $3
*** HOLE CARDS ***
ser111555: calls $2
Kostetikus: checks
*** FLOP *** [6h 8d 4s]
Kostetikus: checks
ser111555: checks
*** TURN *** [6h 8d 4s] [6c]
Kostetikus: checks
ser111555: checks
*** RIVER *** [6h 8d 4s 6c] [3h]
Kostetikus: checks
ser111555: bets $6
Kostetikus: folds
Uncalled bet ($6) returned to ser111555
ser111555 collected $5.88 from pot
ser111555: doesn't show hand
*** SUMMARY ***
Total pot $6 | Rake $0.12
Board [6h 8d 4s 6c 3h]
Seat 1: ser111555 (button) (small blind) collected ($5.88)
Seat 2: Kostetikus (big blind) folded on the River


PokerStars Hand #146586838479:  Hold'em Limit ($3/$6 USD) - 2016/01/06 16:09:47 ET
Table 'Tercidina III' 2-max Seat #2 is the button
Seat 1: ser111555 ($129.56 in chips)
Seat 2: Kostetikus ($157.18 in chips)
Kostetikus: posts small blind $1
ser111555: posts big blind $3
*** HOLE CARDS ***
Kostetikus: raises $3 to $6
ser111555: calls $3
*** FLOP *** [7c 9d 8s]
ser111555: bets $3
Kostetikus: calls $3
*** TURN *** [7c 9d 8s] [3d]
ser111555: bets $6
Kostetikus: folds
Uncalled bet ($6) returned to ser111555
ser111555 collected $17.64 from pot
ser111555: doesn't show hand
*** SUMMARY ***
Total pot $18 | Rake $0.36
Board [7c 9d 8s 3d]
Seat 1: ser111555 (big blind) collected ($17.64)
Seat 2: Kostetikus (button) (small blind) folded on the Turn


PokerStars Hand #146586863546:  Hold'em Limit ($3/$6 USD) - 2016/01/06 16:10:11 ET
Table 'Tercidina III' 2-max Seat #1 is the button
Seat 1: ser111555 ($138.20 in chips)
Seat 2: Kostetikus ($148.18 in chips)
ser111555: posts small blind $1
Kostetikus: posts big blind $3
*** HOLE CARDS ***
ser111555: raises $3 to $6
Kostetikus: folds
Uncalled bet ($3) returned to ser111555
ser111555 collected $6 from pot
ser111555: doesn't show hand
*** SUMMARY ***
Total pot $6 | Rake $0
Seat 1: ser111555 (button) (small blind) collected ($6)
Seat 2: Kostetikus (big blind) folded before Flop


PokerStars Hand #146586870737:  Hold'em Limit ($3/$6 USD) - 2016/01/06 16:10:18 ET
Table 'Tercidina III' 2-max Seat #2 is the button
Seat 1: ser111555 ($141.20 in chips)
Seat 2: Kostetikus ($145.18 in chips)
Kostetikus: posts small blind $1
ser111555: posts big blind $3
*** HOLE CARDS ***
Kostetikus: raises $3 to $6
ser111555: calls $3
*** FLOP *** [7h Th 9d]
ser111555: bets $3
Kostetikus: calls $3
*** TURN *** [7h Th 9d] [3h]
ser111555: bets $6
Kostetikus: calls $6
*** RIVER *** [7h Th 9d 3h] [6c]
ser111555: bets $6
Kostetikus: calls $6
*** SHOW DOWN ***
ser111555: shows [Td 2s] (a pair of Tens)
Kostetikus: shows [Ts Kd] (a pair of Tens - King kicker)
Kostetikus collected $41.50 from pot
*** SUMMARY ***
Total pot $42 | Rake $0.50
Board [7h Th 9d 3h 6c]
Seat 1: ser111555 (big blind) showed [Td 2s] and lost with a pair of Tens
Seat 2: Kostetikus (button) (small blind) showed [Ts Kd] and won ($41.50) with a pair of Tens


PokerStars Hand #146586894885:  Hold'em Limit ($3/$6 USD) - 2016/01/06 16:10:42 ET
Table 'Tercidina III' 2-max Seat #1 is the button
Seat 1: ser111555 ($120.20 in chips)
Seat 2: Kostetikus ($165.68 in chips)
ser111555: posts small blind $1
Kostetikus: posts big blind $3
*** HOLE CARDS ***
ser111555: calls $2
Kostetikus: checks
*** FLOP *** [2h 9c Qh]
Kostetikus: checks
ser111555: bets $3
Kostetikus: calls $3
*** TURN *** [2h 9c Qh] [4c]
Kostetikus: checks
ser111555: bets $6
Kostetikus: raises $6 to $12
ser111555: calls $6
*** RIVER *** [2h 9c Qh 4c] [Qd]
Kostetikus: checks
ser111555: bets $6
Kostetikus: calls $6
*** SHOW DOWN ***
ser111555: shows [Jd 6s] (a pair of Queens)
Kostetikus: shows [4s 2s] (two pair, Queens and Fours)
Kostetikus collected $47.50 from pot
*** SUMMARY ***
Total pot $48 | Rake $0.50
Board [2h 9c Qh 4c Qd]
Seat 1: ser111555 (button) (small blind) showed [Jd 6s] and lost with a pair of Queens
Seat 2: Kostetikus (big blind) showed [4s 2s] and won ($47.50) with two pair, Queens and Fours


PokerStars Hand #146586927157:  Hold'em Limit ($3/$6 USD) - 2016/01/06 16:11:12 ET
Table 'Tercidina III' 2-max Seat #2 is the button
Seat 1: ser111555 ($96.20 in chips)
Seat 2: Kostetikus ($189.18 in chips)
Kostetikus: posts small blind $1
ser111555: posts big blind $3
*** HOLE CARDS ***
Kostetikus: raises $3 to $6
ser111555: raises $3 to $9
Kostetikus: calls $3
*** FLOP *** [5d Qh 5c]
ser111555: bets $3
Kostetikus: folds
Uncalled bet ($3) returned to ser111555
ser111555 collected $17.64 from pot
ser111555: doesn't show hand
*** SUMMARY ***
Total pot $18 | Rake $0.36
Board [5d Qh 5c]
Seat 1: ser111555 (big blind) collected ($17.64)
Seat 2: Kostetikus (button) (small blind) folded on the Flop


PokerStars Hand #146586941745:  Hold'em Limit ($3/$6 USD) - 2016/01/06 16:11:26 ET
Table 'Tercidina III' 2-max Seat #1 is the button
Seat 1: ser111555 ($104.84 in chips)
Seat 2: Kostetikus ($180.18 in chips)
ser111555: posts small blind $1
Kostetikus: posts big blind $3
*** HOLE CARDS ***
ser111555: raises $3 to $6
Kostetikus: calls $3
*** FLOP *** [Tc 7h Jd]
Kostetikus: checks
ser111555: checks
*** TURN *** [Tc 7h Jd] [3s]
Kostetikus: bets $6
ser111555: calls $6
*** RIVER *** [Tc 7h Jd 3s] [Ts]
Kostetikus: bets $6
ser111555: folds
Uncalled bet ($6) returned to Kostetikus
Kostetikus collected $23.52 from pot
Kostetikus: doesn't show hand
*** SUMMARY ***
Total pot $24 | Rake $0.48
Board [Tc 7h Jd 3s Ts]
Seat 1: ser111555 (button) (small blind) folded on the River
Seat 2: Kostetikus (big blind) collected ($23.52)


PokerStars Hand #146586968491:  Hold'em Limit ($3/$6 USD) - 2016/01/06 16:11:51 ET
Table 'Tercidina III' 2-max Seat #2 is the button
Seat 1: ser111555 ($92.84 in chips)
Seat 2: Kostetikus ($191.70 in chips)
Kostetikus: posts small blind $1
ser111555: posts big blind $3
*** HOLE CARDS ***
Kostetikus: raises $3 to $6
ser111555: calls $3
*** FLOP *** [Kc 5s 9s]
ser111555: checks
Kostetikus: bets $3
ser111555: folds
Uncalled bet ($3) returned to Kostetikus
Kostetikus collected $11.76 from pot
Kostetikus: doesn't show hand
*** SUMMARY ***
Total pot $12 | Rake $0.24
Board [Kc 5s 9s]
Seat 1: ser111555 (big blind) folded on the Flop
Seat 2: Kostetikus (button) (small blind) collected ($11.76)


PokerStars Hand #146586997025:  Hold'em Limit ($3/$6 USD) - 2016/01/06 16:12:18 ET
Table 'Tercidina III' 2-max Seat #2 is the button
Seat 1: ser111555 ($89.84 in chips)
Seat 2: Kostetikus ($194.46 in chips)
Kostetikus: posts small blind $1
ser111555: posts big blind $3
*** HOLE CARDS ***
Kostetikus: folds
Uncalled bet ($2) returned to ser111555
ser111555 collected $2 from pot
ser111555: doesn't show hand
*** SUMMARY ***
Total pot $2 | Rake $0
Seat 1: ser111555 (big blind) collected ($2)
Seat 2: Kostetikus (button) (small blind) folded before Flop


PokerStars Hand #146586988263:  Hold'em Limit ($3/$6 USD) - 2016/01/06 16:12:10 ET
Table 'Tercidina III' 2-max Seat #1 is the button
Seat 1: ser111555 ($86.84 in chips)
Seat 2: Kostetikus ($197.46 in chips)
ser111555: posts small blind $1
Kostetikus: posts big blind $3
*** HOLE CARDS ***
ser111555: raises $3 to $6
Kostetikus: folds
Uncalled bet ($3) returned to ser111555
ser111555 collected $6 from pot
ser111555: doesn't show hand
*** SUMMARY ***
Total pot $6 | Rake $0
Seat 1: ser111555 (button) (small blind) collected ($6)
Seat 2: Kostetikus (big blind) folded before Flop


PokerStars Hand #146587001873:  Hold'em Limit ($3/$6 USD) - 2016/01/06 16:12:23 ET
Table 'Tercidina III' 2-max Seat #1 is the button
Seat 1: ser111555 ($90.84 in chips)
Seat 2: Kostetikus ($193.46 in chips)
ser111555: posts small blind $1
Kostetikus: posts big blind $3
*** HOLE CARDS ***
ser111555: calls $2
Kostetikus: checks
*** FLOP *** [7h 5c 4h]
Kostetikus: bets $3
ser111555: calls $3
*** TURN *** [7h 5c 4h] [As]
Kostetikus: bets $6
ser111555: calls $6
*** RIVER *** [7h 5c 4h As] [Jd]
Kostetikus: checks
ser111555: bets $6
Kostetikus: calls $6
*** SHOW DOWN ***
ser111555: shows [2s 8d] (high card Ace)
Kostetikus: shows [Kd 5h] (a pair of Fives)
Kostetikus collected $35.50 from pot
*** SUMMARY ***
Total pot $36 | Rake $0.50
Board [7h 5c 4h As Jd]
Seat 1: ser111555 (button) (small blind) showed [2s 8d] and lost with high card Ace
Seat 2: Kostetikus (big blind) showed [Kd 5h] and won ($35.50) with a pair of Fives


PokerStars Hand #146587021711:  Hold'em Limit ($3/$6 USD) - 2016/01/06 16:12:42 ET
Table 'Tercidina III' 2-max Seat #2 is the button
Seat 1: ser111555 ($72.84 in chips)
Seat 2: Kostetikus ($210.96 in chips)
Kostetikus: posts small blind $1
ser111555: posts big blind $3
*** HOLE CARDS ***
Kostetikus: folds
Uncalled bet ($2) returned to ser111555
ser111555 collected $2 from pot
ser111555: doesn't show hand
*** SUMMARY ***
Total pot $2 | Rake $0
Seat 1: ser111555 (big blind) collected ($2)
Seat 2: Kostetikus (button) (small blind) folded before Flop


PokerStars Hand #146587026359:  Hold'em Limit ($3/$6 USD) - 2016/01/06 16:12:46 ET
Table 'Tercidina III' 2-max Seat #1 is the button
Seat 1: ser111555 ($73.84 in chips)
Seat 2: Kostetikus ($209.96 in chips)
ser111555: posts small blind $1
Kostetikus: posts big blind $3
*** HOLE CARDS ***
ser111555: raises $3 to $6
Kostetikus: folds
Uncalled bet ($3) returned to ser111555
ser111555 collected $6 from pot
ser111555: doesn't show hand
*** SUMMARY ***
Total pot $6 | Rake $0
Seat 1: ser111555 (button) (small blind) collected ($6)
Seat 2: Kostetikus (big blind) folded before Flop


PokerStars Hand #146587033863:  Hold'em Limit ($3/$6 USD) - 2016/01/06 16:12:54 ET
Table 'Tercidina III' 2-max Seat #2 is the button
Seat 1: ser111555 ($76.84 in chips)
Seat 2: Kostetikus ($206.96 in chips)
Kostetikus: posts small blind $1
ser111555: posts big blind $3
*** HOLE CARDS ***
Kostetikus: raises $3 to $6
ser111555: raises $3 to $9
Kostetikus: calls $3
*** FLOP *** [Ac 9s As]
ser111555: bets $3
Kostetikus: folds
Uncalled bet ($3) returned to ser111555
ser111555 collected $17.64 from pot
ser111555: doesn't show hand
*** SUMMARY ***
Total pot $18 | Rake $0.36
Board [Ac 9s As]
Seat 1: ser111555 (big blind) collected ($17.64)
Seat 2: Kostetikus (button) (small blind) folded on the Flop


PokerStars Hand #146587046879:  Hold'em Limit ($3/$6 USD) - 2016/01/06 16:13:06 ET
Table 'Tercidina III' 2-max Seat #1 is the button
Seat 1: ser111555 ($85.48 in chips)
Seat 2: Kostetikus ($197.96 in chips)
ser111555: posts small blind $1
Kostetikus: posts big blind $3
*** HOLE CARDS ***
ser111555: raises $3 to $6
Kostetikus: calls $3
*** FLOP *** [Kd Kc 9s]
Kostetikus: checks
ser111555: bets $3
Kostetikus: folds
Uncalled bet ($3) returned to ser111555
ser111555 collected $11.76 from pot
ser111555: doesn't show hand
*** SUMMARY ***
Total pot $12 | Rake $0.24
Board [Kd Kc 9s]
Seat 1: ser111555 (button) (small blind) collected ($11.76)
Seat 2: Kostetikus (big blind) folded on the Flop


PokerStars Hand #146587061466:  Hold'em Limit ($3/$6 USD) - 2016/01/06 16:13:20 ET
Table 'Tercidina III' 2-max Seat #2 is the button
Seat 1: ser111555 ($91.24 in chips)
Seat 2: Kostetikus ($191.96 in chips)
Kostetikus: posts small blind $1
ser111555: posts big blind $3
*** HOLE CARDS ***
Kostetikus: folds
Uncalled bet ($2) returned to ser111555
ser111555 collected $2 from pot
ser111555: doesn't show hand
*** SUMMARY ***
Total pot $2 | Rake $0
Seat 1: ser111555 (big blind) collected ($2)
Seat 2: Kostetikus (button) (small blind) folded before Flop


PokerStars Hand #146587087228:  Hold'em Limit ($3/$6 USD) - 2016/01/06 16:13:44 ET
Table 'Tercidina III' 2-max Seat #2 is the button
Seat 1: ser111555 ($47.24 in chips)
Seat 2: Kostetikus ($235.46 in chips)
Kostetikus: posts small blind $1
ser111555: posts big blind $3
*** HOLE CARDS ***
Kostetikus: folds
Uncalled bet ($2) returned to ser111555
ser111555 collected $2 from pot
ser111555: doesn't show hand
*** SUMMARY ***
Total pot $2 | Rake $0
Seat 1: ser111555 (big blind) collected ($2)
Seat 2: Kostetikus (button) (small blind) folded before Flop


PokerStars Hand #146587066812:  Hold'em Limit ($3/$6 USD) - 2016/01/06 16:13:25 ET
Table 'Tercidina III' 2-max Seat #1 is the button
Seat 1: ser111555 ($92.24 in chips)
Seat 2: Kostetikus ($190.96 in chips)
ser111555: posts small blind $1
Kostetikus: posts big blind $3
*** HOLE CARDS ***
ser111555: raises $3 to $6
Kostetikus: calls $3
*** FLOP *** [Ah 5s 6h]
Kostetikus: checks
ser111555: bets $3
Kostetikus: raises $3 to $6
ser111555: raises $3 to $9
Kostetikus: calls $3
*** TURN *** [Ah 5s 6h] [9h]
Kostetikus: checks
ser111555: bets $6
Kostetikus: raises $6 to $12
ser111555: raises $6 to $18
Kostetikus: raises $6 to $24
Betting is capped
ser111555: calls $6
*** RIVER *** [Ah 5s 6h 9h] [4d]
Kostetikus: bets $6
ser111555: calls $6
*** SHOW DOWN ***
Kostetikus: shows [Th 7h] (a flush, Ace high)
ser111555: mucks hand
Kostetikus collected $89.50 from pot
*** SUMMARY ***
Total pot $90 | Rake $0.50
Board [Ah 5s 6h 9h 4d]
Seat 1: ser111555 (button) (small blind) mucked
Seat 2: Kostetikus (big blind) showed [Th 7h] and won ($89.50) with a flush, Ace high


PokerStars Hand #146587093582:  Hold'em Limit ($3/$6 USD) - 2016/01/06 16:13:50 ET
Table 'Tercidina III' 2-max Seat #1 is the button
Seat 1: ser111555 ($48.24 in chips)
Seat 2: Kostetikus ($234.46 in chips)
ser111555: posts small blind $1
Kostetikus: posts big blind $3
*** HOLE CARDS ***
ser111555: raises $3 to $6
Kostetikus: calls $3
*** FLOP *** [2d 9h Ks]
Kostetikus: checks
ser111555: bets $3
Kostetikus: folds
Uncalled bet ($3) returned to ser111555
ser111555 collected $11.76 from pot
ser111555: doesn't show hand
*** SUMMARY ***
Total pot $12 | Rake $0.24
Board [2d 9h Ks]
Seat 1: ser111555 (button) (small blind) collected ($11.76)
Seat 2: Kostetikus (big blind) folded on the Flop


PokerStars Hand #146587100287:  Hold'em Limit ($3/$6 USD) - 2016/01/06 16:13:56 ET
Table 'Tercidina III' 2-max Seat #2 is the button
Seat 1: ser111555 ($54 in chips)
Seat 2: Kostetikus ($228.46 in chips)
Kostetikus: posts small blind $1
ser111555: posts big blind $3
*** HOLE CARDS ***
Kostetikus: raises $3 to $6
ser111555: calls $3
*** FLOP *** [Td 8s Jd]
ser111555: bets $3
Kostetikus: calls $3
*** TURN *** [Td 8s Jd] [Ts]
ser111555: bets $6
Kostetikus: calls $6
*** RIVER *** [Td 8s Jd Ts] [6s]
ser111555: checks
Kostetikus: checks
*** SHOW DOWN ***
ser111555: shows [9h 2c] (a pair of Tens)
Kostetikus: shows [Qs Ac] (a pair of Tens - Ace kicker)
Kostetikus collected $29.50 from pot
*** SUMMARY ***
Total pot $30 | Rake $0.50
Board [Td 8s Jd Ts 6s]
Seat 1: ser111555 (big blind) showed [9h 2c] and lost with a pair of Tens
Seat 2: Kostetikus (button) (small blind) showed [Qs Ac] and won ($29.50) with a pair of Tens


PokerStars Hand #146587115624:  Hold'em Limit ($3/$6 USD) - 2016/01/06 16:14:11 ET
Table 'Tercidina III' 2-max Seat #1 is the button
Seat 1: ser111555 ($39 in chips)
Seat 2: Kostetikus ($242.96 in chips)
ser111555: posts small blind $1
Kostetikus: posts big blind $3
*** HOLE CARDS ***
ser111555: raises $3 to $6
Kostetikus: calls $3
*** FLOP *** [Th Ac 4c]
Kostetikus: checks
ser111555: bets $3
Kostetikus: folds
Uncalled bet ($3) returned to ser111555
ser111555 collected $11.76 from pot
ser111555: doesn't show hand
*** SUMMARY ***
Total pot $12 | Rake $0.24
Board [Th Ac 4c]
Seat 1: ser111555 (button) (small blind) collected ($11.76)
Seat 2: Kostetikus (big blind) folded on the Flop


PokerStars Hand #146587125867:  Hold'em Limit ($3/$6 USD) - 2016/01/06 16:14:21 ET
Table 'Tercidina III' 2-max Seat #2 is the button
Seat 1: ser111555 ($44.76 in chips)
Seat 2: Kostetikus ($236.96 in chips)
Kostetikus: posts small blind $1
ser111555: posts big blind $3
*** HOLE CARDS ***
Kostetikus: raises $3 to $6
ser111555: calls $3
*** FLOP *** [5h 7d 7h]
ser111555: bets $3
Kostetikus: calls $3
*** TURN *** [5h 7d 7h] [3h]
ser111555: checks
Kostetikus: checks
*** RIVER *** [5h 7d 7h 3h] [4s]
ser111555: checks
Kostetikus: checks
*** SHOW DOWN ***
ser111555: shows [Tc 9s] (a pair of Sevens)
Kostetikus: shows [Td 9d] (a pair of Sevens)
ser111555 collected $8.82 from pot
Kostetikus collected $8.82 from pot
*** SUMMARY ***
Total pot $18 | Rake $0.36
Board [5h 7d 7h 3h 4s]
Seat 1: ser111555 (big blind) showed [Tc 9s] and won ($8.82) with a pair of Sevens
Seat 2: Kostetikus (button) (small blind) showed [Td 9d] and won ($8.82) with a pair of Sevens


PokerStars Hand #146587141501:  Hold'em Limit ($3/$6 USD) - 2016/01/06 16:14:35 ET
Table 'Tercidina III' 2-max Seat #1 is the button
Seat 1: ser111555 ($44.58 in chips)
Seat 2: Kostetikus ($236.78 in chips)
ser111555: posts small blind $1
Kostetikus: posts big blind $3
*** HOLE CARDS ***
ser111555: calls $2
Kostetikus: checks
*** FLOP *** [As 4h 9c]
Kostetikus: checks
ser111555: checks
*** TURN *** [As 4h 9c] [3h]
Kostetikus: checks
ser111555: bets $6
Kostetikus: folds
Uncalled bet ($6) returned to ser111555
ser111555 collected $5.88 from pot
ser111555: doesn't show hand
*** SUMMARY ***
Total pot $6 | Rake $0.12
Board [As 4h 9c 3h]
Seat 1: ser111555 (button) (small blind) collected ($5.88)
Seat 2: Kostetikus (big blind) folded on the Turn


PokerStars Hand #146587156395:  Hold'em Limit ($3/$6 USD) - 2016/01/06 16:14:50 ET
Table 'Tercidina III' 2-max Seat #2 is the button
Seat 1: ser111555 ($47.46 in chips)
Seat 2: Kostetikus ($233.78 in chips)
Kostetikus: posts small blind $1
ser111555: posts big blind $3
*** HOLE CARDS ***
Kostetikus: raises $3 to $6
ser111555: raises $3 to $9
Kostetikus: calls $3
*** FLOP *** [2h Jd 5d]
ser111555: bets $3
Kostetikus: calls $3
*** TURN *** [2h Jd 5d] [8d]
ser111555: checks
Kostetikus: checks
*** RIVER *** [2h Jd 5d 8d] [6h]
ser111555: checks
Kostetikus: bets $6
ser111555: calls $6
*** SHOW DOWN ***
Kostetikus: shows [Kd 6c] (a pair of Sixes)
ser111555: mucks hand
Kostetikus collected $35.50 from pot
*** SUMMARY ***
Total pot $36 | Rake $0.50
Board [2h Jd 5d 8d 6h]
Seat 1: ser111555 (big blind) mucked
Seat 2: Kostetikus (button) (small blind) showed [Kd 6c] and won ($35.50) with a pair of Sixes


PokerStars Hand #146587193734:  Hold'em Limit ($3/$6 USD) - 2016/01/06 16:15:25 ET
Table 'Tercidina III' 2-max Seat #1 is the button
Seat 1: ser111555 ($29.46 in chips)
Seat 2: Kostetikus ($251.28 in chips)
ser111555: posts small blind $1
Kostetikus: posts big blind $3
*** HOLE CARDS ***
ser111555: raises $3 to $6
Kostetikus: calls $3
*** FLOP *** [Ks 8h Th]
Kostetikus: checks
ser111555: bets $3
Kostetikus: calls $3
*** TURN *** [Ks 8h Th] [Qh]
Kostetikus: checks
ser111555: bets $6
Kostetikus: raises $6 to $12
ser111555: calls $6
*** RIVER *** [Ks 8h Th Qh] [7h]
Kostetikus: bets $6
ser111555: calls $6
*** SHOW DOWN ***
Kostetikus: shows [2h Jh] (a flush, Queen high)
ser111555: mucks hand
Kostetikus collected $53.50 from pot
*** SUMMARY ***
Total pot $54 | Rake $0.50
Board [Ks 8h Th Qh 7h]
Seat 1: ser111555 (button) (small blind) mucked
Seat 2: Kostetikus (big blind) showed [2h Jh] and won ($53.50) with a flush, Queen high


