PokerStars Hand #175623196717:  Hold'em Limit ($3/$6 USD) - 2017/09/14 5:39:58 ET
Table 'Tercidina' 10-max Seat #7 is the button
Seat 1: mogoallin ($123 in chips)
Seat 7: VolkovDmitri ($120 in chips)
VolkovDmitri: posts small blind $1
mogoallin: posts big blind $3
*** HOLE CARDS ***
VolkovDmitri: raises $3 to $6
mogoallin: calls $3
*** FLOP *** [Jh 2h Js]
mogoallin: checks
VolkovDmitri: bets $3
mogoallin: calls $3
*** TURN *** [Jh 2h Js] [5s]
mogoallin: checks
VolkovDmitri: bets $6
mogoallin: folds
Uncalled bet ($6) returned to VolkovDmitri
VolkovDmitri collected $17.64 from pot
VolkovDmitri: doesn't show hand
*** SUMMARY ***
Total pot $18 | Rake $0.36
Board [Jh 2h Js 5s]
Seat 1: mogoallin (big blind) folded on the Turn
Seat 7: VolkovDmitri (button) (small blind) collected ($17.64)


PokerStars Hand #175623191514:  Hold'em Limit ($3/$6 USD) - 2017/09/14 5:39:43 ET
Table 'Tercidina' 10-max Seat #1 is the button
Seat 1: mogoallin ($120 in chips)
Seat 7: VolkovDmitri ($120 in chips)
mogoallin: posts small blind $1
VolkovDmitri: posts big blind $3
*** HOLE CARDS ***
mogoallin: raises $3 to $6
VolkovDmitri: folds
Uncalled bet ($3) returned to mogoallin
mogoallin collected $6 from pot
mogoallin: doesn't show hand
*** SUMMARY ***
Total pot $6 | Rake $0
Seat 1: mogoallin (button) (small blind) collected ($6)
Seat 7: VolkovDmitri (big blind) folded before Flop


PokerStars Hand #175623214850:  Hold'em Limit ($3/$6 USD) - 2017/09/14 5:40:50 ET
Table 'Tercidina' 10-max Seat #1 is the button
Seat 1: mogoallin ($100.76 in chips)
Seat 2: Psynto ($86.50 in chips)
mogoallin: posts small blind $1
Psynto: posts big blind $3
*** HOLE CARDS ***
mogoallin: raises $3 to $6
Psynto: calls $3
*** FLOP *** [8d Qs 5c]
Psynto: checks
mogoallin: bets $3
Psynto: calls $3
*** TURN *** [8d Qs 5c] [8s]
Psynto: checks
mogoallin: bets $6
Psynto: folds
Uncalled bet ($6) returned to mogoallin
mogoallin collected $17.64 from pot
mogoallin: doesn't show hand
*** SUMMARY ***
Total pot $18 | Rake $0.36
Board [8d Qs 5c 8s]
Seat 1: mogoallin (button) (small blind) collected ($17.64)
Seat 2: Psynto (big blind) folded on the Turn


PokerStars Hand #175623208715:  Hold'em Limit ($3/$6 USD) - 2017/09/14 5:40:33 ET
Table 'Tercidina' 10-max Seat #2 is the button
Seat 1: mogoallin ($115.76 in chips)
Seat 2: Psynto ($72 in chips)
Psynto: posts small blind $1
mogoallin: posts big blind $3
*** HOLE CARDS ***
Psynto: raises $3 to $6
mogoallin: calls $3
*** FLOP *** [2h Tc 6d]
mogoallin: checks
Psynto: bets $3
mogoallin: calls $3
*** TURN *** [2h Tc 6d] [5c]
mogoallin: checks
Psynto: checks
*** RIVER *** [2h Tc 6d 5c] [Jh]
mogoallin: checks
Psynto: bets $6
mogoallin: calls $6
*** SHOW DOWN ***
Psynto: shows [Jc 4d] (a pair of Jacks)
mogoallin: mucks hand
Psynto collected $29.50 from pot
*** SUMMARY ***
Total pot $30 | Rake $0.50
Board [2h Tc 6d 5c Jh]
Seat 1: mogoallin (big blind) mucked
Seat 2: Psynto (button) (small blind) showed [Jc 4d] and won ($29.50) with a pair of Jacks


PokerStars Hand #175623205822:  Hold'em Limit ($3/$6 USD) - 2017/09/14 5:40:24 ET
Table 'Tercidina' 10-max Seat #1 is the button
Seat 1: mogoallin ($110 in chips)
Seat 2: Psynto ($72 in chips)
mogoallin: posts small blind $1
Psynto: posts big blind $3
*** HOLE CARDS ***
VolkovDmitri leaves the table
mogoallin: raises $3 to $6
Psynto: calls $3
*** FLOP *** [7d 8h Qh]
Psynto: checks
mogoallin: bets $3
Psynto: folds
Uncalled bet ($3) returned to mogoallin
mogoallin collected $11.76 from pot
mogoallin: doesn't show hand
*** SUMMARY ***
Total pot $12 | Rake $0.24
Board [7d 8h Qh]
Seat 1: mogoallin (button) (small blind) collected ($11.76)
Seat 2: Psynto (big blind) folded on the Flop


PokerStars Hand #175623204005:  Hold'em Limit ($3/$6 USD) - 2017/09/14 5:40:19 ET
Table 'Tercidina' 10-max Seat #7 is the button
Seat 1: mogoallin ($113 in chips)
Seat 7: VolkovDmitri ($129.64 in chips)
VolkovDmitri: posts small blind $1
mogoallin: posts big blind $3
*** HOLE CARDS ***
Psynto joins the table at seat #2
VolkovDmitri: raises $3 to $6
mogoallin: folds
Uncalled bet ($3) returned to VolkovDmitri
VolkovDmitri collected $6 from pot
VolkovDmitri: doesn't show hand
*** SUMMARY ***
Total pot $6 | Rake $0
Seat 1: mogoallin (big blind) folded before Flop
Seat 7: VolkovDmitri (button) (small blind) collected ($6)


PokerStars Hand #175623202162:  Hold'em Limit ($3/$6 USD) - 2017/09/14 5:40:14 ET
Table 'Tercidina' 10-max Seat #1 is the button
Seat 1: mogoallin ($114 in chips)
Seat 7: VolkovDmitri ($128.64 in chips)
mogoallin: posts small blind $1
VolkovDmitri: posts big blind $3
*** HOLE CARDS ***
mogoallin: folds
Uncalled bet ($2) returned to VolkovDmitri
VolkovDmitri collected $2 from pot
VolkovDmitri: doesn't show hand
*** SUMMARY ***
Total pot $2 | Rake $0
Seat 1: mogoallin (button) (small blind) folded before Flop
Seat 7: VolkovDmitri (big blind) collected ($2)


PokerStars Hand #175623228775:  Hold'em Limit ($3/$6 USD) - 2017/09/14 5:41:30 ET
Table 'Tercidina' 10-max Seat #1 is the button
Seat 1: mogoallin ($123.90 in chips)
Seat 2: Psynto ($72 in chips)
mogoallin: posts small blind $1
Psynto: posts big blind $3
*** HOLE CARDS ***
mogoallin: folds
Uncalled bet ($2) returned to Psynto
Psynto collected $2 from pot
Psynto: doesn't show hand
*** SUMMARY ***
Total pot $2 | Rake $0
Seat 1: mogoallin (button) (small blind) folded before Flop
Seat 2: Psynto (big blind) collected ($2)


PokerStars Hand #175623222887:  Hold'em Limit ($3/$6 USD) - 2017/09/14 5:41:13 ET
Table 'Tercidina' 10-max Seat #2 is the button
Seat 1: mogoallin ($109.40 in chips)
Seat 2: Psynto ($77.50 in chips)
Psynto: posts small blind $1
mogoallin: posts big blind $3
*** HOLE CARDS ***
Psynto: raises $3 to $6
mogoallin: calls $3
*** FLOP *** [Jh Th Js]
mogoallin: checks
Psynto: bets $3
mogoallin: calls $3
*** TURN *** [Jh Th Js] [6c]
mogoallin: checks
Psynto: checks
*** RIVER *** [Jh Th Js 6c] [4c]
mogoallin: bets $6
Psynto: calls $6
*** SHOW DOWN ***
mogoallin: shows [Ts 5c] (two pair, Jacks and Tens)
Psynto: mucks hand
mogoallin collected $29.50 from pot
*** SUMMARY ***
Total pot $30 | Rake $0.50
Board [Jh Th Js 6c 4c]
Seat 1: mogoallin (big blind) showed [Ts 5c] and won ($29.50) with two pair, Jacks and Tens
Seat 2: Psynto (button) (small blind) mucked


PokerStars Hand #175623240222:  Hold'em Limit ($3/$6 USD) - 2017/09/14 5:42:03 ET
Table 'Tercidina' 10-max Seat #2 is the button
Seat 1: mogoallin ($139.40 in chips)
Seat 2: Psynto ($73 in chips)
Psynto: posts small blind $1
mogoallin: posts big blind $3
*** HOLE CARDS ***
Psynto: raises $3 to $6
mogoallin: folds
Uncalled bet ($3) returned to Psynto
Psynto collected $6 from pot
Psynto: doesn't show hand
*** SUMMARY ***
Total pot $6 | Rake $0
Seat 1: mogoallin (big blind) folded before Flop
Seat 2: Psynto (button) (small blind) collected ($6)


PokerStars Hand #175623230293:  Hold'em Limit ($3/$6 USD) - 2017/09/14 5:41:34 ET
Table 'Tercidina' 10-max Seat #2 is the button
Seat 1: mogoallin ($122.90 in chips)
Seat 2: Psynto ($73 in chips)
Psynto: posts small blind $1
mogoallin: posts big blind $3
*** HOLE CARDS ***
Psynto: raises $3 to $6
mogoallin: raises $3 to $9
Psynto: calls $3
*** FLOP *** [Jc 9c Tc]
mogoallin: bets $3
Psynto: calls $3
*** TURN *** [Jc 9c Tc] [Ac]
mogoallin: checks
Psynto: checks
*** RIVER *** [Jc 9c Tc Ac] [6h]
mogoallin: bets $6
Psynto: calls $6
*** SHOW DOWN ***
mogoallin: shows [As Ts] (two pair, Aces and Tens)
Psynto: mucks hand
mogoallin collected $35.50 from pot
*** SUMMARY ***
Total pot $36 | Rake $0.50
Board [Jc 9c Tc Ac 6h]
Seat 1: mogoallin (big blind) showed [As Ts] and won ($35.50) with two pair, Aces and Tens
Seat 2: Psynto (button) (small blind) mucked


PokerStars Hand #175623237996:  Hold'em Limit ($3/$6 USD) - 2017/09/14 5:41:56 ET
Table 'Tercidina' 10-max Seat #1 is the button
Seat 1: mogoallin ($140.40 in chips)
Seat 2: Psynto ($72 in chips)
mogoallin: posts small blind $1
Psynto: posts big blind $3
*** HOLE CARDS ***
mogoallin: folds
Uncalled bet ($2) returned to Psynto
Psynto collected $2 from pot
Psynto: doesn't show hand
*** SUMMARY ***
Total pot $2 | Rake $0
Seat 1: mogoallin (button) (small blind) folded before Flop
Seat 2: Psynto (big blind) collected ($2)


PokerStars Hand #175623248258:  Hold'em Limit ($3/$6 USD) - 2017/09/14 5:42:26 ET
Table 'Tercidina' 10-max Seat #2 is the button
Seat 1: mogoallin ($130.40 in chips)
Seat 2: Psynto ($81.76 in chips)
Psynto: posts small blind $1
mogoallin: posts big blind $3
*** HOLE CARDS ***
Psynto: raises $3 to $6
mogoallin: raises $3 to $9
Psynto: calls $3
*** FLOP *** [2d 8s Kh]
mogoallin: bets $3
Psynto: folds
Uncalled bet ($3) returned to mogoallin
mogoallin collected $17.64 from pot
mogoallin: doesn't show hand
*** SUMMARY ***
Total pot $18 | Rake $0.36
Board [2d 8s Kh]
Seat 1: mogoallin (big blind) collected ($17.64)
Seat 2: Psynto (button) (small blind) folded on the Flop


PokerStars Hand #175623242495:  Hold'em Limit ($3/$6 USD) - 2017/09/14 5:42:09 ET
Table 'Tercidina' 10-max Seat #1 is the button
Seat 1: mogoallin ($136.40 in chips)
Seat 2: Psynto ($76 in chips)
mogoallin: posts small blind $1
Psynto: posts big blind $3
*** HOLE CARDS ***
mogoallin: raises $3 to $6
Psynto: calls $3
*** FLOP *** [5c 9c 8s]
Psynto: checks
mogoallin: checks
*** TURN *** [5c 9c 8s] [Qs]
Psynto: bets $6
mogoallin: folds
Uncalled bet ($6) returned to Psynto
Psynto collected $11.76 from pot
Psynto: doesn't show hand
*** SUMMARY ***
Total pot $12 | Rake $0.24
Board [5c 9c 8s Qs]
Seat 1: mogoallin (button) (small blind) folded on the Turn
Seat 2: Psynto (big blind) collected ($11.76)


PokerStars Hand #175623251731:  Hold'em Limit ($3/$6 USD) - 2017/09/14 5:42:36 ET
Table 'Tercidina' 10-max Seat #1 is the button
Seat 1: mogoallin ($139.04 in chips)
Seat 2: Psynto ($72.76 in chips)
mogoallin: posts small blind $1
Psynto: posts big blind $3
*** HOLE CARDS ***
mogoallin: folds
Uncalled bet ($2) returned to Psynto
Psynto collected $2 from pot
Psynto: doesn't show hand
*** SUMMARY ***
Total pot $2 | Rake $0
Seat 1: mogoallin (button) (small blind) folded before Flop
Seat 2: Psynto (big blind) collected ($2)


PokerStars Hand #175623253377:  Hold'em Limit ($3/$6 USD) - 2017/09/14 5:42:40 ET
Table 'Tercidina' 10-max Seat #2 is the button
Seat 1: mogoallin ($138.04 in chips)
Seat 2: Psynto ($73.76 in chips)
Psynto: posts small blind $1
mogoallin: posts big blind $3
*** HOLE CARDS ***
Psynto: raises $3 to $6
mogoallin: calls $3
*** FLOP *** [Kh Ks 4d]
mogoallin: checks
Psynto: bets $3
mogoallin: raises $3 to $6
Psynto: calls $3
*** TURN *** [Kh Ks 4d] [8s]
mogoallin: bets $6
Psynto: calls $6
*** RIVER *** [Kh Ks 4d 8s] [Th]
mogoallin: bets $6
Psynto: calls $6
*** SHOW DOWN ***
mogoallin: shows [8c Jh] (two pair, Kings and Eights)
Psynto: mucks hand
mogoallin collected $47.50 from pot
*** SUMMARY ***
Total pot $48 | Rake $0.50
Board [Kh Ks 4d 8s Th]
Seat 1: mogoallin (big blind) showed [8c Jh] and won ($47.50) with two pair, Kings and Eights
Seat 2: Psynto (button) (small blind) mucked


PokerStars Hand #175623276552:  Hold'em Limit ($3/$6 USD) - 2017/09/14 5:43:46 ET
Table 'Tercidina' 10-max Seat #2 is the button
Seat 1: mogoallin ($179.04 in chips)
Seat 2: Psynto ($73 in chips)
Psynto: posts small blind $1
mogoallin: posts big blind $3
*** HOLE CARDS ***
Psynto: raises $3 to $6
mogoallin: folds
Uncalled bet ($3) returned to Psynto
Psynto collected $6 from pot
Psynto: doesn't show hand
*** SUMMARY ***
Total pot $6 | Rake $0
Seat 1: mogoallin (big blind) folded before Flop
Seat 2: Psynto (button) (small blind) collected ($6)


PokerStars Hand #175623266936:  Hold'em Limit ($3/$6 USD) - 2017/09/14 5:43:19 ET
Table 'Tercidina' 10-max Seat #1 is the button
Seat 1: mogoallin ($157.54 in chips)
Seat 2: Psynto ($76 in chips)
mogoallin: posts small blind $1
Psynto: posts big blind $3
*** HOLE CARDS ***
mogoallin: folds
Uncalled bet ($2) returned to Psynto
Psynto collected $2 from pot
Psynto: doesn't show hand
*** SUMMARY ***
Total pot $2 | Rake $0
Seat 1: mogoallin (button) (small blind) folded before Flop
Seat 2: Psynto (big blind) collected ($2)


PokerStars Hand #175623263275:  Hold'em Limit ($3/$6 USD) - 2017/09/14 5:43:08 ET
Table 'Tercidina' 10-max Seat #2 is the button
Seat 1: mogoallin ($160.54 in chips)
Seat 2: Psynto ($73 in chips)
Psynto: posts small blind $1
mogoallin: posts big blind $3
*** HOLE CARDS ***
Psynto: raises $3 to $6
mogoallin: folds
Uncalled bet ($3) returned to Psynto
Psynto collected $6 from pot
Psynto: doesn't show hand
*** SUMMARY ***
Total pot $6 | Rake $0
Seat 1: mogoallin (big blind) folded before Flop
Seat 2: Psynto (button) (small blind) collected ($6)


PokerStars Hand #175623275020:  Hold'em Limit ($3/$6 USD) - 2017/09/14 5:43:42 ET
Table 'Tercidina' 10-max Seat #1 is the button
Seat 1: mogoallin ($180.04 in chips)
Seat 2: Psynto ($72 in chips)
mogoallin: posts small blind $1
Psynto: posts big blind $3
*** HOLE CARDS ***
mogoallin: folds
Uncalled bet ($2) returned to Psynto
Psynto collected $2 from pot
Psynto: doesn't show hand
*** SUMMARY ***
Total pot $2 | Rake $0
Seat 1: mogoallin (button) (small blind) folded before Flop
Seat 2: Psynto (big blind) collected ($2)


PokerStars Hand #175623281154:  Hold'em Limit ($3/$6 USD) - 2017/09/14 5:43:59 ET
Table 'Tercidina' 10-max Seat #2 is the button
Seat 1: mogoallin ($175.04 in chips)
Seat 2: Psynto ($77 in chips)
Psynto: posts small blind $1
mogoallin: posts big blind $3
*** HOLE CARDS ***
Psynto: raises $3 to $6
mogoallin: raises $3 to $9
Psynto: calls $3
*** FLOP *** [Js 4h Qs]
mogoallin: bets $3
Psynto: folds
Uncalled bet ($3) returned to mogoallin
mogoallin collected $17.64 from pot
mogoallin: doesn't show hand
*** SUMMARY ***
Total pot $18 | Rake $0.36
Board [Js 4h Qs]
Seat 1: mogoallin (big blind) collected ($17.64)
Seat 2: Psynto (button) (small blind) folded on the Flop


PokerStars Hand #175623279179:  Hold'em Limit ($3/$6 USD) - 2017/09/14 5:43:54 ET
Table 'Tercidina' 10-max Seat #1 is the button
Seat 1: mogoallin ($176.04 in chips)
Seat 2: Psynto ($76 in chips)
mogoallin: posts small blind $1
Psynto: posts big blind $3
*** HOLE CARDS ***
mogoallin: folds
Uncalled bet ($2) returned to Psynto
Psynto collected $2 from pot
Psynto: doesn't show hand
*** SUMMARY ***
Total pot $2 | Rake $0
Seat 1: mogoallin (button) (small blind) folded before Flop
Seat 2: Psynto (big blind) collected ($2)


PokerStars Hand #175623304862:  Hold'em Limit ($3/$6 USD) - 2017/09/14 5:45:08 ET
Table 'Tercidina' 10-max Seat #1 is the button
Seat 1: mogoallin ($174.26 in chips)
Seat 2: Psynto ($86.50 in chips)
mogoallin: posts small blind $1
Psynto: posts big blind $3
*** HOLE CARDS ***
mogoallin: folds
Uncalled bet ($2) returned to Psynto
Psynto collected $2 from pot
Psynto: doesn't show hand
*** SUMMARY ***
Total pot $2 | Rake $0
Seat 1: mogoallin (button) (small blind) folded before Flop
Seat 2: Psynto (big blind) collected ($2)


PokerStars Hand #175623297931:  Hold'em Limit ($3/$6 USD) - 2017/09/14 5:44:48 ET
Table 'Tercidina' 10-max Seat #2 is the button
Seat 1: mogoallin ($189.26 in chips)
Seat 2: Psynto ($72 in chips)
Psynto: posts small blind $1
mogoallin: posts big blind $3
*** HOLE CARDS ***
Psynto: raises $3 to $6
mogoallin: calls $3
*** FLOP *** [8h 7h Jc]
mogoallin: checks
Psynto: bets $3
mogoallin: calls $3
*** TURN *** [8h 7h Jc] [5c]
mogoallin: checks
Psynto: bets $6
mogoallin: calls $6
*** RIVER *** [8h 7h Jc 5c] [2d]
mogoallin: checks
Psynto: bets $6
mogoallin: folds
Uncalled bet ($6) returned to Psynto
Psynto collected $29.50 from pot
Psynto: doesn't show hand
*** SUMMARY ***
Total pot $30 | Rake $0.50
Board [8h 7h Jc 5c 2d]
Seat 1: mogoallin (big blind) folded on the River
Seat 2: Psynto (button) (small blind) collected ($29.50)


PokerStars Hand #175623291503:  Hold'em Limit ($3/$6 USD) - 2017/09/14 5:44:29 ET
Table 'Tercidina' 10-max Seat #2 is the button
Seat 1: mogoallin ($183.62 in chips)
Seat 2: Psynto ($72 in chips)
Psynto: posts small blind $1
mogoallin: posts big blind $3
*** HOLE CARDS ***
Psynto: raises $3 to $6
mogoallin: folds
Uncalled bet ($3) returned to Psynto
Psynto collected $6 from pot
Psynto: doesn't show hand
*** SUMMARY ***
Total pot $6 | Rake $0
Seat 1: mogoallin (big blind) folded before Flop
Seat 2: Psynto (button) (small blind) collected ($6)


PokerStars Hand #175623286293:  Hold'em Limit ($3/$6 USD) - 2017/09/14 5:44:14 ET
Table 'Tercidina' 10-max Seat #1 is the button
Seat 1: mogoallin ($183.68 in chips)
Seat 2: Psynto ($72 in chips)
mogoallin: posts small blind $1
Psynto: posts big blind $3
*** HOLE CARDS ***
mogoallin: calls $2
Psynto: checks
*** FLOP *** [As Qh Jh]
Psynto: checks
mogoallin: checks
*** TURN *** [As Qh Jh] [Js]
Psynto: checks
mogoallin: checks
*** RIVER *** [As Qh Jh Js] [Qs]
Psynto: checks
mogoallin: checks
*** SHOW DOWN ***
Psynto: shows [4c 6s] (two pair, Queens and Jacks)
mogoallin: shows [9d 6d] (two pair, Queens and Jacks)
Psynto collected $2.94 from pot
mogoallin collected $2.94 from pot
*** SUMMARY ***
Total pot $6 | Rake $0.12
Board [As Qh Jh Js Qs]
Seat 1: mogoallin (button) (small blind) showed [9d 6d] and won ($2.94) with two pair, Queens and Jacks
Seat 2: Psynto (big blind) showed [4c 6s] and won ($2.94) with two pair, Queens and Jacks


PokerStars Hand #175623293423:  Hold'em Limit ($3/$6 USD) - 2017/09/14 5:44:35 ET
Table 'Tercidina' 10-max Seat #1 is the button
Seat 1: mogoallin ($180.62 in chips)
Seat 2: Psynto ($75 in chips)
mogoallin: posts small blind $1
Psynto: posts big blind $3
*** HOLE CARDS ***
mogoallin: raises $3 to $6
Psynto: calls $3
*** FLOP *** [Ac 2h Kh]
Psynto: checks
mogoallin: bets $3
Psynto: calls $3
*** TURN *** [Ac 2h Kh] [8h]
Psynto: checks
mogoallin: checks
*** RIVER *** [Ac 2h Kh 8h] [7c]
Psynto: checks
mogoallin: checks
*** SHOW DOWN ***
Psynto: shows [Qd Jh] (high card Ace)
mogoallin: shows [9c 7d] (a pair of Sevens)
mogoallin collected $17.64 from pot
*** SUMMARY ***
Total pot $18 | Rake $0.36
Board [Ac 2h Kh 8h 7c]
Seat 1: mogoallin (button) (small blind) showed [9c 7d] and won ($17.64) with a pair of Sevens
Seat 2: Psynto (big blind) showed [Qd Jh] and lost with high card Ace


PokerStars Hand #175623309148:  Hold'em Limit ($3/$6 USD) - 2017/09/14 5:45:19 ET
Table 'Tercidina' 10-max Seat #1 is the button
Seat 1: mogoallin ($170.26 in chips)
Seat 2: Psynto ($90.50 in chips)
mogoallin: posts small blind $1
Psynto: posts big blind $3
*** HOLE CARDS ***
mogoallin: raises $3 to $6
Psynto: folds
Uncalled bet ($3) returned to mogoallin
mogoallin collected $6 from pot
*** SUMMARY ***
Total pot $6 | Rake $0
Seat 1: mogoallin (button) (small blind) collected ($6)
Seat 2: Psynto (big blind) folded before Flop


PokerStars Hand #175623306632:  Hold'em Limit ($3/$6 USD) - 2017/09/14 5:45:13 ET
Table 'Tercidina' 10-max Seat #2 is the button
Seat 1: mogoallin ($173.26 in chips)
Seat 2: Psynto ($87.50 in chips)
Psynto: posts small blind $1
mogoallin: posts big blind $3
*** HOLE CARDS ***
Psynto: raises $3 to $6
mogoallin: folds
Uncalled bet ($3) returned to Psynto
Psynto collected $6 from pot
Psynto: doesn't show hand
*** SUMMARY ***
Total pot $6 | Rake $0
Seat 1: mogoallin (big blind) folded before Flop
Seat 2: Psynto (button) (small blind) collected ($6)


PokerStars Hand #175623321668:  Hold'em Limit ($3/$6 USD) - 2017/09/14 5:45:55 ET
Table 'Tercidina' 10-max Seat #1 is the button
Seat 1: mogoallin ($152.26 in chips)
Seat 2: Psynto ($108 in chips)
mogoallin: posts small blind $1
Psynto: posts big blind $3
*** HOLE CARDS ***
mogoallin: raises $3 to $6
Psynto: calls $3
*** FLOP *** [Kc 2d 9s]
Psynto: checks
mogoallin: bets $3
Psynto: raises $3 to $6
mogoallin: calls $3
*** TURN *** [Kc 2d 9s] [9d]
Psynto: bets $6
mogoallin: folds
Uncalled bet ($6) returned to Psynto
Psynto collected $23.52 from pot
Psynto: doesn't show hand
*** SUMMARY ***
Total pot $24 | Rake $0.48
Board [Kc 2d 9s 9d]
Seat 1: mogoallin (button) (small blind) folded on the Turn
Seat 2: Psynto (big blind) collected ($23.52)


PokerStars Hand #175623319969:  Hold'em Limit ($3/$6 USD) - 2017/09/14 5:45:50 ET
Table 'Tercidina' 10-max Seat #2 is the button
Seat 1: mogoallin ($155.26 in chips)
Seat 2: Psynto ($105 in chips)
Psynto: posts small blind $1
mogoallin: posts big blind $3
*** HOLE CARDS ***
Psynto: raises $3 to $6
mogoallin: folds
Uncalled bet ($3) returned to Psynto
Psynto collected $6 from pot
Psynto: doesn't show hand
*** SUMMARY ***
Total pot $6 | Rake $0
Seat 1: mogoallin (big blind) folded before Flop
Seat 2: Psynto (button) (small blind) collected ($6)


PokerStars Hand #175623317953:  Hold'em Limit ($3/$6 USD) - 2017/09/14 5:45:44 ET
Table 'Tercidina' 10-max Seat #1 is the button
Seat 1: mogoallin ($152.26 in chips)
Seat 2: Psynto ($108 in chips)
mogoallin: posts small blind $1
Psynto: posts big blind $3
*** HOLE CARDS ***
mogoallin: raises $3 to $6
Psynto: folds
Uncalled bet ($3) returned to mogoallin
mogoallin collected $6 from pot
mogoallin: doesn't show hand
*** SUMMARY ***
Total pot $6 | Rake $0
Seat 1: mogoallin (button) (small blind) collected ($6)
Seat 2: Psynto (big blind) folded before Flop


PokerStars Hand #175623311345:  Hold'em Limit ($3/$6 USD) - 2017/09/14 5:45:26 ET
Table 'Tercidina' 10-max Seat #2 is the button
Seat 1: mogoallin ($173.26 in chips)
Seat 2: Psynto ($87.50 in chips)
Psynto: posts small blind $1
mogoallin: posts big blind $3
*** HOLE CARDS ***
Psynto: raises $3 to $6
mogoallin: calls $3
*** FLOP *** [2h Tc 8s]
mogoallin: checks
Psynto: bets $3
mogoallin: calls $3
*** TURN *** [2h Tc 8s] [8h]
mogoallin: checks
Psynto: bets $6
mogoallin: calls $6
*** RIVER *** [2h Tc 8s 8h] [2s]
mogoallin: checks
Psynto: bets $6
mogoallin: calls $6
*** SHOW DOWN ***
Psynto: shows [Qh 2d] (a full house, Deuces full of Eights)
mogoallin: mucks hand
Psynto collected $41.50 from pot
*** SUMMARY ***
Total pot $42 | Rake $0.50
Board [2h Tc 8s 8h 2s]
Seat 1: mogoallin (big blind) mucked
Seat 2: Psynto (button) (small blind) showed [Qh 2d] and won ($41.50) with a full house, Deuces full of Eights


PokerStars Hand #175623348722:  Hold'em Limit ($3/$6 USD) - 2017/09/14 5:47:12 ET
Table 'Tercidina' 10-max Seat #1 is the button
Seat 1: mogoallin ($147.42 in chips)
Seat 2: Psynto ($111.16 in chips)
mogoallin: posts small blind $1
Psynto: posts big blind $3
*** HOLE CARDS ***
mogoallin: folds
Uncalled bet ($2) returned to Psynto
Psynto collected $2 from pot
Psynto: doesn't show hand
*** SUMMARY ***
Total pot $2 | Rake $0
Seat 1: mogoallin (button) (small blind) folded before Flop
Seat 2: Psynto (big blind) collected ($2)


PokerStars Hand #175623343829:  Hold'em Limit ($3/$6 USD) - 2017/09/14 5:46:57 ET
Table 'Tercidina' 10-max Seat #2 is the button
Seat 1: mogoallin ($135.90 in chips)
Seat 2: Psynto ($123.16 in chips)
Psynto: posts small blind $1
mogoallin: posts big blind $3
*** HOLE CARDS ***
Psynto: raises $3 to $6
mogoallin: raises $3 to $9
Psynto: calls $3
*** FLOP *** [5h 7d Jc]
mogoallin: bets $3
Psynto: calls $3
*** TURN *** [5h 7d Jc] [Qd]
mogoallin: bets $6
Psynto: folds
Uncalled bet ($6) returned to mogoallin
mogoallin collected $23.52 from pot
mogoallin: doesn't show hand
*** SUMMARY ***
Total pot $24 | Rake $0.48
Board [5h 7d Jc Qd]
Seat 1: mogoallin (big blind) collected ($23.52)
Seat 2: Psynto (button) (small blind) folded on the Turn


PokerStars Hand #175623330341:  Hold'em Limit ($3/$6 USD) - 2017/09/14 5:46:19 ET
Table 'Tercidina' 10-max Seat #1 is the button
Seat 1: mogoallin ($137.26 in chips)
Seat 2: Psynto ($122.52 in chips)
mogoallin: posts small blind $1
Psynto: posts big blind $3
*** HOLE CARDS ***
mogoallin: folds
Uncalled bet ($2) returned to Psynto
Psynto collected $2 from pot
Psynto: doesn't show hand
*** SUMMARY ***
Total pot $2 | Rake $0
Seat 1: mogoallin (button) (small blind) folded before Flop
Seat 2: Psynto (big blind) collected ($2)


PokerStars Hand #175623338859:  Hold'em Limit ($3/$6 USD) - 2017/09/14 5:46:43 ET
Table 'Tercidina' 10-max Seat #1 is the button
Seat 1: mogoallin ($144.90 in chips)
Seat 2: Psynto ($114.52 in chips)
mogoallin: posts small blind $1
Psynto: posts big blind $3
*** HOLE CARDS ***
mogoallin: raises $3 to $6
Psynto: calls $3
*** FLOP *** [6s 8d 8c]
Psynto: checks
mogoallin: bets $3
Psynto: calls $3
*** TURN *** [6s 8d 8c] [Qd]
Psynto: checks
mogoallin: checks
*** RIVER *** [6s 8d 8c Qd] [Jh]
Psynto: checks
mogoallin: checks
*** SHOW DOWN ***
Psynto: shows [Ah 2h] (a pair of Eights)
mogoallin: mucks hand
Psynto collected $17.64 from pot
*** SUMMARY ***
Total pot $18 | Rake $0.36
Board [6s 8d 8c Qd Jh]
Seat 1: mogoallin (button) (small blind) mucked
Seat 2: Psynto (big blind) showed [Ah 2h] and won ($17.64) with a pair of Eights


PokerStars Hand #175623332104:  Hold'em Limit ($3/$6 USD) - 2017/09/14 5:46:24 ET
Table 'Tercidina' 10-max Seat #2 is the button
Seat 1: mogoallin ($136.26 in chips)
Seat 2: Psynto ($123.52 in chips)
Psynto: posts small blind $1
mogoallin: posts big blind $3
*** HOLE CARDS ***
Psynto: raises $3 to $6
mogoallin: raises $3 to $9
Psynto: calls $3
*** FLOP *** [6d 7h Tc]
mogoallin: bets $3
Psynto: folds
Uncalled bet ($3) returned to mogoallin
mogoallin collected $17.64 from pot
mogoallin: doesn't show hand
*** SUMMARY ***
Total pot $18 | Rake $0.36
Board [6d 7h Tc]
Seat 1: mogoallin (big blind) collected ($17.64)
Seat 2: Psynto (button) (small blind) folded on the Flop


PokerStars Hand #175623358259:  Hold'em Limit ($3/$6 USD) - 2017/09/14 5:47:39 ET
Table 'Tercidina' 10-max Seat #1 is the button
Seat 1: mogoallin ($153.94 in chips)
Seat 2: Psynto ($104.16 in chips)
mogoallin: posts small blind $1
Psynto: posts big blind $3
*** HOLE CARDS ***
mogoallin: raises $3 to $6
Psynto: calls $3
*** FLOP *** [Th Td Jh]
Psynto: checks
mogoallin: checks
*** TURN *** [Th Td Jh] [Qc]
Psynto: checks
mogoallin: bets $6
Psynto: calls $6
*** RIVER *** [Th Td Jh Qc] [8h]
Psynto: checks
mogoallin: checks
*** SHOW DOWN ***
Psynto: shows [7c Ks] (a pair of Tens)
mogoallin: shows [6s Jc] (two pair, Jacks and Tens)
mogoallin collected $23.52 from pot
*** SUMMARY ***
Total pot $24 | Rake $0.48
Board [Th Td Jh Qc 8h]
Seat 1: mogoallin (button) (small blind) showed [6s Jc] and won ($23.52) with two pair, Jacks and Tens
Seat 2: Psynto (big blind) showed [7c Ks] and lost with a pair of Tens


PokerStars Hand #175623354564:  Hold'em Limit ($3/$6 USD) - 2017/09/14 5:47:28 ET
Table 'Tercidina' 10-max Seat #1 is the button
Seat 1: mogoallin ($157.94 in chips)
Seat 2: Psynto ($100.16 in chips)
mogoallin: posts small blind $1
Psynto: posts big blind $3
*** HOLE CARDS ***
mogoallin: folds
Uncalled bet ($2) returned to Psynto
Psynto collected $2 from pot
Psynto: doesn't show hand
*** SUMMARY ***
Total pot $2 | Rake $0
Seat 1: mogoallin (button) (small blind) folded before Flop
Seat 2: Psynto (big blind) collected ($2)


PokerStars Hand #175623350357:  Hold'em Limit ($3/$6 USD) - 2017/09/14 5:47:16 ET
Table 'Tercidina' 10-max Seat #2 is the button
Seat 1: mogoallin ($146.42 in chips)
Seat 2: Psynto ($112.16 in chips)
Psynto: posts small blind $1
mogoallin: posts big blind $3
*** HOLE CARDS ***
Psynto: raises $3 to $6
mogoallin: raises $3 to $9
Psynto: calls $3
*** FLOP *** [8h Td 4c]
mogoallin: bets $3
Psynto: calls $3
*** TURN *** [8h Td 4c] [Jd]
mogoallin: bets $6
Psynto: folds
Uncalled bet ($6) returned to mogoallin
mogoallin collected $23.52 from pot
mogoallin: doesn't show hand
*** SUMMARY ***
Total pot $24 | Rake $0.48
Board [8h Td 4c Jd]
Seat 1: mogoallin (big blind) collected ($23.52)
Seat 2: Psynto (button) (small blind) folded on the Turn


PokerStars Hand #175623363072:  Hold'em Limit ($3/$6 USD) - 2017/09/14 5:47:52 ET
Table 'Tercidina' 10-max Seat #2 is the button
Seat 1: mogoallin ($165.46 in chips)
Seat 2: Psynto ($92.16 in chips)
Psynto: posts small blind $1
mogoallin: posts big blind $3
*** HOLE CARDS ***
Psynto: raises $3 to $6
mogoallin: raises $3 to $9
Psynto: calls $3
*** FLOP *** [Kd 7c Qd]
mogoallin: bets $3
Psynto: folds
Uncalled bet ($3) returned to mogoallin
mogoallin collected $17.64 from pot
mogoallin: doesn't show hand
*** SUMMARY ***
Total pot $18 | Rake $0.36
Board [Kd 7c Qd]
Seat 1: mogoallin (big blind) collected ($17.64)
Seat 2: Psynto (button) (small blind) folded on the Flop


PokerStars Hand #175623366113:  Hold'em Limit ($3/$6 USD) - 2017/09/14 5:48:01 ET
Table 'Tercidina' 10-max Seat #1 is the button
Seat 1: mogoallin ($174.10 in chips)
Seat 2: Psynto ($83.16 in chips)
mogoallin: posts small blind $1
Psynto: posts big blind $3
*** HOLE CARDS ***
andyrr joins the table at seat #10
mogoallin: raises $3 to $6
Psynto: raises $3 to $9
mogoallin: calls $3
*** FLOP *** [9h 8h 7s]
Psynto: bets $3
mogoallin: calls $3
*** TURN *** [9h 8h 7s] [Jd]
Psynto: bets $6
mogoallin: calls $6
*** RIVER *** [9h 8h 7s Jd] [6c]
Psynto: checks
mogoallin: checks
*** SHOW DOWN ***
Psynto: shows [3s 3d] (a pair of Threes)
mogoallin: shows [Jh Qc] (a pair of Jacks)
mogoallin collected $35.50 from pot
*** SUMMARY ***
Total pot $36 | Rake $0.50
Board [9h 8h 7s Jd 6c]
Seat 1: mogoallin (button) (small blind) showed [Jh Qc] and won ($35.50) with a pair of Jacks
Seat 2: Psynto (big blind) showed [3s 3d] and lost with a pair of Threes


