PokerStars Hand #151776850622:  Hold'em Limit ($3/$6 USD) - 2016/04/11 15:33:26 ET
Table 'Tercidina II' 6-max Seat #5 is the button
Seat 3: partyalex92 ($200.61 in chips)
Seat 5: Zubasa07 ($488 in chips)
Zubasa07: posts small blind $1
partyalex92: posts big blind $3
*** HOLE CARDS ***
Zubasa07: raises $3 to $6
partyalex92: calls $3
*** FLOP *** [9d 3s Tc]
partyalex92: bets $3
Zubasa07: calls $3
*** TURN *** [9d 3s Tc] [Th]
partyalex92: checks
Zubasa07: bets $6
partyalex92: raises $6 to $12
Zubasa07: calls $6
*** RIVER *** [9d 3s Tc Th] [4c]
partyalex92: bets $6
Zubasa07: calls $6
*** SHOW DOWN ***
partyalex92: shows [4s Td] (a full house, Tens full of Fours)
Zubasa07: mucks hand
partyalex92 collected $53.50 from pot
*** SUMMARY ***
Total pot $54 | Rake $0.50
Board [9d 3s Tc Th 4c]
Seat 3: partyalex92 (big blind) showed [4s Td] and won ($53.50) with a full house, Tens full of Fours
Seat 5: Zubasa07 (button) (small blind) mucked


PokerStars Hand #151777278906:  Hold'em Limit ($3/$6 USD) - 2016/04/11 15:40:34 ET
Table 'Tercidina II' 6-max Seat #6 is the button
Seat 2: Yell0wBack ($365.55 in chips)
Seat 6: ChawkDee ($123.50 in chips)
ChawkDee: posts small blind $1
Yell0wBack: posts big blind $3
*** HOLE CARDS ***
ChawkDee: folds
Uncalled bet ($2) returned to Yell0wBack
Yell0wBack collected $2 from pot
Yell0wBack: doesn't show hand
*** SUMMARY ***
Total pot $2 | Rake $0
Seat 2: Yell0wBack (big blind) collected ($2)
Seat 6: ChawkDee (button) (small blind) folded before Flop


PokerStars Hand #151777284663:  Hold'em Limit ($3/$6 USD) - 2016/04/11 15:40:40 ET
Table 'Tercidina II' 6-max Seat #2 is the button
Seat 2: Yell0wBack ($366.55 in chips)
Seat 6: ChawkDee ($122.50 in chips)
Yell0wBack: posts small blind $1
ChawkDee: posts big blind $3
*** HOLE CARDS ***
Yell0wBack: raises $3 to $6
ChawkDee: folds
Uncalled bet ($3) returned to Yell0wBack
Yell0wBack collected $6 from pot
*** SUMMARY ***
Total pot $6 | Rake $0
Seat 2: Yell0wBack (button) (small blind) collected ($6)
Seat 6: ChawkDee (big blind) folded before Flop


PokerStars Hand #151777201345:  Hold'em Limit ($3/$6 USD) - 2016/04/11 15:39:17 ET
Table 'Tercidina II' 6-max Seat #2 is the button
Seat 2: Yell0wBack ($392.55 in chips)
Seat 6: ChawkDee ($97 in chips)
Yell0wBack: posts small blind $1
MissEKAmouse: is sitting out
ChawkDee: posts big blind $3
*** HOLE CARDS ***
Yell0wBack: raises $3 to $6
ChawkDee: raises $3 to $9
Yell0wBack: raises $3 to $12
Betting is capped
ChawkDee: calls $3
*** FLOP *** [Tc 7c 4h]
ChawkDee: bets $3
Yell0wBack: raises $3 to $6
ChawkDee: raises $3 to $9
Yell0wBack: calls $3
*** TURN *** [Tc 7c 4h] [4s]
ChawkDee: checks
Yell0wBack: checks
*** RIVER *** [Tc 7c 4h 4s] [Qc]
ChawkDee: bets $6
Yell0wBack: calls $6
*** SHOW DOWN ***
ChawkDee: shows [8c 6c] (a flush, Queen high)
Yell0wBack: mucks hand
ChawkDee collected $53.50 from pot
*** SUMMARY ***
Total pot $54 | Rake $0.50
Board [Tc 7c 4h 4s Qc]
Seat 2: Yell0wBack (button) (small blind) mucked
Seat 6: ChawkDee (big blind) showed [8c 6c] and won ($53.50) with a flush, Queen high


PokerStars Hand #151777274187:  Hold'em Limit ($3/$6 USD) - 2016/04/11 15:40:30 ET
Table 'Tercidina II' 6-max Seat #2 is the button
Seat 2: Yell0wBack ($366.55 in chips)
Seat 6: ChawkDee ($122.50 in chips)
Yell0wBack: posts small blind $1
ChawkDee: posts big blind $3
*** HOLE CARDS ***
Yell0wBack: folds
Uncalled bet ($2) returned to ChawkDee
ChawkDee collected $2 from pot
ChawkDee: doesn't show hand
*** SUMMARY ***
Total pot $2 | Rake $0
Seat 2: Yell0wBack (button) (small blind) folded before Flop
Seat 6: ChawkDee (big blind) collected ($2)


PokerStars Hand #151777266817:  Hold'em Limit ($3/$6 USD) - 2016/04/11 15:40:22 ET
Table 'Tercidina II' 6-max Seat #6 is the button
Seat 2: Yell0wBack ($365.55 in chips)
Seat 6: ChawkDee ($123.50 in chips)
ChawkDee: posts small blind $1
Yell0wBack: posts big blind $3
*** HOLE CARDS ***
ChawkDee: folds
Uncalled bet ($2) returned to Yell0wBack
Yell0wBack collected $2 from pot
*** SUMMARY ***
Total pot $2 | Rake $0
Seat 2: Yell0wBack (big blind) collected ($2)
Seat 6: ChawkDee (button) (small blind) folded before Flop


PokerStars Hand #151777350775:  Hold'em Limit ($3/$6 USD) - 2016/04/11 15:41:46 ET
Table 'Tercidina II' 6-max Seat #2 is the button
Seat 2: Yell0wBack ($370.07 in chips)
Seat 6: ChawkDee ($118.02 in chips)
Yell0wBack: posts small blind $1
ChawkDee: posts big blind $3
*** HOLE CARDS ***
Yell0wBack: raises $3 to $6
ChawkDee: folds
Uncalled bet ($3) returned to Yell0wBack
Yell0wBack collected $6 from pot
Yell0wBack: doesn't show hand
*** SUMMARY ***
Total pot $6 | Rake $0
Seat 2: Yell0wBack (button) (small blind) collected ($6)
Seat 6: ChawkDee (big blind) folded before Flop


PokerStars Hand #151777330688:  Hold'em Limit ($3/$6 USD) - 2016/04/11 15:41:26 ET
Table 'Tercidina II' 6-max Seat #6 is the button
Seat 2: Yell0wBack ($358.55 in chips)
Seat 6: ChawkDee ($130.02 in chips)
ChawkDee: posts small blind $1
Yell0wBack: posts big blind $3
*** HOLE CARDS ***
ChawkDee: raises $3 to $6
Yell0wBack: raises $3 to $9
ChawkDee: calls $3
*** FLOP *** [6h Ah Kh]
Yell0wBack: bets $3
ChawkDee: calls $3
*** TURN *** [6h Ah Kh] [8h]
Yell0wBack: bets $6
ChawkDee: folds
Uncalled bet ($6) returned to Yell0wBack
Yell0wBack collected $23.52 from pot
Yell0wBack: doesn't show hand
*** SUMMARY ***
Total pot $24 | Rake $0.48
Board [6h Ah Kh 8h]
Seat 2: Yell0wBack (big blind) collected ($23.52)
Seat 6: ChawkDee (button) (small blind) folded on the Turn


PokerStars Hand #151777296177:  Hold'em Limit ($3/$6 USD) - 2016/04/11 15:40:52 ET
Table 'Tercidina II' 6-max Seat #6 is the button
Seat 2: Yell0wBack ($369.55 in chips)
Seat 6: ChawkDee ($119.50 in chips)
ChawkDee: posts small blind $1
Yell0wBack: posts big blind $3
*** HOLE CARDS ***
ChawkDee: folds
Uncalled bet ($2) returned to Yell0wBack
Yell0wBack collected $2 from pot
Yell0wBack: doesn't show hand
*** SUMMARY ***
Total pot $2 | Rake $0
Seat 2: Yell0wBack (big blind) collected ($2)
Seat 6: ChawkDee (button) (small blind) folded before Flop


PokerStars Hand #151777303378:  Hold'em Limit ($3/$6 USD) - 2016/04/11 15:40:59 ET
Table 'Tercidina II' 6-max Seat #2 is the button
Seat 2: Yell0wBack ($370.55 in chips)
Seat 6: ChawkDee ($118.50 in chips)
Yell0wBack: posts small blind $1
ChawkDee: posts big blind $3
*** HOLE CARDS ***
Yell0wBack: raises $3 to $6
ChawkDee: calls $3
*** FLOP *** [3s 8s 6d]
ChawkDee: checks
Yell0wBack: checks
*** TURN *** [3s 8s 6d] [Td]
ChawkDee: bets $6
Yell0wBack: calls $6
*** RIVER *** [3s 8s 6d Td] [3h]
ChawkDee: bets $6
Yell0wBack: folds
Uncalled bet ($6) returned to ChawkDee
ChawkDee collected $23.52 from pot
ChawkDee: doesn't show hand
*** SUMMARY ***
Total pot $24 | Rake $0.48
Board [3s 8s 6d Td 3h]
Seat 2: Yell0wBack (button) (small blind) folded on the River
Seat 6: ChawkDee (big blind) collected ($23.52)


PokerStars Hand #151777359603:  Hold'em Limit ($3/$6 USD) - 2016/04/11 15:41:55 ET
Table 'Tercidina II' 6-max Seat #6 is the button
Seat 2: Yell0wBack ($373.07 in chips)
Seat 6: ChawkDee ($115.02 in chips)
ChawkDee: posts small blind $1
Yell0wBack: posts big blind $3
*** HOLE CARDS ***
ChawkDee: raises $3 to $6
Yell0wBack: calls $3
*** FLOP *** [5h 3s 8s]
Yell0wBack: checks
ChawkDee: checks
*** TURN *** [5h 3s 8s] [6c]
Yell0wBack: bets $6
ChawkDee: calls $6
*** RIVER *** [5h 3s 8s 6c] [Tc]
Yell0wBack: bets $6
ChawkDee: folds
Uncalled bet ($6) returned to Yell0wBack
Yell0wBack collected $23.52 from pot
Yell0wBack: doesn't show hand
*** SUMMARY ***
Total pot $24 | Rake $0.48
Board [5h 3s 8s 6c Tc]
Seat 2: Yell0wBack (big blind) collected ($23.52)
Seat 6: ChawkDee (button) (small blind) folded on the River


PokerStars Hand #151777439229:  Hold'em Limit ($3/$6 USD) - 2016/04/11 15:43:15 ET
Table 'Tercidina II' 6-max Seat #6 is the button
Seat 2: Yell0wBack ($393.23 in chips)
Seat 6: ChawkDee ($94.02 in chips)
ChawkDee: posts small blind $1
Yell0wBack: posts big blind $3
*** HOLE CARDS ***
ChawkDee: raises $3 to $6
Yell0wBack: folds
Uncalled bet ($3) returned to ChawkDee
ChawkDee collected $6 from pot
ChawkDee: doesn't show hand
*** SUMMARY ***
Total pot $6 | Rake $0
Seat 2: Yell0wBack (big blind) folded before Flop
Seat 6: ChawkDee (button) (small blind) collected ($6)


PokerStars Hand #151777395248:  Hold'em Limit ($3/$6 USD) - 2016/04/11 15:42:31 ET
Table 'Tercidina II' 6-max Seat #2 is the button
Seat 2: Yell0wBack ($384.59 in chips)
Seat 6: ChawkDee ($103.02 in chips)
Yell0wBack: posts small blind $1
ChawkDee: posts big blind $3
*** HOLE CARDS ***
Yell0wBack: raises $3 to $6
ChawkDee: calls $3
*** FLOP *** [7d 5d Qc]
ChawkDee: checks
Yell0wBack: bets $3
ChawkDee: calls $3
*** TURN *** [7d 5d Qc] [Js]
ChawkDee: checks
Yell0wBack: bets $6
ChawkDee: folds
Uncalled bet ($6) returned to Yell0wBack
Yell0wBack collected $17.64 from pot
Yell0wBack: doesn't show hand
*** SUMMARY ***
Total pot $18 | Rake $0.36
Board [7d 5d Qc Js]
Seat 2: Yell0wBack (button) (small blind) collected ($17.64)
Seat 6: ChawkDee (big blind) folded on the Turn


PokerStars Hand #151777526028:  Hold'em Limit ($3/$6 USD) - 2016/04/11 15:44:41 ET
Table 'Tercidina II' 6-max Seat #2 is the button
Seat 2: Yell0wBack ($381.99 in chips)
Seat 6: ChawkDee ($104.54 in chips)
Yell0wBack: posts small blind $1
ChawkDee: posts big blind $3
*** HOLE CARDS ***
Yell0wBack: raises $3 to $6
ChawkDee: folds
Uncalled bet ($3) returned to Yell0wBack
Yell0wBack collected $6 from pot
Yell0wBack: doesn't show hand
*** SUMMARY ***
Total pot $6 | Rake $0
Seat 2: Yell0wBack (button) (small blind) collected ($6)
Seat 6: ChawkDee (big blind) folded before Flop


PokerStars Hand #151777494232:  Hold'em Limit ($3/$6 USD) - 2016/04/11 15:44:09 ET
Table 'Tercidina II' 6-max Seat #2 is the button
Seat 2: Yell0wBack ($375.23 in chips)
Seat 6: ChawkDee ($111.54 in chips)
Yell0wBack: posts small blind $1
ChawkDee: posts big blind $3
*** HOLE CARDS ***
Yell0wBack: raises $3 to $6
ChawkDee: calls $3
*** FLOP *** [Ah Kd 3h]
ChawkDee: checks
Yell0wBack: bets $3
ChawkDee: folds
Uncalled bet ($3) returned to Yell0wBack
Yell0wBack collected $11.76 from pot
Yell0wBack: doesn't show hand
*** SUMMARY ***
Total pot $12 | Rake $0.24
Board [Ah Kd 3h]
Seat 2: Yell0wBack (button) (small blind) collected ($11.76)
Seat 6: ChawkDee (big blind) folded on the Flop


PokerStars Hand #151777485873:  Hold'em Limit ($3/$6 USD) - 2016/04/11 15:44:01 ET
Table 'Tercidina II' 6-max Seat #6 is the button
Seat 2: Yell0wBack ($378.23 in chips)
Seat 6: ChawkDee ($108.54 in chips)
ChawkDee: posts small blind $1
Yell0wBack: posts big blind $3
*** HOLE CARDS ***
ChawkDee: raises $3 to $6
Yell0wBack: folds
Uncalled bet ($3) returned to ChawkDee
ChawkDee collected $6 from pot
ChawkDee: doesn't show hand
*** SUMMARY ***
Total pot $6 | Rake $0
Seat 2: Yell0wBack (big blind) folded before Flop
Seat 6: ChawkDee (button) (small blind) collected ($6)


PokerStars Hand #151777520934:  Hold'em Limit ($3/$6 USD) - 2016/04/11 15:44:36 ET
Table 'Tercidina II' 6-max Seat #6 is the button
Seat 2: Yell0wBack ($380.99 in chips)
Seat 6: ChawkDee ($105.54 in chips)
ChawkDee: posts small blind $1
Yell0wBack: posts big blind $3
*** HOLE CARDS ***
ChawkDee: folds
Uncalled bet ($2) returned to Yell0wBack
Yell0wBack collected $2 from pot
Yell0wBack: doesn't show hand
*** SUMMARY ***
Total pot $2 | Rake $0
Seat 2: Yell0wBack (big blind) collected ($2)
Seat 6: ChawkDee (button) (small blind) folded before Flop


PokerStars Hand #151777448616:  Hold'em Limit ($3/$6 USD) - 2016/04/11 15:43:24 ET
Table 'Tercidina II' 6-max Seat #2 is the button
Seat 2: Yell0wBack ($390.23 in chips)
Seat 6: ChawkDee ($97.02 in chips)
Yell0wBack: posts small blind $1
ChawkDee: posts big blind $3
*** HOLE CARDS ***
Yell0wBack: raises $3 to $6
ChawkDee: raises $3 to $9
Yell0wBack: calls $3
*** FLOP *** [2s 6s 7c]
ChawkDee: bets $3
Yell0wBack: calls $3
*** TURN *** [2s 6s 7c] [5d]
ChawkDee: bets $6
Yell0wBack: folds
Uncalled bet ($6) returned to ChawkDee
ChawkDee collected $23.52 from pot
ChawkDee: doesn't show hand
*** SUMMARY ***
Total pot $24 | Rake $0.48
Board [2s 6s 7c 5d]
Seat 2: Yell0wBack (button) (small blind) folded on the Turn
Seat 6: ChawkDee (big blind) collected ($23.52)


PokerStars Hand #151777532684:  Hold'em Limit ($3/$6 USD) - 2016/04/11 15:44:47 ET
Table 'Tercidina II' 6-max Seat #6 is the button
Seat 2: Yell0wBack ($384.99 in chips)
Seat 6: ChawkDee ($101.54 in chips)
ChawkDee: posts small blind $1
Yell0wBack: posts big blind $3
*** HOLE CARDS ***
ChawkDee: raises $3 to $6
Yell0wBack: raises $3 to $9
ChawkDee: calls $3
*** FLOP *** [Jd Qd 3h]
Yell0wBack: bets $3
ChawkDee: calls $3
*** TURN *** [Jd Qd 3h] [Jh]
Yell0wBack: bets $6
ChawkDee: calls $6
*** RIVER *** [Jd Qd 3h Jh] [8h]
Yell0wBack: bets $6
ChawkDee: folds
Uncalled bet ($6) returned to Yell0wBack
Yell0wBack collected $35.50 from pot
Yell0wBack: doesn't show hand
*** SUMMARY ***
Total pot $36 | Rake $0.50
Board [Jd Qd 3h Jh 8h]
Seat 2: Yell0wBack (big blind) collected ($35.50)
Seat 6: ChawkDee (button) (small blind) folded on the River


PokerStars Hand #151777565758:  Hold'em Limit ($3/$6 USD) - 2016/04/11 15:45:20 ET
Table 'Tercidina II' 6-max Seat #2 is the button
Seat 2: Yell0wBack ($402.49 in chips)
Seat 6: ChawkDee ($83.54 in chips)
Yell0wBack: posts small blind $1
ChawkDee: posts big blind $3
*** HOLE CARDS ***
Yell0wBack: raises $3 to $6
ChawkDee: raises $3 to $9
Yell0wBack: calls $3
*** FLOP *** [As Qs Qh]
ChawkDee: bets $3
Yell0wBack: calls $3
*** TURN *** [As Qs Qh] [6d]
ChawkDee: checks
Yell0wBack: checks
*** RIVER *** [As Qs Qh 6d] [Ts]
ChawkDee: checks
Yell0wBack: checks
*** SHOW DOWN ***
ChawkDee: shows [8c Ad] (two pair, Aces and Queens)
Yell0wBack: mucks hand
ChawkDee collected $23.52 from pot
*** SUMMARY ***
Total pot $24 | Rake $0.48
Board [As Qs Qh 6d Ts]
Seat 2: Yell0wBack (button) (small blind) mucked
Seat 6: ChawkDee (big blind) showed [8c Ad] and won ($23.52) with two pair, Aces and Queens


PokerStars Hand #151777591589:  Hold'em Limit ($3/$6 USD) - 2016/04/11 15:45:46 ET
Table 'Tercidina II' 6-max Seat #6 is the button
Seat 2: Yell0wBack ($390.49 in chips)
Seat 6: ChawkDee ($95.06 in chips)
ChawkDee: posts small blind $1
Yell0wBack: posts big blind $3
*** HOLE CARDS ***
ChawkDee: raises $3 to $6
Yell0wBack: folds
Uncalled bet ($3) returned to ChawkDee
ChawkDee collected $6 from pot
ChawkDee: doesn't show hand
*** SUMMARY ***
Total pot $6 | Rake $0
Seat 2: Yell0wBack (big blind) folded before Flop
Seat 6: ChawkDee (button) (small blind) collected ($6)


PokerStars Hand #151777649797:  Hold'em Limit ($3/$6 USD) - 2016/04/11 15:46:44 ET
Table 'Tercidina II' 6-max Seat #6 is the button
Seat 2: Yell0wBack ($401.99 in chips)
Seat 6: ChawkDee ($83.06 in chips)
ChawkDee: posts small blind $1
Yell0wBack: posts big blind $3
*** HOLE CARDS ***
ChawkDee: raises $3 to $6
Yell0wBack: folds
Uncalled bet ($3) returned to ChawkDee
ChawkDee collected $6 from pot
ChawkDee: doesn't show hand
*** SUMMARY ***
Total pot $6 | Rake $0
Seat 2: Yell0wBack (big blind) folded before Flop
Seat 6: ChawkDee (button) (small blind) collected ($6)


PokerStars Hand #151777601497:  Hold'em Limit ($3/$6 USD) - 2016/04/11 15:45:56 ET
Table 'Tercidina II' 6-max Seat #2 is the button
Seat 2: Yell0wBack ($387.49 in chips)
Seat 6: ChawkDee ($98.06 in chips)
Yell0wBack: posts small blind $1
ChawkDee: posts big blind $3
*** HOLE CARDS ***
Yell0wBack: raises $3 to $6
ChawkDee: raises $3 to $9
Yell0wBack: calls $3
*** FLOP *** [Ks Ad Ts]
ChawkDee: bets $3
Yell0wBack: raises $3 to $6
ChawkDee: calls $3
*** TURN *** [Ks Ad Ts] [3d]
ChawkDee: checks
Yell0wBack: bets $6
ChawkDee: folds
Uncalled bet ($6) returned to Yell0wBack
Yell0wBack collected $29.50 from pot
Yell0wBack: doesn't show hand
*** SUMMARY ***
Total pot $30 | Rake $0.50
Board [Ks Ad Ts 3d]
Seat 2: Yell0wBack (button) (small blind) collected ($29.50)
Seat 6: ChawkDee (big blind) folded on the Turn


PokerStars Hand #151777658406:  Hold'em Limit ($3/$6 USD) - 2016/04/11 15:46:53 ET
Table 'Tercidina II' 6-max Seat #2 is the button
Seat 2: Yell0wBack ($398.99 in chips)
Seat 6: ChawkDee ($86.06 in chips)
Yell0wBack: posts small blind $1
ChawkDee: posts big blind $3
*** HOLE CARDS ***
Yell0wBack: raises $3 to $6
ChawkDee: raises $3 to $9
Yell0wBack: calls $3
*** FLOP *** [6h 7d Jh]
ChawkDee: bets $3
Yell0wBack: raises $3 to $6
ChawkDee: raises $3 to $9
Yell0wBack: calls $3
*** TURN *** [6h 7d Jh] [7c]
ChawkDee: bets $6
Yell0wBack: calls $6
*** RIVER *** [6h 7d Jh 7c] [8s]
ChawkDee: checks
Yell0wBack: checks
*** SHOW DOWN ***
ChawkDee: shows [9h 9s] (two pair, Nines and Sevens)
Yell0wBack: mucks hand
ChawkDee collected $47.50 from pot
*** SUMMARY ***
Total pot $48 | Rake $0.50
Board [6h 7d Jh 7c 8s]
Seat 2: Yell0wBack (button) (small blind) mucked
Seat 6: ChawkDee (big blind) showed [9h 9s] and won ($47.50) with two pair, Nines and Sevens


PokerStars Hand #151777712092:  Hold'em Limit ($3/$6 USD) - 2016/04/11 15:47:47 ET
Table 'Tercidina II' 6-max Seat #6 is the button
Seat 2: Yell0wBack ($378.99 in chips)
Seat 6: ChawkDee ($105.56 in chips)
ChawkDee: posts small blind $1
Yell0wBack: posts big blind $3
*** HOLE CARDS ***
ChawkDee: folds
Uncalled bet ($2) returned to Yell0wBack
Yell0wBack collected $2 from pot
Yell0wBack: doesn't show hand
*** SUMMARY ***
Total pot $2 | Rake $0
Seat 2: Yell0wBack (big blind) collected ($2)
Seat 6: ChawkDee (button) (small blind) folded before Flop


PokerStars Hand #151777691425:  Hold'em Limit ($3/$6 USD) - 2016/04/11 15:47:26 ET
Table 'Tercidina II' 6-max Seat #6 is the button
Seat 2: Yell0wBack ($378.99 in chips)
Seat 6: ChawkDee ($105.56 in chips)
ChawkDee: posts small blind $1
Yell0wBack: posts big blind $3
*** HOLE CARDS ***
ChawkDee: raises $3 to $6
Yell0wBack: folds
Uncalled bet ($3) returned to ChawkDee
ChawkDee collected $6 from pot
ChawkDee: doesn't show hand
*** SUMMARY ***
Total pot $6 | Rake $0
Seat 2: Yell0wBack (big blind) folded before Flop
Seat 6: ChawkDee (button) (small blind) collected ($6)


PokerStars Hand #151777685139:  Hold'em Limit ($3/$6 USD) - 2016/04/11 15:47:20 ET
Table 'Tercidina II' 6-max Seat #2 is the button
Seat 2: Yell0wBack ($375.99 in chips)
Seat 6: ChawkDee ($108.56 in chips)
Yell0wBack: posts small blind $1
ChawkDee: posts big blind $3
*** HOLE CARDS ***
Yell0wBack: raises $3 to $6
ChawkDee: folds
Uncalled bet ($3) returned to Yell0wBack
Yell0wBack collected $6 from pot
Yell0wBack: doesn't show hand
*** SUMMARY ***
Total pot $6 | Rake $0
Seat 2: Yell0wBack (button) (small blind) collected ($6)
Seat 6: ChawkDee (big blind) folded before Flop


PokerStars Hand #151777679267:  Hold'em Limit ($3/$6 USD) - 2016/04/11 15:47:14 ET
Table 'Tercidina II' 6-max Seat #6 is the button
Seat 2: Yell0wBack ($374.99 in chips)
Seat 6: ChawkDee ($109.56 in chips)
ChawkDee: posts small blind $1
Yell0wBack: posts big blind $3
*** HOLE CARDS ***
ChawkDee: folds
Uncalled bet ($2) returned to Yell0wBack
Yell0wBack collected $2 from pot
Yell0wBack: doesn't show hand
*** SUMMARY ***
Total pot $2 | Rake $0
Seat 2: Yell0wBack (big blind) collected ($2)
Seat 6: ChawkDee (button) (small blind) folded before Flop


PokerStars Hand #151777699657:  Hold'em Limit ($3/$6 USD) - 2016/04/11 15:47:34 ET
Table 'Tercidina II' 6-max Seat #2 is the button
Seat 2: Yell0wBack ($375.99 in chips)
Seat 6: ChawkDee ($108.56 in chips)
Yell0wBack: posts small blind $1
ChawkDee: posts big blind $3
*** HOLE CARDS ***
Yell0wBack: raises $3 to $6
ChawkDee: folds
Uncalled bet ($3) returned to Yell0wBack
Yell0wBack collected $6 from pot
Yell0wBack: doesn't show hand
*** SUMMARY ***
Total pot $6 | Rake $0
Seat 2: Yell0wBack (button) (small blind) collected ($6)
Seat 6: ChawkDee (big blind) folded before Flop


