PokerStars Hand #161682798598:  Hold'em Limit ($3/$6 USD) - 2016/11/20 7:41:37 ET
Table 'Terentia' 10-max Seat #6 is the button
Seat 6: Agrotait ($72 in chips)
Seat 7: hitzkopf ($84 in chips)
Agrotait: posts small blind $1
hitzkopf: posts big blind $3
*** HOLE CARDS ***
Agrotait: raises $3 to $6
hitzkopf: calls $3
*** FLOP *** [8d Ks Ah]
hitzkopf: checks
Agrotait: bets $3
hitzkopf: folds
Uncalled bet ($3) returned to Agrotait
Agrotait collected $11.76 from pot
Agrotait: doesn't show hand
*** SUMMARY ***
Total pot $12 | Rake $0.24
Board [8d Ks Ah]
Seat 6: Agrotait (button) (small blind) collected ($11.76)
Seat 7: hitzkopf (big blind) folded on the Flop


PokerStars Hand #161682826110:  Hold'em Limit ($3/$6 USD) - 2016/11/20 7:42:23 ET
Table 'Terentia' 10-max Seat #6 is the button
Seat 6: Agrotait ($74.76 in chips)
Seat 7: hitzkopf ($80.88 in chips)
Agrotait: posts small blind $1
hitzkopf: posts big blind $3
*** HOLE CARDS ***
Agrotait: folds
Uncalled bet ($2) returned to hitzkopf
hitzkopf collected $2 from pot
*** SUMMARY ***
Total pot $2 | Rake $0
Seat 6: Agrotait (button) (small blind) folded before Flop
Seat 7: hitzkopf (big blind) collected ($2)


PokerStars Hand #161682813995:  Hold'em Limit ($3/$6 USD) - 2016/11/20 7:42:03 ET
Table 'Terentia' 10-max Seat #7 is the button
Seat 6: Agrotait ($77.76 in chips)
Seat 7: hitzkopf ($78 in chips)
hitzkopf: posts small blind $1
Agrotait: posts big blind $3
*** HOLE CARDS ***
hitzkopf: calls $2
Agrotait: checks
*** FLOP *** [6s 4h 7d]
Agrotait: checks
hitzkopf: bets $3
Agrotait: folds
Uncalled bet ($3) returned to hitzkopf
hitzkopf collected $5.88 from pot
*** SUMMARY ***
Total pot $6 | Rake $0.12
Board [6s 4h 7d]
Seat 6: Agrotait (big blind) folded on the Flop
Seat 7: hitzkopf (button) (small blind) collected ($5.88)


PokerStars Hand #161682829498:  Hold'em Limit ($3/$6 USD) - 2016/11/20 7:42:29 ET
Table 'Terentia' 10-max Seat #7 is the button
Seat 6: Agrotait ($73.76 in chips)
Seat 7: hitzkopf ($81.88 in chips)
hitzkopf: posts small blind $1
Agrotait: posts big blind $3
*** HOLE CARDS ***
hitzkopf: folds
Uncalled bet ($2) returned to Agrotait
Agrotait collected $2 from pot
Agrotait: doesn't show hand
*** SUMMARY ***
Total pot $2 | Rake $0
Seat 6: Agrotait (big blind) collected ($2)
Seat 7: hitzkopf (button) (small blind) folded before Flop


PokerStars Hand #161682854842:  Hold'em Limit ($3/$6 USD) - 2016/11/20 7:43:11 ET
Table 'Terentia' 10-max Seat #7 is the button
Seat 6: Agrotait ($83.40 in chips)
Seat 7: hitzkopf ($71.88 in chips)
hitzkopf: posts small blind $1
Agrotait: posts big blind $3
*** HOLE CARDS ***
hitzkopf: raises $3 to $6
Agrotait: calls $3
*** FLOP *** [Ks 4h 3h]
Agrotait: checks
hitzkopf: bets $3
Agrotait: raises $3 to $6
hitzkopf: raises $3 to $9
Agrotait: calls $3
*** TURN *** [Ks 4h 3h] [Jd]
Agrotait: checks
hitzkopf: bets $6
Agrotait: calls $6
*** RIVER *** [Ks 4h 3h Jd] [8c]
Agrotait: bets $6
hitzkopf: calls $6
*** SHOW DOWN ***
Agrotait: shows [5h 5c] (a pair of Fives)
hitzkopf: mucks hand
Agrotait collected $53.50 from pot
*** SUMMARY ***
Total pot $54 | Rake $0.50
Board [Ks 4h 3h Jd 8c]
Seat 6: Agrotait (big blind) showed [5h 5c] and won ($53.50) with a pair of Fives
Seat 7: hitzkopf (button) (small blind) mucked


PokerStars Hand #161682832679:  Hold'em Limit ($3/$6 USD) - 2016/11/20 7:42:34 ET
Table 'Terentia' 10-max Seat #6 is the button
Seat 6: Agrotait ($74.76 in chips)
Seat 7: hitzkopf ($80.88 in chips)
Agrotait: posts small blind $1
hitzkopf: posts big blind $3
*** HOLE CARDS ***
Agrotait: raises $3 to $6
hitzkopf: calls $3
*** FLOP *** [2s Ad 4h]
hitzkopf: checks
Agrotait: bets $3
hitzkopf: calls $3
*** TURN *** [2s Ad 4h] [9c]
hitzkopf: checks
Agrotait: bets $6
hitzkopf: folds
Uncalled bet ($6) returned to Agrotait
Agrotait collected $17.64 from pot
Agrotait: doesn't show hand
*** SUMMARY ***
Total pot $18 | Rake $0.36
Board [2s Ad 4h 9c]
Seat 6: Agrotait (button) (small blind) collected ($17.64)
Seat 7: hitzkopf (big blind) folded on the Turn


PokerStars Hand #161682884110:  Hold'em Limit ($3/$6 USD) - 2016/11/20 7:44:00 ET
Table 'Terentia' 10-max Seat #6 is the button
Seat 6: Agrotait ($109.90 in chips)
Seat 7: hitzkopf ($44.88 in chips)
Agrotait: posts small blind $1
hitzkopf: posts big blind $3
*** HOLE CARDS ***
Agrotait: folds
Uncalled bet ($2) returned to hitzkopf
hitzkopf collected $2 from pot
*** SUMMARY ***
Total pot $2 | Rake $0
Seat 6: Agrotait (button) (small blind) folded before Flop
Seat 7: hitzkopf (big blind) collected ($2)


PokerStars Hand #161682889345:  Hold'em Limit ($3/$6 USD) - 2016/11/20 7:44:08 ET
Table 'Terentia' 10-max Seat #7 is the button
Seat 6: Agrotait ($108.90 in chips)
Seat 7: hitzkopf ($45.88 in chips)
hitzkopf: posts small blind $1
Agrotait: posts big blind $3
*** HOLE CARDS ***
hitzkopf: folds
Uncalled bet ($2) returned to Agrotait
Agrotait collected $2 from pot
Agrotait: doesn't show hand
*** SUMMARY ***
Total pot $2 | Rake $0
Seat 6: Agrotait (big blind) collected ($2)
Seat 7: hitzkopf (button) (small blind) folded before Flop


PokerStars Hand #161682892900:  Hold'em Limit ($3/$6 USD) - 2016/11/20 7:44:14 ET
Table 'Terentia' 10-max Seat #6 is the button
Seat 6: Agrotait ($109.90 in chips)
Seat 7: hitzkopf ($44.88 in chips)
Agrotait: posts small blind $1
hitzkopf: posts big blind $3
*** HOLE CARDS ***
Agrotait: raises $3 to $6
hitzkopf: calls $3
*** FLOP *** [2h Qd Qs]
hitzkopf: checks
Agrotait: bets $3
hitzkopf: calls $3
*** TURN *** [2h Qd Qs] [3h]
hitzkopf: checks
Agrotait: bets $6
hitzkopf: raises $6 to $12
Agrotait: calls $6
*** RIVER *** [2h Qd Qs 3h] [Kc]
hitzkopf: bets $6
Agrotait: folds
Uncalled bet ($6) returned to hitzkopf
hitzkopf collected $41.50 from pot
*** SUMMARY ***
Total pot $42 | Rake $0.50
Board [2h Qd Qs 3h Kc]
Seat 6: Agrotait (button) (small blind) folded on the River
Seat 7: hitzkopf (big blind) collected ($41.50)


PokerStars Hand #161682970000:  Hold'em Limit ($3/$6 USD) - 2016/11/20 7:46:22 ET
Table 'Terentia' 10-max Seat #7 is the button
Seat 6: Agrotait ($91.65 in chips)
Seat 7: hitzkopf ($62.13 in chips)
hitzkopf: posts small blind $1
Agrotait: posts big blind $3
*** HOLE CARDS ***
hitzkopf: raises $3 to $6
Agrotait: calls $3
*** FLOP *** [8s 5s 4s]
Agrotait: checks
hitzkopf: bets $3
Agrotait: folds
Uncalled bet ($3) returned to hitzkopf
hitzkopf collected $11.76 from pot
*** SUMMARY ***
Total pot $12 | Rake $0.24
Board [8s 5s 4s]
Seat 6: Agrotait (big blind) folded on the Flop
Seat 7: hitzkopf (button) (small blind) collected ($11.76)


PokerStars Hand #161682963475:  Hold'em Limit ($3/$6 USD) - 2016/11/20 7:46:11 ET
Table 'Terentia' 10-max Seat #6 is the button
Seat 6: Agrotait ($88.65 in chips)
Seat 7: hitzkopf ($65.13 in chips)
Agrotait: posts small blind $1
hitzkopf: posts big blind $3
*** HOLE CARDS ***
Agrotait: raises $3 to $6
hitzkopf: folds
Uncalled bet ($3) returned to Agrotait
Agrotait collected $6 from pot
Agrotait: doesn't show hand
*** SUMMARY ***
Total pot $6 | Rake $0
Seat 6: Agrotait (button) (small blind) collected ($6)
Seat 7: hitzkopf (big blind) folded before Flop


PokerStars Hand #161682927797:  Hold'em Limit ($3/$6 USD) - 2016/11/20 7:45:13 ET
Table 'Terentia' 10-max Seat #7 is the button
Seat 6: Agrotait ($88.90 in chips)
Seat 7: hitzkopf ($65.38 in chips)
hitzkopf: posts small blind $1
Agrotait: posts big blind $3
*** HOLE CARDS ***
hitzkopf: calls $2
Agrotait: raises $3 to $6
hitzkopf: calls $3
*** FLOP *** [7d Js Ad]
Agrotait: bets $3
hitzkopf: raises $3 to $6
Agrotait: calls $3
*** TURN *** [7d Js Ad] [9c]
Agrotait: checks
hitzkopf: bets $6
Agrotait: calls $6
*** RIVER *** [7d Js Ad 9c] [7h]
Agrotait: checks
hitzkopf: checks
*** SHOW DOWN ***
Agrotait: shows [Jc Ks] (two pair, Jacks and Sevens)
hitzkopf: shows [Jd 3d] (two pair, Jacks and Sevens)
Agrotait collected $17.75 from pot
hitzkopf collected $17.75 from pot
*** SUMMARY ***
Total pot $36 | Rake $0.50
Board [7d Js Ad 9c 7h]
Seat 6: Agrotait (big blind) showed [Jc Ks] and won ($17.75) with two pair, Jacks and Sevens
Seat 7: hitzkopf (button) (small blind) showed [Jd 3d] and won ($17.75) with two pair, Jacks and Sevens


PokerStars Hand #161682984647:  Hold'em Limit ($3/$6 USD) - 2016/11/20 7:46:46 ET
Table 'Terentia' 10-max Seat #6 is the button
Seat 6: Agrotait ($85.65 in chips)
Seat 7: hitzkopf ($67.89 in chips)
Agrotait: posts small blind $1
hitzkopf: posts big blind $3
*** HOLE CARDS ***
Agrotait: folds
Uncalled bet ($2) returned to hitzkopf
hitzkopf collected $2 from pot
*** SUMMARY ***
Total pot $2 | Rake $0
Seat 6: Agrotait (button) (small blind) folded before Flop
Seat 7: hitzkopf (big blind) collected ($2)


PokerStars Hand #161682996362:  Hold'em Limit ($3/$6 USD) - 2016/11/20 7:47:06 ET
Table 'Terentia' 10-max Seat #7 is the button
Seat 6: Agrotait ($84.65 in chips)
Seat 7: hitzkopf ($68.89 in chips)
hitzkopf: posts small blind $1
Agrotait: posts big blind $3
*** HOLE CARDS ***
hitzkopf: raises $3 to $6
Agrotait: calls $3
*** FLOP *** [7h 4c 4h]
Agrotait: checks
hitzkopf: bets $3
Agrotait: folds
Uncalled bet ($3) returned to hitzkopf
hitzkopf collected $11.76 from pot
*** SUMMARY ***
Total pot $12 | Rake $0.24
Board [7h 4c 4h]
Seat 6: Agrotait (big blind) folded on the Flop
Seat 7: hitzkopf (button) (small blind) collected ($11.76)


PokerStars Hand #161683045119:  Hold'em Limit ($3/$6 USD) - 2016/11/20 7:48:26 ET
Table 'Terentia' 10-max Seat #7 is the button
Seat 6: Agrotait ($69.65 in chips)
Seat 7: hitzkopf ($83.29 in chips)
hitzkopf: posts small blind $1
Agrotait: posts big blind $3
*** HOLE CARDS ***
hitzkopf: folds
Uncalled bet ($2) returned to Agrotait
Agrotait collected $2 from pot
Agrotait: doesn't show hand
*** SUMMARY ***
Total pot $2 | Rake $0
Seat 6: Agrotait (big blind) collected ($2)
Seat 7: hitzkopf (button) (small blind) folded before Flop


PokerStars Hand #161683011673:  Hold'em Limit ($3/$6 USD) - 2016/11/20 7:47:31 ET
Table 'Terentia' 10-max Seat #6 is the button
Seat 6: Agrotait ($78.65 in chips)
Seat 7: hitzkopf ($74.65 in chips)
Agrotait: posts small blind $1
hitzkopf: posts big blind $3
*** HOLE CARDS ***
Agrotait: raises $3 to $6
hitzkopf: calls $3
*** FLOP *** [2c Js 2h]
hitzkopf: checks
Agrotait: bets $3
hitzkopf: calls $3
*** TURN *** [2c Js 2h] [3d]
hitzkopf: checks
Agrotait: checks
*** RIVER *** [2c Js 2h 3d] [3s]
hitzkopf: bets $6
Agrotait: folds
Uncalled bet ($6) returned to hitzkopf
hitzkopf collected $17.64 from pot
*** SUMMARY ***
Total pot $18 | Rake $0.36
Board [2c Js 2h 3d 3s]
Seat 6: Agrotait (button) (small blind) folded on the River
Seat 7: hitzkopf (big blind) collected ($17.64)


PokerStars Hand #161683048412:  Hold'em Limit ($3/$6 USD) - 2016/11/20 7:48:31 ET
Table 'Terentia' 10-max Seat #6 is the button
Seat 6: Agrotait ($70.65 in chips)
Seat 7: hitzkopf ($82.29 in chips)
Agrotait: posts small blind $1
hitzkopf: posts big blind $3
*** HOLE CARDS ***
Agrotait: raises $3 to $6
hitzkopf: calls $3
*** FLOP *** [7c Kh Qc]
hitzkopf: checks
Agrotait: bets $3
hitzkopf: calls $3
*** TURN *** [7c Kh Qc] [7s]
hitzkopf: checks
Agrotait: bets $6
hitzkopf: folds
Uncalled bet ($6) returned to Agrotait
Agrotait collected $17.64 from pot
Agrotait: doesn't show hand
*** SUMMARY ***
Total pot $18 | Rake $0.36
Board [7c Kh Qc 7s]
Seat 6: Agrotait (button) (small blind) collected ($17.64)
Seat 7: hitzkopf (big blind) folded on the Turn


PokerStars Hand #161683075631:  Hold'em Limit ($3/$6 USD) - 2016/11/20 7:49:16 ET
Table 'Terentia' 10-max Seat #7 is the button
Seat 6: Agrotait ($79.29 in chips)
Seat 7: hitzkopf ($73.29 in chips)
hitzkopf: posts small blind $1
Agrotait: posts big blind $3
*** HOLE CARDS ***
hitzkopf: raises $3 to $6
Agrotait: raises $3 to $9
hitzkopf: raises $3 to $12
Betting is capped
Agrotait: calls $3
*** FLOP *** [6c Jc Qh]
Agrotait: checks
hitzkopf: bets $3
Agrotait: raises $3 to $6
hitzkopf: raises $3 to $9
Agrotait: calls $3
*** TURN *** [6c Jc Qh] [2c]
Agrotait: checks
hitzkopf: bets $6
Agrotait: raises $6 to $12
hitzkopf: folds
Uncalled bet ($6) returned to Agrotait
Agrotait collected $53.50 from pot
Agrotait: doesn't show hand
*** SUMMARY ***
Total pot $54 | Rake $0.50
Board [6c Jc Qh 2c]
Seat 6: Agrotait (big blind) collected ($53.50)
Seat 7: hitzkopf (button) (small blind) folded on the Turn


PokerStars Hand #161683163731:  Hold'em Limit ($3/$6 USD) - 2016/11/20 7:51:40 ET
Table 'Terentia' 10-max Seat #6 is the button
Seat 6: Agrotait ($93.79 in chips)
Seat 7: hitzkopf ($57.93 in chips)
Agrotait: posts small blind $1
hitzkopf: posts big blind $3
*** HOLE CARDS ***
Agrotait: folds
Uncalled bet ($2) returned to hitzkopf
hitzkopf collected $2 from pot
*** SUMMARY ***
Total pot $2 | Rake $0
Seat 6: Agrotait (button) (small blind) folded before Flop
Seat 7: hitzkopf (big blind) collected ($2)


PokerStars Hand #161683149562:  Hold'em Limit ($3/$6 USD) - 2016/11/20 7:51:17 ET
Table 'Terentia' 10-max Seat #7 is the button
Seat 6: Agrotait ($96.79 in chips)
Seat 7: hitzkopf ($54.93 in chips)
hitzkopf: posts small blind $1
Agrotait: posts big blind $3
*** HOLE CARDS ***
hitzkopf: raises $3 to $6
Agrotait: folds
Uncalled bet ($3) returned to hitzkopf
hitzkopf collected $6 from pot
*** SUMMARY ***
Total pot $6 | Rake $0
Seat 6: Agrotait (big blind) folded before Flop
Seat 7: hitzkopf (button) (small blind) collected ($6)


PokerStars Hand #161683159648:  Hold'em Limit ($3/$6 USD) - 2016/11/20 7:51:33 ET
Table 'Terentia' 10-max Seat #7 is the button
Seat 6: Agrotait ($92.79 in chips)
Seat 7: hitzkopf ($58.93 in chips)
hitzkopf: posts small blind $1
Agrotait: posts big blind $3
*** HOLE CARDS ***
hitzkopf: folds
Uncalled bet ($2) returned to Agrotait
Agrotait collected $2 from pot
Agrotait: doesn't show hand
*** SUMMARY ***
Total pot $2 | Rake $0
Seat 6: Agrotait (big blind) collected ($2)
Seat 7: hitzkopf (button) (small blind) folded before Flop


PokerStars Hand #161683155210:  Hold'em Limit ($3/$6 USD) - 2016/11/20 7:51:26 ET
Table 'Terentia' 10-max Seat #6 is the button
Seat 6: Agrotait ($93.79 in chips)
Seat 7: hitzkopf ($57.93 in chips)
Agrotait: posts small blind $1
hitzkopf: posts big blind $3
*** HOLE CARDS ***
Agrotait: folds
Uncalled bet ($2) returned to hitzkopf
hitzkopf collected $2 from pot
*** SUMMARY ***
Total pot $2 | Rake $0
Seat 6: Agrotait (button) (small blind) folded before Flop
Seat 7: hitzkopf (big blind) collected ($2)


PokerStars Hand #161683114887:  Hold'em Limit ($3/$6 USD) - 2016/11/20 7:50:20 ET
Table 'Terentia' 10-max Seat #6 is the button
Seat 6: Agrotait ($105.79 in chips)
Seat 7: hitzkopf ($46.29 in chips)
Agrotait: posts small blind $1
hitzkopf: posts big blind $3
*** HOLE CARDS ***
Agrotait: raises $3 to $6
hitzkopf: calls $3
*** FLOP *** [Tc 2d 3h]
hitzkopf: checks
Agrotait: bets $3
hitzkopf: calls $3
*** TURN *** [Tc 2d 3h] [6h]
hitzkopf: checks
Agrotait: checks
*** RIVER *** [Tc 2d 3h 6h] [Jh]
hitzkopf: bets $6
Agrotait: folds
Uncalled bet ($6) returned to hitzkopf
hitzkopf collected $17.64 from pot
*** SUMMARY ***
Total pot $18 | Rake $0.36
Board [Tc 2d 3h 6h Jh]
Seat 6: Agrotait (button) (small blind) folded on the River
Seat 7: hitzkopf (big blind) collected ($17.64)


PokerStars Hand #161683167565:  Hold'em Limit ($3/$6 USD) - 2016/11/20 7:51:46 ET
Table 'Terentia' 10-max Seat #7 is the button
Seat 6: Agrotait ($92.79 in chips)
Seat 7: hitzkopf ($58.93 in chips)
hitzkopf: posts small blind $1
Agrotait: posts big blind $3
*** HOLE CARDS ***
hitzkopf: raises $3 to $6
Agrotait: folds
Uncalled bet ($3) returned to hitzkopf
hitzkopf collected $6 from pot
*** SUMMARY ***
Total pot $6 | Rake $0
Seat 6: Agrotait (big blind) folded before Flop
Seat 7: hitzkopf (button) (small blind) collected ($6)


PokerStars Hand #161683172317:  Hold'em Limit ($3/$6 USD) - 2016/11/20 7:51:54 ET
Table 'Terentia' 10-max Seat #6 is the button
Seat 6: Agrotait ($89.79 in chips)
Seat 7: hitzkopf ($61.93 in chips)
Agrotait: posts small blind $1
hitzkopf: posts big blind $3
*** HOLE CARDS ***
Agrotait: raises $3 to $6
hitzkopf: raises $3 to $9
Agrotait: calls $3
*** FLOP *** [Kd 4s Td]
hitzkopf: bets $3
Agrotait: folds
Uncalled bet ($3) returned to hitzkopf
hitzkopf collected $17.64 from pot
*** SUMMARY ***
Total pot $18 | Rake $0.36
Board [Kd 4s Td]
Seat 6: Agrotait (button) (small blind) folded on the Flop
Seat 7: hitzkopf (big blind) collected ($17.64)


PokerStars Hand #161683188463:  Hold'em Limit ($3/$6 USD) - 2016/11/20 7:52:20 ET
Table 'Terentia' 10-max Seat #7 is the button
Seat 6: Agrotait ($80.79 in chips)
Seat 7: hitzkopf ($70.57 in chips)
hitzkopf: posts small blind $1
Agrotait: posts big blind $3
*** HOLE CARDS ***
hitzkopf: raises $3 to $6
Agrotait: calls $3
*** FLOP *** [9d 3c 6d]
Agrotait: checks
hitzkopf: bets $3
Agrotait: calls $3
*** TURN *** [9d 3c 6d] [As]
Agrotait: checks
hitzkopf: bets $6
Agrotait: folds
Uncalled bet ($6) returned to hitzkopf
hitzkopf collected $17.64 from pot
*** SUMMARY ***
Total pot $18 | Rake $0.36
Board [9d 3c 6d As]
Seat 6: Agrotait (big blind) folded on the Turn
Seat 7: hitzkopf (button) (small blind) collected ($17.64)


PokerStars Hand #161683221610:  Hold'em Limit ($3/$6 USD) - 2016/11/20 7:53:15 ET
Table 'Terentia' 10-max Seat #7 is the button
Seat 6: Agrotait ($95.29 in chips)
Seat 7: hitzkopf ($55.21 in chips)
hitzkopf: posts small blind $1
Agrotait: posts big blind $3
*** HOLE CARDS ***
hitzkopf: raises $3 to $6
Psynto joins the table at seat #8
Agrotait: calls $3
*** FLOP *** [2d 9d 3d]
Agrotait: checks
hitzkopf: bets $3
Agrotait: folds
Uncalled bet ($3) returned to hitzkopf
hitzkopf collected $11.76 from pot
*** SUMMARY ***
Total pot $12 | Rake $0.24
Board [2d 9d 3d]
Seat 6: Agrotait (big blind) folded on the Flop
Seat 7: hitzkopf (button) (small blind) collected ($11.76)


PokerStars Hand #161683206499:  Hold'em Limit ($3/$6 USD) - 2016/11/20 7:52:50 ET
Table 'Terentia' 10-max Seat #6 is the button
Seat 6: Agrotait ($71.79 in chips)
Seat 7: hitzkopf ($79.21 in chips)
Agrotait: posts small blind $1
hitzkopf: posts big blind $3
*** HOLE CARDS ***
Agrotait: raises $3 to $6
hitzkopf: calls $3
*** FLOP *** [8c Ks 9d]
hitzkopf: checks
Agrotait: bets $3
hitzkopf: raises $3 to $6
Agrotait: calls $3
*** TURN *** [8c Ks 9d] [Ts]
hitzkopf: bets $6
Agrotait: calls $6
*** RIVER *** [8c Ks 9d Ts] [Jc]
hitzkopf: bets $6
Agrotait: calls $6
*** SHOW DOWN ***
hitzkopf: shows [Kc 4c] (a pair of Kings)
Agrotait: shows [Td 9s] (two pair, Tens and Nines)
Agrotait collected $47.50 from pot
*** SUMMARY ***
Total pot $48 | Rake $0.50
Board [8c Ks 9d Ts Jc]
Seat 6: Agrotait (button) (small blind) showed [Td 9s] and won ($47.50) with two pair, Tens and Nines
Seat 7: hitzkopf (big blind) showed [Kc 4c] and lost with a pair of Kings


PokerStars Hand #161683232271:  Hold'em Limit ($3/$6 USD) - 2016/11/20 7:53:32 ET
Table 'Terentia' 10-max Seat #6 is the button
Seat 6: Agrotait ($89.29 in chips)
Seat 7: hitzkopf ($60.97 in chips)
Agrotait: posts small blind $1
hitzkopf: posts big blind $3
*** HOLE CARDS ***
Agrotait: folds
Uncalled bet ($2) returned to hitzkopf
hitzkopf collected $2 from pot
*** SUMMARY ***
Total pot $2 | Rake $0
Seat 6: Agrotait (button) (small blind) folded before Flop
Seat 7: hitzkopf (big blind) collected ($2)


