PokerStars Hand #166292996946:  Hold'em Limit ($3/$6 USD) - 2017/02/16 9:21:06 ET
Table 'Terentia II' 6-max Seat #3 is the button
Seat 3: ELCapitano26 ($120 in chips)
Seat 4: TbIP-TbIP 88 ($72 in chips)
ELCapitano26: posts small blind $1
TbIP-TbIP 88: posts big blind $3
*** HOLE CARDS ***
vestimokrec joins the table at seat #5
ELCapitano26: folds
Uncalled bet ($2) returned to TbIP-TbIP 88
TbIP-TbIP 88 collected $2 from pot
TbIP-TbIP 88: doesn't show hand
*** SUMMARY ***
Total pot $2 | Rake $0
Seat 3: ELCapitano26 (button) (small blind) folded before Flop
Seat 4: TbIP-TbIP 88 (big blind) collected ($2)


PokerStars Hand #166293843560:  Hold'em Limit ($3/$6 USD) - 2017/02/16 9:43:00 ET
Table 'Terentia II' 6-max Seat #4 is the button
Seat 3: ELCapitano26 ($125.63 in chips)
Seat 4: krytalex ($74.43 in chips)
krytalex: posts small blind $1
ABATAPP: is sitting out
ELCapitano26: posts big blind $3
*** HOLE CARDS ***
krytalex: raises $3 to $6
ELCapitano26: folds
Uncalled bet ($3) returned to krytalex
krytalex collected $6 from pot
*** SUMMARY ***
Total pot $6 | Rake $0
Seat 3: ELCapitano26 (big blind) folded before Flop
Seat 4: krytalex (button) (small blind) collected ($6)


PokerStars Hand #166293850169:  Hold'em Limit ($3/$6 USD) - 2017/02/16 9:43:10 ET
Table 'Terentia II' 6-max Seat #3 is the button
Seat 3: ELCapitano26 ($122.63 in chips)
Seat 4: krytalex ($77.43 in chips)
ELCapitano26: posts small blind $1
krytalex: posts big blind $3
*** HOLE CARDS ***
ELCapitano26: folds
Uncalled bet ($2) returned to krytalex
krytalex collected $2 from pot
*** SUMMARY ***
Total pot $2 | Rake $0
Seat 3: ELCapitano26 (button) (small blind) folded before Flop
Seat 4: krytalex (big blind) collected ($2)


PokerStars Hand #166293854306:  Hold'em Limit ($3/$6 USD) - 2017/02/16 9:43:17 ET
Table 'Terentia II' 6-max Seat #4 is the button
Seat 3: ELCapitano26 ($121.63 in chips)
Seat 4: krytalex ($78.43 in chips)
krytalex: posts small blind $1
ELCapitano26: posts big blind $3
*** HOLE CARDS ***
krytalex: folds
Uncalled bet ($2) returned to ELCapitano26
ELCapitano26 collected $2 from pot
ELCapitano26: doesn't show hand
*** SUMMARY ***
Total pot $2 | Rake $0
Seat 3: ELCapitano26 (big blind) collected ($2)
Seat 4: krytalex (button) (small blind) folded before Flop


PokerStars Hand #166293879165:  Hold'em Limit ($3/$6 USD) - 2017/02/16 9:43:55 ET
Table 'Terentia II' 6-max Seat #4 is the button
Seat 3: ELCapitano26 ($113.63 in chips)
Seat 4: krytalex ($86.07 in chips)
krytalex: posts small blind $1
ELCapitano26: posts big blind $3
*** HOLE CARDS ***
krytalex: raises $3 to $6
ELCapitano26: raises $3 to $9
krytalex: calls $3
*** FLOP *** [3s 7s Js]
ELCapitano26: bets $3
krytalex: folds
Uncalled bet ($3) returned to ELCapitano26
ELCapitano26 collected $17.64 from pot
ELCapitano26: doesn't show hand
*** SUMMARY ***
Total pot $18 | Rake $0.36
Board [3s 7s Js]
Seat 3: ELCapitano26 (big blind) collected ($17.64)
Seat 4: krytalex (button) (small blind) folded on the Flop


PokerStars Hand #166293892889:  Hold'em Limit ($3/$6 USD) - 2017/02/16 9:44:16 ET
Table 'Terentia II' 6-max Seat #3 is the button
Seat 3: ELCapitano26 ($122.27 in chips)
Seat 4: krytalex ($77.07 in chips)
ELCapitano26: posts small blind $1
krytalex: posts big blind $3
*** HOLE CARDS ***
ELCapitano26: folds
Uncalled bet ($2) returned to krytalex
krytalex collected $2 from pot
*** SUMMARY ***
Total pot $2 | Rake $0
Seat 3: ELCapitano26 (button) (small blind) folded before Flop
Seat 4: krytalex (big blind) collected ($2)


PokerStars Hand #166293923821:  Hold'em Limit ($3/$6 USD) - 2017/02/16 9:45:03 ET
Table 'Terentia II' 6-max Seat #3 is the button
Seat 3: ELCapitano26 ($129.91 in chips)
Seat 4: krytalex ($72 in chips)
ELCapitano26: posts small blind $1
krytalex: posts big blind $3
*** HOLE CARDS ***
ELCapitano26: folds
Uncalled bet ($2) returned to krytalex
krytalex collected $2 from pot
*** SUMMARY ***
Total pot $2 | Rake $0
Seat 3: ELCapitano26 (button) (small blind) folded before Flop
Seat 4: krytalex (big blind) collected ($2)


PokerStars Hand #166293898212:  Hold'em Limit ($3/$6 USD) - 2017/02/16 9:44:24 ET
Table 'Terentia II' 6-max Seat #4 is the button
Seat 3: ELCapitano26 ($121.27 in chips)
Seat 4: krytalex ($78.07 in chips)
krytalex: posts small blind $1
ELCapitano26: posts big blind $3
*** HOLE CARDS ***
krytalex: raises $3 to $6
ELCapitano26: calls $3
*** FLOP *** [Qd 4d 3s]
ELCapitano26: checks
krytalex: bets $3
ELCapitano26: calls $3
*** TURN *** [Qd 4d 3s] [7h]
ELCapitano26: checks
krytalex: checks
*** RIVER *** [Qd 4d 3s 7h] [5h]
ELCapitano26: checks
krytalex: checks
*** SHOW DOWN ***
ELCapitano26: shows [Jd Kh] (high card King)
krytalex: mucks hand
ELCapitano26 collected $17.64 from pot
*** SUMMARY ***
Total pot $18 | Rake $0.36
Board [Qd 4d 3s 7h 5h]
Seat 3: ELCapitano26 (big blind) showed [Jd Kh] and won ($17.64) with high card King
Seat 4: krytalex (button) (small blind) mucked


PokerStars Hand #166294097127:  Hold'em Limit ($3/$6 USD) - 2017/02/16 9:49:35 ET
Table 'Terentia II' 6-max Seat #4 is the button
Seat 3: ELCapitano26 ($85.91 in chips)
Seat 4: krytalex ($141.80 in chips)
krytalex: posts small blind $1
ELCapitano26: posts big blind $3
*** HOLE CARDS ***
krytalex: folds
Uncalled bet ($2) returned to ELCapitano26
ELCapitano26 collected $2 from pot
ELCapitano26: doesn't show hand
*** SUMMARY ***
Total pot $2 | Rake $0
Seat 3: ELCapitano26 (big blind) collected ($2)
Seat 4: krytalex (button) (small blind) folded before Flop


PokerStars Hand #166294093612:  Hold'em Limit ($3/$6 USD) - 2017/02/16 9:49:29 ET
Table 'Terentia II' 6-max Seat #3 is the button
Seat 3: ELCapitano26 ($86.91 in chips)
Seat 4: krytalex ($140.80 in chips)
ELCapitano26: posts small blind $1
krytalex: posts big blind $3
*** HOLE CARDS ***
ELCapitano26: folds
Uncalled bet ($2) returned to krytalex
krytalex collected $2 from pot
*** SUMMARY ***
Total pot $2 | Rake $0
Seat 3: ELCapitano26 (button) (small blind) folded before Flop
Seat 4: krytalex (big blind) collected ($2)


PokerStars Hand #166294077594:  Hold'em Limit ($3/$6 USD) - 2017/02/16 9:49:05 ET
Table 'Terentia II' 6-max Seat #4 is the button
Seat 3: ELCapitano26 ($101.91 in chips)
Seat 4: krytalex ($126.30 in chips)
krytalex: posts small blind $1
ELCapitano26: posts big blind $3
*** HOLE CARDS ***
krytalex: raises $3 to $6
ELCapitano26: calls $3
*** FLOP *** [3c 2h 3s]
ELCapitano26: bets $3
krytalex: calls $3
*** TURN *** [3c 2h 3s] [Jd]
ELCapitano26: bets $6
krytalex: raises $6 to $12
ELCapitano26: folds
Uncalled bet ($6) returned to krytalex
krytalex collected $29.50 from pot
*** SUMMARY ***
Total pot $30 | Rake $0.50
Board [3c 2h 3s Jd]
Seat 3: ELCapitano26 (big blind) folded on the Turn
Seat 4: krytalex (button) (small blind) collected ($29.50)


PokerStars Hand #166294104768:  Hold'em Limit ($3/$6 USD) - 2017/02/16 9:49:46 ET
Table 'Terentia II' 6-max Seat #4 is the button
Seat 3: ELCapitano26 ($85.91 in chips)
Seat 4: krytalex ($141.80 in chips)
krytalex: posts small blind $1
ELCapitano26: posts big blind $3
*** HOLE CARDS ***
krytalex: folds
Uncalled bet ($2) returned to ELCapitano26
ELCapitano26 collected $2 from pot
ELCapitano26: doesn't show hand
*** SUMMARY ***
Total pot $2 | Rake $0
Seat 3: ELCapitano26 (big blind) collected ($2)
Seat 4: krytalex (button) (small blind) folded before Flop


PokerStars Hand #166294100992:  Hold'em Limit ($3/$6 USD) - 2017/02/16 9:49:41 ET
Table 'Terentia II' 6-max Seat #3 is the button
Seat 3: ELCapitano26 ($86.91 in chips)
Seat 4: krytalex ($140.80 in chips)
ELCapitano26: posts small blind $1
krytalex: posts big blind $3
*** HOLE CARDS ***
ELCapitano26: folds
Uncalled bet ($2) returned to krytalex
krytalex collected $2 from pot
*** SUMMARY ***
Total pot $2 | Rake $0
Seat 3: ELCapitano26 (button) (small blind) folded before Flop
Seat 4: krytalex (big blind) collected ($2)


PokerStars Hand #166294127320:  Hold'em Limit ($3/$6 USD) - 2017/02/16 9:50:21 ET
Table 'Terentia II' 6-max Seat #4 is the button
Seat 3: ELCapitano26 ($77.91 in chips)
Seat 4: krytalex ($149.44 in chips)
krytalex: posts small blind $1
ELCapitano26: posts big blind $3
*** HOLE CARDS ***
krytalex: folds
Uncalled bet ($2) returned to ELCapitano26
ELCapitano26 collected $2 from pot
ELCapitano26: doesn't show hand
*** SUMMARY ***
Total pot $2 | Rake $0
Seat 3: ELCapitano26 (big blind) collected ($2)
Seat 4: krytalex (button) (small blind) folded before Flop


PokerStars Hand #166294133814:  Hold'em Limit ($3/$6 USD) - 2017/02/16 9:50:31 ET
Table 'Terentia II' 6-max Seat #3 is the button
Seat 3: ELCapitano26 ($78.91 in chips)
Seat 4: krytalex ($148.44 in chips)
ELCapitano26: posts small blind $1
krytalex: posts big blind $3
*** HOLE CARDS ***
ELCapitano26: calls $2
nilsyngve joins the table at seat #2
krytalex: checks
*** FLOP *** [7c 9s Qd]
krytalex: checks
ELCapitano26: bets $3
krytalex: raises $3 to $6
ELCapitano26: calls $3
*** TURN *** [7c 9s Qd] [Th]
krytalex: bets $6
ELCapitano26: calls $6
*** RIVER *** [7c 9s Qd Th] [3h]
krytalex: bets $6
ELCapitano26: calls $6
*** SHOW DOWN ***
krytalex: shows [Qh 2h] (a pair of Queens)
ELCapitano26: shows [Qs 6s] (a pair of Queens)
krytalex collected $20.75 from pot
ELCapitano26 collected $20.75 from pot
*** SUMMARY ***
Total pot $42 | Rake $0.50
Board [7c 9s Qd Th 3h]
Seat 3: ELCapitano26 (button) (small blind) showed [Qs 6s] and won ($20.75) with a pair of Queens
Seat 4: krytalex (big blind) showed [Qh 2h] and won ($20.75) with a pair of Queens


