PokerStars Hand #176253309718:  Hold'em Limit ($3/$6 USD) - 2017/09/28 23:01:41 ET
Table 'Tergeste' 6-max Seat #6 is the button
Seat 1: NuTTyPP ($30 in chips)
Seat 6: belik555 ($90 in chips)
belik555: posts small blind $1
NuTTyPP: posts big blind $3
*** HOLE CARDS ***
belik555: raises $3 to $6
NuTTyPP: calls $3
*** FLOP *** [5c 9c 7s]
NuTTyPP: checks
belik555: bets $3
NuTTyPP: calls $3
*** TURN *** [5c 9c 7s] [2d]
NuTTyPP: checks
belik555: bets $6
NuTTyPP: raises $6 to $12
belik555: raises $6 to $18
NuTTyPP: calls $6
*** RIVER *** [5c 9c 7s 2d] [Kd]
NuTTyPP: bets $3 and is all-in
belik555: calls $3
*** SHOW DOWN ***
NuTTyPP: shows [2s 8s] (a pair of Deuces)
belik555: shows [9d 7d] (two pair, Nines and Sevens)
NuTTyPP leaves the table
belik555 collected $59.50 from pot
*** SUMMARY ***
Total pot $60 | Rake $0.50
Board [5c 9c 7s 2d Kd]
Seat 1: NuTTyPP (big blind) showed [2s 8s] and lost with a pair of Deuces
Seat 6: belik555 (button) (small blind) showed [9d 7d] and won ($59.50) with two pair, Nines and Sevens


PokerStars Hand #176255876951:  Hold'em Limit ($3/$6 USD) - 2017/09/29 1:52:11 ET
Table 'Tergeste' 6-max Seat #3 is the button
Seat 3: libaikang ($136.64 in chips)
Seat 4: VolkovDmitri ($120 in chips)
libaikang: posts small blind $1
VolkovDmitri: posts big blind $3
*** HOLE CARDS ***
libaikang: folds
Uncalled bet ($2) returned to VolkovDmitri
VolkovDmitri collected $2 from pot
VolkovDmitri: doesn't show hand
*** SUMMARY ***
Total pot $2 | Rake $0
Seat 3: libaikang (button) (small blind) folded before Flop
Seat 4: VolkovDmitri (big blind) collected ($2)


PokerStars Hand #176255862791:  Hold'em Limit ($3/$6 USD) - 2017/09/29 1:51:09 ET
Table 'Tergeste' 6-max Seat #4 is the button
Seat 3: libaikang ($116.14 in chips)
Seat 4: VolkovDmitri ($131.64 in chips)
VolkovDmitri: posts small blind $1
libaikang: posts big blind $3
*** HOLE CARDS ***
VolkovDmitri: raises $3 to $6
libaikang: calls $3
*** FLOP *** [7s 4s Ts]
libaikang: checks
VolkovDmitri: bets $3
libaikang: calls $3
*** TURN *** [7s 4s Ts] [8h]
libaikang: bets $6
VolkovDmitri: calls $6
*** RIVER *** [7s 4s Ts 8h] [3c]
libaikang: bets $6
VolkovDmitri: calls $6
*** SHOW DOWN ***
libaikang: shows [9h Td] (a pair of Tens)
VolkovDmitri: mucks hand
libaikang collected $41.50 from pot
*** SUMMARY ***
Total pot $42 | Rake $0.50
Board [7s 4s Ts 8h 3c]
Seat 3: libaikang (big blind) showed [9h Td] and won ($41.50) with a pair of Tens
Seat 4: VolkovDmitri (button) (small blind) mucked


PokerStars Hand #176255892061:  Hold'em Limit ($3/$6 USD) - 2017/09/29 1:53:17 ET
Table 'Tergeste' 6-max Seat #3 is the button
Seat 3: libaikang ($144.28 in chips)
Seat 4: VolkovDmitri ($120 in chips)
libaikang: posts small blind $1
VolkovDmitri: posts big blind $3
*** HOLE CARDS ***
libaikang: calls $2
VolkovDmitri: raises $3 to $6
libaikang: calls $3
*** FLOP *** [5s Ac Qs]
VolkovDmitri: bets $3
libaikang: folds
Uncalled bet ($3) returned to VolkovDmitri
VolkovDmitri collected $11.76 from pot
VolkovDmitri: doesn't show hand
*** SUMMARY ***
Total pot $12 | Rake $0.24
Board [5s Ac Qs]
Seat 3: libaikang (button) (small blind) folded on the Flop
Seat 4: VolkovDmitri (big blind) collected ($11.76)


PokerStars Hand #176255879806:  Hold'em Limit ($3/$6 USD) - 2017/09/29 1:52:23 ET
Table 'Tergeste' 6-max Seat #4 is the button
Seat 3: libaikang ($135.64 in chips)
Seat 4: VolkovDmitri ($121 in chips)
VolkovDmitri: posts small blind $1
libaikang: posts big blind $3
*** HOLE CARDS ***
VolkovDmitri: raises $3 to $6
libaikang: calls $3
*** FLOP *** [Js Ts 2c]
libaikang: checks
VolkovDmitri: bets $3
libaikang: calls $3
*** TURN *** [Js Ts 2c] [7c]
libaikang: bets $6
VolkovDmitri: folds
Uncalled bet ($6) returned to libaikang
libaikang collected $17.64 from pot
*** SUMMARY ***
Total pot $18 | Rake $0.36
Board [Js Ts 2c 7c]
Seat 3: libaikang (big blind) collected ($17.64)
Seat 4: VolkovDmitri (button) (small blind) folded on the Turn


PokerStars Hand #176255915902:  Hold'em Limit ($3/$6 USD) - 2017/09/29 1:55:01 ET
Table 'Tergeste' 6-max Seat #4 is the button
Seat 3: libaikang ($149.92 in chips)
Seat 4: VolkovDmitri ($120 in chips)
VolkovDmitri: posts small blind $1
libaikang: posts big blind $3
*** HOLE CARDS ***
VolkovDmitri: raises $3 to $6
libaikang: calls $3
*** FLOP *** [Jd Qh Kc]
libaikang: checks
VolkovDmitri: bets $3
libaikang: calls $3
*** TURN *** [Jd Qh Kc] [5h]
libaikang: bets $6
VolkovDmitri: folds
Uncalled bet ($6) returned to libaikang
libaikang collected $17.64 from pot
*** SUMMARY ***
Total pot $18 | Rake $0.36
Board [Jd Qh Kc 5h]
Seat 3: libaikang (big blind) collected ($17.64)
Seat 4: VolkovDmitri (button) (small blind) folded on the Turn


PokerStars Hand #176255912564:  Hold'em Limit ($3/$6 USD) - 2017/09/29 1:54:47 ET
Table 'Tergeste' 6-max Seat #3 is the button
Seat 3: libaikang ($146.92 in chips)
Seat 4: VolkovDmitri ($120 in chips)
libaikang: posts small blind $1
VolkovDmitri: posts big blind $3
*** HOLE CARDS ***
libaikang: raises $3 to $6
VolkovDmitri: folds
Uncalled bet ($3) returned to libaikang
libaikang collected $6 from pot
libaikang: doesn't show hand
*** SUMMARY ***
Total pot $6 | Rake $0
Seat 3: libaikang (button) (small blind) collected ($6)
Seat 4: VolkovDmitri (big blind) folded before Flop


PokerStars Hand #176255897635:  Hold'em Limit ($3/$6 USD) - 2017/09/29 1:53:42 ET
Table 'Tergeste' 6-max Seat #4 is the button
Seat 3: libaikang ($138.28 in chips)
Seat 4: VolkovDmitri ($125.76 in chips)
VolkovDmitri: posts small blind $1
libaikang: posts big blind $3
*** HOLE CARDS ***
VolkovDmitri: raises $3 to $6
libaikang: calls $3
*** FLOP *** [8c 7h 9c]
libaikang: checks
VolkovDmitri: bets $3
libaikang: raises $3 to $6
VolkovDmitri: folds
Uncalled bet ($3) returned to libaikang
libaikang collected $17.64 from pot
*** SUMMARY ***
Total pot $18 | Rake $0.36
Board [8c 7h 9c]
Seat 3: libaikang (big blind) collected ($17.64)
Seat 4: VolkovDmitri (button) (small blind) folded on the Flop


PokerStars Hand #176255922897:  Hold'em Limit ($3/$6 USD) - 2017/09/29 1:55:34 ET
Table 'Tergeste' 6-max Seat #3 is the button
Seat 3: libaikang ($158.56 in chips)
Seat 4: VolkovDmitri ($120 in chips)
libaikang: posts small blind $1
VolkovDmitri: posts big blind $3
*** HOLE CARDS ***
libaikang: raises $3 to $6
VolkovDmitri: raises $3 to $9
libaikang: calls $3
*** FLOP *** [5d 6c 7c]
VolkovDmitri: bets $3
libaikang: calls $3
*** TURN *** [5d 6c 7c] [2d]
VolkovDmitri: bets $6
libaikang: calls $6
*** RIVER *** [5d 6c 7c 2d] [6s]
VolkovDmitri: bets $6
Brama Br joins the table at seat #1
libaikang: calls $6
*** SHOW DOWN ***
VolkovDmitri: shows [Th Ts] (two pair, Tens and Sixes)
libaikang: mucks hand
VolkovDmitri collected $47.50 from pot
*** SUMMARY ***
Total pot $48 | Rake $0.50
Board [5d 6c 7c 2d 6s]
Seat 3: libaikang (button) (small blind) mucked
Seat 4: VolkovDmitri (big blind) showed [Th Ts] and won ($47.50) with two pair, Tens and Sixes


PokerStars Hand #176255946073:  Hold'em Limit ($3/$6 USD) - 2017/09/29 1:57:28 ET
Table 'Tergeste' 6-max Seat #1 is the button
Seat 1: Brama Br ($142.74 in chips)
Seat 4: VolkovDmitri ($137.50 in chips)
Brama Br: posts small blind $1
VolkovDmitri: posts big blind $3
*** HOLE CARDS ***
Brama Br: raises $3 to $6
VolkovDmitri: calls $3
*** FLOP *** [As Jc 2s]
VolkovDmitri: checks
Brama Br: bets $3
VolkovDmitri: folds
Uncalled bet ($3) returned to Brama Br
Brama Br collected $11.76 from pot
Brama Br: doesn't show hand
*** SUMMARY ***
Total pot $12 | Rake $0.24
Board [As Jc 2s]
Seat 1: Brama Br (button) (small blind) collected ($11.76)
Seat 4: VolkovDmitri (big blind) folded on the Flop


PokerStars Hand #176255949726:  Hold'em Limit ($3/$6 USD) - 2017/09/29 1:57:45 ET
Table 'Tergeste' 6-max Seat #4 is the button
Seat 1: Brama Br ($148.50 in chips)
Seat 4: VolkovDmitri ($131.50 in chips)
VolkovDmitri: posts small blind $1
Brama Br: posts big blind $3
*** HOLE CARDS ***
VolkovDmitri: raises $3 to $6
Brama Br: calls $3
*** FLOP *** [9c Js 4d]
Brama Br: checks
VolkovDmitri: bets $3
Brama Br: calls $3
*** TURN *** [9c Js 4d] [5h]
Brama Br: checks
VolkovDmitri: bets $6
Brama Br: calls $6
*** RIVER *** [9c Js 4d 5h] [7s]
Brama Br: checks
VolkovDmitri: bets $6
Brama Br: calls $6
*** SHOW DOWN ***
VolkovDmitri: shows [Jd Ah] (a pair of Jacks)
Brama Br: mucks hand
VolkovDmitri collected $41.50 from pot
*** SUMMARY ***
Total pot $42 | Rake $0.50
Board [9c Js 4d 5h 7s]
Seat 1: Brama Br (big blind) mucked
Seat 4: VolkovDmitri (button) (small blind) showed [Jd Ah] and won ($41.50) with a pair of Jacks


PokerStars Hand #176255976879:  Hold'em Limit ($3/$6 USD) - 2017/09/29 1:59:56 ET
Table 'Tergeste' 6-max Seat #4 is the button
Seat 1: Brama Br ($160.98 in chips)
Seat 4: VolkovDmitri ($167.28 in chips)
VolkovDmitri: posts small blind $1
Brama Br: posts big blind $3
*** HOLE CARDS ***
VolkovDmitri: raises $3 to $6
libaikang leaves the table
Brama Br: raises $3 to $9
VolkovDmitri: calls $3
*** FLOP *** [Qs 3c 9d]
Brama Br: bets $3
VolkovDmitri: folds
Uncalled bet ($3) returned to Brama Br
Brama Br collected $17.64 from pot
Brama Br: doesn't show hand
*** SUMMARY ***
Total pot $18 | Rake $0.36
Board [Qs 3c 9d]
Seat 1: Brama Br (big blind) collected ($17.64)
Seat 4: VolkovDmitri (button) (small blind) folded on the Flop


PokerStars Hand #176255994770:  Hold'em Limit ($3/$6 USD) - 2017/09/29 2:01:20 ET
Table 'Tergeste' 6-max Seat #1 is the button
Seat 1: Brama Br ($150.62 in chips)
Seat 4: VolkovDmitri ($176.78 in chips)
Brama Br: posts small blind $1
VolkovDmitri: posts big blind $3
*** HOLE CARDS ***
Brama Br: folds
Uncalled bet ($2) returned to VolkovDmitri
VolkovDmitri collected $2 from pot
VolkovDmitri: doesn't show hand
*** SUMMARY ***
Total pot $2 | Rake $0
Seat 1: Brama Br (button) (small blind) folded before Flop
Seat 4: VolkovDmitri (big blind) collected ($2)


PokerStars Hand #176255984721:  Hold'em Limit ($3/$6 USD) - 2017/09/29 2:00:33 ET
Table 'Tergeste' 6-max Seat #1 is the button
Seat 1: Brama Br ($169.62 in chips)
Seat 4: VolkovDmitri ($158.28 in chips)
Brama Br: posts small blind $1
VolkovDmitri: posts big blind $3
*** HOLE CARDS ***
Brama Br: folds
Uncalled bet ($2) returned to VolkovDmitri
VolkovDmitri collected $2 from pot
VolkovDmitri: doesn't show hand
*** SUMMARY ***
Total pot $2 | Rake $0
Seat 1: Brama Br (button) (small blind) folded before Flop
Seat 4: VolkovDmitri (big blind) collected ($2)


PokerStars Hand #176255996311:  Hold'em Limit ($3/$6 USD) - 2017/09/29 2:01:27 ET
Table 'Tergeste' 6-max Seat #4 is the button
Seat 1: Brama Br ($149.62 in chips)
Seat 4: VolkovDmitri ($177.78 in chips)
VolkovDmitri: posts small blind $1
Brama Br: posts big blind $3
*** HOLE CARDS ***
VolkovDmitri: raises $3 to $6
Brama Br: calls $3
*** FLOP *** [Qc 5h Ks]
Brama Br: checks
VolkovDmitri: bets $3
Brama Br: calls $3
*** TURN *** [Qc 5h Ks] [6s]
Brama Br: checks
VolkovDmitri: bets $6
Brama Br: calls $6
*** RIVER *** [Qc 5h Ks 6s] [Qh]
Whatze Phuck joins the table at seat #2
Brama Br: checks
VolkovDmitri: bets $6
Brama Br: calls $6
*** SHOW DOWN ***
VolkovDmitri: shows [8d Qs] (three of a kind, Queens)
Brama Br: mucks hand
VolkovDmitri collected $41.50 from pot
*** SUMMARY ***
Total pot $42 | Rake $0.50
Board [Qc 5h Ks 6s Qh]
Seat 1: Brama Br (big blind) mucked
Seat 4: VolkovDmitri (button) (small blind) showed [8d Qs] and won ($41.50) with three of a kind, Queens


PokerStars Hand #176256108511:  Hold'em Limit ($3/$6 USD) - 2017/09/29 2:09:35 ET
Table 'Tergeste' 6-max Seat #4 is the button
Seat 3: libaikang ($79 in chips)
Seat 4: VolkovDmitri ($256.71 in chips)
VolkovDmitri: posts small blind $1
Whatze Phuck: is sitting out
libaikang: posts big blind $3
*** HOLE CARDS ***
Whatze Phuck leaves the table
VolkovDmitri: raises $3 to $6
libaikang: calls $3
*** FLOP *** [5h 4c As]
libaikang: checks
VolkovDmitri: bets $3
libaikang: calls $3
*** TURN *** [5h 4c As] [Ts]
libaikang: checks
VolkovDmitri: checks
*** RIVER *** [5h 4c As Ts] [Qh]
libaikang: checks
VolkovDmitri: checks
*** SHOW DOWN ***
libaikang: shows [8d 2d] (high card Ace)
VolkovDmitri: shows [3c Ks] (high card Ace - King kicker)
VolkovDmitri collected $17.64 from pot
*** SUMMARY ***
Total pot $18 | Rake $0.36
Board [5h 4c As Ts Qh]
Seat 3: libaikang (big blind) showed [8d 2d] and lost with high card Ace
Seat 4: VolkovDmitri (button) (small blind) showed [3c Ks] and won ($17.64) with high card Ace


PokerStars Hand #176256115874:  Hold'em Limit ($3/$6 USD) - 2017/09/29 2:10:06 ET
Table 'Tergeste' 6-max Seat #3 is the button
Seat 3: libaikang ($70 in chips)
Seat 4: VolkovDmitri ($265.35 in chips)
libaikang: posts small blind $1
VolkovDmitri: posts big blind $3
*** HOLE CARDS ***
libaikang: raises $3 to $6
VolkovDmitri: folds
Uncalled bet ($3) returned to libaikang
libaikang collected $6 from pot
libaikang: doesn't show hand
*** SUMMARY ***
Total pot $6 | Rake $0
Seat 3: libaikang (button) (small blind) collected ($6)
Seat 4: VolkovDmitri (big blind) folded before Flop


PokerStars Hand #176256118342:  Hold'em Limit ($3/$6 USD) - 2017/09/29 2:10:17 ET
Table 'Tergeste' 6-max Seat #4 is the button
Seat 3: libaikang ($73 in chips)
Seat 4: VolkovDmitri ($262.35 in chips)
VolkovDmitri: posts small blind $1
libaikang: posts big blind $3
*** HOLE CARDS ***
VolkovDmitri: raises $3 to $6
libaikang: raises $3 to $9
VolkovDmitri: calls $3
*** FLOP *** [4h Ad 5h]
libaikang: bets $3
VolkovDmitri: calls $3
*** TURN *** [4h Ad 5h] [3s]
libaikang: bets $6
VolkovDmitri: raises $6 to $12
libaikang: calls $6
*** RIVER *** [4h Ad 5h 3s] [8h]
libaikang: checks
VolkovDmitri: bets $6
libaikang: calls $6
*** SHOW DOWN ***
VolkovDmitri: shows [2h Kc] (a straight, Ace to Five)
libaikang: mucks hand
VolkovDmitri collected $59.50 from pot
*** SUMMARY ***
Total pot $60 | Rake $0.50
Board [4h Ad 5h 3s 8h]
Seat 3: libaikang (big blind) mucked
Seat 4: VolkovDmitri (button) (small blind) showed [2h Kc] and won ($59.50) with a straight, Ace to Five


PokerStars Hand #176256129190:  Hold'em Limit ($3/$6 USD) - 2017/09/29 2:11:04 ET
Table 'Tergeste' 6-max Seat #3 is the button
Seat 3: libaikang ($43 in chips)
Seat 4: VolkovDmitri ($291.85 in chips)
libaikang: posts small blind $1
VolkovDmitri: posts big blind $3
*** HOLE CARDS ***
libaikang: raises $3 to $6
VolkovDmitri: calls $3
*** FLOP *** [Kd Jh 2d]
VolkovDmitri: checks
libaikang: bets $3
VolkovDmitri: folds
Uncalled bet ($3) returned to libaikang
libaikang collected $11.76 from pot
*** SUMMARY ***
Total pot $12 | Rake $0.24
Board [Kd Jh 2d]
Seat 3: libaikang (button) (small blind) collected ($11.76)
Seat 4: VolkovDmitri (big blind) folded on the Flop


