PokerStars Hand #152310286209:  Hold'em Limit ($3/$6 USD) - 2016/04/22 23:13:27 ET
Table 'Tergeste II' 6-max Seat #6 is the button
Seat 3: Mizt3r X ($76.68 in chips)
Seat 6: anetkaapro ($120 in chips)
anetkaapro: posts small blind $1
Mizt3r X: posts big blind $3
*** HOLE CARDS ***
anetkaapro: raises $3 to $6
Mizt3r X: raises $3 to $9
zkarpis joins the table at seat #4
anetkaapro: calls $3
*** FLOP *** [7c Ts 6h]
Mizt3r X: bets $3
anetkaapro: calls $3
*** TURN *** [7c Ts 6h] [7d]
Mizt3r X: bets $6
anetkaapro: calls $6
*** RIVER *** [7c Ts 6h 7d] [Ah]
Mizt3r X: bets $6
anetkaapro: calls $6
*** SHOW DOWN ***
Mizt3r X: shows [Qd Kc] (a pair of Sevens)
anetkaapro: shows [Td 6c] (two pair, Tens and Sevens)
anetkaapro collected $47.50 from pot
*** SUMMARY ***
Total pot $48 | Rake $0.50
Board [7c Ts 6h 7d Ah]
Seat 3: Mizt3r X (big blind) showed [Qd Kc] and lost with a pair of Sevens
Seat 6: anetkaapro (button) (small blind) showed [Td 6c] and won ($47.50) with two pair, Tens and Sevens


PokerStars Hand #152310462056:  Hold'em Limit ($3/$6 USD) - 2016/04/22 23:22:07 ET
Table 'Tergeste II' 6-max Seat #5 is the button
Seat 3: Mizt3r X ($81.46 in chips)
Seat 5: VolkovDmitri ($121 in chips)
zkarpis will be allowed to play after the button
VolkovDmitri: posts small blind $1
anetkaapro: is sitting out
Mizt3r X: posts big blind $3
*** HOLE CARDS ***
VolkovDmitri: folds
Uncalled bet ($2) returned to Mizt3r X
Mizt3r X collected $2 from pot
*** SUMMARY ***
Total pot $2 | Rake $0
Seat 3: Mizt3r X (big blind) collected ($2)
Seat 5: VolkovDmitri (button) (small blind) folded before Flop


PokerStars Hand #152310587621:  Hold'em Limit ($3/$6 USD) - 2016/04/22 23:28:44 ET
Table 'Tergeste II' 6-max Seat #4 is the button
Seat 3: Mizt3r X ($113.52 in chips)
Seat 4: zkarpis ($34.02 in chips)
zkarpis: posts small blind $1
VolkovDmitri: is sitting out
Mizt3r X: posts big blind $3
*** HOLE CARDS ***
zkarpis: raises $3 to $6
Mizt3r X: folds
Uncalled bet ($3) returned to zkarpis
zkarpis collected $6 from pot
zkarpis: doesn't show hand
*** SUMMARY ***
Total pot $6 | Rake $0
Seat 3: Mizt3r X (big blind) folded before Flop
Seat 4: zkarpis (button) (small blind) collected ($6)


PokerStars Hand #152310589950:  Hold'em Limit ($3/$6 USD) - 2016/04/22 23:28:52 ET
Table 'Tergeste II' 6-max Seat #3 is the button
Seat 3: Mizt3r X ($110.52 in chips)
Seat 4: zkarpis ($37.02 in chips)
Mizt3r X: posts small blind $1
zkarpis: posts big blind $3
*** HOLE CARDS ***
Mizt3r X: raises $3 to $6
zkarpis: raises $3 to $9
Mizt3r X: calls $3
*** FLOP *** [8h 6d 5c]
zkarpis: bets $3
Mizt3r X: calls $3
*** TURN *** [8h 6d 5c] [Th]
zkarpis: bets $6
Mizt3r X: calls $6
*** RIVER *** [8h 6d 5c Th] [4h]
zkarpis: bets $6
Mizt3r X: calls $6
*** SHOW DOWN ***
zkarpis: shows [8c Qd] (a pair of Eights)
Mizt3r X: mucks hand
zkarpis collected $47.50 from pot
*** SUMMARY ***
Total pot $48 | Rake $0.50
Board [8h 6d 5c Th 4h]
Seat 3: Mizt3r X (button) (small blind) mucked
Seat 4: zkarpis (big blind) showed [8c Qd] and won ($47.50) with a pair of Eights


PokerStars Hand #152310596780:  Hold'em Limit ($3/$6 USD) - 2016/04/22 23:29:13 ET
Table 'Tergeste II' 6-max Seat #4 is the button
Seat 3: Mizt3r X ($86.52 in chips)
Seat 4: zkarpis ($60.52 in chips)
zkarpis: posts small blind $1
Mizt3r X: posts big blind $3
*** HOLE CARDS ***
zkarpis: raises $3 to $6
Mizt3r X: raises $3 to $9
AzureCaper joins the table at seat #1
zkarpis: raises $3 to $12
Betting is capped
Mizt3r X: calls $3
*** FLOP *** [3h Qd Td]
Mizt3r X: bets $3
zkarpis: calls $3
*** TURN *** [3h Qd Td] [6c]
Mizt3r X: bets $6
zkarpis: raises $6 to $12
Mizt3r X: calls $6
*** RIVER *** [3h Qd Td 6c] [8s]
Mizt3r X: checks
zkarpis: checks
*** SHOW DOWN ***
Mizt3r X: shows [Ah Kh] (high card Ace)
zkarpis: shows [Kd 6d] (a pair of Sixes)
zkarpis collected $53.50 from pot
*** SUMMARY ***
Total pot $54 | Rake $0.50
Board [3h Qd Td 6c 8s]
Seat 3: Mizt3r X (big blind) showed [Ah Kh] and lost with high card Ace
Seat 4: zkarpis (button) (small blind) showed [Kd 6d] and won ($53.50) with a pair of Sixes


PokerStars Hand #152310603864:  Hold'em Limit ($3/$6 USD) - 2016/04/22 23:29:36 ET
Table 'Tergeste II' 6-max Seat #3 is the button
Seat 3: Mizt3r X ($59.52 in chips)
Seat 4: zkarpis ($87.02 in chips)
Mizt3r X: posts small blind $1
zkarpis: posts big blind $3
*** HOLE CARDS ***
Mizt3r X: folds
Uncalled bet ($2) returned to zkarpis
zkarpis collected $2 from pot
zkarpis: doesn't show hand
*** SUMMARY ***
Total pot $2 | Rake $0
Seat 3: Mizt3r X (button) (small blind) folded before Flop
Seat 4: zkarpis (big blind) collected ($2)


