PokerStars Hand #162245176744:  Hold'em Limit ($3/$6 USD) - 2016/12/01 12:53:35 ET
Table 'Tergeste II' 6-max Seat #5 is the button
Seat 3: mr.Bunduki ($93 in chips)
Seat 5: TinaTurner72 ($146.50 in chips)
TinaTurner72: posts small blind $1
mr.Bunduki: posts big blind $3
*** HOLE CARDS ***
TinaTurner72: raises $3 to $6
mr.Bunduki: calls $3
*** FLOP *** [3d Js 7d]
mr.Bunduki: checks
TinaTurner72: bets $3
mr.Bunduki: folds
Uncalled bet ($3) returned to TinaTurner72
TinaTurner72 collected $11.76 from pot
TinaTurner72: doesn't show hand
*** SUMMARY ***
Total pot $12 | Rake $0.24
Board [3d Js 7d]
Seat 3: mr.Bunduki (big blind) folded on the Flop
Seat 5: TinaTurner72 (button) (small blind) collected ($11.76)


PokerStars Hand #162245133882:  Hold'em Limit ($3/$6 USD) - 2016/12/01 12:52:47 ET
Table 'Tergeste II' 6-max Seat #3 is the button
Seat 3: mr.Bunduki ($120 in chips)
Seat 5: TinaTurner72 ($120 in chips)
mr.Bunduki: posts small blind $1
TinaTurner72: posts big blind $3
*** HOLE CARDS ***
mr.Bunduki: raises $3 to $6
TinaTurner72: raises $3 to $9
mr.Bunduki: raises $3 to $12
Betting is capped
TinaTurner72: calls $3
*** FLOP *** [Qh 6h 8h]
TinaTurner72: checks
mr.Bunduki: bets $3
TinaTurner72: calls $3
*** TURN *** [Qh 6h 8h] [Jd]
TinaTurner72: checks
mr.Bunduki: bets $6
TinaTurner72: calls $6
*** RIVER *** [Qh 6h 8h Jd] [4c]
Holla-eller? joins the table at seat #4
TinaTurner72: checks
mr.Bunduki: bets $6
TinaTurner72: calls $6
*** SHOW DOWN ***
mr.Bunduki: shows [Ac Kd] (high card Ace)
TinaTurner72: shows [9d 8d] (a pair of Eights)
TinaTurner72 collected $53.50 from pot
*** SUMMARY ***
Total pot $54 | Rake $0.50
Board [Qh 6h 8h Jd 4c]
Seat 3: mr.Bunduki (button) (small blind) showed [Ac Kd] and lost with high card Ace
Seat 5: TinaTurner72 (big blind) showed [9d 8d] and won ($53.50) with a pair of Eights


PokerStars Hand #162246596739:  Hold'em Limit ($3/$6 USD) - 2016/12/01 13:21:04 ET
Table 'Tergeste II' 6-max Seat #1 is the button
Seat 1: tedros404 ($211.99 in chips)
Seat 4: Holla-eller? ($313.76 in chips)
tedros404: posts small blind $1
arina201317: is sitting out
Holla-eller?: posts big blind $3
*** HOLE CARDS ***
tedros404: raises $3 to $6
Holla-eller?: calls $3
*** FLOP *** [5d 9c 4d]
arina201317 leaves the table
Holla-eller?: checks
tedros404: bets $3
Holla-eller?: calls $3
*** TURN *** [5d 9c 4d] [4c]
Holla-eller?: checks
tedros404: bets $6
Holla-eller?: calls $6
*** RIVER *** [5d 9c 4d 4c] [Qs]
Holla-eller?: checks
tedros404: checks
*** SHOW DOWN ***
Holla-eller?: shows [Ac 7d] (a pair of Fours)
tedros404: shows [Kd 5s] (two pair, Fives and Fours)
tedros404 collected $29.50 from pot
*** SUMMARY ***
Total pot $30 | Rake $0.50
Board [5d 9c 4d 4c Qs]
Seat 1: tedros404 (button) (small blind) showed [Kd 5s] and won ($29.50) with two pair, Fives and Fours
Seat 4: Holla-eller? (big blind) showed [Ac 7d] and lost with a pair of Fours


PokerStars Hand #162246620231:  Hold'em Limit ($3/$6 USD) - 2016/12/01 13:21:30 ET
Table 'Tergeste II' 6-max Seat #1 is the button
Seat 1: tedros404 ($223.49 in chips)
Seat 4: Holla-eller? ($301.76 in chips)
tedros404: posts small blind $1
Holla-eller?: posts big blind $3
*** HOLE CARDS ***
tedros404: folds
Uncalled bet ($2) returned to Holla-eller?
Holla-eller? collected $2 from pot
*** SUMMARY ***
Total pot $2 | Rake $0
Seat 1: tedros404 (button) (small blind) folded before Flop
Seat 4: Holla-eller? (big blind) collected ($2)


PokerStars Hand #162246614968:  Hold'em Limit ($3/$6 USD) - 2016/12/01 13:21:25 ET
Table 'Tergeste II' 6-max Seat #4 is the button
Seat 1: tedros404 ($226.49 in chips)
Seat 4: Holla-eller? ($298.76 in chips)
Holla-eller?: posts small blind $1
tedros404: posts big blind $3
*** HOLE CARDS ***
Holla-eller?: raises $3 to $6
tedros404: folds
Uncalled bet ($3) returned to Holla-eller?
Holla-eller? collected $6 from pot
*** SUMMARY ***
Total pot $6 | Rake $0
Seat 1: tedros404 (big blind) folded before Flop
Seat 4: Holla-eller? (button) (small blind) collected ($6)


PokerStars Hand #162246624846:  Hold'em Limit ($3/$6 USD) - 2016/12/01 13:21:36 ET
Table 'Tergeste II' 6-max Seat #4 is the button
Seat 1: tedros404 ($222.49 in chips)
Seat 4: Holla-eller? ($302.76 in chips)
Holla-eller?: posts small blind $1
tedros404: posts big blind $3
*** HOLE CARDS ***
Holla-eller?: folds
Uncalled bet ($2) returned to tedros404
tedros404 collected $2 from pot
tedros404: doesn't show hand
*** SUMMARY ***
Total pot $2 | Rake $0
Seat 1: tedros404 (big blind) collected ($2)
Seat 4: Holla-eller? (button) (small blind) folded before Flop


