PokerStars Hand #168706039344:  Hold'em Limit ($3/$6 USD) - 2017/04/07 11:57:44 ET
Table 'Terpsichore III' 6-max Seat #6 is the button
Seat 1: B_loJkl ($135.60 in chips)
Seat 6: prallimall ($103.41 in chips)
prallimall: posts small blind $1
B_loJkl: posts big blind $3
*** HOLE CARDS ***
prallimall: folds
Uncalled bet ($2) returned to B_loJkl
B_loJkl collected $2 from pot
B_loJkl: doesn't show hand
*** SUMMARY ***
Total pot $2 | Rake $0
Seat 1: B_loJkl (big blind) collected ($2)
Seat 6: prallimall (button) (small blind) folded before Flop


PokerStars Hand #168706032129:  Hold'em Limit ($3/$6 USD) - 2017/04/07 11:57:31 ET
Table 'Terpsichore III' 6-max Seat #1 is the button
Seat 1: B_loJkl ($144.60 in chips)
Seat 6: prallimall ($94.77 in chips)
B_loJkl: posts small blind $1
prallimall: posts big blind $3
*** HOLE CARDS ***
B_loJkl: raises $3 to $6
prallimall: raises $3 to $9
B_loJkl: calls $3
*** FLOP *** [Kh Qs 6d]
prallimall: bets $3
B_loJkl: folds
Uncalled bet ($3) returned to prallimall
prallimall collected $17.64 from pot
prallimall: doesn't show hand
*** SUMMARY ***
Total pot $18 | Rake $0.36
Board [Kh Qs 6d]
Seat 1: B_loJkl (button) (small blind) folded on the Flop
Seat 6: prallimall (big blind) collected ($17.64)


PokerStars Hand #168706018333:  Hold'em Limit ($3/$6 USD) - 2017/04/07 11:57:04 ET
Table 'Terpsichore III' 6-max Seat #6 is the button
Seat 1: B_loJkl ($180.60 in chips)
Seat 6: prallimall ($59.27 in chips)
prallimall: posts small blind $1
B_loJkl: posts big blind $3
*** HOLE CARDS ***
prallimall: raises $3 to $6
AzureCaper leaves the table
B_loJkl: calls $3
*** FLOP *** [7d As 8c]
B_loJkl: checks
prallimall: bets $3
B_loJkl: raises $3 to $6
prallimall: raises $3 to $9
B_loJkl: raises $3 to $12
Betting is capped
prallimall: calls $3
*** TURN *** [7d As 8c] [3s]
B_loJkl: bets $6
prallimall: raises $6 to $12
B_loJkl: calls $6
*** RIVER *** [7d As 8c 3s] [Td]
B_loJkl: checks
prallimall: bets $6
B_loJkl: calls $6
*** SHOW DOWN ***
prallimall: shows [Ad 3h] (two pair, Aces and Threes)
B_loJkl: mucks hand
prallimall collected $71.50 from pot
*** SUMMARY ***
Total pot $72 | Rake $0.50
Board [7d As 8c 3s Td]
Seat 1: B_loJkl (big blind) mucked
Seat 6: prallimall (button) (small blind) showed [Ad 3h] and won ($71.50) with two pair, Aces and Threes


PokerStars Hand #168706015686:  Hold'em Limit ($3/$6 USD) - 2017/04/07 11:56:59 ET
Table 'Terpsichore III' 6-max Seat #1 is the button
Seat 1: B_loJkl ($181.60 in chips)
Seat 6: prallimall ($58.27 in chips)
B_loJkl: posts small blind $1
AzureCaper: is sitting out
prallimall: posts big blind $3
*** HOLE CARDS ***
B_loJkl: folds
Uncalled bet ($2) returned to prallimall
prallimall collected $2 from pot
prallimall: doesn't show hand
*** SUMMARY ***
Total pot $2 | Rake $0
Seat 1: B_loJkl (button) (small blind) folded before Flop
Seat 6: prallimall (big blind) collected ($2)


PokerStars Hand #168706054397:  Hold'em Limit ($3/$6 USD) - 2017/04/07 11:58:14 ET
Table 'Terpsichore III' 6-max Seat #6 is the button
Seat 1: B_loJkl ($88.60 in chips)
Seat 6: prallimall ($149.91 in chips)
prallimall: posts small blind $1
B_loJkl: posts big blind $3
*** HOLE CARDS ***
prallimall: raises $3 to $6
B_loJkl: calls $3
*** FLOP *** [4s 5d 7d]
B_loJkl: checks
prallimall: bets $3
B_loJkl: raises $3 to $6
prallimall: raises $3 to $9
B_loJkl: calls $3
*** TURN *** [4s 5d 7d] [8d]
B_loJkl: bets $6
prallimall: folds
Uncalled bet ($6) returned to B_loJkl
B_loJkl collected $29.50 from pot
B_loJkl: doesn't show hand
*** SUMMARY ***
Total pot $30 | Rake $0.50
Board [4s 5d 7d 8d]
Seat 1: B_loJkl (big blind) collected ($29.50)
Seat 6: prallimall (button) (small blind) folded on the Turn


PokerStars Hand #168706042076:  Hold'em Limit ($3/$6 USD) - 2017/04/07 11:57:50 ET
Table 'Terpsichore III' 6-max Seat #1 is the button
Seat 1: B_loJkl ($136.60 in chips)
Seat 6: prallimall ($102.41 in chips)
B_loJkl: posts small blind $1
prallimall: posts big blind $3
*** HOLE CARDS ***
B_loJkl: raises $3 to $6
prallimall: raises $3 to $9
B_loJkl: calls $3
*** FLOP *** [8s 3s 9d]
prallimall: bets $3
B_loJkl: calls $3
*** TURN *** [8s 3s 9d] [8c]
prallimall: checks
B_loJkl: bets $6
prallimall: raises $6 to $12
B_loJkl: raises $6 to $18
prallimall: raises $6 to $24
Betting is capped
B_loJkl: calls $6
*** RIVER *** [8s 3s 9d 8c] [4h]
prallimall: checks
B_loJkl: bets $6
prallimall: raises $6 to $12
B_loJkl: calls $6
*** SHOW DOWN ***
prallimall: shows [3c 3d] (a full house, Threes full of Eights)
B_loJkl: mucks hand
prallimall collected $95.50 from pot
*** SUMMARY ***
Total pot $96 | Rake $0.50
Board [8s 3s 9d 8c 4h]
Seat 1: B_loJkl (button) (small blind) mucked
Seat 6: prallimall (big blind) showed [3c 3d] and won ($95.50) with a full house, Threes full of Eights


PokerStars Hand #168706090762:  Hold'em Limit ($3/$6 USD) - 2017/04/07 11:59:24 ET
Table 'Terpsichore III' 6-max Seat #6 is the button
Seat 1: B_loJkl ($86.10 in chips)
Seat 6: prallimall ($151.17 in chips)
prallimall: posts small blind $1
B_loJkl: posts big blind $3
*** HOLE CARDS ***
prallimall: raises $3 to $6
B_loJkl: calls $3
*** FLOP *** [9h Jc 6s]
B_loJkl: checks
prallimall: bets $3
tttzzz joins the table at seat #3
B_loJkl: calls $3
*** TURN *** [9h Jc 6s] [7c]
B_loJkl: checks
prallimall: bets $6
B_loJkl: folds
Uncalled bet ($6) returned to prallimall
prallimall collected $17.64 from pot
prallimall: doesn't show hand
*** SUMMARY ***
Total pot $18 | Rake $0.36
Board [9h Jc 6s 7c]
Seat 1: B_loJkl (big blind) folded on the Turn
Seat 6: prallimall (button) (small blind) collected ($17.64)


PokerStars Hand #168706088051:  Hold'em Limit ($3/$6 USD) - 2017/04/07 11:59:19 ET
Table 'Terpsichore III' 6-max Seat #1 is the button
Seat 1: B_loJkl ($83.10 in chips)
Seat 6: prallimall ($154.17 in chips)
B_loJkl: posts small blind $1
prallimall: posts big blind $3
*** HOLE CARDS ***
B_loJkl: raises $3 to $6
prallimall: folds
Uncalled bet ($3) returned to B_loJkl
B_loJkl collected $6 from pot
B_loJkl: doesn't show hand
ermolov1 joins the table at seat #2
*** SUMMARY ***
Total pot $6 | Rake $0
Seat 1: B_loJkl (button) (small blind) collected ($6)
Seat 6: prallimall (big blind) folded before Flop


PokerStars Hand #168706085767:  Hold'em Limit ($3/$6 USD) - 2017/04/07 11:59:14 ET
Table 'Terpsichore III' 6-max Seat #6 is the button
Seat 1: B_loJkl ($82.10 in chips)
Seat 6: prallimall ($155.17 in chips)
prallimall: posts small blind $1
B_loJkl: posts big blind $3
*** HOLE CARDS ***
prallimall: folds
Uncalled bet ($2) returned to B_loJkl
B_loJkl collected $2 from pot
B_loJkl: doesn't show hand
*** SUMMARY ***
Total pot $2 | Rake $0
Seat 1: B_loJkl (big blind) collected ($2)
Seat 6: prallimall (button) (small blind) folded before Flop


PokerStars Hand #168706082812:  Hold'em Limit ($3/$6 USD) - 2017/04/07 11:59:09 ET
Table 'Terpsichore III' 6-max Seat #1 is the button
Seat 1: B_loJkl ($79.10 in chips)
Seat 6: prallimall ($158.17 in chips)
B_loJkl: posts small blind $1
prallimall: posts big blind $3
*** HOLE CARDS ***
B_loJkl: raises $3 to $6
prallimall: folds
Uncalled bet ($3) returned to B_loJkl
B_loJkl collected $6 from pot
B_loJkl: doesn't show hand
*** SUMMARY ***
Total pot $6 | Rake $0
Seat 1: B_loJkl (button) (small blind) collected ($6)
Seat 6: prallimall (big blind) folded before Flop


PokerStars Hand #168706078157:  Hold'em Limit ($3/$6 USD) - 2017/04/07 11:59:00 ET
Table 'Terpsichore III' 6-max Seat #6 is the button
Seat 1: B_loJkl ($85.10 in chips)
Seat 6: prallimall ($152.41 in chips)
prallimall: posts small blind $1
B_loJkl: posts big blind $3
*** HOLE CARDS ***
prallimall: raises $3 to $6
B_loJkl: calls $3
*** FLOP *** [Qs 9s Qd]
B_loJkl: checks
prallimall: bets $3
B_loJkl: folds
Uncalled bet ($3) returned to prallimall
prallimall collected $11.76 from pot
prallimall: doesn't show hand
*** SUMMARY ***
Total pot $12 | Rake $0.24
Board [Qs 9s Qd]
Seat 1: B_loJkl (big blind) folded on the Flop
Seat 6: prallimall (button) (small blind) collected ($11.76)


PokerStars Hand #168706067854:  Hold'em Limit ($3/$6 USD) - 2017/04/07 11:58:40 ET
Table 'Terpsichore III' 6-max Seat #1 is the button
Seat 1: B_loJkl ($103.10 in chips)
Seat 6: prallimall ($134.91 in chips)
B_loJkl: posts small blind $1
prallimall: posts big blind $3
*** HOLE CARDS ***
B_loJkl: raises $3 to $6
prallimall: raises $3 to $9
B_loJkl: calls $3
*** FLOP *** [4d 5c 5h]
prallimall: bets $3
B_loJkl: calls $3
*** TURN *** [4d 5c 5h] [8h]
prallimall: checks
B_loJkl: checks
*** RIVER *** [4d 5c 5h 8h] [Td]
prallimall: bets $6
B_loJkl: calls $6
*** SHOW DOWN ***
prallimall: shows [Th Ac] (two pair, Tens and Fives)
B_loJkl: mucks hand
prallimall collected $35.50 from pot
*** SUMMARY ***
Total pot $36 | Rake $0.50
Board [4d 5c 5h 8h Td]
Seat 1: B_loJkl (button) (small blind) mucked
Seat 6: prallimall (big blind) showed [Th Ac] and won ($35.50) with two pair, Tens and Fives


PokerStars Hand #168707258790:  Hold'em Limit ($3/$6 USD) - 2017/04/07 12:28:50 ET
Table 'Terpsichore III' 6-max Seat #1 is the button
Seat 1: B_loJkl ($140.87 in chips)
Seat 6: AzureCaper ($72 in chips)
B_loJkl: posts small blind $1
flynny1111: is sitting out
vestimokrec: is sitting out
karauscheAA: is sitting out
AzureCaper: posts big blind $3
*** HOLE CARDS ***
karauscheAA leaves the table
B_loJkl: raises $3 to $6
vestimokrec leaves the table
AzureCaper: raises $3 to $9
flynny1111 leaves the table
B_loJkl: calls $3
*** FLOP *** [Ad 5s 8s]
AzureCaper: bets $3
B_loJkl: calls $3
*** TURN *** [Ad 5s 8s] [3h]
AzureCaper: checks
B_loJkl: checks
*** RIVER *** [Ad 5s 8s 3h] [2d]
AzureCaper: checks
B_loJkl: checks
*** SHOW DOWN ***
AzureCaper: shows [Jh Qd] (high card Ace)
B_loJkl: mucks hand
AzureCaper collected $23.52 from pot
*** SUMMARY ***
Total pot $24 | Rake $0.48
Board [Ad 5s 8s 3h 2d]
Seat 1: B_loJkl (button) (small blind) mucked
Seat 6: AzureCaper (big blind) showed [Jh Qd] and won ($23.52) with high card Ace


