PokerStars Hand #158965483462:  Hold'em Limit ($3/$6 USD) - 2016/09/22 20:04:55 ET
Table 'Terpsichore II' 10-max Seat #7 is the button
Seat 2: Jeelsy ($56.93 in chips)
Seat 7: TinaTurner72 ($114 in chips)
TinaTurner72: posts small blind $1
Jeelsy: posts big blind $3
*** HOLE CARDS ***
TinaTurner72: raises $3 to $6
Jeelsy: folds
Uncalled bet ($3) returned to TinaTurner72
TinaTurner72 collected $6 from pot
TinaTurner72: doesn't show hand
*** SUMMARY ***
Total pot $6 | Rake $0
Seat 2: Jeelsy (big blind) folded before Flop
Seat 7: TinaTurner72 (button) (small blind) collected ($6)


PokerStars Hand #158965466826:  Hold'em Limit ($3/$6 USD) - 2016/09/22 20:04:20 ET
Table 'Terpsichore II' 10-max Seat #2 is the button
Seat 2: Jeelsy ($51.17 in chips)
Seat 7: TinaTurner72 ($120 in chips)
Jeelsy: posts small blind $1
TinaTurner72: posts big blind $3
*** HOLE CARDS ***
Jeelsy: raises $3 to $6
TinaTurner72: calls $3
*** FLOP *** [6c 7d 3d]
TinaTurner72: checks
Jeelsy: bets $3
ToDaFelt joins the table at seat #3
TinaTurner72: folds
Uncalled bet ($3) returned to Jeelsy
Jeelsy collected $11.76 from pot
Jeelsy: doesn't show hand
*** SUMMARY ***
Total pot $12 | Rake $0.24
Board [6c 7d 3d]
Seat 2: Jeelsy (button) (small blind) collected ($11.76)
Seat 7: TinaTurner72 (big blind) folded on the Flop


PokerStars Hand #158965508150:  Hold'em Limit ($3/$6 USD) - 2016/09/22 20:05:46 ET
Table 'Terpsichore II' 10-max Seat #3 is the button
Seat 2: Jeelsy ($44.93 in chips)
Seat 3: ToDaFelt ($137.19 in chips)
ToDaFelt: posts small blind $1
TinaTurner72: is sitting out
Jeelsy: posts big blind $3
*** HOLE CARDS ***
TinaTurner72 leaves the table
ToDaFelt: raises $3 to $6
Jeelsy: calls $3
*** FLOP *** [7h 3d Qs]
Jeelsy: bets $3
ToDaFelt: calls $3
*** TURN *** [7h 3d Qs] [Ac]
Jeelsy: bets $6
ToDaFelt: calls $6
*** RIVER *** [7h 3d Qs Ac] [5s]
Jeelsy: bets $6
ToDaFelt: calls $6
*** SHOW DOWN ***
Jeelsy: shows [9d Qc] (a pair of Queens)
ToDaFelt: mucks hand
Jeelsy collected $41.50 from pot
*** SUMMARY ***
Total pot $42 | Rake $0.50
Board [7h 3d Qs Ac 5s]
Seat 2: Jeelsy (big blind) showed [9d Qc] and won ($41.50) with a pair of Queens
Seat 3: ToDaFelt (button) (small blind) mucked


PokerStars Hand #158965605847:  Hold'em Limit ($3/$6 USD) - 2016/09/22 20:09:11 ET
Table 'Terpsichore II' 10-max Seat #5 is the button
Seat 3: ToDaFelt ($153.65 in chips)
Seat 5: boertje1984 ($141.61 in chips)
boertje1984: posts small blind $1
ToDaFelt: posts big blind $3
*** HOLE CARDS ***
boertje1984: folds
Uncalled bet ($2) returned to ToDaFelt
ToDaFelt collected $2 from pot
ToDaFelt: doesn't show hand
*** SUMMARY ***
Total pot $2 | Rake $0
Seat 3: ToDaFelt (big blind) collected ($2)
Seat 5: boertje1984 (button) (small blind) folded before Flop


PokerStars Hand #158965629524:  Hold'em Limit ($3/$6 USD) - 2016/09/22 20:10:01 ET
Table 'Terpsichore II' 10-max Seat #3 is the button
Seat 3: ToDaFelt ($179.15 in chips)
Seat 5: boertje1984 ($115.61 in chips)
ToDaFelt: posts small blind $1
boertje1984: posts big blind $3
*** HOLE CARDS ***
ToDaFelt: raises $3 to $6
boertje1984: calls $3
*** FLOP *** [6c 3h 2h]
boertje1984: checks
ToDaFelt: bets $3
boertje1984: calls $3
*** TURN *** [6c 3h 2h] [7c]
boertje1984: checks
ToDaFelt: bets $6
boertje1984: calls $6
*** RIVER *** [6c 3h 2h 7c] [5h]
boertje1984: checks
ToDaFelt: bets $6
boertje1984: raises $6 to $12
ToDaFelt: calls $6
*** SHOW DOWN ***
boertje1984: shows [Jc 4d] (a straight, Three to Seven)
ToDaFelt: shows [4c 8c] (a straight, Four to Eight)
ToDaFelt collected $53.50 from pot
*** SUMMARY ***
Total pot $54 | Rake $0.50
Board [6c 3h 2h 7c 5h]
Seat 3: ToDaFelt (button) (small blind) showed [4c 8c] and won ($53.50) with a straight, Four to Eight
Seat 5: boertje1984 (big blind) showed [Jc 4d] and lost with a straight, Three to Seven


PokerStars Hand #158965626643:  Hold'em Limit ($3/$6 USD) - 2016/09/22 20:09:55 ET
Table 'Terpsichore II' 10-max Seat #5 is the button
Seat 3: ToDaFelt ($178.15 in chips)
Seat 5: boertje1984 ($116.61 in chips)
boertje1984: posts small blind $1
ToDaFelt: posts big blind $3
*** HOLE CARDS ***
boertje1984: folds
Uncalled bet ($2) returned to ToDaFelt
ToDaFelt collected $2 from pot
ToDaFelt: doesn't show hand
*** SUMMARY ***
Total pot $2 | Rake $0
Seat 3: ToDaFelt (big blind) collected ($2)
Seat 5: boertje1984 (button) (small blind) folded before Flop


PokerStars Hand #158965608383:  Hold'em Limit ($3/$6 USD) - 2016/09/22 20:09:17 ET
Table 'Terpsichore II' 10-max Seat #3 is the button
Seat 3: ToDaFelt ($154.65 in chips)
Seat 5: boertje1984 ($140.61 in chips)
ToDaFelt: posts small blind $1
boertje1984: posts big blind $3
*** HOLE CARDS ***
ToDaFelt: raises $3 to $6
boertje1984: raises $3 to $9
Jeelsy is disconnected
ToDaFelt: calls $3
*** FLOP *** [Qh 5s Js]
boertje1984: bets $3
ToDaFelt: calls $3
*** TURN *** [Qh 5s Js] [2c]
boertje1984: bets $6
ToDaFelt: calls $6
*** RIVER *** [Qh 5s Js 2c] [5c]
boertje1984: bets $6
ToDaFelt: raises $6 to $12
boertje1984: folds
Uncalled bet ($6) returned to ToDaFelt
ToDaFelt collected $47.50 from pot
ToDaFelt: doesn't show hand
*** SUMMARY ***
Total pot $48 | Rake $0.50
Board [Qh 5s Js 2c 5c]
Seat 3: ToDaFelt (button) (small blind) collected ($47.50)
Seat 5: boertje1984 (big blind) folded on the River


PokerStars Hand #158965655052:  Hold'em Limit ($3/$6 USD) - 2016/09/22 20:10:55 ET
Table 'Terpsichore II' 10-max Seat #5 is the button
Seat 3: ToDaFelt ($178.65 in chips)
Seat 5: boertje1984 ($115.11 in chips)
boertje1984: posts small blind $1
ToDaFelt: posts big blind $3
*** HOLE CARDS ***
boertje1984: raises $3 to $6
ToDaFelt: calls $3
*** FLOP *** [Qc Ts 3s]
ToDaFelt: checks
boertje1984: checks
*** TURN *** [Qc Ts 3s] [3d]
ToDaFelt: bets $6
boertje1984: calls $6
*** RIVER *** [Qc Ts 3s 3d] [9h]
ToDaFelt: bets $6
boertje1984: raises $6 to $12
ToDaFelt: calls $6
*** SHOW DOWN ***
boertje1984: shows [As 8h] (a pair of Threes)
ToDaFelt: shows [Qh 4s] (two pair, Queens and Threes)
happyshine88 joins the table at seat #6
ToDaFelt collected $47.50 from pot
*** SUMMARY ***
Total pot $48 | Rake $0.50
Board [Qc Ts 3s 3d 9h]
Seat 3: ToDaFelt (big blind) showed [Qh 4s] and won ($47.50) with two pair, Queens and Threes
Seat 5: boertje1984 (button) (small blind) showed [As 8h] and lost with a pair of Threes


PokerStars Hand #158965651188:  Hold'em Limit ($3/$6 USD) - 2016/09/22 20:10:47 ET
Table 'Terpsichore II' 10-max Seat #3 is the button
Seat 3: ToDaFelt ($175.65 in chips)
Seat 5: boertje1984 ($118.11 in chips)
ToDaFelt: posts small blind $1
boertje1984: posts big blind $3
*** HOLE CARDS ***
ToDaFelt said, "nh"
ToDaFelt: raises $3 to $6
boertje1984: folds
Uncalled bet ($3) returned to ToDaFelt
ToDaFelt collected $6 from pot
ToDaFelt: doesn't show hand
*** SUMMARY ***
Total pot $6 | Rake $0
Seat 3: ToDaFelt (button) (small blind) collected ($6)
Seat 5: boertje1984 (big blind) folded before Flop


PokerStars Hand #158965641883:  Hold'em Limit ($3/$6 USD) - 2016/09/22 20:10:27 ET
Table 'Terpsichore II' 10-max Seat #5 is the button
Seat 3: ToDaFelt ($205.65 in chips)
Seat 5: boertje1984 ($88.61 in chips)
boertje1984: posts small blind $1
ToDaFelt: posts big blind $3
*** HOLE CARDS ***
boertje1984: raises $3 to $6
ToDaFelt: calls $3
*** FLOP *** [7d 3d 9d]
ToDaFelt: checks
boertje1984: bets $3
ToDaFelt: raises $3 to $6
boertje1984: calls $3
*** TURN *** [7d 3d 9d] [8c]
ToDaFelt: bets $6
boertje1984: raises $6 to $12
ToDaFelt: calls $6
*** RIVER *** [7d 3d 9d 8c] [Qh]
ToDaFelt: checks
boertje1984: bets $6
ToDaFelt: calls $6
*** SHOW DOWN ***
boertje1984: shows [5d Qc] (a pair of Queens)
ToDaFelt: mucks hand
boertje1984 collected $59.50 from pot
*** SUMMARY ***
Total pot $60 | Rake $0.50
Board [7d 3d 9d 8c Qh]
Seat 3: ToDaFelt (big blind) mucked
Seat 5: boertje1984 (button) (small blind) showed [5d Qc] and won ($59.50) with a pair of Queens


PokerStars Hand #158965668008:  Hold'em Limit ($3/$6 USD) - 2016/09/22 20:11:22 ET
Table 'Terpsichore II' 10-max Seat #3 is the button
Seat 3: ToDaFelt ($202.15 in chips)
Seat 5: boertje1984 ($91.11 in chips)
ToDaFelt: posts small blind $1
boertje1984: posts big blind $3
*** HOLE CARDS ***
ToDaFelt: raises $3 to $6
boertje1984: raises $3 to $9
ToDaFelt: calls $3
*** FLOP *** [Ts 8h 8s]
boertje1984: bets $3
ToDaFelt: calls $3
*** TURN *** [Ts 8h 8s] [3c]
boertje1984: checks
ToDaFelt: checks
*** RIVER *** [Ts 8h 8s 3c] [4h]
boertje1984: bets $6
ToDaFelt: folds
Uncalled bet ($6) returned to boertje1984
boertje1984 collected $23.52 from pot
boertje1984: doesn't show hand
*** SUMMARY ***
Total pot $24 | Rake $0.48
Board [Ts 8h 8s 3c 4h]
Seat 3: ToDaFelt (button) (small blind) folded on the River
Seat 5: boertje1984 (big blind) collected ($23.52)


PokerStars Hand #158966981001:  Hold'em Limit ($3/$6 USD) - 2016/09/22 21:02:15 ET
Table 'Terpsichore II' 10-max Seat #5 is the button
Seat 3: ToDaFelt ($178.64 in chips)
Seat 5: boertje1984 ($235.42 in chips)
boertje1984: posts small blind $1
ToDaFelt: posts big blind $3
*** HOLE CARDS ***
boertje1984: raises $3 to $6
ToDaFelt: calls $3
*** FLOP *** [9c 6c 5s]
ToDaFelt: checks
boertje1984: bets $3
ToDaFelt: folds
Uncalled bet ($3) returned to boertje1984
boertje1984 collected $11.76 from pot
*** SUMMARY ***
Total pot $12 | Rake $0.24
Board [9c 6c 5s]
Seat 3: ToDaFelt (big blind) folded on the Flop
Seat 5: boertje1984 (button) (small blind) collected ($11.76)


PokerStars Hand #158967015985:  Hold'em Limit ($3/$6 USD) - 2016/09/22 21:03:42 ET
Table 'Terpsichore II' 10-max Seat #3 is the button
Seat 3: ToDaFelt ($165.64 in chips)
Seat 5: boertje1984 ($247.94 in chips)
ToDaFelt: posts small blind $1
boertje1984: posts big blind $3
*** HOLE CARDS ***
atrox88by joins the table at seat #4
ToDaFelt: raises $3 to $6
boertje1984: folds
Uncalled bet ($3) returned to ToDaFelt
ToDaFelt collected $6 from pot
ToDaFelt: doesn't show hand
*** SUMMARY ***
Total pot $6 | Rake $0
Seat 3: ToDaFelt (button) (small blind) collected ($6)
Seat 5: boertje1984 (big blind) folded before Flop


PokerStars Hand #158967008257:  Hold'em Limit ($3/$6 USD) - 2016/09/22 21:03:23 ET
Table 'Terpsichore II' 10-max Seat #5 is the button
Seat 3: ToDaFelt ($171.64 in chips)
Seat 5: boertje1984 ($242.18 in chips)
boertje1984: posts small blind $1
ToDaFelt: posts big blind $3
*** HOLE CARDS ***
boertje1984: raises $3 to $6
ToDaFelt: calls $3
*** FLOP *** [Ah 4h Th]
ToDaFelt: checks
boertje1984: bets $3
ToDaFelt: folds
Uncalled bet ($3) returned to boertje1984
boertje1984 collected $11.76 from pot
boertje1984: doesn't show hand
*** SUMMARY ***
Total pot $12 | Rake $0.24
Board [Ah 4h Th]
Seat 3: ToDaFelt (big blind) folded on the Flop
Seat 5: boertje1984 (button) (small blind) collected ($11.76)


PokerStars Hand #158966998560:  Hold'em Limit ($3/$6 USD) - 2016/09/22 21:02:59 ET
Table 'Terpsichore II' 10-max Seat #3 is the button
Seat 3: ToDaFelt ($172.64 in chips)
Seat 5: boertje1984 ($241.18 in chips)
ToDaFelt: posts small blind $1
boertje1984: posts big blind $3
*** HOLE CARDS ***
ToDaFelt: folds
Uncalled bet ($2) returned to boertje1984
boertje1984 collected $2 from pot
boertje1984: doesn't show hand
*** SUMMARY ***
Total pot $2 | Rake $0
Seat 3: ToDaFelt (button) (small blind) folded before Flop
Seat 5: boertje1984 (big blind) collected ($2)


PokerStars Hand #158967025137:  Hold'em Limit ($3/$6 USD) - 2016/09/22 21:04:05 ET
Table 'Terpsichore II' 10-max Seat #5 is the button
Seat 3: ToDaFelt ($168.64 in chips)
Seat 5: boertje1984 ($244.94 in chips)
boertje1984: posts small blind $1
ToDaFelt: posts big blind $3
*** HOLE CARDS ***
filemon_swe joins the table at seat #6
boertje1984: raises $3 to $6
ToDaFelt: raises $3 to $9
boertje1984: raises $3 to $12
Betting is capped
ToDaFelt: calls $3
*** FLOP *** [Ad Tc 8d]
ToDaFelt: checks
boertje1984: bets $3
ToDaFelt: raises $3 to $6
boertje1984: raises $3 to $9
ToDaFelt: raises $3 to $12
Betting is capped
boertje1984: calls $3
*** TURN *** [Ad Tc 8d] [Kc]
ToDaFelt: bets $6
boertje1984: raises $6 to $12
ToDaFelt: raises $6 to $18
boertje1984: calls $6
*** RIVER *** [Ad Tc 8d Kc] [9s]
ToDaFelt: bets $6
boertje1984: raises $6 to $12
ToDaFelt: raises $6 to $18
boertje1984: raises $6 to $24
Betting is capped
ToDaFelt: calls $6
*** SHOW DOWN ***
boertje1984: shows [9d Kd] (two pair, Kings and Nines)
ToDaFelt: shows [Jd Qh] (a straight, Ten to Ace)
ToDaFelt collected $131.50 from pot
*** SUMMARY ***
Total pot $132 | Rake $0.50
Board [Ad Tc 8d Kc 9s]
Seat 3: ToDaFelt (big blind) showed [Jd Qh] and won ($131.50) with a straight, Ten to Ace
Seat 5: boertje1984 (button) (small blind) showed [9d Kd] and lost with two pair, Kings and Nines


PokerStars Hand #158969132522:  Hold'em Limit ($3/$6 USD) - 2016/09/22 22:40:50 ET
Table 'Terpsichore II' 10-max Seat #5 is the button
Seat 5: shampBTgogo ($354.69 in chips)
Seat 9: Chessnok ($215.32 in chips)
shampBTgogo: posts small blind $1
Fletch221: is sitting out
Chessnok: posts big blind $3
*** HOLE CARDS ***
shampBTgogo: raises $3 to $6
Chessnok: raises $3 to $9
shampBTgogo: calls $3
*** FLOP *** [7c 9d 3s]
Chessnok: bets $3
shampBTgogo: calls $3
*** TURN *** [7c 9d 3s] [3c]
Chessnok: bets $6
shampBTgogo: calls $6
*** RIVER *** [7c 9d 3s 3c] [Ah]
Chessnok: checks
shampBTgogo: bets $6
Chessnok: calls $6
*** SHOW DOWN ***
shampBTgogo: shows [Ad 4c] (two pair, Aces and Threes)
Chessnok: mucks hand
shampBTgogo collected $47.50 from pot
*** SUMMARY ***
Total pot $48 | Rake $0.50
Board [7c 9d 3s 3c Ah]
Seat 5: shampBTgogo (button) (small blind) showed [Ad 4c] and won ($47.50) with two pair, Aces and Threes
Seat 9: Chessnok (big blind) mucked


PokerStars Hand #158969139291:  Hold'em Limit ($3/$6 USD) - 2016/09/22 22:41:12 ET
Table 'Terpsichore II' 10-max Seat #9 is the button
Seat 5: shampBTgogo ($378.19 in chips)
Seat 9: Chessnok ($191.32 in chips)
Chessnok: posts small blind $1
shampBTgogo: posts big blind $3
*** HOLE CARDS ***
Chessnok: raises $3 to $6
shampBTgogo: calls $3
*** FLOP *** [8d 2s 5h]
shampBTgogo: checks
Chessnok: bets $3
shampBTgogo: calls $3
*** TURN *** [8d 2s 5h] [4s]
shampBTgogo: checks
Chessnok: bets $6
shampBTgogo: calls $6
*** RIVER *** [8d 2s 5h 4s] [4d]
shampBTgogo: checks
Chessnok: checks
*** SHOW DOWN ***
shampBTgogo: shows [9c 7c] (a pair of Fours)
Chessnok: shows [Qc 3c] (a pair of Fours - Queen kicker)
Chessnok collected $29.50 from pot
*** SUMMARY ***
Total pot $30 | Rake $0.50
Board [8d 2s 5h 4s 4d]
Seat 5: shampBTgogo (big blind) showed [9c 7c] and lost with a pair of Fours
Seat 9: Chessnok (button) (small blind) showed [Qc 3c] and won ($29.50) with a pair of Fours


PokerStars Hand #158969166145:  Hold'em Limit ($3/$6 USD) - 2016/09/22 22:42:38 ET
Table 'Terpsichore II' 10-max Seat #9 is the button
Seat 8: Fletch221 ($88.18 in chips)
Seat 9: Chessnok ($176.82 in chips)
Chessnok: posts small blind $1
Fletch221: posts big blind $3
*** HOLE CARDS ***
Chessnok: raises $3 to $6
Fletch221: calls $3
*** FLOP *** [4d 4s 9d]
Fletch221: checks
Chessnok: bets $3
Fletch221: calls $3
*** TURN *** [4d 4s 9d] [2c]
Fletch221: checks
Chessnok: bets $6
Fletch221: calls $6
*** RIVER *** [4d 4s 9d 2c] [3d]
Fletch221: bets $6
Chessnok: folds
Uncalled bet ($6) returned to Fletch221
Fletch221 collected $29.50 from pot
Fletch221: doesn't show hand
*** SUMMARY ***
Total pot $30 | Rake $0.50
Board [4d 4s 9d 2c 3d]
Seat 8: Fletch221 (big blind) collected ($29.50)
Seat 9: Chessnok (button) (small blind) folded on the River


PokerStars Hand #158969173989:  Hold'em Limit ($3/$6 USD) - 2016/09/22 22:43:03 ET
Table 'Terpsichore II' 10-max Seat #8 is the button
Seat 8: Fletch221 ($102.68 in chips)
Seat 9: Chessnok ($161.82 in chips)
Fletch221: posts small blind $1
Chessnok: posts big blind $3
*** HOLE CARDS ***
Fletch221: calls $2
Chessnok: checks
*** FLOP *** [7s 4d Kd]
Chessnok: bets $3
Fletch221: folds
Uncalled bet ($3) returned to Chessnok
Chessnok collected $5.88 from pot
Chessnok: doesn't show hand
*** SUMMARY ***
Total pot $6 | Rake $0.12
Board [7s 4d Kd]
Seat 8: Fletch221 (button) (small blind) folded on the Flop
Seat 9: Chessnok (big blind) collected ($5.88)


PokerStars Hand #158969229221:  Hold'em Limit ($3/$6 USD) - 2016/09/22 22:46:02 ET
Table 'Terpsichore II' 10-max Seat #5 is the button
Seat 5: shampBTgogo ($340.56 in chips)
Seat 9: Chessnok ($190.63 in chips)
shampBTgogo: posts small blind $1
Chessnok: posts big blind $3
*** HOLE CARDS ***
shampBTgogo: folds
Uncalled bet ($2) returned to Chessnok
Chessnok collected $2 from pot
Chessnok: doesn't show hand
*** SUMMARY ***
Total pot $2 | Rake $0
Seat 5: shampBTgogo (button) (small blind) folded before Flop
Seat 9: Chessnok (big blind) collected ($2)


PokerStars Hand #158969231548:  Hold'em Limit ($3/$6 USD) - 2016/09/22 22:46:10 ET
Table 'Terpsichore II' 10-max Seat #9 is the button
Seat 5: shampBTgogo ($339.56 in chips)
Seat 9: Chessnok ($191.63 in chips)
Chessnok: posts small blind $1
shampBTgogo: posts big blind $3
*** HOLE CARDS ***
Chessnok: raises $3 to $6
shampBTgogo: folds
Uncalled bet ($3) returned to Chessnok
Chessnok collected $6 from pot
Chessnok: doesn't show hand
*** SUMMARY ***
Total pot $6 | Rake $0
Seat 5: shampBTgogo (big blind) folded before Flop
Seat 9: Chessnok (button) (small blind) collected ($6)


PokerStars Hand #158971788208:  Hold'em Limit ($3/$6 USD) - 2016/09/23 1:32:58 ET
Table 'Terpsichore II' 10-max Seat #5 is the button
Seat 5: Agrotait ($72 in chips)
Seat 6: moveoverover ($131.54 in chips)
Agrotait: posts small blind $1
moveoverover: posts big blind $3
*** HOLE CARDS ***
Agrotait: raises $3 to $6
moveoverover: folds
Uncalled bet ($3) returned to Agrotait
Agrotait collected $6 from pot
*** SUMMARY ***
Total pot $6 | Rake $0
Seat 5: Agrotait (button) (small blind) collected ($6)
Seat 6: moveoverover (big blind) folded before Flop


PokerStars Hand #158986629449:  Hold'em Limit ($3/$6 USD) - 2016/09/23 11:45:59 ET
Table 'Terpsichore II' 10-max Seat #6 is the button
Seat 5: santao1 ($29.20 in chips)
Seat 6: LifeisagameX ($89.76 in chips)
LifeisagameX: posts small blind $1
santao1: posts big blind $3
*** HOLE CARDS ***
LifeisagameX: raises $3 to $6
santao1: folds
Uncalled bet ($3) returned to LifeisagameX
LifeisagameX collected $6 from pot
LifeisagameX: doesn't show hand
*** SUMMARY ***
Total pot $6 | Rake $0
Seat 5: santao1 (big blind) folded before Flop
Seat 6: LifeisagameX (button) (small blind) collected ($6)


PokerStars Hand #158986592027:  Hold'em Limit ($3/$6 USD) - 2016/09/23 11:44:59 ET
Table 'Terpsichore II' 10-max Seat #5 is the button
Seat 5: santao1 ($35.20 in chips)
Seat 6: LifeisagameX ($84 in chips)
santao1: posts small blind $1
LifeisagameX: posts big blind $3
*** HOLE CARDS ***
santao1: calls $2
LifeisagameX: raises $3 to $6
santao1: calls $3
*** FLOP *** [7c Jd 4s]
LifeisagameX: checks
santao1: checks
*** TURN *** [7c Jd 4s] [4d]
LifeisagameX: bets $6
santao1: folds
Uncalled bet ($6) returned to LifeisagameX
LifeisagameX collected $11.76 from pot
LifeisagameX: doesn't show hand
*** SUMMARY ***
Total pot $12 | Rake $0.24
Board [7c Jd 4s 4d]
Seat 5: santao1 (button) (small blind) folded on the Turn
Seat 6: LifeisagameX (big blind) collected ($11.76)


PokerStars Hand #158986643776:  Hold'em Limit ($3/$6 USD) - 2016/09/23 11:46:21 ET
Table 'Terpsichore II' 10-max Seat #5 is the button
Seat 5: santao1 ($26.20 in chips)
Seat 6: LifeisagameX ($92.76 in chips)
santao1: posts small blind $1
LifeisagameX: posts big blind $3
*** HOLE CARDS ***
santao1: calls $2
LifeisagameX: raises $3 to $6
santao1: calls $3
*** FLOP *** [9s Qs 8c]
LifeisagameX: checks
santao1: checks
*** TURN *** [9s Qs 8c] [Tc]
LifeisagameX: bets $6
santao1: calls $6
*** RIVER *** [9s Qs 8c Tc] [5h]
LifeisagameX: bets $6
santao1: folds
Uncalled bet ($6) returned to LifeisagameX
LifeisagameX collected $23.52 from pot
LifeisagameX: doesn't show hand
*** SUMMARY ***
Total pot $24 | Rake $0.48
Board [9s Qs 8c Tc 5h]
Seat 5: santao1 (button) (small blind) folded on the River
Seat 6: LifeisagameX (big blind) collected ($23.52)


PokerStars Hand #158986691020:  Hold'em Limit ($3/$6 USD) - 2016/09/23 11:47:36 ET
Table 'Terpsichore II' 10-max Seat #6 is the button
Seat 5: santao1 ($14.20 in chips)
Seat 6: LifeisagameX ($104.28 in chips)
LifeisagameX: posts small blind $1
santao1: posts big blind $3
*** HOLE CARDS ***
LifeisagameX: raises $3 to $6
santao1: folds
Uncalled bet ($3) returned to LifeisagameX
LifeisagameX collected $6 from pot
LifeisagameX: doesn't show hand
*** SUMMARY ***
Total pot $6 | Rake $0
Seat 5: santao1 (big blind) folded before Flop
Seat 6: LifeisagameX (button) (small blind) collected ($6)


PokerStars Hand #158986703097:  Hold'em Limit ($3/$6 USD) - 2016/09/23 11:47:55 ET
Table 'Terpsichore II' 10-max Seat #5 is the button
Seat 5: santao1 ($11.20 in chips)
Seat 6: LifeisagameX ($107.28 in chips)
santao1: posts small blind $1
LifeisagameX: posts big blind $3
*** HOLE CARDS ***
santao1: folds
Uncalled bet ($2) returned to LifeisagameX
LifeisagameX collected $2 from pot
LifeisagameX: doesn't show hand
*** SUMMARY ***
Total pot $2 | Rake $0
Seat 5: santao1 (button) (small blind) folded before Flop
Seat 6: LifeisagameX (big blind) collected ($2)


PokerStars Hand #158986708617:  Hold'em Limit ($3/$6 USD) - 2016/09/23 11:48:04 ET
Table 'Terpsichore II' 10-max Seat #6 is the button
Seat 5: santao1 ($10.20 in chips)
Seat 6: LifeisagameX ($108.28 in chips)
LifeisagameX: posts small blind $1
santao1: posts big blind $3
*** HOLE CARDS ***
LifeisagameX: raises $3 to $6
santao1: calls $3
*** FLOP *** [2d 3s 8c]
santao1: checks
LifeisagameX: bets $3
santao1: calls $3
*** TURN *** [2d 3s 8c] [3h]
santao1: checks
LifeisagameX: bets $6
santao1: calls $1.20 and is all-in
Uncalled bet ($4.80) returned to LifeisagameX
*** RIVER *** [2d 3s 8c 3h] [4d]
*** SHOW DOWN ***
santao1: shows [Kh 4h] (two pair, Fours and Threes)
LifeisagameX: shows [Qc Qd] (two pair, Queens and Threes)
LifeisagameX collected $19.99 from pot
*** SUMMARY ***
Total pot $20.40 | Rake $0.41
Board [2d 3s 8c 3h 4d]
Seat 5: santao1 (big blind) showed [Kh 4h] and lost with two pair, Fours and Threes
Seat 6: LifeisagameX (button) (small blind) showed [Qc Qd] and won ($19.99) with two pair, Queens and Threes


