PokerStars Hand #174651572720:  Hold'em Limit ($3/$6 USD) - 2017/08/22 9:47:56 ET
Table 'Terpsichore' 10-max Seat #5 is the button
Seat 5: WOL2015 ($56.27 in chips)
Seat 7: VolkovDmitri ($120 in chips)
WOL2015: posts small blind $1
VolkovDmitri: posts big blind $3
*** HOLE CARDS ***
WOL2015: raises $3 to $6
VolkovDmitri: raises $3 to $9
WOL2015: calls $3
*** FLOP *** [Jd As Kh]
VolkovDmitri: bets $3
WOL2015: calls $3
*** TURN *** [Jd As Kh] [6h]
VolkovDmitri: checks
WOL2015: bets $6
VolkovDmitri: folds
Uncalled bet ($6) returned to WOL2015
WOL2015 collected $23.52 from pot
WOL2015: doesn't show hand
*** SUMMARY ***
Total pot $24 | Rake $0.48
Board [Jd As Kh 6h]
Seat 5: WOL2015 (button) (small blind) collected ($23.52)
Seat 7: VolkovDmitri (big blind) folded on the Turn


PokerStars Hand #174651595918:  Hold'em Limit ($3/$6 USD) - 2017/08/22 9:48:42 ET
Table 'Terpsichore' 10-max Seat #7 is the button
Seat 5: WOL2015 ($67.79 in chips)
Seat 7: VolkovDmitri ($120 in chips)
VolkovDmitri: posts small blind $1
WOL2015: posts big blind $3
*** HOLE CARDS ***
VolkovDmitri: raises $3 to $6
WOL2015: calls $3
*** FLOP *** [4d 8c Qc]
WOL2015: checks
VolkovDmitri: bets $3
WOL2015: calls $3
*** TURN *** [4d 8c Qc] [Jd]
WOL2015: checks
VolkovDmitri: bets $6
WOL2015: raises $6 to $12
VolkovDmitri: raises $6 to $18
WOL2015: calls $6
*** RIVER *** [4d 8c Qc Jd] [Js]
WOL2015: checks
VolkovDmitri: bets $6
WOL2015: calls $6
*** SHOW DOWN ***
VolkovDmitri: shows [Ts 9c] (a straight, Eight to Queen)
WOL2015: mucks hand
VolkovDmitri collected $65.50 from pot
*** SUMMARY ***
Total pot $66 | Rake $0.50
Board [4d 8c Qc Jd Js]
Seat 5: WOL2015 (big blind) mucked
Seat 7: VolkovDmitri (button) (small blind) showed [Ts 9c] and won ($65.50) with a straight, Eight to Queen


PokerStars Hand #174651616881:  Hold'em Limit ($3/$6 USD) - 2017/08/22 9:49:23 ET
Table 'Terpsichore' 10-max Seat #5 is the button
Seat 5: WOL2015 ($34.79 in chips)
Seat 7: VolkovDmitri ($152.50 in chips)
WOL2015: posts small blind $1
VolkovDmitri: posts big blind $3
*** HOLE CARDS ***
WOL2015: raises $3 to $6
VolkovDmitri: raises $3 to $9
WOL2015: calls $3
*** FLOP *** [8s 9h 4d]
VolkovDmitri: checks
WOL2015: bets $3
VolkovDmitri: calls $3
*** TURN *** [8s 9h 4d] [2s]
VolkovDmitri: checks
WOL2015: bets $6
VolkovDmitri: calls $6
*** RIVER *** [8s 9h 4d 2s] [4h]
VolkovDmitri: checks
WOL2015: bets $6
VolkovDmitri: folds
Uncalled bet ($6) returned to WOL2015
WOL2015 collected $35.50 from pot
WOL2015: doesn't show hand
*** SUMMARY ***
Total pot $36 | Rake $0.50
Board [8s 9h 4d 2s 4h]
Seat 5: WOL2015 (button) (small blind) collected ($35.50)
Seat 7: VolkovDmitri (big blind) folded on the River


PokerStars Hand #174651642581:  Hold'em Limit ($3/$6 USD) - 2017/08/22 9:50:14 ET
Table 'Terpsichore' 10-max Seat #7 is the button
Seat 5: WOL2015 ($52.29 in chips)
Seat 7: VolkovDmitri ($134.50 in chips)
VolkovDmitri: posts small blind $1
WOL2015: posts big blind $3
*** HOLE CARDS ***
VolkovDmitri: raises $3 to $6
WOL2015: calls $3
*** FLOP *** [6c Jc 2c]
WOL2015: checks
VolkovDmitri: bets $3
WOL2015: folds
Uncalled bet ($3) returned to VolkovDmitri
VolkovDmitri collected $11.76 from pot
VolkovDmitri: doesn't show hand
*** SUMMARY ***
Total pot $12 | Rake $0.24
Board [6c Jc 2c]
Seat 5: WOL2015 (big blind) folded on the Flop
Seat 7: VolkovDmitri (button) (small blind) collected ($11.76)


PokerStars Hand #174651649623:  Hold'em Limit ($3/$6 USD) - 2017/08/22 9:50:28 ET
Table 'Terpsichore' 10-max Seat #5 is the button
Seat 5: WOL2015 ($46.29 in chips)
Seat 7: VolkovDmitri ($140.26 in chips)
WOL2015: posts small blind $1
VolkovDmitri: posts big blind $3
*** HOLE CARDS ***
WOL2015: raises $3 to $6
VolkovDmitri: calls $3
*** FLOP *** [9s Kh Jc]
VolkovDmitri: bets $3
WOL2015: folds
Uncalled bet ($3) returned to VolkovDmitri
VolkovDmitri collected $11.76 from pot
VolkovDmitri: doesn't show hand
*** SUMMARY ***
Total pot $12 | Rake $0.24
Board [9s Kh Jc]
Seat 5: WOL2015 (button) (small blind) folded on the Flop
Seat 7: VolkovDmitri (big blind) collected ($11.76)


PokerStars Hand #174651662522:  Hold'em Limit ($3/$6 USD) - 2017/08/22 9:50:53 ET
Table 'Terpsichore' 10-max Seat #7 is the button
Seat 5: WOL2015 ($40.29 in chips)
Seat 7: VolkovDmitri ($146.02 in chips)
VolkovDmitri: posts small blind $1
WOL2015: posts big blind $3
*** HOLE CARDS ***
VolkovDmitri: raises $3 to $6
WOL2015: calls $3
*** FLOP *** [7c Kd 3h]
WOL2015: checks
VolkovDmitri: bets $3
WOL2015: calls $3
*** TURN *** [7c Kd 3h] [6c]
WOL2015: checks
VolkovDmitri: checks
*** RIVER *** [7c Kd 3h 6c] [Ks]
WOL2015: bets $6
VolkovDmitri: calls $6
*** SHOW DOWN ***
WOL2015: shows [Kh 4c] (three of a kind, Kings)
VolkovDmitri: mucks hand
WOL2015 collected $29.50 from pot
*** SUMMARY ***
Total pot $30 | Rake $0.50
Board [7c Kd 3h 6c Ks]
Seat 5: WOL2015 (big blind) showed [Kh 4c] and won ($29.50) with three of a kind, Kings
Seat 7: VolkovDmitri (button) (small blind) mucked


PokerStars Hand #174651683293:  Hold'em Limit ($3/$6 USD) - 2017/08/22 9:51:34 ET
Table 'Terpsichore' 10-max Seat #5 is the button
Seat 5: WOL2015 ($54.79 in chips)
Seat 7: VolkovDmitri ($131.02 in chips)
WOL2015: posts small blind $1
VolkovDmitri: posts big blind $3
*** HOLE CARDS ***
WOL2015: raises $3 to $6
VolkovDmitri: calls $3
*** FLOP *** [9d 7d Ad]
VolkovDmitri: checks
WOL2015: bets $3
VolkovDmitri: folds
Uncalled bet ($3) returned to WOL2015
WOL2015 collected $11.76 from pot
WOL2015: doesn't show hand
*** SUMMARY ***
Total pot $12 | Rake $0.24
Board [9d 7d Ad]
Seat 5: WOL2015 (button) (small blind) collected ($11.76)
Seat 7: VolkovDmitri (big blind) folded on the Flop


PokerStars Hand #174651692864:  Hold'em Limit ($3/$6 USD) - 2017/08/22 9:51:53 ET
Table 'Terpsichore' 10-max Seat #7 is the button
Seat 5: WOL2015 ($60.55 in chips)
Seat 7: VolkovDmitri ($125.02 in chips)
VolkovDmitri: posts small blind $1
WOL2015: posts big blind $3
*** HOLE CARDS ***
VolkovDmitri: raises $3 to $6
WOL2015: calls $3
*** FLOP *** [5d Th Tc]
WOL2015: checks
VolkovDmitri: bets $3
WOL2015: calls $3
*** TURN *** [5d Th Tc] [9c]
zimin10 joins the table at seat #6
WOL2015: checks
VolkovDmitri: checks
*** RIVER *** [5d Th Tc 9c] [8s]
WOL2015: bets $6
VolkovDmitri: folds
Uncalled bet ($6) returned to WOL2015
WOL2015 collected $17.64 from pot
WOL2015: doesn't show hand
*** SUMMARY ***
Total pot $18 | Rake $0.36
Board [5d Th Tc 9c 8s]
Seat 5: WOL2015 (big blind) collected ($17.64)
Seat 7: VolkovDmitri (button) (small blind) folded on the River


PokerStars Hand #174651706781:  Hold'em Limit ($3/$6 USD) - 2017/08/22 9:52:20 ET
Table 'Terpsichore' 10-max Seat #5 is the button
Seat 5: WOL2015 ($69.19 in chips)
Seat 7: VolkovDmitri ($120 in chips)
WOL2015: posts small blind $1
VolkovDmitri: posts big blind $3
*** HOLE CARDS ***
WOL2015: raises $3 to $6
VolkovDmitri: calls $3
*** FLOP *** [Jh 5c 4d]
VolkovDmitri: checks
WOL2015: bets $3
VolkovDmitri: raises $3 to $6
WOL2015: calls $3
*** TURN *** [Jh 5c 4d] [Ts]
VolkovDmitri: bets $6
WOL2015: folds
Uncalled bet ($6) returned to VolkovDmitri
VolkovDmitri collected $23.52 from pot
VolkovDmitri: doesn't show hand
*** SUMMARY ***
Total pot $24 | Rake $0.48
Board [Jh 5c 4d Ts]
Seat 5: WOL2015 (button) (small blind) folded on the Turn
Seat 7: VolkovDmitri (big blind) collected ($23.52)


PokerStars Hand #174651716524:  Hold'em Limit ($3/$6 USD) - 2017/08/22 9:52:39 ET
Table 'Terpsichore' 10-max Seat #7 is the button
Seat 5: WOL2015 ($57.19 in chips)
Seat 7: VolkovDmitri ($131.52 in chips)
VolkovDmitri: posts small blind $1
WOL2015: posts big blind $3
*** HOLE CARDS ***
VolkovDmitri: raises $3 to $6
WOL2015: calls $3
*** FLOP *** [As Qc 2h]
WOL2015: checks
VolkovDmitri: checks
*** TURN *** [As Qc 2h] [Jc]
WOL2015: bets $6
VolkovDmitri: calls $6
*** RIVER *** [As Qc 2h Jc] [5d]
WOL2015: bets $6
VolkovDmitri: calls $6
*** SHOW DOWN ***
WOL2015: shows [Kc 8s] (high card Ace)
VolkovDmitri: shows [4h Qd] (a pair of Queens)
VolkovDmitri collected $35.50 from pot
*** SUMMARY ***
Total pot $36 | Rake $0.50
Board [As Qc 2h Jc 5d]
Seat 5: WOL2015 (big blind) showed [Kc 8s] and lost with high card Ace
Seat 7: VolkovDmitri (button) (small blind) showed [4h Qd] and won ($35.50) with a pair of Queens


PokerStars Hand #174651748079:  Hold'em Limit ($3/$6 USD) - 2017/08/22 9:53:41 ET
Table 'Terpsichore' 10-max Seat #7 is the button
Seat 5: WOL2015 ($44.95 in chips)
Seat 7: VolkovDmitri ($143.02 in chips)
VolkovDmitri: posts small blind $1
WOL2015: posts big blind $3
*** HOLE CARDS ***
VolkovDmitri: raises $3 to $6
WOL2015: calls $3
*** FLOP *** [Jh 4h 6s]
WOL2015: checks
VolkovDmitri: bets $3
WOL2015: folds
Uncalled bet ($3) returned to VolkovDmitri
VolkovDmitri collected $11.76 from pot
VolkovDmitri: doesn't show hand
*** SUMMARY ***
Total pot $12 | Rake $0.24
Board [Jh 4h 6s]
Seat 5: WOL2015 (big blind) folded on the Flop
Seat 7: VolkovDmitri (button) (small blind) collected ($11.76)


PokerStars Hand #174651736454:  Hold'em Limit ($3/$6 USD) - 2017/08/22 9:53:18 ET
Table 'Terpsichore' 10-max Seat #5 is the button
Seat 5: WOL2015 ($39.19 in chips)
Seat 7: VolkovDmitri ($149.02 in chips)
WOL2015: posts small blind $1
VolkovDmitri: posts big blind $3
*** HOLE CARDS ***
WOL2015: raises $3 to $6
VolkovDmitri: calls $3
*** FLOP *** [3c Js 3d]
VolkovDmitri: checks
WOL2015: bets $3
VolkovDmitri: folds
Uncalled bet ($3) returned to WOL2015
WOL2015 collected $11.76 from pot
WOL2015: doesn't show hand
*** SUMMARY ***
Total pot $12 | Rake $0.24
Board [3c Js 3d]
Seat 5: WOL2015 (button) (small blind) collected ($11.76)
Seat 7: VolkovDmitri (big blind) folded on the Flop


PokerStars Hand #174651758131:  Hold'em Limit ($3/$6 USD) - 2017/08/22 9:54:00 ET
Table 'Terpsichore' 10-max Seat #7 is the button
Seat 5: WOL2015 ($41.95 in chips)
Seat 7: VolkovDmitri ($145.78 in chips)
VolkovDmitri: posts small blind $1
WOL2015: posts big blind $3
*** HOLE CARDS ***
VolkovDmitri: raises $3 to $6
WOL2015: calls $3
*** FLOP *** [Td 3d 8d]
WOL2015: checks
VolkovDmitri: bets $3
WOL2015: folds
Uncalled bet ($3) returned to VolkovDmitri
VolkovDmitri collected $11.76 from pot
VolkovDmitri: doesn't show hand
*** SUMMARY ***
Total pot $12 | Rake $0.24
Board [Td 3d 8d]
Seat 5: WOL2015 (big blind) folded on the Flop
Seat 7: VolkovDmitri (button) (small blind) collected ($11.76)


PokerStars Hand #174651764276:  Hold'em Limit ($3/$6 USD) - 2017/08/22 9:54:12 ET
Table 'Terpsichore' 10-max Seat #5 is the button
Seat 5: WOL2015 ($35.95 in chips)
Seat 7: VolkovDmitri ($151.54 in chips)
WOL2015: posts small blind $1
VolkovDmitri: posts big blind $3
*** HOLE CARDS ***
WOL2015: raises $3 to $6
VolkovDmitri: calls $3
*** FLOP *** [Jh Jd 3c]
VolkovDmitri: checks
WOL2015: bets $3
VolkovDmitri: raises $3 to $6
WOL2015: calls $3
*** TURN *** [Jh Jd 3c] [Jc]
VolkovDmitri: bets $6
WOL2015: raises $6 to $12
VolkovDmitri: calls $6
*** RIVER *** [Jh Jd 3c Jc] [9s]
VolkovDmitri: checks
WOL2015: bets $6
VolkovDmitri: calls $6
*** SHOW DOWN ***
WOL2015: shows [4h Qd] (three of a kind, Jacks)
VolkovDmitri: shows [Ad 3h] (a full house, Jacks full of Threes)
VolkovDmitri collected $59.50 from pot
*** SUMMARY ***
Total pot $60 | Rake $0.50
Board [Jh Jd 3c Jc 9s]
Seat 5: WOL2015 (button) (small blind) showed [4h Qd] and lost with three of a kind, Jacks
Seat 7: VolkovDmitri (big blind) showed [Ad 3h] and won ($59.50) with a full house, Jacks full of Threes


PokerStars Hand #174651787309:  Hold'em Limit ($3/$6 USD) - 2017/08/22 9:54:57 ET
Table 'Terpsichore' 10-max Seat #7 is the button
Seat 5: WOL2015 ($5.95 in chips)
Seat 7: VolkovDmitri ($181.04 in chips)
VolkovDmitri: posts small blind $1
WOL2015: posts big blind $3
*** HOLE CARDS ***
VolkovDmitri: raises $3 to $6
WOL2015: calls $2.95 and is all-in
Uncalled bet ($0.05) returned to VolkovDmitri
*** FLOP *** [4d 2d Jc]
*** TURN *** [4d 2d Jc] [As]
*** RIVER *** [4d 2d Jc As] [3c]
*** SHOW DOWN ***
WOL2015: shows [Ad 3s] (two pair, Aces and Threes)
VolkovDmitri: shows [9d 8c] (high card Ace)
WOL2015 collected $11.66 from pot
*** SUMMARY ***
Total pot $11.90 | Rake $0.24
Board [4d 2d Jc As 3c]
Seat 5: WOL2015 (big blind) showed [Ad 3s] and won ($11.66) with two pair, Aces and Threes
Seat 7: VolkovDmitri (button) (small blind) showed [9d 8c] and lost with high card Ace


PokerStars Hand #174651794365:  Hold'em Limit ($3/$6 USD) - 2017/08/22 9:55:12 ET
Table 'Terpsichore' 10-max Seat #5 is the button
Seat 5: WOL2015 ($11.66 in chips)
Seat 7: VolkovDmitri ($175.09 in chips)
WOL2015: posts small blind $1
VolkovDmitri: posts big blind $3
*** HOLE CARDS ***
WOL2015: raises $3 to $6
VolkovDmitri: calls $3
*** FLOP *** [4c 6c Ad]
VolkovDmitri: checks
WOL2015: bets $3
VolkovDmitri: raises $3 to $6
WOL2015: calls $2.66 and is all-in
Uncalled bet ($0.34) returned to VolkovDmitri
*** TURN *** [4c 6c Ad] [5d]
*** RIVER *** [4c 6c Ad 5d] [5s]
*** SHOW DOWN ***
VolkovDmitri: shows [8c 9h] (a pair of Fives)
WOL2015: shows [7h Kc] (a pair of Fives - Ace+King kicker)
WOL2015 collected $22.85 from pot
*** SUMMARY ***
Total pot $23.32 | Rake $0.47
Board [4c 6c Ad 5d 5s]
Seat 5: WOL2015 (button) (small blind) showed [7h Kc] and won ($22.85) with a pair of Fives
Seat 7: VolkovDmitri (big blind) showed [8c 9h] and lost with a pair of Fives


PokerStars Hand #174651825673:  Hold'em Limit ($3/$6 USD) - 2017/08/22 9:56:22 ET
Table 'Terpsichore' 10-max Seat #7 is the button
Seat 5: WOL2015 ($22.61 in chips)
Seat 7: VolkovDmitri ($163.19 in chips)
VolkovDmitri: posts small blind $1
WOL2015: posts big blind $3
*** HOLE CARDS ***
VolkovDmitri: raises $3 to $6
WOL2015: calls $3
*** FLOP *** [9d Ts 2s]
WOL2015: checks
VolkovDmitri: bets $3
WOL2015: folds
Uncalled bet ($3) returned to VolkovDmitri
VolkovDmitri collected $11.76 from pot
VolkovDmitri: doesn't show hand
*** SUMMARY ***
Total pot $12 | Rake $0.24
Board [9d Ts 2s]
Seat 5: WOL2015 (big blind) folded on the Flop
Seat 7: VolkovDmitri (button) (small blind) collected ($11.76)


PokerStars Hand #174651817076:  Hold'em Limit ($3/$6 USD) - 2017/08/22 9:56:03 ET
Table 'Terpsichore' 10-max Seat #5 is the button
Seat 5: WOL2015 ($16.85 in chips)
Seat 7: VolkovDmitri ($169.19 in chips)
WOL2015: posts small blind $1
VolkovDmitri: posts big blind $3
*** HOLE CARDS ***
WOL2015: raises $3 to $6
VolkovDmitri: calls $3
*** FLOP *** [9h 3h Kc]
VolkovDmitri: checks
WOL2015: bets $3
VolkovDmitri: folds
Uncalled bet ($3) returned to WOL2015
WOL2015 collected $11.76 from pot
WOL2015: doesn't show hand
*** SUMMARY ***
Total pot $12 | Rake $0.24
Board [9h 3h Kc]
Seat 5: WOL2015 (button) (small blind) collected ($11.76)
Seat 7: VolkovDmitri (big blind) folded on the Flop


PokerStars Hand #174651809063:  Hold'em Limit ($3/$6 USD) - 2017/08/22 9:55:45 ET
Table 'Terpsichore' 10-max Seat #7 is the button
Seat 5: WOL2015 ($22.85 in chips)
Seat 7: VolkovDmitri ($163.43 in chips)
VolkovDmitri: posts small blind $1
WOL2015: posts big blind $3
*** HOLE CARDS ***
VolkovDmitri: raises $3 to $6
WOL2015: calls $3
*** FLOP *** [Jc Js 8d]
WOL2015: checks
VolkovDmitri: bets $3
WOL2015: folds
Uncalled bet ($3) returned to VolkovDmitri
VolkovDmitri collected $11.76 from pot
VolkovDmitri: doesn't show hand
*** SUMMARY ***
Total pot $12 | Rake $0.24
Board [Jc Js 8d]
Seat 5: WOL2015 (big blind) folded on the Flop
Seat 7: VolkovDmitri (button) (small blind) collected ($11.76)


PokerStars Hand #174651831132:  Hold'em Limit ($3/$6 USD) - 2017/08/22 9:56:34 ET
Table 'Terpsichore' 10-max Seat #5 is the button
Seat 5: WOL2015 ($16.61 in chips)
Seat 7: VolkovDmitri ($168.95 in chips)
WOL2015: posts small blind $1
VolkovDmitri: posts big blind $3
*** HOLE CARDS ***
WOL2015: folds
Uncalled bet ($2) returned to VolkovDmitri
VolkovDmitri collected $2 from pot
VolkovDmitri: doesn't show hand
*** SUMMARY ***
Total pot $2 | Rake $0
Seat 5: WOL2015 (button) (small blind) folded before Flop
Seat 7: VolkovDmitri (big blind) collected ($2)


PokerStars Hand #174651833350:  Hold'em Limit ($3/$6 USD) - 2017/08/22 9:56:39 ET
Table 'Terpsichore' 10-max Seat #7 is the button
Seat 5: WOL2015 ($15.61 in chips)
Seat 7: VolkovDmitri ($169.95 in chips)
VolkovDmitri: posts small blind $1
WOL2015: posts big blind $3
*** HOLE CARDS ***
VolkovDmitri: raises $3 to $6
WOL2015: calls $3
*** FLOP *** [9h Ts 2s]
WOL2015: checks
VolkovDmitri: bets $3
WOL2015: raises $3 to $6
VolkovDmitri: raises $3 to $9
WOL2015: raises $0.61 to $9.61 and is all-in
Betting is capped
VolkovDmitri: calls $0.61
*** TURN *** [9h Ts 2s] [Ks]
*** RIVER *** [9h Ts 2s Ks] [4d]
*** SHOW DOWN ***
WOL2015: shows [Jh 9d] (a pair of Nines)
VolkovDmitri: shows [3s Td] (a pair of Tens)
VolkovDmitri collected $30.72 from pot
*** SUMMARY ***
Total pot $31.22 | Rake $0.50
Board [9h Ts 2s Ks 4d]
Seat 5: WOL2015 (big blind) showed [Jh 9d] and lost with a pair of Nines
Seat 7: VolkovDmitri (button) (small blind) showed [3s Td] and won ($30.72) with a pair of Tens


