PokerStars Hand #145986624892:  Hold'em Limit ($3/$6 USD) - 2015/12/27 3:18:05 ET
Table 'Terpsichore' 2-max Seat #1 is the button
Seat 1: Rus29APX ($146.26 in chips)
Seat 2: Donkasaurus7 ($87.08 in chips)
Rus29APX: posts small blind $1
Donkasaurus7: posts big blind $3
*** HOLE CARDS ***
Rus29APX: folds
Uncalled bet ($2) returned to Donkasaurus7
Donkasaurus7 collected $2 from pot
Donkasaurus7: doesn't show hand
*** SUMMARY ***
Total pot $2 | Rake $0
Seat 1: Rus29APX (button) (small blind) folded before Flop
Seat 2: Donkasaurus7 (big blind) collected ($2)


PokerStars Hand #145986623476:  Hold'em Limit ($3/$6 USD) - 2015/12/27 3:18:01 ET
Table 'Terpsichore' 2-max Seat #2 is the button
Seat 1: Rus29APX ($145.26 in chips)
Seat 2: Donkasaurus7 ($88.08 in chips)
Donkasaurus7: posts small blind $1
Rus29APX: posts big blind $3
*** HOLE CARDS ***
Donkasaurus7: folds
Uncalled bet ($2) returned to Rus29APX
Rus29APX collected $2 from pot
Rus29APX: doesn't show hand
*** SUMMARY ***
Total pot $2 | Rake $0
Seat 1: Rus29APX (big blind) collected ($2)
Seat 2: Donkasaurus7 (button) (small blind) folded before Flop


PokerStars Hand #145986609073:  Hold'em Limit ($3/$6 USD) - 2015/12/27 3:17:16 ET
Table 'Terpsichore' 2-max Seat #1 is the button
Seat 1: Rus29APX ($117 in chips)
Seat 2: Donkasaurus7 ($117.08 in chips)
Rus29APX: posts small blind $1
Donkasaurus7: posts big blind $3
*** HOLE CARDS ***
Rus29APX: raises $3 to $6
Donkasaurus7: calls $3
*** FLOP *** [6d 8c 2c]
Donkasaurus7: checks
Rus29APX: bets $3
Donkasaurus7: folds
Uncalled bet ($3) returned to Rus29APX
Rus29APX collected $11.76 from pot
Rus29APX: doesn't show hand
*** SUMMARY ***
Total pot $12 | Rake $0.24
Board [6d 8c 2c]
Seat 1: Rus29APX (button) (small blind) collected ($11.76)
Seat 2: Donkasaurus7 (big blind) folded on the Flop


PokerStars Hand #145986621757:  Hold'em Limit ($3/$6 USD) - 2015/12/27 3:17:55 ET
Table 'Terpsichore' 2-max Seat #1 is the button
Seat 1: Rus29APX ($146.26 in chips)
Seat 2: Donkasaurus7 ($87.08 in chips)
Rus29APX: posts small blind $1
Donkasaurus7: posts big blind $3
*** HOLE CARDS ***
Rus29APX: folds
Uncalled bet ($2) returned to Donkasaurus7
Donkasaurus7 collected $2 from pot
Donkasaurus7: doesn't show hand
*** SUMMARY ***
Total pot $2 | Rake $0
Seat 1: Rus29APX (button) (small blind) folded before Flop
Seat 2: Donkasaurus7 (big blind) collected ($2)


PokerStars Hand #145986613345:  Hold'em Limit ($3/$6 USD) - 2015/12/27 3:17:29 ET
Table 'Terpsichore' 2-max Seat #2 is the button
Seat 1: Rus29APX ($122.76 in chips)
Seat 2: Donkasaurus7 ($111.08 in chips)
Donkasaurus7: posts small blind $1
Rus29APX: posts big blind $3
*** HOLE CARDS ***
Donkasaurus7: raises $3 to $6
Rus29APX: calls $3
*** FLOP *** [9c 3c 6h]
Rus29APX: checks
Donkasaurus7: bets $3
Rus29APX: raises $3 to $6
Donkasaurus7: calls $3
*** TURN *** [9c 3c 6h] [Js]
Rus29APX: bets $6
Donkasaurus7: calls $6
*** RIVER *** [9c 3c 6h Js] [7s]
Rus29APX: bets $6
Donkasaurus7: calls $6
*** SHOW DOWN ***
Rus29APX: shows [8h 5c] (a straight, Five to Nine)
Donkasaurus7: mucks hand
Rus29APX collected $47.50 from pot
*** SUMMARY ***
Total pot $48 | Rake $0.50
Board [9c 3c 6h Js 7s]
Seat 1: Rus29APX (big blind) showed [8h 5c] and won ($47.50) with a straight, Five to Nine
Seat 2: Donkasaurus7 (button) (small blind) mucked


PokerStars Hand #145986641752:  Hold'em Limit ($3/$6 USD) - 2015/12/27 3:18:57 ET
Table 'Terpsichore' 2-max Seat #2 is the button
Seat 1: Rus29APX ($144.78 in chips)
Seat 2: Donkasaurus7 ($87.60 in chips)
Donkasaurus7: posts small blind $1
Rus29APX: posts big blind $3
*** HOLE CARDS ***
Donkasaurus7: folds
Uncalled bet ($2) returned to Rus29APX
Rus29APX collected $2 from pot
Rus29APX: doesn't show hand
*** SUMMARY ***
Total pot $2 | Rake $0
Seat 1: Rus29APX (big blind) collected ($2)
Seat 2: Donkasaurus7 (button) (small blind) folded before Flop


PokerStars Hand #145986633536:  Hold'em Limit ($3/$6 USD) - 2015/12/27 3:18:32 ET
Table 'Terpsichore' 2-max Seat #1 is the button
Seat 1: Rus29APX ($156.78 in chips)
Seat 2: Donkasaurus7 ($76.08 in chips)
Rus29APX: posts small blind $1
Donkasaurus7: posts big blind $3
*** HOLE CARDS ***
Rus29APX: raises $3 to $6
Donkasaurus7: calls $3
*** FLOP *** [9d 2h Ts]
Donkasaurus7: checks
Rus29APX: bets $3
Donkasaurus7: raises $3 to $6
Rus29APX: calls $3
*** TURN *** [9d 2h Ts] [6c]
Donkasaurus7: checks
Rus29APX: checks
*** RIVER *** [9d 2h Ts 6c] [2c]
Donkasaurus7: checks
Rus29APX: checks
*** SHOW DOWN ***
Donkasaurus7: shows [8h 6d] (two pair, Sixes and Deuces)
Rus29APX: mucks hand
Donkasaurus7 collected $23.52 from pot
*** SUMMARY ***
Total pot $24 | Rake $0.48
Board [9d 2h Ts 6c 2c]
Seat 1: Rus29APX (button) (small blind) mucked
Seat 2: Donkasaurus7 (big blind) showed [8h 6d] and won ($23.52) with two pair, Sixes and Deuces


PokerStars Hand #145986643234:  Hold'em Limit ($3/$6 USD) - 2015/12/27 3:19:01 ET
Table 'Terpsichore' 2-max Seat #1 is the button
Seat 1: Rus29APX ($145.78 in chips)
Seat 2: Donkasaurus7 ($86.60 in chips)
Rus29APX: posts small blind $1
Donkasaurus7: posts big blind $3
*** HOLE CARDS ***
Rus29APX: folds
Uncalled bet ($2) returned to Donkasaurus7
Donkasaurus7 collected $2 from pot
Donkasaurus7: doesn't show hand
*** SUMMARY ***
Total pot $2 | Rake $0
Seat 1: Rus29APX (button) (small blind) folded before Flop
Seat 2: Donkasaurus7 (big blind) collected ($2)


PokerStars Hand #145986627153:  Hold'em Limit ($3/$6 USD) - 2015/12/27 3:18:12 ET
Table 'Terpsichore' 2-max Seat #2 is the button
Seat 1: Rus29APX ($145.26 in chips)
Seat 2: Donkasaurus7 ($88.08 in chips)
Donkasaurus7: posts small blind $1
Rus29APX: posts big blind $3
*** HOLE CARDS ***
Donkasaurus7: raises $3 to $6
Rus29APX: raises $3 to $9
Donkasaurus7: calls $3
*** FLOP *** [2c 6d 6s]
Rus29APX: bets $3
Donkasaurus7: calls $3
*** TURN *** [2c 6d 6s] [9s]
Rus29APX: bets $6
Donkasaurus7: folds
Uncalled bet ($6) returned to Rus29APX
Rus29APX collected $23.52 from pot
Rus29APX: doesn't show hand
*** SUMMARY ***
Total pot $24 | Rake $0.48
Board [2c 6d 6s 9s]
Seat 1: Rus29APX (big blind) collected ($23.52)
Seat 2: Donkasaurus7 (button) (small blind) folded on the Turn


PokerStars Hand #145986646479:  Hold'em Limit ($3/$6 USD) - 2015/12/27 3:19:11 ET
Table 'Terpsichore' 2-max Seat #2 is the button
Seat 1: Rus29APX ($144.78 in chips)
Seat 2: Donkasaurus7 ($87.60 in chips)
Donkasaurus7: posts small blind $1
Rus29APX: posts big blind $3
*** HOLE CARDS ***
Donkasaurus7: raises $3 to $6
Rus29APX: calls $3
*** FLOP *** [5c 2c Td]
Rus29APX: checks
Donkasaurus7: bets $3
Rus29APX: calls $3
*** TURN *** [5c 2c Td] [Qc]
Rus29APX: checks
Donkasaurus7: checks
*** RIVER *** [5c 2c Td Qc] [6s]
Rus29APX: checks
Donkasaurus7: checks
*** SHOW DOWN ***
Rus29APX: shows [9d 2d] (a pair of Deuces)
Donkasaurus7: mucks hand
Rus29APX collected $17.64 from pot
*** SUMMARY ***
Total pot $18 | Rake $0.36
Board [5c 2c Td Qc 6s]
Seat 1: Rus29APX (big blind) showed [9d 2d] and won ($17.64) with a pair of Deuces
Seat 2: Donkasaurus7 (button) (small blind) mucked


PokerStars Hand #145986656106:  Hold'em Limit ($3/$6 USD) - 2015/12/27 3:19:40 ET
Table 'Terpsichore' 2-max Seat #1 is the button
Seat 1: Rus29APX ($153.42 in chips)
Seat 2: Donkasaurus7 ($78.60 in chips)
Rus29APX: posts small blind $1
Donkasaurus7: posts big blind $3
*** HOLE CARDS ***
Rus29APX: raises $3 to $6
Donkasaurus7: folds
Uncalled bet ($3) returned to Rus29APX
Rus29APX collected $6 from pot
Rus29APX: doesn't show hand
*** SUMMARY ***
Total pot $6 | Rake $0
Seat 1: Rus29APX (button) (small blind) collected ($6)
Seat 2: Donkasaurus7 (big blind) folded before Flop


PokerStars Hand #145986669367:  Hold'em Limit ($3/$6 USD) - 2015/12/27 3:20:21 ET
Table 'Terpsichore' 2-max Seat #1 is the button
Seat 1: Rus29APX ($126.42 in chips)
Seat 2: Donkasaurus7 ($105.10 in chips)
Rus29APX: posts small blind $1
Donkasaurus7: posts big blind $3
*** HOLE CARDS ***
Rus29APX: raises $3 to $6
Donkasaurus7: folds
Uncalled bet ($3) returned to Rus29APX
Rus29APX collected $6 from pot
Rus29APX: doesn't show hand
*** SUMMARY ***
Total pot $6 | Rake $0
Seat 1: Rus29APX (button) (small blind) collected ($6)
Seat 2: Donkasaurus7 (big blind) folded before Flop


PokerStars Hand #145986671887:  Hold'em Limit ($3/$6 USD) - 2015/12/27 3:20:29 ET
Table 'Terpsichore' 2-max Seat #2 is the button
Seat 1: Rus29APX ($129.42 in chips)
Seat 2: Donkasaurus7 ($102.10 in chips)
Donkasaurus7: posts small blind $1
Rus29APX: posts big blind $3
*** HOLE CARDS ***
Donkasaurus7: raises $3 to $6
Rus29APX: calls $3
*** FLOP *** [8d Ks Ac]
Rus29APX: checks
Donkasaurus7: bets $3
Rus29APX: folds
Uncalled bet ($3) returned to Donkasaurus7
Donkasaurus7 collected $11.76 from pot
Donkasaurus7: doesn't show hand
*** SUMMARY ***
Total pot $12 | Rake $0.24
Board [8d Ks Ac]
Seat 1: Rus29APX (big blind) folded on the Flop
Seat 2: Donkasaurus7 (button) (small blind) collected ($11.76)


PokerStars Hand #145986658284:  Hold'em Limit ($3/$6 USD) - 2015/12/27 3:19:46 ET
Table 'Terpsichore' 2-max Seat #2 is the button
Seat 1: Rus29APX ($156.42 in chips)
Seat 2: Donkasaurus7 ($75.60 in chips)
Donkasaurus7: posts small blind $1
Rus29APX: posts big blind $3
*** HOLE CARDS ***
Donkasaurus7: raises $3 to $6
Rus29APX: calls $3
*** FLOP *** [7h 2c Jd]
Rus29APX: checks
Donkasaurus7: bets $3
Rus29APX: raises $3 to $6
Donkasaurus7: calls $3
*** TURN *** [7h 2c Jd] [3c]
Rus29APX: bets $6
Donkasaurus7: calls $6
*** RIVER *** [7h 2c Jd 3c] [As]
Rus29APX: bets $6
Donkasaurus7: raises $6 to $12
Rus29APX: calls $6
*** SHOW DOWN ***
Donkasaurus7: shows [Ac 2h] (two pair, Aces and Deuces)
Rus29APX: mucks hand
Donkasaurus7 collected $59.50 from pot
*** SUMMARY ***
Total pot $60 | Rake $0.50
Board [7h 2c Jd 3c As]
Seat 1: Rus29APX (big blind) mucked
Seat 2: Donkasaurus7 (button) (small blind) showed [Ac 2h] and won ($59.50) with two pair, Aces and Deuces


PokerStars Hand #145986697474:  Hold'em Limit ($3/$6 USD) - 2015/12/27 3:21:47 ET
Table 'Terpsichore' 2-max Seat #2 is the button
Seat 1: Rus29APX ($120.94 in chips)
Seat 2: Donkasaurus7 ($109.36 in chips)
Donkasaurus7: posts small blind $1
Rus29APX: posts big blind $3
*** HOLE CARDS ***
Donkasaurus7: raises $3 to $6
Rus29APX: calls $3
*** FLOP *** [Jc 4d 3c]
Rus29APX: checks
Donkasaurus7: checks
*** TURN *** [Jc 4d 3c] [7h]
Rus29APX: bets $6
Donkasaurus7: folds
Uncalled bet ($6) returned to Rus29APX
Rus29APX collected $11.76 from pot
Rus29APX: doesn't show hand
*** SUMMARY ***
Total pot $12 | Rake $0.24
Board [Jc 4d 3c 7h]
Seat 1: Rus29APX (big blind) collected ($11.76)
Seat 2: Donkasaurus7 (button) (small blind) folded on the Turn


PokerStars Hand #145986689396:  Hold'em Limit ($3/$6 USD) - 2015/12/27 3:21:22 ET
Table 'Terpsichore' 2-max Seat #1 is the button
Seat 1: Rus29APX ($109.42 in chips)
Seat 2: Donkasaurus7 ($121.36 in chips)
Rus29APX: posts small blind $1
Donkasaurus7: posts big blind $3
*** HOLE CARDS ***
Rus29APX: raises $3 to $6
Donkasaurus7: raises $3 to $9
Rus29APX: calls $3
*** FLOP *** [Jc 9c 5c]
Donkasaurus7: bets $3
Rus29APX: raises $3 to $6
Donkasaurus7: folds
Uncalled bet ($3) returned to Rus29APX
Rus29APX collected $23.52 from pot
Rus29APX: doesn't show hand
*** SUMMARY ***
Total pot $24 | Rake $0.48
Board [Jc 9c 5c]
Seat 1: Rus29APX (button) (small blind) collected ($23.52)
Seat 2: Donkasaurus7 (big blind) folded on the Flop


PokerStars Hand #145986687935:  Hold'em Limit ($3/$6 USD) - 2015/12/27 3:21:18 ET
Table 'Terpsichore' 2-max Seat #2 is the button
Seat 1: Rus29APX ($108.42 in chips)
Seat 2: Donkasaurus7 ($122.36 in chips)
Donkasaurus7: posts small blind $1
Rus29APX: posts big blind $3
*** HOLE CARDS ***
Donkasaurus7: folds
Uncalled bet ($2) returned to Rus29APX
Rus29APX collected $2 from pot
Rus29APX: doesn't show hand
*** SUMMARY ***
Total pot $2 | Rake $0
Seat 1: Rus29APX (big blind) collected ($2)
Seat 2: Donkasaurus7 (button) (small blind) folded before Flop


PokerStars Hand #145986680687:  Hold'em Limit ($3/$6 USD) - 2015/12/27 3:20:55 ET
Table 'Terpsichore' 2-max Seat #1 is the button
Seat 1: Rus29APX ($123.42 in chips)
Seat 2: Donkasaurus7 ($107.86 in chips)
Rus29APX: posts small blind $1
Donkasaurus7: posts big blind $3
*** HOLE CARDS ***
Rus29APX: raises $3 to $6
Donkasaurus7: calls $3
*** FLOP *** [Tc 5h 6d]
Donkasaurus7: checks
Rus29APX: bets $3
Donkasaurus7: calls $3
*** TURN *** [Tc 5h 6d] [6c]
Donkasaurus7: checks
Rus29APX: checks
*** RIVER *** [Tc 5h 6d 6c] [Js]
Donkasaurus7: bets $6
Rus29APX: calls $6
*** SHOW DOWN ***
Donkasaurus7: shows [5s Jc] (two pair, Jacks and Sixes)
Rus29APX: mucks hand
Donkasaurus7 collected $29.50 from pot
*** SUMMARY ***
Total pot $30 | Rake $0.50
Board [Tc 5h 6d 6c Js]
Seat 1: Rus29APX (button) (small blind) mucked
Seat 2: Donkasaurus7 (big blind) showed [5s Jc] and won ($29.50) with two pair, Jacks and Sixes


PokerStars Hand #145986718883:  Hold'em Limit ($3/$6 USD) - 2015/12/27 3:22:52 ET
Table 'Terpsichore' 2-max Seat #2 is the button
Seat 1: Rus29APX ($96.70 in chips)
Seat 2: Donkasaurus7 ($132.38 in chips)
Donkasaurus7: posts small blind $1
Rus29APX: posts big blind $3
*** HOLE CARDS ***
Donkasaurus7: folds
Uncalled bet ($2) returned to Rus29APX
Rus29APX collected $2 from pot
Rus29APX: doesn't show hand
*** SUMMARY ***
Total pot $2 | Rake $0
Seat 1: Rus29APX (big blind) collected ($2)
Seat 2: Donkasaurus7 (button) (small blind) folded before Flop


PokerStars Hand #145986709903:  Hold'em Limit ($3/$6 USD) - 2015/12/27 3:22:25 ET
Table 'Terpsichore' 2-max Seat #2 is the button
Seat 1: Rus29APX ($114.70 in chips)
Seat 2: Donkasaurus7 ($114.88 in chips)
Donkasaurus7: posts small blind $1
Rus29APX: posts big blind $3
*** HOLE CARDS ***
Donkasaurus7: raises $3 to $6
Rus29APX: folds
Uncalled bet ($3) returned to Donkasaurus7
Donkasaurus7 collected $6 from pot
Donkasaurus7: doesn't show hand
*** SUMMARY ***
Total pot $6 | Rake $0
Seat 1: Rus29APX (big blind) folded before Flop
Seat 2: Donkasaurus7 (button) (small blind) collected ($6)


PokerStars Hand #145986703039:  Hold'em Limit ($3/$6 USD) - 2015/12/27 3:22:03 ET
Table 'Terpsichore' 2-max Seat #1 is the button
Seat 1: Rus29APX ($126.70 in chips)
Seat 2: Donkasaurus7 ($103.36 in chips)
Rus29APX: posts small blind $1
Donkasaurus7: posts big blind $3
*** HOLE CARDS ***
Rus29APX: raises $3 to $6
Donkasaurus7: raises $3 to $9
Rus29APX: calls $3
*** FLOP *** [3h 4s 2d]
Donkasaurus7: bets $3
Rus29APX: calls $3
*** TURN *** [3h 4s 2d] [Kh]
Donkasaurus7: bets $6
Rus29APX: folds
Uncalled bet ($6) returned to Donkasaurus7
Donkasaurus7 collected $23.52 from pot
Donkasaurus7: doesn't show hand
*** SUMMARY ***
Total pot $24 | Rake $0.48
Board [3h 4s 2d Kh]
Seat 1: Rus29APX (button) (small blind) folded on the Turn
Seat 2: Donkasaurus7 (big blind) collected ($23.52)


PokerStars Hand #145986734014:  Hold'em Limit ($3/$6 USD) - 2015/12/27 3:23:38 ET
Table 'Terpsichore' 2-max Seat #1 is the button
Seat 1: Rus29APX ($86.70 in chips)
Seat 2: Donkasaurus7 ($141.90 in chips)
Rus29APX: posts small blind $1
Donkasaurus7: posts big blind $3
*** HOLE CARDS ***
Rus29APX: raises $3 to $6
Donkasaurus7: calls $3
*** FLOP *** [Td 9h 2d]
Donkasaurus7: checks
Rus29APX: bets $3
Donkasaurus7: raises $3 to $6
Rus29APX: calls $3
*** TURN *** [Td 9h 2d] [Qh]
Donkasaurus7: bets $6
Rus29APX: folds
Uncalled bet ($6) returned to Donkasaurus7
Donkasaurus7 collected $23.52 from pot
Donkasaurus7: doesn't show hand
*** SUMMARY ***
Total pot $24 | Rake $0.48
Board [Td 9h 2d Qh]
Seat 1: Rus29APX (button) (small blind) folded on the Turn
Seat 2: Donkasaurus7 (big blind) collected ($23.52)


PokerStars Hand #145986732558:  Hold'em Limit ($3/$6 USD) - 2015/12/27 3:23:33 ET
Table 'Terpsichore' 2-max Seat #2 is the button
Seat 1: Rus29APX ($85.70 in chips)
Seat 2: Donkasaurus7 ($142.90 in chips)
Donkasaurus7: posts small blind $1
Rus29APX: posts big blind $3
*** HOLE CARDS ***
Donkasaurus7: folds
Uncalled bet ($2) returned to Rus29APX
Rus29APX collected $2 from pot
Rus29APX: doesn't show hand
*** SUMMARY ***
Total pot $2 | Rake $0
Seat 1: Rus29APX (big blind) collected ($2)
Seat 2: Donkasaurus7 (button) (small blind) folded before Flop


PokerStars Hand #145986720548:  Hold'em Limit ($3/$6 USD) - 2015/12/27 3:22:57 ET
Table 'Terpsichore' 2-max Seat #1 is the button
Seat 1: Rus29APX ($97.70 in chips)
Seat 2: Donkasaurus7 ($131.38 in chips)
Rus29APX: posts small blind $1
Donkasaurus7: posts big blind $3
*** HOLE CARDS ***
Rus29APX: raises $3 to $6
Donkasaurus7: raises $3 to $9
Rus29APX: calls $3
*** FLOP *** [Js Kc 8c]
Donkasaurus7: bets $3
Rus29APX: calls $3
*** TURN *** [Js Kc 8c] [Jd]
Donkasaurus7: checks
Rus29APX: checks
*** RIVER *** [Js Kc 8c Jd] [2s]
Donkasaurus7: checks
Rus29APX: checks
*** SHOW DOWN ***
Donkasaurus7: shows [4c 4h] (two pair, Jacks and Fours)
Rus29APX: mucks hand
Donkasaurus7 collected $23.52 from pot
*** SUMMARY ***
Total pot $24 | Rake $0.48
Board [Js Kc 8c Jd 2s]
Seat 1: Rus29APX (button) (small blind) mucked
Seat 2: Donkasaurus7 (big blind) showed [4c 4h] and won ($23.52) with two pair, Jacks and Fours


PokerStars Hand #145986755937:  Hold'em Limit ($3/$6 USD) - 2015/12/27 3:24:44 ET
Table 'Terpsichore' 2-max Seat #2 is the button
Seat 1: Rus29APX ($89.20 in chips)
Seat 2: Donkasaurus7 ($138.18 in chips)
Donkasaurus7: posts small blind $1
Rus29APX: posts big blind $3
*** HOLE CARDS ***
Donkasaurus7: raises $3 to $6
Rus29APX: calls $3
*** FLOP *** [2c Jd 5s]
Rus29APX: checks
Donkasaurus7: bets $3
Rus29APX: raises $3 to $6
Donkasaurus7: calls $3
*** TURN *** [2c Jd 5s] [9d]
Rus29APX: bets $6
Donkasaurus7: calls $6
*** RIVER *** [2c Jd 5s 9d] [7c]
Rus29APX: bets $6
Donkasaurus7: folds
Uncalled bet ($6) returned to Rus29APX
Rus29APX collected $35.50 from pot
Rus29APX: doesn't show hand
*** SUMMARY ***
Total pot $36 | Rake $0.50
Board [2c Jd 5s 9d 7c]
Seat 1: Rus29APX (big blind) collected ($35.50)
Seat 2: Donkasaurus7 (button) (small blind) folded on the River


PokerStars Hand #145986742726:  Hold'em Limit ($3/$6 USD) - 2015/12/27 3:24:04 ET
Table 'Terpsichore' 2-max Seat #2 is the button
Seat 1: Rus29APX ($74.70 in chips)
Seat 2: Donkasaurus7 ($153.42 in chips)
Donkasaurus7: posts small blind $1
Rus29APX: posts big blind $3
*** HOLE CARDS ***
Donkasaurus7: raises $3 to $6
Rus29APX: calls $3
*** FLOP *** [2d Qh Td]
Rus29APX: checks
Donkasaurus7: bets $3
Rus29APX: folds
Uncalled bet ($3) returned to Donkasaurus7
Donkasaurus7 collected $11.76 from pot
Donkasaurus7: doesn't show hand
*** SUMMARY ***
Total pot $12 | Rake $0.24
Board [2d Qh Td]
Seat 1: Rus29APX (big blind) folded on the Flop
Seat 2: Donkasaurus7 (button) (small blind) collected ($11.76)


PokerStars Hand #145986747135:  Hold'em Limit ($3/$6 USD) - 2015/12/27 3:24:18 ET
Table 'Terpsichore' 2-max Seat #1 is the button
Seat 1: Rus29APX ($68.70 in chips)
Seat 2: Donkasaurus7 ($159.18 in chips)
Rus29APX: posts small blind $1
Donkasaurus7: posts big blind $3
*** HOLE CARDS ***
Rus29APX: raises $3 to $6
Donkasaurus7: calls $3
*** FLOP *** [Kd 9d 8d]
Donkasaurus7: checks
Rus29APX: bets $3
Donkasaurus7: calls $3
*** TURN *** [Kd 9d 8d] [5h]
Donkasaurus7: checks
Rus29APX: bets $6
Donkasaurus7: calls $6
*** RIVER *** [Kd 9d 8d 5h] [5s]
Donkasaurus7: checks
Rus29APX: bets $6
Donkasaurus7: calls $6
*** SHOW DOWN ***
Rus29APX: shows [Kc 8c] (two pair, Kings and Eights)
Donkasaurus7: mucks hand
Rus29APX collected $41.50 from pot
*** SUMMARY ***
Total pot $42 | Rake $0.50
Board [Kd 9d 8d 5h 5s]
Seat 1: Rus29APX (button) (small blind) showed [Kc 8c] and won ($41.50) with two pair, Kings and Eights
Seat 2: Donkasaurus7 (big blind) mucked


PokerStars Hand #145986772145:  Hold'em Limit ($3/$6 USD) - 2015/12/27 3:25:33 ET
Table 'Terpsichore' 2-max Seat #2 is the button
Seat 1: Rus29APX ($82.70 in chips)
Seat 2: Donkasaurus7 ($143.68 in chips)
Donkasaurus7: posts small blind $1
Rus29APX: posts big blind $3
*** HOLE CARDS ***
Donkasaurus7: raises $3 to $6
Rus29APX: raises $3 to $9
Donkasaurus7: calls $3
*** FLOP *** [8c 3d 2d]
Rus29APX: bets $3
Donkasaurus7: calls $3
*** TURN *** [8c 3d 2d] [5c]
Rus29APX: bets $6
Donkasaurus7: folds
Uncalled bet ($6) returned to Rus29APX
Rus29APX collected $23.52 from pot
Rus29APX: doesn't show hand
*** SUMMARY ***
Total pot $24 | Rake $0.48
Board [8c 3d 2d 5c]
Seat 1: Rus29APX (big blind) collected ($23.52)
Seat 2: Donkasaurus7 (button) (small blind) folded on the Turn


PokerStars Hand #145986764812:  Hold'em Limit ($3/$6 USD) - 2015/12/27 3:25:11 ET
Table 'Terpsichore' 2-max Seat #1 is the button
Seat 1: Rus29APX ($106.70 in chips)
Seat 2: Donkasaurus7 ($120.18 in chips)
Rus29APX: posts small blind $1
Donkasaurus7: posts big blind $3
*** HOLE CARDS ***
Rus29APX: raises $3 to $6
Donkasaurus7: calls $3
*** FLOP *** [9c 3c 2h]
Donkasaurus7: checks
Rus29APX: bets $3
Donkasaurus7: raises $3 to $6
Rus29APX: calls $3
*** TURN *** [9c 3c 2h] [8s]
Donkasaurus7: bets $6
Rus29APX: calls $6
*** RIVER *** [9c 3c 2h 8s] [6c]
Donkasaurus7: bets $6
Rus29APX: calls $6
*** SHOW DOWN ***
Donkasaurus7: shows [5c 7c] (a flush, Nine high)
Rus29APX: mucks hand
Donkasaurus7 collected $47.50 from pot
*** SUMMARY ***
Total pot $48 | Rake $0.50
Board [9c 3c 2h 8s 6c]
Seat 1: Rus29APX (button) (small blind) mucked
Seat 2: Donkasaurus7 (big blind) showed [5c 7c] and won ($47.50) with a flush, Nine high


PokerStars Hand #145986791036:  Hold'em Limit ($3/$6 USD) - 2015/12/27 3:26:31 ET
Table 'Terpsichore' 2-max Seat #1 is the button
Seat 1: Rus29APX ($76.22 in chips)
Seat 2: Donkasaurus7 ($149.18 in chips)
Rus29APX: posts small blind $1
Donkasaurus7: posts big blind $3
*** HOLE CARDS ***
Rus29APX: raises $3 to $6
Donkasaurus7: calls $3
*** FLOP *** [Td Kh Qh]
Donkasaurus7: checks
Rus29APX: bets $3
Donkasaurus7: calls $3
*** TURN *** [Td Kh Qh] [Kc]
Donkasaurus7: checks
Rus29APX: bets $6
Donkasaurus7: calls $6
*** RIVER *** [Td Kh Qh Kc] [4h]
Donkasaurus7: checks
Rus29APX: bets $6
Donkasaurus7: calls $6
*** SHOW DOWN ***
Rus29APX: shows [Ad Js] (a straight, Ten to Ace)
Donkasaurus7: mucks hand
Rus29APX collected $41.50 from pot
*** SUMMARY ***
Total pot $42 | Rake $0.50
Board [Td Kh Qh Kc 4h]
Seat 1: Rus29APX (button) (small blind) showed [Ad Js] and won ($41.50) with a straight, Ten to Ace
Seat 2: Donkasaurus7 (big blind) mucked


PokerStars Hand #145986781217:  Hold'em Limit ($3/$6 USD) - 2015/12/27 3:26:01 ET
Table 'Terpsichore' 2-max Seat #2 is the button
Seat 1: Rus29APX ($97.22 in chips)
Seat 2: Donkasaurus7 ($128.68 in chips)
Donkasaurus7: posts small blind $1
Rus29APX: posts big blind $3
*** HOLE CARDS ***
Donkasaurus7: raises $3 to $6
Rus29APX: calls $3
*** FLOP *** [5h Qd Qs]
Rus29APX: checks
Donkasaurus7: bets $3
Rus29APX: calls $3
*** TURN *** [5h Qd Qs] [8h]
Rus29APX: checks
Donkasaurus7: bets $6
Rus29APX: calls $6
*** RIVER *** [5h Qd Qs 8h] [Kh]
Rus29APX: checks
Donkasaurus7: bets $6
Rus29APX: calls $6
*** SHOW DOWN ***
Donkasaurus7: shows [8d 5s] (two pair, Queens and Eights)
Rus29APX: mucks hand
Donkasaurus7 collected $41.50 from pot
*** SUMMARY ***
Total pot $42 | Rake $0.50
Board [5h Qd Qs 8h Kh]
Seat 1: Rus29APX (big blind) mucked
Seat 2: Donkasaurus7 (button) (small blind) showed [8d 5s] and won ($41.50) with two pair, Queens and Eights


PokerStars Hand #145986808798:  Hold'em Limit ($3/$6 USD) - 2015/12/27 3:27:24 ET
Table 'Terpsichore' 2-max Seat #1 is the button
Seat 1: Rus29APX ($78.72 in chips)
Seat 2: Donkasaurus7 ($145.68 in chips)
Rus29APX: posts small blind $1
Donkasaurus7: posts big blind $3
*** HOLE CARDS ***
Rus29APX: raises $3 to $6
Donkasaurus7: calls $3
*** FLOP *** [Ac 7d 4d]
Donkasaurus7: checks
Rus29APX: bets $3
Donkasaurus7: calls $3
*** TURN *** [Ac 7d 4d] [Kh]
Donkasaurus7: checks
Rus29APX: checks
*** RIVER *** [Ac 7d 4d Kh] [3c]
Donkasaurus7: bets $6
Rus29APX: calls $6
*** SHOW DOWN ***
Donkasaurus7: shows [Tc Ah] (a pair of Aces)
Rus29APX: mucks hand
Donkasaurus7 collected $29.50 from pot
*** SUMMARY ***
Total pot $30 | Rake $0.50
Board [Ac 7d 4d Kh 3c]
Seat 1: Rus29APX (button) (small blind) mucked
Seat 2: Donkasaurus7 (big blind) showed [Tc Ah] and won ($29.50) with a pair of Aces


PokerStars Hand #145986800039:  Hold'em Limit ($3/$6 USD) - 2015/12/27 3:26:58 ET
Table 'Terpsichore' 2-max Seat #2 is the button
Seat 1: Rus29APX ($96.72 in chips)
Seat 2: Donkasaurus7 ($128.18 in chips)
Donkasaurus7: posts small blind $1
Rus29APX: posts big blind $3
*** HOLE CARDS ***
Donkasaurus7: raises $3 to $6
Rus29APX: raises $3 to $9
Donkasaurus7: calls $3
*** FLOP *** [Ah 5s 7d]
Rus29APX: bets $3
Donkasaurus7: calls $3
*** TURN *** [Ah 5s 7d] [4d]
Rus29APX: bets $6
Donkasaurus7: calls $6
*** RIVER *** [Ah 5s 7d 4d] [8h]
Rus29APX: checks
Donkasaurus7: bets $6
Rus29APX: folds
Uncalled bet ($6) returned to Donkasaurus7
Donkasaurus7 collected $35.50 from pot
Donkasaurus7: doesn't show hand
*** SUMMARY ***
Total pot $36 | Rake $0.50
Board [Ah 5s 7d 4d 8h]
Seat 1: Rus29APX (big blind) folded on the River
Seat 2: Donkasaurus7 (button) (small blind) collected ($35.50)


PokerStars Hand #145986838597:  Hold'em Limit ($3/$6 USD) - 2015/12/27 3:28:54 ET
Table 'Terpsichore' 2-max Seat #2 is the button
Seat 1: Rus29APX ($193.72 in chips)
Seat 2: Donkasaurus7 ($189.20 in chips)
Donkasaurus7: posts small blind $1
Rus29APX: posts big blind $3
*** HOLE CARDS ***
Donkasaurus7: raises $3 to $6
Rus29APX: calls $3
*** FLOP *** [Js As 8h]
Rus29APX: checks
Donkasaurus7: bets $3
Rus29APX: folds
Uncalled bet ($3) returned to Donkasaurus7
Donkasaurus7 collected $11.76 from pot
Donkasaurus7: doesn't show hand
*** SUMMARY ***
Total pot $12 | Rake $0.24
Board [Js As 8h]
Seat 1: Rus29APX (big blind) folded on the Flop
Seat 2: Donkasaurus7 (button) (small blind) collected ($11.76)


PokerStars Hand #145986830099:  Hold'em Limit ($3/$6 USD) - 2015/12/27 3:28:28 ET
Table 'Terpsichore' 2-max Seat #1 is the button
Seat 1: Rus29APX ($45.72 in chips)
Seat 2: Donkasaurus7 ($177.68 in chips)
Rus29APX: posts small blind $1
Donkasaurus7: posts big blind $3
*** HOLE CARDS ***
Rus29APX: raises $3 to $6
Donkasaurus7: raises $3 to $9
Rus29APX: calls $3
*** FLOP *** [Qs Ah Kh]
Donkasaurus7: bets $3
Rus29APX: calls $3
*** TURN *** [Qs Ah Kh] [4c]
Donkasaurus7: bets $6
Rus29APX: folds
Uncalled bet ($6) returned to Donkasaurus7
Donkasaurus7 collected $23.52 from pot
Donkasaurus7: doesn't show hand
*** SUMMARY ***
Total pot $24 | Rake $0.48
Board [Qs Ah Kh 4c]
Seat 1: Rus29APX (button) (small blind) folded on the Turn
Seat 2: Donkasaurus7 (big blind) collected ($23.52)


PokerStars Hand #145986820646:  Hold'em Limit ($3/$6 USD) - 2015/12/27 3:28:00 ET
Table 'Terpsichore' 2-max Seat #2 is the button
Seat 1: Rus29APX ($63.72 in chips)
Seat 2: Donkasaurus7 ($160.18 in chips)
Donkasaurus7: posts small blind $1
Rus29APX: posts big blind $3
*** HOLE CARDS ***
Donkasaurus7: raises $3 to $6
Rus29APX: calls $3
*** FLOP *** [4d 3s Jd]
Rus29APX: checks
Donkasaurus7: checks
*** TURN *** [4d 3s Jd] [Tc]
Rus29APX: bets $6
Donkasaurus7: calls $6
*** RIVER *** [4d 3s Jd Tc] [Jh]
Rus29APX: bets $6
Donkasaurus7: calls $6
*** SHOW DOWN ***
Rus29APX: shows [6s 5h] (a pair of Jacks)
Donkasaurus7: shows [7s Ad] (a pair of Jacks - Ace kicker)
Donkasaurus7 collected $35.50 from pot
*** SUMMARY ***
Total pot $36 | Rake $0.50
Board [4d 3s Jd Tc Jh]
Seat 1: Rus29APX (big blind) showed [6s 5h] and lost with a pair of Jacks
Seat 2: Donkasaurus7 (button) (small blind) showed [7s Ad] and won ($35.50) with a pair of Jacks


PokerStars Hand #145986842905:  Hold'em Limit ($3/$6 USD) - 2015/12/27 3:29:06 ET
Table 'Terpsichore' 2-max Seat #1 is the button
Seat 1: Rus29APX ($187.72 in chips)
Seat 2: Donkasaurus7 ($194.96 in chips)
Rus29APX: posts small blind $1
Donkasaurus7: posts big blind $3
*** HOLE CARDS ***
Rus29APX: raises $3 to $6
Donkasaurus7: calls $3
*** FLOP *** [2d Jh 6d]
Donkasaurus7: checks
Rus29APX: bets $3
Donkasaurus7: calls $3
*** TURN *** [2d Jh 6d] [6c]
Donkasaurus7: checks
Rus29APX: bets $6
Donkasaurus7: calls $6
*** RIVER *** [2d Jh 6d 6c] [Kd]
Donkasaurus7: checks
Rus29APX: bets $6
Donkasaurus7: calls $6
*** SHOW DOWN ***
Rus29APX: shows [2h Jd] (two pair, Jacks and Sixes)
Donkasaurus7: mucks hand
Rus29APX collected $41.50 from pot
*** SUMMARY ***
Total pot $42 | Rake $0.50
Board [2d Jh 6d 6c Kd]
Seat 1: Rus29APX (button) (small blind) showed [2h Jd] and won ($41.50) with two pair, Jacks and Sixes
Seat 2: Donkasaurus7 (big blind) mucked


PokerStars Hand #145986867806:  Hold'em Limit ($3/$6 USD) - 2015/12/27 3:30:19 ET
Table 'Terpsichore' 2-max Seat #1 is the button
Seat 1: Rus29APX ($228.72 in chips)
Seat 2: Donkasaurus7 ($152.96 in chips)
Rus29APX: posts small blind $1
Donkasaurus7: posts big blind $3
*** HOLE CARDS ***
Rus29APX: raises $3 to $6
Donkasaurus7: calls $3
*** FLOP *** [7h 2s 2d]
Donkasaurus7: checks
Rus29APX: bets $3
Donkasaurus7: calls $3
*** TURN *** [7h 2s 2d] [4c]
Donkasaurus7: checks
Rus29APX: checks
*** RIVER *** [7h 2s 2d 4c] [8d]
Donkasaurus7: bets $6
Rus29APX: calls $6
*** SHOW DOWN ***
Donkasaurus7: shows [Kh 8s] (two pair, Eights and Deuces)
Rus29APX: mucks hand
Donkasaurus7 collected $29.50 from pot
*** SUMMARY ***
Total pot $30 | Rake $0.50
Board [7h 2s 2d 4c 8d]
Seat 1: Rus29APX (button) (small blind) mucked
Seat 2: Donkasaurus7 (big blind) showed [Kh 8s] and won ($29.50) with two pair, Eights and Deuces


PokerStars Hand #145986856648:  Hold'em Limit ($3/$6 USD) - 2015/12/27 3:29:47 ET
Table 'Terpsichore' 2-max Seat #2 is the button
Seat 1: Rus29APX ($208.22 in chips)
Seat 2: Donkasaurus7 ($173.96 in chips)
Donkasaurus7: posts small blind $1
Rus29APX: posts big blind $3
*** HOLE CARDS ***
Donkasaurus7: raises $3 to $6
Rus29APX: calls $3
*** FLOP *** [6c 3s Ts]
Rus29APX: checks
Donkasaurus7: bets $3
Rus29APX: calls $3
*** TURN *** [6c 3s Ts] [7c]
Rus29APX: checks
Donkasaurus7: bets $6
Rus29APX: calls $6
*** RIVER *** [6c 3s Ts 7c] [Kd]
Rus29APX: checks
Donkasaurus7: bets $6
Rus29APX: calls $6
*** SHOW DOWN ***
Donkasaurus7: shows [8d Js] (high card King)
Rus29APX: shows [As 2c] (high card Ace)
Rus29APX collected $41.50 from pot
*** SUMMARY ***
Total pot $42 | Rake $0.50
Board [6c 3s Ts 7c Kd]
Seat 1: Rus29APX (big blind) showed [As 2c] and won ($41.50) with high card Ace
Seat 2: Donkasaurus7 (button) (small blind) showed [8d Js] and lost with high card King


PokerStars Hand #145986896848:  Hold'em Limit ($3/$6 USD) - 2015/12/27 3:31:44 ET
Table 'Terpsichore' 2-max Seat #2 is the button
Seat 1: Rus29APX ($237.22 in chips)
Seat 2: Donkasaurus7 ($143.46 in chips)
Donkasaurus7: posts small blind $1
Rus29APX: posts big blind $3
*** HOLE CARDS ***
Donkasaurus7: raises $3 to $6
Rus29APX: calls $3
*** FLOP *** [2s 8d 5d]
Rus29APX: checks
Donkasaurus7: bets $3
Rus29APX: calls $3
*** TURN *** [2s 8d 5d] [2h]
Rus29APX: checks
Donkasaurus7: checks
*** RIVER *** [2s 8d 5d 2h] [3d]
Rus29APX: checks
Donkasaurus7: checks
*** SHOW DOWN ***
Rus29APX: shows [9s Qc] (a pair of Deuces)
Donkasaurus7: shows [Qs 9d] (a pair of Deuces)
Rus29APX collected $8.82 from pot
Donkasaurus7 collected $8.82 from pot
*** SUMMARY ***
Total pot $18 | Rake $0.36
Board [2s 8d 5d 2h 3d]
Seat 1: Rus29APX (big blind) showed [9s Qc] and won ($8.82) with a pair of Deuces
Seat 2: Donkasaurus7 (button) (small blind) showed [Qs 9d] and won ($8.82) with a pair of Deuces


PokerStars Hand #145986893624:  Hold'em Limit ($3/$6 USD) - 2015/12/27 3:31:35 ET
Table 'Terpsichore' 2-max Seat #1 is the button
Seat 1: Rus29APX ($234.22 in chips)
Seat 2: Donkasaurus7 ($146.46 in chips)
Rus29APX: posts small blind $1
Donkasaurus7: posts big blind $3
*** HOLE CARDS ***
Rus29APX: raises $3 to $6
Donkasaurus7: folds
Uncalled bet ($3) returned to Rus29APX
Rus29APX collected $6 from pot
Rus29APX: doesn't show hand
*** SUMMARY ***
Total pot $6 | Rake $0
Seat 1: Rus29APX (button) (small blind) collected ($6)
Seat 2: Donkasaurus7 (big blind) folded before Flop


PokerStars Hand #145986880560:  Hold'em Limit ($3/$6 USD) - 2015/12/27 3:30:57 ET
Table 'Terpsichore' 2-max Seat #2 is the button
Seat 1: Rus29APX ($213.72 in chips)
Seat 2: Donkasaurus7 ($167.46 in chips)
Donkasaurus7: posts small blind $1
Rus29APX: posts big blind $3
*** HOLE CARDS ***
Donkasaurus7: raises $3 to $6
Rus29APX: raises $3 to $9
Donkasaurus7: calls $3
*** FLOP *** [7h 2d 8s]
Rus29APX: bets $3
Donkasaurus7: raises $3 to $6
Rus29APX: calls $3
*** TURN *** [7h 2d 8s] [8d]
Rus29APX: checks
Donkasaurus7: bets $6
Rus29APX: calls $6
*** RIVER *** [7h 2d 8s 8d] [4s]
Rus29APX: checks
Donkasaurus7: checks
*** SHOW DOWN ***
Rus29APX: shows [As Jc] (a pair of Eights)
Donkasaurus7: mucks hand
Rus29APX collected $41.50 from pot
*** SUMMARY ***
Total pot $42 | Rake $0.50
Board [7h 2d 8s 8d 4s]
Seat 1: Rus29APX (big blind) showed [As Jc] and won ($41.50) with a pair of Eights
Seat 2: Donkasaurus7 (button) (small blind) mucked


PokerStars Hand #145986905066:  Hold'em Limit ($3/$6 USD) - 2015/12/27 3:32:08 ET
Table 'Terpsichore' 2-max Seat #1 is the button
Seat 1: Rus29APX ($237.04 in chips)
Seat 2: Donkasaurus7 ($143.28 in chips)
Rus29APX: posts small blind $1
Donkasaurus7: posts big blind $3
*** HOLE CARDS ***
Rus29APX: raises $3 to $6
Donkasaurus7: calls $3
*** FLOP *** [Ad 2c Kd]
Donkasaurus7: checks
Rus29APX: bets $3
Donkasaurus7: folds
Uncalled bet ($3) returned to Rus29APX
Rus29APX collected $11.76 from pot
Rus29APX: doesn't show hand
*** SUMMARY ***
Total pot $12 | Rake $0.24
Board [Ad 2c Kd]
Seat 1: Rus29APX (button) (small blind) collected ($11.76)
Seat 2: Donkasaurus7 (big blind) folded on the Flop


PokerStars Hand #145986919132:  Hold'em Limit ($3/$6 USD) - 2015/12/27 3:32:49 ET
Table 'Terpsichore' 2-max Seat #2 is the button
Seat 1: Rus29APX ($248.44 in chips)
Seat 2: Donkasaurus7 ($131.28 in chips)
Donkasaurus7: posts small blind $1
Rus29APX: posts big blind $3
*** HOLE CARDS ***
Donkasaurus7: raises $3 to $6
Rus29APX: calls $3
*** FLOP *** [9d Ts Ks]
Rus29APX: checks
Donkasaurus7: bets $3
Rus29APX: raises $3 to $6
Donkasaurus7: raises $3 to $9
Rus29APX: calls $3
*** TURN *** [9d Ts Ks] [2c]
Rus29APX: checks
Donkasaurus7: bets $6
Rus29APX: calls $6
*** RIVER *** [9d Ts Ks 2c] [Jc]
Rus29APX: bets $6
Donkasaurus7: calls $6
*** SHOW DOWN ***
Rus29APX: shows [2d Jh] (two pair, Jacks and Deuces)
Donkasaurus7: shows [9s 9h] (three of a kind, Nines)
Donkasaurus7 collected $53.50 from pot
*** SUMMARY ***
Total pot $54 | Rake $0.50
Board [9d Ts Ks 2c Jc]
Seat 1: Rus29APX (big blind) showed [2d Jh] and lost with two pair, Jacks and Deuces
Seat 2: Donkasaurus7 (button) (small blind) showed [9s 9h] and won ($53.50) with three of a kind, Nines


PokerStars Hand #145986912167:  Hold'em Limit ($3/$6 USD) - 2015/12/27 3:32:29 ET
Table 'Terpsichore' 2-max Seat #1 is the button
Seat 1: Rus29APX ($239.80 in chips)
Seat 2: Donkasaurus7 ($140.28 in chips)
Rus29APX: posts small blind $1
Donkasaurus7: posts big blind $3
*** HOLE CARDS ***
Rus29APX: raises $3 to $6
Donkasaurus7: calls $3
*** FLOP *** [4c Th Jc]
Donkasaurus7: checks
Rus29APX: bets $3
Donkasaurus7: calls $3
*** TURN *** [4c Th Jc] [As]
Donkasaurus7: checks
Rus29APX: checks
*** RIVER *** [4c Th Jc As] [6h]
Donkasaurus7: checks
Rus29APX: checks
*** SHOW DOWN ***
Donkasaurus7: shows [Qd 8h] (high card Ace)
Rus29APX: shows [Kd 9c] (high card Ace - King kicker)
Rus29APX collected $17.64 from pot
*** SUMMARY ***
Total pot $18 | Rake $0.36
Board [4c Th Jc As 6h]
Seat 1: Rus29APX (button) (small blind) showed [Kd 9c] and won ($17.64) with high card Ace
Seat 2: Donkasaurus7 (big blind) showed [Qd 8h] and lost with high card Ace


PokerStars Hand #145986927269:  Hold'em Limit ($3/$6 USD) - 2015/12/27 3:33:12 ET
Table 'Terpsichore' 2-max Seat #1 is the button
Seat 1: Rus29APX ($221.44 in chips)
Seat 2: Donkasaurus7 ($157.78 in chips)
Rus29APX: posts small blind $1
Donkasaurus7: posts big blind $3
*** HOLE CARDS ***
Rus29APX: raises $3 to $6
Donkasaurus7: raises $3 to $9
Rus29APX: calls $3
*** FLOP *** [Ts Qc 9s]
Donkasaurus7: bets $3
Rus29APX: calls $3
*** TURN *** [Ts Qc 9s] [8h]
Donkasaurus7: bets $6
Rus29APX: folds
Uncalled bet ($6) returned to Donkasaurus7
Donkasaurus7 collected $23.52 from pot
Donkasaurus7: doesn't show hand
*** SUMMARY ***
Total pot $24 | Rake $0.48
Board [Ts Qc 9s 8h]
Seat 1: Rus29APX (button) (small blind) folded on the Turn
Seat 2: Donkasaurus7 (big blind) collected ($23.52)


PokerStars Hand #145986937107:  Hold'em Limit ($3/$6 USD) - 2015/12/27 3:33:41 ET
Table 'Terpsichore' 2-max Seat #1 is the button
Seat 1: Rus29APX ($206.44 in chips)
Seat 2: Donkasaurus7 ($172.30 in chips)
Rus29APX: posts small blind $1
Donkasaurus7: posts big blind $3
*** HOLE CARDS ***
Rus29APX: raises $3 to $6
Donkasaurus7: calls $3
*** FLOP *** [Jd 5s 7s]
Donkasaurus7: checks
Rus29APX: bets $3
Donkasaurus7: calls $3
*** TURN *** [Jd 5s 7s] [Ad]
Donkasaurus7: checks
Rus29APX: checks
*** RIVER *** [Jd 5s 7s Ad] [2d]
Donkasaurus7: checks
Rus29APX: checks
*** SHOW DOWN ***
Donkasaurus7: shows [Th Kc] (high card Ace)
Rus29APX: mucks hand
Donkasaurus7 collected $17.64 from pot
*** SUMMARY ***
Total pot $18 | Rake $0.36
Board [Jd 5s 7s Ad 2d]
Seat 1: Rus29APX (button) (small blind) mucked
Seat 2: Donkasaurus7 (big blind) showed [Th Kc] and won ($17.64) with high card Ace


PokerStars Hand #145986935138:  Hold'em Limit ($3/$6 USD) - 2015/12/27 3:33:35 ET
Table 'Terpsichore' 2-max Seat #2 is the button
Seat 1: Rus29APX ($209.44 in chips)
Seat 2: Donkasaurus7 ($169.30 in chips)
Donkasaurus7: posts small blind $1
Rus29APX: posts big blind $3
*** HOLE CARDS ***
Donkasaurus7: raises $3 to $6
Rus29APX: folds
Uncalled bet ($3) returned to Donkasaurus7
Donkasaurus7 collected $6 from pot
Donkasaurus7: doesn't show hand
*** SUMMARY ***
Total pot $6 | Rake $0
Seat 1: Rus29APX (big blind) folded before Flop
Seat 2: Donkasaurus7 (button) (small blind) collected ($6)


PokerStars Hand #145986950648:  Hold'em Limit ($3/$6 USD) - 2015/12/27 3:34:20 ET
Table 'Terpsichore' 2-max Seat #1 is the button
Seat 1: Rus29APX ($220.94 in chips)
Seat 2: Donkasaurus7 ($156.94 in chips)
Rus29APX: posts small blind $1
Donkasaurus7: posts big blind $3
*** HOLE CARDS ***
Rus29APX: raises $3 to $6
Donkasaurus7: folds
Uncalled bet ($3) returned to Rus29APX
Rus29APX collected $6 from pot
Rus29APX: doesn't show hand
*** SUMMARY ***
Total pot $6 | Rake $0
Seat 1: Rus29APX (button) (small blind) collected ($6)
Seat 2: Donkasaurus7 (big blind) folded before Flop


PokerStars Hand #145986943845:  Hold'em Limit ($3/$6 USD) - 2015/12/27 3:34:00 ET
Table 'Terpsichore' 2-max Seat #2 is the button
Seat 1: Rus29APX ($197.44 in chips)
Seat 2: Donkasaurus7 ($180.94 in chips)
Donkasaurus7: posts small blind $1
Rus29APX: posts big blind $3
*** HOLE CARDS ***
Donkasaurus7: raises $3 to $6
Rus29APX: raises $3 to $9
Donkasaurus7: calls $3
*** FLOP *** [Kc 5s 8d]
Rus29APX: bets $3
Donkasaurus7: calls $3
*** TURN *** [Kc 5s 8d] [2h]
Rus29APX: bets $6
Donkasaurus7: calls $6
*** RIVER *** [Kc 5s 8d 2h] [4d]
Rus29APX: bets $6
Donkasaurus7: calls $6
*** SHOW DOWN ***
Rus29APX: shows [Jc Kh] (a pair of Kings)
Donkasaurus7: mucks hand
Rus29APX collected $47.50 from pot
*** SUMMARY ***
Total pot $48 | Rake $0.50
Board [Kc 5s 8d 2h 4d]
Seat 1: Rus29APX (big blind) showed [Jc Kh] and won ($47.50) with a pair of Kings
Seat 2: Donkasaurus7 (button) (small blind) mucked


PokerStars Hand #145986952407:  Hold'em Limit ($3/$6 USD) - 2015/12/27 3:34:25 ET
Table 'Terpsichore' 2-max Seat #2 is the button
Seat 1: Rus29APX ($223.94 in chips)
Seat 2: Donkasaurus7 ($153.94 in chips)
Donkasaurus7: posts small blind $1
Rus29APX: posts big blind $3
*** HOLE CARDS ***
Donkasaurus7: raises $3 to $6
Rus29APX: raises $3 to $9
Donkasaurus7: calls $3
*** FLOP *** [Qh Jh 6d]
Rus29APX: bets $3
Donkasaurus7: folds
Uncalled bet ($3) returned to Rus29APX
Rus29APX collected $17.64 from pot
Rus29APX: doesn't show hand
*** SUMMARY ***
Total pot $18 | Rake $0.36
Board [Qh Jh 6d]
Seat 1: Rus29APX (big blind) collected ($17.64)
Seat 2: Donkasaurus7 (button) (small blind) folded on the Flop


PokerStars Hand #145986959600:  Hold'em Limit ($3/$6 USD) - 2015/12/27 3:34:46 ET
Table 'Terpsichore' 2-max Seat #1 is the button
Seat 1: Rus29APX ($236.58 in chips)
Seat 2: Donkasaurus7 ($140.94 in chips)
Rus29APX: posts small blind $1
Donkasaurus7: posts big blind $3
*** HOLE CARDS ***
Rus29APX: raises $3 to $6
Donkasaurus7: calls $3
*** FLOP *** [8h Jd 6c]
Donkasaurus7: checks
Rus29APX: bets $3
Donkasaurus7: folds
Uncalled bet ($3) returned to Rus29APX
Rus29APX collected $11.76 from pot
Rus29APX: doesn't show hand
*** SUMMARY ***
Total pot $12 | Rake $0.24
Board [8h Jd 6c]
Seat 1: Rus29APX (button) (small blind) collected ($11.76)
Seat 2: Donkasaurus7 (big blind) folded on the Flop


PokerStars Hand #145986958008:  Hold'em Limit ($3/$6 USD) - 2015/12/27 3:34:41 ET
Table 'Terpsichore' 2-max Seat #2 is the button
Seat 1: Rus29APX ($235.58 in chips)
Seat 2: Donkasaurus7 ($141.94 in chips)
Donkasaurus7: posts small blind $1
Rus29APX: posts big blind $3
*** HOLE CARDS ***
Donkasaurus7: folds
Uncalled bet ($2) returned to Rus29APX
Rus29APX collected $2 from pot
Rus29APX: doesn't show hand
*** SUMMARY ***
Total pot $2 | Rake $0
Seat 1: Rus29APX (big blind) collected ($2)
Seat 2: Donkasaurus7 (button) (small blind) folded before Flop


PokerStars Hand #145986956320:  Hold'em Limit ($3/$6 USD) - 2015/12/27 3:34:36 ET
Table 'Terpsichore' 2-max Seat #1 is the button
Seat 1: Rus29APX ($232.58 in chips)
Seat 2: Donkasaurus7 ($144.94 in chips)
Rus29APX: posts small blind $1
Donkasaurus7: posts big blind $3
*** HOLE CARDS ***
Rus29APX: raises $3 to $6
Donkasaurus7: folds
Uncalled bet ($3) returned to Rus29APX
Rus29APX collected $6 from pot
Rus29APX: doesn't show hand
*** SUMMARY ***
Total pot $6 | Rake $0
Seat 1: Rus29APX (button) (small blind) collected ($6)
Seat 2: Donkasaurus7 (big blind) folded before Flop


PokerStars Hand #145986981581:  Hold'em Limit ($3/$6 USD) - 2015/12/27 3:35:50 ET
Table 'Terpsichore' 2-max Seat #1 is the button
Seat 1: Rus29APX ($268.60 in chips)
Seat 2: Donkasaurus7 ($107.70 in chips)
Rus29APX: posts small blind $1
Donkasaurus7: posts big blind $3
*** HOLE CARDS ***
Rus29APX: raises $3 to $6
Donkasaurus7: calls $3
*** FLOP *** [6c Ah 2h]
Donkasaurus7: checks
Rus29APX: bets $3
Donkasaurus7: calls $3
*** TURN *** [6c Ah 2h] [Ac]
Donkasaurus7: checks
Rus29APX: checks
*** RIVER *** [6c Ah 2h Ac] [5h]
Donkasaurus7: bets $6
Rus29APX: calls $6
*** SHOW DOWN ***
Donkasaurus7: shows [8c As] (three of a kind, Aces)
Rus29APX: mucks hand
Donkasaurus7 collected $29.50 from pot
*** SUMMARY ***
Total pot $30 | Rake $0.50
Board [6c Ah 2h Ac 5h]
Seat 1: Rus29APX (button) (small blind) mucked
Seat 2: Donkasaurus7 (big blind) showed [8c As] and won ($29.50) with three of a kind, Aces


PokerStars Hand #145986975975:  Hold'em Limit ($3/$6 USD) - 2015/12/27 3:35:34 ET
Table 'Terpsichore' 2-max Seat #2 is the button
Seat 1: Rus29APX ($274.60 in chips)
Seat 2: Donkasaurus7 ($101.94 in chips)
Donkasaurus7: posts small blind $1
Rus29APX: posts big blind $3
*** HOLE CARDS ***
Donkasaurus7: raises $3 to $6
Rus29APX: calls $3
*** FLOP *** [Tc 2c Qh]
Rus29APX: checks
Donkasaurus7: bets $3
Rus29APX: folds
Uncalled bet ($3) returned to Donkasaurus7
Donkasaurus7 collected $11.76 from pot
Donkasaurus7: doesn't show hand
*** SUMMARY ***
Total pot $12 | Rake $0.24
Board [Tc 2c Qh]
Seat 1: Rus29APX (big blind) folded on the Flop
Seat 2: Donkasaurus7 (button) (small blind) collected ($11.76)


PokerStars Hand #145986963566:  Hold'em Limit ($3/$6 USD) - 2015/12/27 3:34:57 ET
Table 'Terpsichore' 2-max Seat #2 is the button
Seat 1: Rus29APX ($242.34 in chips)
Seat 2: Donkasaurus7 ($134.94 in chips)
Donkasaurus7: posts small blind $1
Rus29APX: posts big blind $3
*** HOLE CARDS ***
Donkasaurus7: raises $3 to $6
Rus29APX: calls $3
*** FLOP *** [Js 5s 3c]
Rus29APX: checks
Donkasaurus7: bets $3
Rus29APX: calls $3
*** TURN *** [Js 5s 3c] [8c]
Rus29APX: checks
Donkasaurus7: bets $6
Rus29APX: raises $6 to $12
Donkasaurus7: calls $6
*** RIVER *** [Js 5s 3c 8c] [Kc]
Rus29APX: bets $6
Donkasaurus7: calls $6
*** SHOW DOWN ***
Rus29APX: shows [8s 3s] (two pair, Eights and Threes)
Donkasaurus7: mucks hand
Rus29APX collected $53.50 from pot
*** SUMMARY ***
Total pot $54 | Rake $0.50
Board [Js 5s 3c 8c Kc]
Seat 1: Rus29APX (big blind) showed [8s 3s] and won ($53.50) with two pair, Eights and Threes
Seat 2: Donkasaurus7 (button) (small blind) mucked


PokerStars Hand #145986972241:  Hold'em Limit ($3/$6 USD) - 2015/12/27 3:35:23 ET
Table 'Terpsichore' 2-max Seat #1 is the button
Seat 1: Rus29APX ($268.84 in chips)
Seat 2: Donkasaurus7 ($107.94 in chips)
Rus29APX: posts small blind $1
Donkasaurus7: posts big blind $3
*** HOLE CARDS ***
Rus29APX: raises $3 to $6
Donkasaurus7: calls $3
*** FLOP *** [4h 6d 7d]
Donkasaurus7: checks
Rus29APX: bets $3
Donkasaurus7: folds
Uncalled bet ($3) returned to Rus29APX
Rus29APX collected $11.76 from pot
Rus29APX: doesn't show hand
*** SUMMARY ***
Total pot $12 | Rake $0.24
Board [4h 6d 7d]
Seat 1: Rus29APX (button) (small blind) collected ($11.76)
Seat 2: Donkasaurus7 (big blind) folded on the Flop


PokerStars Hand #145986987330:  Hold'em Limit ($3/$6 USD) - 2015/12/27 3:36:07 ET
Table 'Terpsichore' 2-max Seat #2 is the button
Seat 1: Rus29APX ($253.60 in chips)
Seat 2: Donkasaurus7 ($122.20 in chips)
Donkasaurus7: posts small blind $1
Rus29APX: posts big blind $3
*** HOLE CARDS ***
Donkasaurus7: folds
Uncalled bet ($2) returned to Rus29APX
Rus29APX collected $2 from pot
Rus29APX: doesn't show hand
*** SUMMARY ***
Total pot $2 | Rake $0
Seat 1: Rus29APX (big blind) collected ($2)
Seat 2: Donkasaurus7 (button) (small blind) folded before Flop


PokerStars Hand #145987000687:  Hold'em Limit ($3/$6 USD) - 2015/12/27 3:36:45 ET
Table 'Terpsichore' 2-max Seat #1 is the button
Seat 1: Rus29APX ($246.60 in chips)
Seat 2: Donkasaurus7 ($128.84 in chips)
Rus29APX: posts small blind $1
Donkasaurus7: posts big blind $3
*** HOLE CARDS ***
Rus29APX: raises $3 to $6
Donkasaurus7: raises $3 to $9
Rus29APX: calls $3
*** FLOP *** [5c 8d 8c]
Donkasaurus7: checks
Rus29APX: checks
*** TURN *** [5c 8d 8c] [3c]
Donkasaurus7: bets $6
Rus29APX: folds
Uncalled bet ($6) returned to Donkasaurus7
Donkasaurus7 collected $17.64 from pot
Donkasaurus7: doesn't show hand
*** SUMMARY ***
Total pot $18 | Rake $0.36
Board [5c 8d 8c 3c]
Seat 1: Rus29APX (button) (small blind) folded on the Turn
Seat 2: Donkasaurus7 (big blind) collected ($17.64)


PokerStars Hand #145986988950:  Hold'em Limit ($3/$6 USD) - 2015/12/27 3:36:11 ET
Table 'Terpsichore' 2-max Seat #1 is the button
Seat 1: Rus29APX ($254.60 in chips)
Seat 2: Donkasaurus7 ($121.20 in chips)
Rus29APX: posts small blind $1
Donkasaurus7: posts big blind $3
*** HOLE CARDS ***
Rus29APX: raises $3 to $6
Donkasaurus7: calls $3
*** FLOP *** [4d 6s Kh]
Donkasaurus7: checks
Rus29APX: bets $3
Donkasaurus7: calls $3
*** TURN *** [4d 6s Kh] [Ac]
Donkasaurus7: checks
Rus29APX: checks
*** RIVER *** [4d 6s Kh Ac] [9s]
Donkasaurus7: bets $6
Rus29APX: folds
Uncalled bet ($6) returned to Donkasaurus7
Donkasaurus7 collected $17.64 from pot
Donkasaurus7: doesn't show hand
*** SUMMARY ***
Total pot $18 | Rake $0.36
Board [4d 6s Kh Ac 9s]
Seat 1: Rus29APX (button) (small blind) folded on the River
Seat 2: Donkasaurus7 (big blind) collected ($17.64)


PokerStars Hand #145987012606:  Hold'em Limit ($3/$6 USD) - 2015/12/27 3:37:20 ET
Table 'Terpsichore' 2-max Seat #1 is the button
Seat 1: Rus29APX ($246.24 in chips)
Seat 2: Donkasaurus7 ($128.48 in chips)
Rus29APX: posts small blind $1
Donkasaurus7: posts big blind $3
*** HOLE CARDS ***
Rus29APX: raises $3 to $6
Donkasaurus7: raises $3 to $9
Rus29APX: calls $3
*** FLOP *** [5h 7c Ks]
Donkasaurus7: bets $3
Rus29APX: calls $3
*** TURN *** [5h 7c Ks] [Kc]
Donkasaurus7: bets $6
Rus29APX: calls $6
*** RIVER *** [5h 7c Ks Kc] [2d]
Donkasaurus7: checks
Rus29APX: bets $6
Donkasaurus7: calls $6
*** SHOW DOWN ***
Rus29APX: shows [6h 6s] (two pair, Kings and Sixes)
Donkasaurus7: mucks hand
Rus29APX collected $47.50 from pot
*** SUMMARY ***
Total pot $48 | Rake $0.50
Board [5h 7c Ks Kc 2d]
Seat 1: Rus29APX (button) (small blind) showed [6h 6s] and won ($47.50) with two pair, Kings and Sixes
Seat 2: Donkasaurus7 (big blind) mucked


PokerStars Hand #145987006892:  Hold'em Limit ($3/$6 USD) - 2015/12/27 3:37:03 ET
Table 'Terpsichore' 2-max Seat #2 is the button
Seat 1: Rus29APX ($237.60 in chips)
Seat 2: Donkasaurus7 ($137.48 in chips)
Donkasaurus7: posts small blind $1
Rus29APX: posts big blind $3
*** HOLE CARDS ***
Donkasaurus7: raises $3 to $6
Rus29APX: calls $3
*** FLOP *** [Qs Ac 9h]
Rus29APX: checks
Donkasaurus7: bets $3
Rus29APX: raises $3 to $6
Donkasaurus7: folds
Uncalled bet ($3) returned to Rus29APX
Rus29APX collected $17.64 from pot
Rus29APX: doesn't show hand
*** SUMMARY ***
Total pot $18 | Rake $0.36
Board [Qs Ac 9h]
Seat 1: Rus29APX (big blind) collected ($17.64)
Seat 2: Donkasaurus7 (button) (small blind) folded on the Flop


PokerStars Hand #145987027026:  Hold'em Limit ($3/$6 USD) - 2015/12/27 3:38:01 ET
Table 'Terpsichore' 2-max Seat #2 is the button
Seat 1: Rus29APX ($269.74 in chips)
Seat 2: Donkasaurus7 ($104.48 in chips)
Donkasaurus7: posts small blind $1
Rus29APX: posts big blind $3
*** HOLE CARDS ***
Donkasaurus7: raises $3 to $6
Rus29APX: raises $3 to $9
Donkasaurus7: calls $3
*** FLOP *** [9d 5c Qs]
Rus29APX: bets $3
Donkasaurus7: calls $3
*** TURN *** [9d 5c Qs] [3c]
Rus29APX: bets $6
Donkasaurus7: calls $6
*** RIVER *** [9d 5c Qs 3c] [8h]
Rus29APX: bets $6
Donkasaurus7: calls $6
*** SHOW DOWN ***
Rus29APX: shows [6h 6s] (a pair of Sixes)
Donkasaurus7: shows [7s 9s] (a pair of Nines)
Donkasaurus7 collected $47.50 from pot
*** SUMMARY ***
Total pot $48 | Rake $0.50
Board [9d 5c Qs 3c 8h]
Seat 1: Rus29APX (big blind) showed [6h 6s] and lost with a pair of Sixes
Seat 2: Donkasaurus7 (button) (small blind) showed [7s 9s] and won ($47.50) with a pair of Nines


PokerStars Hand #145987034319:  Hold'em Limit ($3/$6 USD) - 2015/12/27 3:38:23 ET
Table 'Terpsichore' 2-max Seat #1 is the button
Seat 1: Rus29APX ($245.74 in chips)
Seat 2: Donkasaurus7 ($127.98 in chips)
Rus29APX: posts small blind $1
Donkasaurus7: posts big blind $3
*** HOLE CARDS ***
Rus29APX: raises $3 to $6
Donkasaurus7: calls $3
*** FLOP *** [Ad 7h 8d]
Donkasaurus7: checks
Rus29APX: bets $3
Donkasaurus7: raises $3 to $6
Rus29APX: calls $3
*** TURN *** [Ad 7h 8d] [Tc]
Donkasaurus7: bets $6
Rus29APX: folds
Uncalled bet ($6) returned to Donkasaurus7
Donkasaurus7 collected $23.52 from pot
Donkasaurus7: doesn't show hand
*** SUMMARY ***
Total pot $24 | Rake $0.48
Board [Ad 7h 8d Tc]
Seat 1: Rus29APX (button) (small blind) folded on the Turn
Seat 2: Donkasaurus7 (big blind) collected ($23.52)


PokerStars Hand #145987040063:  Hold'em Limit ($3/$6 USD) - 2015/12/27 3:38:39 ET
Table 'Terpsichore' 2-max Seat #2 is the button
Seat 1: Rus29APX ($233.74 in chips)
Seat 2: Donkasaurus7 ($139.50 in chips)
Donkasaurus7: posts small blind $1
Rus29APX: posts big blind $3
*** HOLE CARDS ***
Donkasaurus7: raises $3 to $6
Rus29APX: raises $3 to $9
Donkasaurus7: calls $3
*** FLOP *** [Th Tc Jd]
Rus29APX: bets $3
Donkasaurus7: raises $3 to $6
Rus29APX: calls $3
*** TURN *** [Th Tc Jd] [4d]
Rus29APX: checks
Donkasaurus7: checks
*** RIVER *** [Th Tc Jd 4d] [2c]
Rus29APX: bets $6
Donkasaurus7: folds
Uncalled bet ($6) returned to Rus29APX
Rus29APX collected $29.50 from pot
Rus29APX: doesn't show hand
*** SUMMARY ***
Total pot $30 | Rake $0.50
Board [Th Tc Jd 4d 2c]
Seat 1: Rus29APX (big blind) collected ($29.50)
Seat 2: Donkasaurus7 (button) (small blind) folded on the River


PokerStars Hand #145987049621:  Hold'em Limit ($3/$6 USD) - 2015/12/27 3:39:07 ET
Table 'Terpsichore' 2-max Seat #1 is the button
Seat 1: Rus29APX ($248.24 in chips)
Seat 2: Donkasaurus7 ($124.50 in chips)
Rus29APX: posts small blind $1
Donkasaurus7: posts big blind $3
*** HOLE CARDS ***
Rus29APX: folds
Uncalled bet ($2) returned to Donkasaurus7
Donkasaurus7 collected $2 from pot
Donkasaurus7: doesn't show hand
*** SUMMARY ***
Total pot $2 | Rake $0
Seat 1: Rus29APX (button) (small blind) folded before Flop
Seat 2: Donkasaurus7 (big blind) collected ($2)


PokerStars Hand #145987063612:  Hold'em Limit ($3/$6 USD) - 2015/12/27 3:39:48 ET
Table 'Terpsichore' 2-max Seat #2 is the button
Seat 1: Rus29APX ($238 in chips)
Seat 2: Donkasaurus7 ($134 in chips)
Donkasaurus7: posts small blind $1
Rus29APX: posts big blind $3
*** HOLE CARDS ***
Donkasaurus7: raises $3 to $6
Rus29APX: raises $3 to $9
Donkasaurus7: calls $3
*** FLOP *** [9h 2c 7s]
Rus29APX: bets $3
Donkasaurus7: calls $3
*** TURN *** [9h 2c 7s] [Td]
Rus29APX: bets $6
Donkasaurus7: calls $6
*** RIVER *** [9h 2c 7s Td] [Ks]
Rus29APX: checks
Donkasaurus7: checks
*** SHOW DOWN ***
Rus29APX: shows [Qs Ad] (high card Ace)
Donkasaurus7: shows [2h 4h] (a pair of Deuces)
Donkasaurus7 collected $35.50 from pot
*** SUMMARY ***
Total pot $36 | Rake $0.50
Board [9h 2c 7s Td Ks]
Seat 1: Rus29APX (big blind) showed [Qs Ad] and lost with high card Ace
Seat 2: Donkasaurus7 (button) (small blind) showed [2h 4h] and won ($35.50) with a pair of Deuces


PokerStars Hand #145987051313:  Hold'em Limit ($3/$6 USD) - 2015/12/27 3:39:12 ET
Table 'Terpsichore' 2-max Seat #2 is the button
Seat 1: Rus29APX ($247.24 in chips)
Seat 2: Donkasaurus7 ($125.50 in chips)
Donkasaurus7: posts small blind $1
Rus29APX: posts big blind $3
*** HOLE CARDS ***
Donkasaurus7: raises $3 to $6
Rus29APX: calls $3
*** FLOP *** [Td 5d 3h]
Rus29APX: checks
Donkasaurus7: checks
*** TURN *** [Td 5d 3h] [Qd]
Rus29APX: bets $6
Donkasaurus7: folds
Uncalled bet ($6) returned to Rus29APX
Rus29APX collected $11.76 from pot
Rus29APX: doesn't show hand
*** SUMMARY ***
Total pot $12 | Rake $0.24
Board [Td 5d 3h Qd]
Seat 1: Rus29APX (big blind) collected ($11.76)
Seat 2: Donkasaurus7 (button) (small blind) folded on the Turn


PokerStars Hand #145987057422:  Hold'em Limit ($3/$6 USD) - 2015/12/27 3:39:30 ET
Table 'Terpsichore' 2-max Seat #1 is the button
Seat 1: Rus29APX ($253 in chips)
Seat 2: Donkasaurus7 ($119.50 in chips)
Rus29APX: posts small blind $1
Donkasaurus7: posts big blind $3
*** HOLE CARDS ***
Rus29APX: raises $3 to $6
Donkasaurus7: calls $3
*** FLOP *** [2c 3c Ad]
Donkasaurus7: checks
Rus29APX: bets $3
Donkasaurus7: calls $3
*** TURN *** [2c 3c Ad] [3s]
Donkasaurus7: checks
Rus29APX: checks
*** RIVER *** [2c 3c Ad 3s] [Td]
Donkasaurus7: bets $6
Rus29APX: calls $6
*** SHOW DOWN ***
Donkasaurus7: shows [6d 3d] (three of a kind, Threes)
Rus29APX: mucks hand
Donkasaurus7 collected $29.50 from pot
*** SUMMARY ***
Total pot $30 | Rake $0.50
Board [2c 3c Ad 3s Td]
Seat 1: Rus29APX (button) (small blind) mucked
Seat 2: Donkasaurus7 (big blind) showed [6d 3d] and won ($29.50) with three of a kind, Threes


PokerStars Hand #145987079304:  Hold'em Limit ($3/$6 USD) - 2015/12/27 3:40:33 ET
Table 'Terpsichore' 2-max Seat #2 is the button
Seat 1: Rus29APX ($205 in chips)
Seat 2: Donkasaurus7 ($166 in chips)
Donkasaurus7: posts small blind $1
Rus29APX: posts big blind $3
*** HOLE CARDS ***
Donkasaurus7: raises $3 to $6
Rus29APX: raises $3 to $9
Donkasaurus7: calls $3
*** FLOP *** [Kd Ts 2h]
Rus29APX: bets $3
Donkasaurus7: folds
Uncalled bet ($3) returned to Rus29APX
Rus29APX collected $17.64 from pot
Rus29APX: doesn't show hand
*** SUMMARY ***
Total pot $18 | Rake $0.36
Board [Kd Ts 2h]
Seat 1: Rus29APX (big blind) collected ($17.64)
Seat 2: Donkasaurus7 (button) (small blind) folded on the Flop


PokerStars Hand #145987086660:  Hold'em Limit ($3/$6 USD) - 2015/12/27 3:40:54 ET
Table 'Terpsichore' 2-max Seat #1 is the button
Seat 1: Rus29APX ($213.64 in chips)
Seat 2: Donkasaurus7 ($157 in chips)
Rus29APX: posts small blind $1
Donkasaurus7: posts big blind $3
*** HOLE CARDS ***
Rus29APX: raises $3 to $6
Donkasaurus7: raises $3 to $9
Rus29APX: calls $3
*** FLOP *** [Ad 3s Tc]
Donkasaurus7: bets $3
Rus29APX: folds
Uncalled bet ($3) returned to Donkasaurus7
Donkasaurus7 collected $17.64 from pot
Donkasaurus7: doesn't show hand
*** SUMMARY ***
Total pot $18 | Rake $0.36
Board [Ad 3s Tc]
Seat 1: Rus29APX (button) (small blind) folded on the Flop
Seat 2: Donkasaurus7 (big blind) collected ($17.64)


PokerStars Hand #145987072842:  Hold'em Limit ($3/$6 USD) - 2015/12/27 3:40:14 ET
Table 'Terpsichore' 2-max Seat #1 is the button
Seat 1: Rus29APX ($220 in chips)
Seat 2: Donkasaurus7 ($151.50 in chips)
Rus29APX: posts small blind $1
Donkasaurus7: posts big blind $3
*** HOLE CARDS ***
Rus29APX: raises $3 to $6
Donkasaurus7: calls $3
*** FLOP *** [8s 7s 5d]
Donkasaurus7: checks
Rus29APX: bets $3
Donkasaurus7: calls $3
*** TURN *** [8s 7s 5d] [Js]
Donkasaurus7: checks
Rus29APX: checks
*** RIVER *** [8s 7s 5d Js] [6c]
Donkasaurus7: bets $6
Rus29APX: calls $6
*** SHOW DOWN ***
Donkasaurus7: shows [4h Qh] (a straight, Four to Eight)
Rus29APX: mucks hand
Donkasaurus7 collected $29.50 from pot
*** SUMMARY ***
Total pot $30 | Rake $0.50
Board [8s 7s 5d Js 6c]
Seat 1: Rus29APX (button) (small blind) mucked
Seat 2: Donkasaurus7 (big blind) showed [4h Qh] and won ($29.50) with a straight, Four to Eight


PokerStars Hand #145987091047:  Hold'em Limit ($3/$6 USD) - 2015/12/27 3:41:07 ET
Table 'Terpsichore' 2-max Seat #2 is the button
Seat 1: Rus29APX ($204.64 in chips)
Seat 2: Donkasaurus7 ($165.64 in chips)
Donkasaurus7: posts small blind $1
Rus29APX: posts big blind $3
*** HOLE CARDS ***
Donkasaurus7: raises $3 to $6
Rus29APX: calls $3
*** FLOP *** [3h 2s Ad]
Rus29APX: checks
Donkasaurus7: bets $3
Rus29APX: folds
Uncalled bet ($3) returned to Donkasaurus7
Donkasaurus7 collected $11.76 from pot
Donkasaurus7: doesn't show hand
*** SUMMARY ***
Total pot $12 | Rake $0.24
Board [3h 2s Ad]
Seat 1: Rus29APX (big blind) folded on the Flop
Seat 2: Donkasaurus7 (button) (small blind) collected ($11.76)


PokerStars Hand #145987095425:  Hold'em Limit ($3/$6 USD) - 2015/12/27 3:41:19 ET
Table 'Terpsichore' 2-max Seat #1 is the button
Seat 1: Rus29APX ($198.64 in chips)
Seat 2: Donkasaurus7 ($171.40 in chips)
Rus29APX: posts small blind $1
Donkasaurus7: posts big blind $3
*** HOLE CARDS ***
Rus29APX: raises $3 to $6
Donkasaurus7: calls $3
*** FLOP *** [Th 8h 7h]
Donkasaurus7: checks
Rus29APX: bets $3
Donkasaurus7: calls $3
*** TURN *** [Th 8h 7h] [4d]
Donkasaurus7: checks
Rus29APX: bets $6
Donkasaurus7: calls $6
*** RIVER *** [Th 8h 7h 4d] [Ad]
Donkasaurus7: checks
Rus29APX: bets $6
Donkasaurus7: calls $6
*** SHOW DOWN ***
Rus29APX: shows [5s 6h] (a straight, Four to Eight)
Donkasaurus7: mucks hand
Rus29APX collected $41.50 from pot
*** SUMMARY ***
Total pot $42 | Rake $0.50
Board [Th 8h 7h 4d Ad]
Seat 1: Rus29APX (button) (small blind) showed [5s 6h] and won ($41.50) with a straight, Four to Eight
Seat 2: Donkasaurus7 (big blind) mucked


PokerStars Hand #145987107577:  Hold'em Limit ($3/$6 USD) - 2015/12/27 3:41:55 ET
Table 'Terpsichore' 2-max Seat #2 is the button
Seat 1: Rus29APX ($219.14 in chips)
Seat 2: Donkasaurus7 ($150.40 in chips)
Donkasaurus7: posts small blind $1
Rus29APX: posts big blind $3
*** HOLE CARDS ***
Donkasaurus7: raises $3 to $6
Rus29APX: folds
Uncalled bet ($3) returned to Donkasaurus7
Donkasaurus7 collected $6 from pot
Donkasaurus7: doesn't show hand
*** SUMMARY ***
Total pot $6 | Rake $0
Seat 1: Rus29APX (big blind) folded before Flop
Seat 2: Donkasaurus7 (button) (small blind) collected ($6)


PokerStars Hand #145987124285:  Hold'em Limit ($3/$6 USD) - 2015/12/27 3:42:43 ET
Table 'Terpsichore' 2-max Seat #1 is the button
Seat 1: Rus29APX ($180.14 in chips)
Seat 2: Donkasaurus7 ($188.42 in chips)
Rus29APX: posts small blind $1
Donkasaurus7: posts big blind $3
*** HOLE CARDS ***
Rus29APX: raises $3 to $6
Donkasaurus7: calls $3
*** FLOP *** [5s 5c 5d]
Donkasaurus7: checks
Rus29APX: bets $3
Donkasaurus7: calls $3
*** TURN *** [5s 5c 5d] [7d]
Donkasaurus7: checks
Rus29APX: checks
*** RIVER *** [5s 5c 5d 7d] [Qc]
Donkasaurus7: checks
Rus29APX: checks
*** SHOW DOWN ***
Donkasaurus7: shows [Th Ks] (three of a kind, Fives)
Rus29APX: mucks hand
Donkasaurus7 collected $17.64 from pot
*** SUMMARY ***
Total pot $18 | Rake $0.36
Board [5s 5c 5d 7d Qc]
Seat 1: Rus29APX (button) (small blind) mucked
Seat 2: Donkasaurus7 (big blind) showed [Th Ks] and won ($17.64) with three of a kind, Fives


PokerStars Hand #145987110468:  Hold'em Limit ($3/$6 USD) - 2015/12/27 3:42:03 ET
Table 'Terpsichore' 2-max Seat #1 is the button
Seat 1: Rus29APX ($216.14 in chips)
Seat 2: Donkasaurus7 ($153.40 in chips)
Rus29APX: posts small blind $1
Donkasaurus7: posts big blind $3
*** HOLE CARDS ***
Rus29APX: raises $3 to $6
Donkasaurus7: raises $3 to $9
Rus29APX: calls $3
*** FLOP *** [Jc 8d 4c]
Donkasaurus7: bets $3
Rus29APX: calls $3
*** TURN *** [Jc 8d 4c] [Ks]
Donkasaurus7: bets $6
Rus29APX: folds
Uncalled bet ($6) returned to Donkasaurus7
Donkasaurus7 collected $23.52 from pot
Donkasaurus7: doesn't show hand
*** SUMMARY ***
Total pot $24 | Rake $0.48
Board [Jc 8d 4c Ks]
Seat 1: Rus29APX (button) (small blind) folded on the Turn
Seat 2: Donkasaurus7 (big blind) collected ($23.52)


PokerStars Hand #145987116367:  Hold'em Limit ($3/$6 USD) - 2015/12/27 3:42:20 ET
Table 'Terpsichore' 2-max Seat #2 is the button
Seat 1: Rus29APX ($204.14 in chips)
Seat 2: Donkasaurus7 ($164.92 in chips)
Donkasaurus7: posts small blind $1
Rus29APX: posts big blind $3
*** HOLE CARDS ***
Donkasaurus7: raises $3 to $6
Rus29APX: calls $3
*** FLOP *** [8c 3s Kh]
Rus29APX: checks
Donkasaurus7: bets $3
Rus29APX: raises $3 to $6
Donkasaurus7: raises $3 to $9
Rus29APX: raises $3 to $12
Betting is capped
Donkasaurus7: calls $3
*** TURN *** [8c 3s Kh] [8s]
Rus29APX: bets $6
Donkasaurus7: calls $6
*** RIVER *** [8c 3s Kh 8s] [7s]
Rus29APX: checks
Donkasaurus7: bets $6
Rus29APX: folds
Uncalled bet ($6) returned to Donkasaurus7
Donkasaurus7 collected $47.50 from pot
Donkasaurus7: doesn't show hand
*** SUMMARY ***
Total pot $48 | Rake $0.50
Board [8c 3s Kh 8s 7s]
Seat 1: Rus29APX (big blind) folded on the River
Seat 2: Donkasaurus7 (button) (small blind) collected ($47.50)


PokerStars Hand #145987131027:  Hold'em Limit ($3/$6 USD) - 2015/12/27 3:43:02 ET
Table 'Terpsichore' 2-max Seat #2 is the button
Seat 1: Rus29APX ($171.14 in chips)
Seat 2: Donkasaurus7 ($197.06 in chips)
Donkasaurus7: posts small blind $1
Rus29APX: posts big blind $3
*** HOLE CARDS ***
Donkasaurus7: raises $3 to $6
Rus29APX: calls $3
*** FLOP *** [7c Ts 7h]
Rus29APX: checks
Donkasaurus7: bets $3
Rus29APX: calls $3
*** TURN *** [7c Ts 7h] [3c]
Rus29APX: checks
Donkasaurus7: checks
*** RIVER *** [7c Ts 7h 3c] [3s]
Rus29APX: checks
Donkasaurus7: checks
*** SHOW DOWN ***
Rus29APX: shows [6h Qd] (two pair, Sevens and Threes)
Donkasaurus7: mucks hand
Rus29APX collected $17.64 from pot
*** SUMMARY ***
Total pot $18 | Rake $0.36
Board [7c Ts 7h 3c 3s]
Seat 1: Rus29APX (big blind) showed [6h Qd] and won ($17.64) with two pair, Sevens and Threes
Seat 2: Donkasaurus7 (button) (small blind) mucked


PokerStars Hand #145987140891:  Hold'em Limit ($3/$6 USD) - 2015/12/27 3:43:30 ET
Table 'Terpsichore' 2-max Seat #2 is the button
Seat 1: Rus29APX ($185.54 in chips)
Seat 2: Donkasaurus7 ($182.06 in chips)
Donkasaurus7: posts small blind $1
Rus29APX: posts big blind $3
*** HOLE CARDS ***
Donkasaurus7: raises $3 to $6
Rus29APX: folds
Uncalled bet ($3) returned to Donkasaurus7
Donkasaurus7 collected $6 from pot
Donkasaurus7: doesn't show hand
*** SUMMARY ***
Total pot $6 | Rake $0
Seat 1: Rus29APX (big blind) folded before Flop
Seat 2: Donkasaurus7 (button) (small blind) collected ($6)


PokerStars Hand #145987137538:  Hold'em Limit ($3/$6 USD) - 2015/12/27 3:43:21 ET
Table 'Terpsichore' 2-max Seat #1 is the button
Seat 1: Rus29APX ($179.78 in chips)
Seat 2: Donkasaurus7 ($188.06 in chips)
Rus29APX: posts small blind $1
Donkasaurus7: posts big blind $3
*** HOLE CARDS ***
Rus29APX: raises $3 to $6
Donkasaurus7: calls $3
*** FLOP *** [3c 9c Ac]
Donkasaurus7: checks
Rus29APX: bets $3
Donkasaurus7: folds
Uncalled bet ($3) returned to Rus29APX
Rus29APX collected $11.76 from pot
Rus29APX: doesn't show hand
*** SUMMARY ***
Total pot $12 | Rake $0.24
Board [3c 9c Ac]
Seat 1: Rus29APX (button) (small blind) collected ($11.76)
Seat 2: Donkasaurus7 (big blind) folded on the Flop


PokerStars Hand #145987147723:  Hold'em Limit ($3/$6 USD) - 2015/12/27 3:43:50 ET
Table 'Terpsichore' 2-max Seat #2 is the button
Seat 1: Rus29APX ($173.54 in chips)
Seat 2: Donkasaurus7 ($193.70 in chips)
Donkasaurus7: posts small blind $1
Rus29APX: posts big blind $3
*** HOLE CARDS ***
Donkasaurus7: folds
Uncalled bet ($2) returned to Rus29APX
Rus29APX collected $2 from pot
Rus29APX: doesn't show hand
*** SUMMARY ***
Total pot $2 | Rake $0
Seat 1: Rus29APX (big blind) collected ($2)
Seat 2: Donkasaurus7 (button) (small blind) folded before Flop


PokerStars Hand #145987142979:  Hold'em Limit ($3/$6 USD) - 2015/12/27 3:43:36 ET
Table 'Terpsichore' 2-max Seat #1 is the button
Seat 1: Rus29APX ($182.54 in chips)
Seat 2: Donkasaurus7 ($185.06 in chips)
Rus29APX: posts small blind $1
Donkasaurus7: posts big blind $3
*** HOLE CARDS ***
Rus29APX: raises $3 to $6
Donkasaurus7: calls $3
*** FLOP *** [Qc Th 5s]
Donkasaurus7: checks
Rus29APX: bets $3
Donkasaurus7: raises $3 to $6
Rus29APX: folds
Uncalled bet ($3) returned to Donkasaurus7
Donkasaurus7 collected $17.64 from pot
Donkasaurus7: doesn't show hand
*** SUMMARY ***
Total pot $18 | Rake $0.36
Board [Qc Th 5s]
Seat 1: Rus29APX (button) (small blind) folded on the Flop
Seat 2: Donkasaurus7 (big blind) collected ($17.64)


PokerStars Hand #145987149389:  Hold'em Limit ($3/$6 USD) - 2015/12/27 3:43:54 ET
Table 'Terpsichore' 2-max Seat #1 is the button
Seat 1: Rus29APX ($174.54 in chips)
Seat 2: Donkasaurus7 ($192.70 in chips)
Rus29APX: posts small blind $1
Donkasaurus7: posts big blind $3
*** HOLE CARDS ***
Rus29APX: raises $3 to $6
Donkasaurus7: folds
Uncalled bet ($3) returned to Rus29APX
Rus29APX collected $6 from pot
Rus29APX: doesn't show hand
*** SUMMARY ***
Total pot $6 | Rake $0
Seat 1: Rus29APX (button) (small blind) collected ($6)
Seat 2: Donkasaurus7 (big blind) folded before Flop


PokerStars Hand #145987151444:  Hold'em Limit ($3/$6 USD) - 2015/12/27 3:44:00 ET
Table 'Terpsichore' 2-max Seat #2 is the button
Seat 1: Rus29APX ($177.54 in chips)
Seat 2: Donkasaurus7 ($189.70 in chips)
Donkasaurus7: posts small blind $1
Rus29APX: posts big blind $3
*** HOLE CARDS ***
Donkasaurus7: raises $3 to $6
Rus29APX: calls $3
*** FLOP *** [5s Ks 7s]
Rus29APX: checks
Donkasaurus7: bets $3
Rus29APX: calls $3
*** TURN *** [5s Ks 7s] [7h]
Rus29APX: checks
Donkasaurus7: bets $6
Rus29APX: calls $6
*** RIVER *** [5s Ks 7s 7h] [4s]
Rus29APX: checks
Donkasaurus7: bets $6
Rus29APX: folds
Uncalled bet ($6) returned to Donkasaurus7
Donkasaurus7 collected $29.50 from pot
Donkasaurus7: doesn't show hand
*** SUMMARY ***
Total pot $30 | Rake $0.50
Board [5s Ks 7s 7h 4s]
Seat 1: Rus29APX (big blind) folded on the River
Seat 2: Donkasaurus7 (button) (small blind) collected ($29.50)


PokerStars Hand #145987165724:  Hold'em Limit ($3/$6 USD) - 2015/12/27 3:44:40 ET
Table 'Terpsichore' 2-max Seat #2 is the button
Seat 1: Rus29APX ($138.54 in chips)
Seat 2: Donkasaurus7 ($227.70 in chips)
Donkasaurus7: posts small blind $1
Rus29APX: posts big blind $3
*** HOLE CARDS ***
Donkasaurus7: folds
Uncalled bet ($2) returned to Rus29APX
Rus29APX collected $2 from pot
Rus29APX: doesn't show hand
*** SUMMARY ***
Total pot $2 | Rake $0
Seat 1: Rus29APX (big blind) collected ($2)
Seat 2: Donkasaurus7 (button) (small blind) folded before Flop


PokerStars Hand #145987158521:  Hold'em Limit ($3/$6 USD) - 2015/12/27 3:44:20 ET
Table 'Terpsichore' 2-max Seat #1 is the button
Seat 1: Rus29APX ($162.54 in chips)
Seat 2: Donkasaurus7 ($204.20 in chips)
Rus29APX: posts small blind $1
Donkasaurus7: posts big blind $3
*** HOLE CARDS ***
Rus29APX: raises $3 to $6
Donkasaurus7: raises $3 to $9
Rus29APX: calls $3
*** FLOP *** [9h Ah 5c]
Donkasaurus7: bets $3
Rus29APX: calls $3
*** TURN *** [9h Ah 5c] [3s]
Donkasaurus7: bets $6
Rus29APX: calls $6
*** RIVER *** [9h Ah 5c 3s] [7c]
Donkasaurus7: bets $6
Rus29APX: calls $6
*** SHOW DOWN ***
Donkasaurus7: shows [Ac 9c] (two pair, Aces and Nines)
Rus29APX: mucks hand
Donkasaurus7 collected $47.50 from pot
*** SUMMARY ***
Total pot $48 | Rake $0.50
Board [9h Ah 5c 3s 7c]
Seat 1: Rus29APX (button) (small blind) mucked
Seat 2: Donkasaurus7 (big blind) showed [Ac 9c] and won ($47.50) with two pair, Aces and Nines


PokerStars Hand #145987167445:  Hold'em Limit ($3/$6 USD) - 2015/12/27 3:44:45 ET
Table 'Terpsichore' 2-max Seat #1 is the button
Seat 1: Rus29APX ($139.54 in chips)
Seat 2: Donkasaurus7 ($226.70 in chips)
Rus29APX: posts small blind $1
Donkasaurus7: posts big blind $3
*** HOLE CARDS ***
Rus29APX: raises $3 to $6
Donkasaurus7: calls $3
*** FLOP *** [8h Js 7h]
Donkasaurus7: checks
Rus29APX: bets $3
Donkasaurus7: folds
Uncalled bet ($3) returned to Rus29APX
Rus29APX collected $11.76 from pot
Rus29APX: doesn't show hand
*** SUMMARY ***
Total pot $12 | Rake $0.24
Board [8h Js 7h]
Seat 1: Rus29APX (button) (small blind) collected ($11.76)
Seat 2: Donkasaurus7 (big blind) folded on the Flop


