PokerStars Hand #148064519151:  Hold'em Limit ($3/$6 USD) - 2016/02/01 14:03:20 ET
Table 'Terradas' 6-max Seat #3 is the button
Seat 3: Simpiwe ($126.64 in chips)
Seat 4: AzureCaper ($75 in chips)
Simpiwe: posts small blind $1
AzureCaper: posts big blind $3
*** HOLE CARDS ***
Simpiwe: raises $3 to $6
AzureCaper: calls $3
*** FLOP *** [Kc Td Jd]
AzureCaper: checks
Simpiwe: bets $3
AzureCaper: calls $3
*** TURN *** [Kc Td Jd] [3c]
AzureCaper: checks
Simpiwe: bets $6
AzureCaper: calls $6
*** RIVER *** [Kc Td Jd 3c] [Kd]
AzureCaper: checks
Simpiwe: bets $6
AzureCaper: calls $6
*** SHOW DOWN ***
Simpiwe: shows [Qc Qh] (two pair, Kings and Queens)
AzureCaper: mucks hand
Simpiwe collected $41.50 from pot
*** SUMMARY ***
Total pot $42 | Rake $0.50
Board [Kc Td Jd 3c Kd]
Seat 3: Simpiwe (button) (small blind) showed [Qc Qh] and won ($41.50) with two pair, Kings and Queens
Seat 4: AzureCaper (big blind) mucked


PokerStars Hand #148064589211:  Hold'em Limit ($3/$6 USD) - 2016/02/01 14:04:24 ET
Table 'Terradas' 6-max Seat #4 is the button
Seat 3: Simpiwe ($167.64 in chips)
Seat 4: AzureCaper ($73 in chips)
AzureCaper: posts small blind $1
Simpiwe: posts big blind $3
*** HOLE CARDS ***
AzureCaper: raises $3 to $6
Simpiwe: calls $3
*** FLOP *** [2s 2h Jh]
Simpiwe: checks
AzureCaper: bets $3
Simpiwe: calls $3
*** TURN *** [2s 2h Jh] [6s]
Simpiwe: checks
AzureCaper: bets $6
Simpiwe: calls $6
*** RIVER *** [2s 2h Jh 6s] [5h]
Simpiwe: checks
AzureCaper: checks
*** SHOW DOWN ***
Simpiwe: shows [Kc 7d] (a pair of Deuces)
AzureCaper: shows [4d Ac] (a pair of Deuces - Ace kicker)
AzureCaper collected $29.50 from pot
*** SUMMARY ***
Total pot $30 | Rake $0.50
Board [2s 2h Jh 6s 5h]
Seat 3: Simpiwe (big blind) showed [Kc 7d] and lost with a pair of Deuces
Seat 4: AzureCaper (button) (small blind) showed [4d Ac] and won ($29.50) with a pair of Deuces


PokerStars Hand #148064584253:  Hold'em Limit ($3/$6 USD) - 2016/02/01 14:04:20 ET
Table 'Terradas' 6-max Seat #3 is the button
Seat 3: Simpiwe ($168.64 in chips)
Seat 4: AzureCaper ($72 in chips)
Simpiwe: posts small blind $1
AzureCaper: posts big blind $3
*** HOLE CARDS ***
Simpiwe: folds
Uncalled bet ($2) returned to AzureCaper
AzureCaper collected $2 from pot
AzureCaper: doesn't show hand
*** SUMMARY ***
Total pot $2 | Rake $0
Seat 3: Simpiwe (button) (small blind) folded before Flop
Seat 4: AzureCaper (big blind) collected ($2)


PokerStars Hand #148064577747:  Hold'em Limit ($3/$6 USD) - 2016/02/01 14:04:14 ET
Table 'Terradas' 6-max Seat #4 is the button
Seat 3: Simpiwe ($167.64 in chips)
Seat 4: AzureCaper ($72 in chips)
AzureCaper: posts small blind $1
Simpiwe: posts big blind $3
*** HOLE CARDS ***
AzureCaper: folds
Uncalled bet ($2) returned to Simpiwe
Simpiwe collected $2 from pot
Simpiwe: doesn't show hand
*** SUMMARY ***
Total pot $2 | Rake $0
Seat 3: Simpiwe (big blind) collected ($2)
Seat 4: AzureCaper (button) (small blind) folded before Flop


PokerStars Hand #148064555929:  Hold'em Limit ($3/$6 USD) - 2016/02/01 14:03:54 ET
Table 'Terradas' 6-max Seat #3 is the button
Seat 3: Simpiwe ($141.14 in chips)
Seat 4: AzureCaper ($77.76 in chips)
Simpiwe: posts small blind $1
AzureCaper: posts big blind $3
*** HOLE CARDS ***
Simpiwe: calls $2
AzureCaper: raises $3 to $6
Simpiwe: calls $3
*** FLOP *** [7c Ah 8c]
AzureCaper: bets $3
Simpiwe: calls $3
*** TURN *** [7c Ah 8c] [7h]
AzureCaper: bets $6
Simpiwe: calls $6
*** RIVER *** [7c Ah 8c 7h] [2h]
AzureCaper: bets $6
Simpiwe: raises $6 to $12
AzureCaper: calls $6
*** SHOW DOWN ***
Simpiwe: shows [8h As] (two pair, Aces and Eights)
AzureCaper: mucks hand
Simpiwe collected $53.50 from pot
*** SUMMARY ***
Total pot $54 | Rake $0.50
Board [7c Ah 8c 7h 2h]
Seat 3: Simpiwe (button) (small blind) showed [8h As] and won ($53.50) with two pair, Aces and Eights
Seat 4: AzureCaper (big blind) mucked


PokerStars Hand #148064543734:  Hold'em Limit ($3/$6 USD) - 2016/02/01 14:03:43 ET
Table 'Terradas' 6-max Seat #4 is the button
Seat 3: Simpiwe ($147.14 in chips)
Seat 4: AzureCaper ($72 in chips)
AzureCaper: posts small blind $1
Simpiwe: posts big blind $3
*** HOLE CARDS ***
AzureCaper: raises $3 to $6
Simpiwe: calls $3
*** FLOP *** [Qd 4c 4h]
Simpiwe: checks
AzureCaper: bets $3
Simpiwe: folds
Uncalled bet ($3) returned to AzureCaper
AzureCaper collected $11.76 from pot
AzureCaper: doesn't show hand
*** SUMMARY ***
Total pot $12 | Rake $0.24
Board [Qd 4c 4h]
Seat 3: Simpiwe (big blind) folded on the Flop
Seat 4: AzureCaper (button) (small blind) collected ($11.76)


PokerStars Hand #148064668639:  Hold'em Limit ($3/$6 USD) - 2016/02/01 14:05:37 ET
Table 'Terradas' 6-max Seat #4 is the button
Seat 3: Simpiwe ($156.28 in chips)
Seat 4: AzureCaper ($83.26 in chips)
AzureCaper: posts small blind $1
Simpiwe: posts big blind $3
*** HOLE CARDS ***
AzureCaper: folds
Uncalled bet ($2) returned to Simpiwe
Simpiwe collected $2 from pot
Simpiwe: doesn't show hand
*** SUMMARY ***
Total pot $2 | Rake $0
Seat 3: Simpiwe (big blind) collected ($2)
Seat 4: AzureCaper (button) (small blind) folded before Flop


PokerStars Hand #148064663793:  Hold'em Limit ($3/$6 USD) - 2016/02/01 14:05:33 ET
Table 'Terradas' 6-max Seat #3 is the button
Seat 3: Simpiwe ($157.28 in chips)
Seat 4: AzureCaper ($82.26 in chips)
Simpiwe: posts small blind $1
AzureCaper: posts big blind $3
*** HOLE CARDS ***
Simpiwe: folds
Uncalled bet ($2) returned to AzureCaper
AzureCaper collected $2 from pot
AzureCaper: doesn't show hand
*** SUMMARY ***
Total pot $2 | Rake $0
Seat 3: Simpiwe (button) (small blind) folded before Flop
Seat 4: AzureCaper (big blind) collected ($2)


PokerStars Hand #148064658771:  Hold'em Limit ($3/$6 USD) - 2016/02/01 14:05:28 ET
Table 'Terradas' 6-max Seat #4 is the button
Seat 3: Simpiwe ($156.28 in chips)
Seat 4: AzureCaper ($83.26 in chips)
AzureCaper: posts small blind $1
Simpiwe: posts big blind $3
*** HOLE CARDS ***
AzureCaper: folds
Uncalled bet ($2) returned to Simpiwe
Simpiwe collected $2 from pot
Simpiwe: doesn't show hand
*** SUMMARY ***
Total pot $2 | Rake $0
Seat 3: Simpiwe (big blind) collected ($2)
Seat 4: AzureCaper (button) (small blind) folded before Flop


PokerStars Hand #148064649645:  Hold'em Limit ($3/$6 USD) - 2016/02/01 14:05:20 ET
Table 'Terradas' 6-max Seat #3 is the button
Seat 3: Simpiwe ($162.28 in chips)
Seat 4: AzureCaper ($77.50 in chips)
Simpiwe: posts small blind $1
AzureCaper: posts big blind $3
*** HOLE CARDS ***
Simpiwe: calls $2
AzureCaper: raises $3 to $6
Simpiwe: calls $3
*** FLOP *** [8s Ad 9s]
AzureCaper: bets $3
Simpiwe: folds
Uncalled bet ($3) returned to AzureCaper
AzureCaper collected $11.76 from pot
AzureCaper: doesn't show hand
*** SUMMARY ***
Total pot $12 | Rake $0.24
Board [8s Ad 9s]
Seat 3: Simpiwe (button) (small blind) folded on the Flop
Seat 4: AzureCaper (big blind) collected ($11.76)


PokerStars Hand #148064643278:  Hold'em Limit ($3/$6 USD) - 2016/02/01 14:05:14 ET
Table 'Terradas' 6-max Seat #4 is the button
Seat 3: Simpiwe ($161.28 in chips)
Seat 4: AzureCaper ($78.50 in chips)
AzureCaper: posts small blind $1
Simpiwe: posts big blind $3
*** HOLE CARDS ***
AzureCaper: folds
Uncalled bet ($2) returned to Simpiwe
Simpiwe collected $2 from pot
Simpiwe: doesn't show hand
*** SUMMARY ***
Total pot $2 | Rake $0
Seat 3: Simpiwe (big blind) collected ($2)
Seat 4: AzureCaper (button) (small blind) folded before Flop


PokerStars Hand #148064638244:  Hold'em Limit ($3/$6 USD) - 2016/02/01 14:05:09 ET
Table 'Terradas' 6-max Seat #3 is the button
Seat 3: Simpiwe ($162.28 in chips)
Seat 4: AzureCaper ($77.50 in chips)
Simpiwe: posts small blind $1
AzureCaper: posts big blind $3
*** HOLE CARDS ***
Simpiwe: folds
Uncalled bet ($2) returned to AzureCaper
AzureCaper collected $2 from pot
AzureCaper: doesn't show hand
*** SUMMARY ***
Total pot $2 | Rake $0
Seat 3: Simpiwe (button) (small blind) folded before Flop
Seat 4: AzureCaper (big blind) collected ($2)


PokerStars Hand #148064630148:  Hold'em Limit ($3/$6 USD) - 2016/02/01 14:05:02 ET
Table 'Terradas' 6-max Seat #4 is the button
Seat 3: Simpiwe ($161.28 in chips)
Seat 4: AzureCaper ($78.50 in chips)
AzureCaper: posts small blind $1
Simpiwe: posts big blind $3
*** HOLE CARDS ***
AzureCaper: folds
Uncalled bet ($2) returned to Simpiwe
Simpiwe collected $2 from pot
Simpiwe: doesn't show hand
*** SUMMARY ***
Total pot $2 | Rake $0
Seat 3: Simpiwe (big blind) collected ($2)
Seat 4: AzureCaper (button) (small blind) folded before Flop


PokerStars Hand #148064623895:  Hold'em Limit ($3/$6 USD) - 2016/02/01 14:04:56 ET
Table 'Terradas' 6-max Seat #3 is the button
Seat 3: Simpiwe ($158.28 in chips)
Seat 4: AzureCaper ($81.50 in chips)
Simpiwe: posts small blind $1
AzureCaper: posts big blind $3
*** HOLE CARDS ***
Simpiwe: raises $3 to $6
AzureCaper: folds
Uncalled bet ($3) returned to Simpiwe
Simpiwe collected $6 from pot
Simpiwe: doesn't show hand
*** SUMMARY ***
Total pot $6 | Rake $0
Seat 3: Simpiwe (button) (small blind) collected ($6)
Seat 4: AzureCaper (big blind) folded before Flop


PokerStars Hand #148064618380:  Hold'em Limit ($3/$6 USD) - 2016/02/01 14:04:51 ET
Table 'Terradas' 6-max Seat #4 is the button
Seat 3: Simpiwe ($161.28 in chips)
Seat 4: AzureCaper ($78.50 in chips)
AzureCaper: posts small blind $1
Simpiwe: posts big blind $3
*** HOLE CARDS ***
AzureCaper: raises $3 to $6
Simpiwe: folds
Uncalled bet ($3) returned to AzureCaper
AzureCaper collected $6 from pot
AzureCaper: doesn't show hand
*** SUMMARY ***
Total pot $6 | Rake $0
Seat 3: Simpiwe (big blind) folded before Flop
Seat 4: AzureCaper (button) (small blind) collected ($6)


PokerStars Hand #148064605679:  Hold'em Limit ($3/$6 USD) - 2016/02/01 14:04:39 ET
Table 'Terradas' 6-max Seat #3 is the button
Seat 3: Simpiwe ($152.64 in chips)
Seat 4: AzureCaper ($87.50 in chips)
Simpiwe: posts small blind $1
AzureCaper: posts big blind $3
*** HOLE CARDS ***
Simpiwe: raises $3 to $6
AzureCaper: calls $3
*** FLOP *** [3s Ah Jh]
AzureCaper: checks
Simpiwe: bets $3
AzureCaper: calls $3
*** TURN *** [3s Ah Jh] [7s]
AzureCaper: checks
Simpiwe: bets $6
AzureCaper: folds
Uncalled bet ($6) returned to Simpiwe
Simpiwe collected $17.64 from pot
Simpiwe: doesn't show hand
*** SUMMARY ***
Total pot $18 | Rake $0.36
Board [3s Ah Jh 7s]
Seat 3: Simpiwe (button) (small blind) collected ($17.64)
Seat 4: AzureCaper (big blind) folded on the Turn


PokerStars Hand #148064700733:  Hold'em Limit ($3/$6 USD) - 2016/02/01 14:06:07 ET
Table 'Terradas' 6-max Seat #3 is the button
Seat 3: Simpiwe ($145.28 in chips)
Seat 4: AzureCaper ($93.76 in chips)
Simpiwe: posts small blind $1
AzureCaper: posts big blind $3
*** HOLE CARDS ***
Simpiwe: folds
Uncalled bet ($2) returned to AzureCaper
AzureCaper collected $2 from pot
AzureCaper: doesn't show hand
*** SUMMARY ***
Total pot $2 | Rake $0
Seat 3: Simpiwe (button) (small blind) folded before Flop
Seat 4: AzureCaper (big blind) collected ($2)


PokerStars Hand #148064680269:  Hold'em Limit ($3/$6 USD) - 2016/02/01 14:05:48 ET
Table 'Terradas' 6-max Seat #4 is the button
Seat 3: Simpiwe ($160.28 in chips)
Seat 4: AzureCaper ($79.26 in chips)
AzureCaper: posts small blind $1
Simpiwe: posts big blind $3
*** HOLE CARDS ***
AzureCaper: raises $3 to $6
Simpiwe: calls $3
*** FLOP *** [Td Kh 2c]
Reuailak joins the table at seat #5
Simpiwe: checks
AzureCaper: bets $3
Simpiwe: calls $3
*** TURN *** [Td Kh 2c] [9s]
Simpiwe: checks
AzureCaper: bets $6
Simpiwe: calls $6
*** RIVER *** [Td Kh 2c 9s] [Ts]
Simpiwe: checks
AzureCaper: checks
*** SHOW DOWN ***
Simpiwe: shows [Js 2d] (two pair, Tens and Deuces)
AzureCaper: shows [8d 8c] (two pair, Tens and Eights)
AzureCaper collected $29.50 from pot
*** SUMMARY ***
Total pot $30 | Rake $0.50
Board [Td Kh 2c 9s Ts]
Seat 3: Simpiwe (big blind) showed [Js 2d] and lost with two pair, Tens and Deuces
Seat 4: AzureCaper (button) (small blind) showed [8d 8c] and won ($29.50) with two pair, Tens and Eights


PokerStars Hand #148064673604:  Hold'em Limit ($3/$6 USD) - 2016/02/01 14:05:42 ET
Table 'Terradas' 6-max Seat #3 is the button
Seat 3: Simpiwe ($157.28 in chips)
Seat 4: AzureCaper ($82.26 in chips)
Simpiwe: posts small blind $1
AzureCaper: posts big blind $3
*** HOLE CARDS ***
Simpiwe: raises $3 to $6
AzureCaper: folds
Uncalled bet ($3) returned to Simpiwe
Simpiwe collected $6 from pot
Simpiwe: doesn't show hand
*** SUMMARY ***
Total pot $6 | Rake $0
Seat 3: Simpiwe (button) (small blind) collected ($6)
Seat 4: AzureCaper (big blind) folded before Flop


PokerStars Hand #148069012471:  Hold'em Limit ($3/$6 USD) - 2016/02/01 15:11:27 ET
Table 'Terradas' 6-max Seat #3 is the button
Seat 1: 5914 ($24.36 in chips)
Seat 3: Chessnok ($143.99 in chips)
Chessnok: posts small blind $1
DECAlpha: is sitting out
5914: posts big blind $3
*** HOLE CARDS ***
Chessnok: raises $3 to $6
DECAlpha leaves the table
5914: folds
Uncalled bet ($3) returned to Chessnok
Chessnok collected $6 from pot
Chessnok: doesn't show hand
*** SUMMARY ***
Total pot $6 | Rake $0
Seat 1: 5914 (big blind) folded before Flop
Seat 3: Chessnok (button) (small blind) collected ($6)


PokerStars Hand #148069026091:  Hold'em Limit ($3/$6 USD) - 2016/02/01 15:11:39 ET
Table 'Terradas' 6-max Seat #1 is the button
Seat 1: 5914 ($21.36 in chips)
Seat 3: Chessnok ($146.99 in chips)
5914: posts small blind $1
Chessnok: posts big blind $3
*** HOLE CARDS ***
5914: folds
Uncalled bet ($2) returned to Chessnok
Chessnok collected $2 from pot
Chessnok: doesn't show hand
*** SUMMARY ***
Total pot $2 | Rake $0
Seat 1: 5914 (button) (small blind) folded before Flop
Seat 3: Chessnok (big blind) collected ($2)


PokerStars Hand #148069049703:  Hold'em Limit ($3/$6 USD) - 2016/02/01 15:11:59 ET
Table 'Terradas' 6-max Seat #1 is the button
Seat 1: 5914 ($29 in chips)
Seat 3: Chessnok ($138.99 in chips)
5914: posts small blind $1
Chessnok: posts big blind $3
*** HOLE CARDS ***
5914: folds
Uncalled bet ($2) returned to Chessnok
Chessnok collected $2 from pot
Chessnok: doesn't show hand
*** SUMMARY ***
Total pot $2 | Rake $0
Seat 1: 5914 (button) (small blind) folded before Flop
Seat 3: Chessnok (big blind) collected ($2)


PokerStars Hand #148069032510:  Hold'em Limit ($3/$6 USD) - 2016/02/01 15:11:45 ET
Table 'Terradas' 6-max Seat #3 is the button
Seat 1: 5914 ($20.36 in chips)
Seat 3: Chessnok ($147.99 in chips)
Chessnok: posts small blind $1
5914: posts big blind $3
*** HOLE CARDS ***
Chessnok: raises $3 to $6
5914: raises $3 to $9
Chessnok: calls $3
*** FLOP *** [Kd Ah 7s]
5914: bets $3
Chessnok: folds
Uncalled bet ($3) returned to 5914
5914 collected $17.64 from pot
5914: doesn't show hand
*** SUMMARY ***
Total pot $18 | Rake $0.36
Board [Kd Ah 7s]
Seat 1: 5914 (big blind) collected ($17.64)
Seat 3: Chessnok (button) (small blind) folded on the Flop


PokerStars Hand #148069055526:  Hold'em Limit ($3/$6 USD) - 2016/02/01 15:12:04 ET
Table 'Terradas' 6-max Seat #3 is the button
Seat 1: 5914 ($28 in chips)
Seat 3: Chessnok ($139.99 in chips)
Chessnok: posts small blind $1
5914: posts big blind $3
*** HOLE CARDS ***
Chessnok: folds
Uncalled bet ($2) returned to 5914
5914 collected $2 from pot
5914: doesn't show hand
*** SUMMARY ***
Total pot $2 | Rake $0
Seat 1: 5914 (big blind) collected ($2)
Seat 3: Chessnok (button) (small blind) folded before Flop


PokerStars Hand #148069062255:  Hold'em Limit ($3/$6 USD) - 2016/02/01 15:12:10 ET
Table 'Terradas' 6-max Seat #1 is the button
Seat 1: 5914 ($29 in chips)
Seat 3: Chessnok ($138.99 in chips)
5914: posts small blind $1
Chessnok: posts big blind $3
*** HOLE CARDS ***
5914: raises $3 to $6
Chessnok: calls $3
*** FLOP *** [Jh Jc 3s]
Chessnok: checks
5914: bets $3
Chessnok: raises $3 to $6
5914: calls $3
*** TURN *** [Jh Jc 3s] [Qh]
Chessnok: checks
5914: bets $6
Chessnok: folds
Uncalled bet ($6) returned to 5914
5914 collected $23.52 from pot
5914: doesn't show hand
*** SUMMARY ***
Total pot $24 | Rake $0.48
Board [Jh Jc 3s Qh]
Seat 1: 5914 (button) (small blind) collected ($23.52)
Seat 3: Chessnok (big blind) folded on the Turn


PokerStars Hand #148069092500:  Hold'em Limit ($3/$6 USD) - 2016/02/01 15:12:37 ET
Table 'Terradas' 6-max Seat #1 is the button
Seat 1: 5914 ($37.52 in chips)
Seat 3: Chessnok ($129.99 in chips)
5914: posts small blind $1
Chessnok: posts big blind $3
*** HOLE CARDS ***
5914: raises $3 to $6
Chessnok: folds
Uncalled bet ($3) returned to 5914
5914 collected $6 from pot
5914: doesn't show hand
*** SUMMARY ***
Total pot $6 | Rake $0
Seat 1: 5914 (button) (small blind) collected ($6)
Seat 3: Chessnok (big blind) folded before Flop


PokerStars Hand #148069084301:  Hold'em Limit ($3/$6 USD) - 2016/02/01 15:12:30 ET
Table 'Terradas' 6-max Seat #3 is the button
Seat 1: 5914 ($40.52 in chips)
Seat 3: Chessnok ($126.99 in chips)
Chessnok: posts small blind $1
5914: posts big blind $3
*** HOLE CARDS ***
Chessnok: raises $3 to $6
5914: folds
Uncalled bet ($3) returned to Chessnok
Chessnok collected $6 from pot
Chessnok: doesn't show hand
*** SUMMARY ***
Total pot $6 | Rake $0
Seat 1: 5914 (big blind) folded before Flop
Seat 3: Chessnok (button) (small blind) collected ($6)


PokerStars Hand #148069107361:  Hold'em Limit ($3/$6 USD) - 2016/02/01 15:12:50 ET
Table 'Terradas' 6-max Seat #1 is the button
Seat 1: 5914 ($37.52 in chips)
Seat 3: Chessnok ($129.99 in chips)
5914: posts small blind $1
Chessnok: posts big blind $3
*** HOLE CARDS ***
5914: folds
Uncalled bet ($2) returned to Chessnok
Chessnok collected $2 from pot
Chessnok: doesn't show hand
*** SUMMARY ***
Total pot $2 | Rake $0
Seat 1: 5914 (button) (small blind) folded before Flop
Seat 3: Chessnok (big blind) collected ($2)


PokerStars Hand #148069099589:  Hold'em Limit ($3/$6 USD) - 2016/02/01 15:12:43 ET
Table 'Terradas' 6-max Seat #3 is the button
Seat 1: 5914 ($40.52 in chips)
Seat 3: Chessnok ($126.99 in chips)
Chessnok: posts small blind $1
5914: posts big blind $3
*** HOLE CARDS ***
Chessnok: raises $3 to $6
5914: folds
Uncalled bet ($3) returned to Chessnok
Chessnok collected $6 from pot
Chessnok: doesn't show hand
*** SUMMARY ***
Total pot $6 | Rake $0
Seat 1: 5914 (big blind) folded before Flop
Seat 3: Chessnok (button) (small blind) collected ($6)


PokerStars Hand #148069112545:  Hold'em Limit ($3/$6 USD) - 2016/02/01 15:12:54 ET
Table 'Terradas' 6-max Seat #3 is the button
Seat 1: 5914 ($36.52 in chips)
Seat 3: Chessnok ($130.99 in chips)
Chessnok: posts small blind $1
5914: posts big blind $3
*** HOLE CARDS ***
Chessnok: raises $3 to $6
5914: folds
Uncalled bet ($3) returned to Chessnok
Chessnok collected $6 from pot
Chessnok: doesn't show hand
*** SUMMARY ***
Total pot $6 | Rake $0
Seat 1: 5914 (big blind) folded before Flop
Seat 3: Chessnok (button) (small blind) collected ($6)


PokerStars Hand #148069145136:  Hold'em Limit ($3/$6 USD) - 2016/02/01 15:13:22 ET
Table 'Terradas' 6-max Seat #3 is the button
Seat 1: 5914 ($12.52 in chips)
Seat 3: Chessnok ($154.49 in chips)
Chessnok: posts small blind $1
5914: posts big blind $3
*** HOLE CARDS ***
Chessnok: raises $3 to $6
5914: folds
Uncalled bet ($3) returned to Chessnok
Chessnok collected $6 from pot
Chessnok: doesn't show hand
*** SUMMARY ***
Total pot $6 | Rake $0
Seat 1: 5914 (big blind) folded before Flop
Seat 3: Chessnok (button) (small blind) collected ($6)


PokerStars Hand #148069155590:  Hold'em Limit ($3/$6 USD) - 2016/02/01 15:13:31 ET
Table 'Terradas' 6-max Seat #1 is the button
Seat 1: 5914 ($9.52 in chips)
Seat 3: Chessnok ($157.49 in chips)
5914: posts small blind $1
Chessnok: posts big blind $3
*** HOLE CARDS ***
5914: raises $3 to $6
Chessnok: calls $3
*** FLOP *** [Kh 7h Th]
Chessnok: checks
5914: bets $3
Chessnok: raises $3 to $6
5914: calls $0.52 and is all-in
Uncalled bet ($2.48) returned to Chessnok
*** TURN *** [Kh 7h Th] [4c]
*** RIVER *** [Kh 7h Th 4c] [8d]
*** SHOW DOWN ***
Chessnok: shows [9s Kc] (a pair of Kings)
5914: shows [Kd 8c] (two pair, Kings and Eights)
5914 collected $18.66 from pot
*** SUMMARY ***
Total pot $19.04 | Rake $0.38
Board [Kh 7h Th 4c 8d]
Seat 1: 5914 (button) (small blind) showed [Kd 8c] and won ($18.66) with two pair, Kings and Eights
Seat 3: Chessnok (big blind) showed [9s Kc] and lost with a pair of Kings


PokerStars Hand #148069185960:  Hold'em Limit ($3/$6 USD) - 2016/02/01 15:13:58 ET
Table 'Terradas' 6-max Seat #1 is the button
Seat 1: 5914 ($19.66 in chips)
Seat 3: Chessnok ($146.97 in chips)
5914: posts small blind $1
Chessnok: posts big blind $3
*** HOLE CARDS ***
5914: folds
Uncalled bet ($2) returned to Chessnok
Chessnok collected $2 from pot
Chessnok: doesn't show hand
*** SUMMARY ***
Total pot $2 | Rake $0
Seat 1: 5914 (button) (small blind) folded before Flop
Seat 3: Chessnok (big blind) collected ($2)


PokerStars Hand #148069181134:  Hold'em Limit ($3/$6 USD) - 2016/02/01 15:13:54 ET
Table 'Terradas' 6-max Seat #3 is the button
Seat 1: 5914 ($18.66 in chips)
Seat 3: Chessnok ($147.97 in chips)
Chessnok: posts small blind $1
5914: posts big blind $3
*** HOLE CARDS ***
Chessnok: folds
Uncalled bet ($2) returned to 5914
5914 collected $2 from pot
5914: doesn't show hand
*** SUMMARY ***
Total pot $2 | Rake $0
Seat 1: 5914 (big blind) collected ($2)
Seat 3: Chessnok (button) (small blind) folded before Flop


PokerStars Hand #148069191323:  Hold'em Limit ($3/$6 USD) - 2016/02/01 15:14:02 ET
Table 'Terradas' 6-max Seat #3 is the button
Seat 1: 5914 ($18.66 in chips)
Seat 3: Chessnok ($147.97 in chips)
Chessnok: posts small blind $1
5914: posts big blind $3
*** HOLE CARDS ***
Chessnok: raises $3 to $6
5914: folds
Uncalled bet ($3) returned to Chessnok
Chessnok collected $6 from pot
Chessnok: doesn't show hand
*** SUMMARY ***
Total pot $6 | Rake $0
Seat 1: 5914 (big blind) folded before Flop
Seat 3: Chessnok (button) (small blind) collected ($6)


PokerStars Hand #148069120250:  Hold'em Limit ($3/$6 USD) - 2016/02/01 15:13:01 ET
Table 'Terradas' 6-max Seat #1 is the button
Seat 1: 5914 ($33.52 in chips)
Seat 3: Chessnok ($133.99 in chips)
5914: posts small blind $1
Chessnok: posts big blind $3
*** HOLE CARDS ***
5914: raises $3 to $6
Chessnok: calls $3
*** FLOP *** [5c Ad 3d]
Chessnok: checks
5914: bets $3
Chessnok: raises $3 to $6
5914: raises $3 to $9
Chessnok: calls $3
*** TURN *** [5c Ad 3d] [Qc]
Chessnok: checks
5914: bets $6
Chessnok: raises $6 to $12
5914: folds
Uncalled bet ($6) returned to Chessnok
Chessnok collected $41.50 from pot
Chessnok: doesn't show hand
*** SUMMARY ***
Total pot $42 | Rake $0.50
Board [5c Ad 3d Qc]
Seat 1: 5914 (button) (small blind) folded on the Turn
Seat 3: Chessnok (big blind) collected ($41.50)


PokerStars Hand #148069217765:  Hold'em Limit ($3/$6 USD) - 2016/02/01 15:14:25 ET
Table 'Terradas' 6-max Seat #3 is the button
Seat 1: 5914 ($15.41 in chips)
Seat 3: Chessnok ($150.72 in chips)
Chessnok: posts small blind $1
5914: posts big blind $3
*** HOLE CARDS ***
Chessnok: raises $3 to $6
5914: folds
Uncalled bet ($3) returned to Chessnok
Chessnok collected $6 from pot
Chessnok: doesn't show hand
*** SUMMARY ***
Total pot $6 | Rake $0
Seat 1: 5914 (big blind) folded before Flop
Seat 3: Chessnok (button) (small blind) collected ($6)


PokerStars Hand #148069225257:  Hold'em Limit ($3/$6 USD) - 2016/02/01 15:14:32 ET
Table 'Terradas' 6-max Seat #1 is the button
Seat 1: 5914 ($12.41 in chips)
Seat 3: Chessnok ($153.72 in chips)
5914: posts small blind $1
Chessnok: posts big blind $3
*** HOLE CARDS ***
5914: raises $3 to $6
Chessnok: calls $3
*** FLOP *** [6s 8h 8d]
Chessnok: checks
5914: bets $3
Chessnok: folds
Uncalled bet ($3) returned to 5914
5914 collected $11.76 from pot
5914: doesn't show hand
*** SUMMARY ***
Total pot $12 | Rake $0.24
Board [6s 8h 8d]
Seat 1: 5914 (button) (small blind) collected ($11.76)
Seat 3: Chessnok (big blind) folded on the Flop


PokerStars Hand #148069199188:  Hold'em Limit ($3/$6 USD) - 2016/02/01 15:14:09 ET
Table 'Terradas' 6-max Seat #1 is the button
Seat 1: 5914 ($15.66 in chips)
Seat 3: Chessnok ($150.97 in chips)
5914: posts small blind $1
Chessnok: posts big blind $3
*** HOLE CARDS ***
5914: raises $3 to $6
Chessnok: calls $3
*** FLOP *** [6d 6h 8h]
Chessnok: checks
5914: checks
*** TURN *** [6d 6h 8h] [Qh]
Chessnok: bets $6
5914: calls $6
*** RIVER *** [6d 6h 8h Qh] [Qs]
Chessnok: bets $6
5914: calls $3.66 and is all-in
Uncalled bet ($2.34) returned to Chessnok
*** SHOW DOWN ***
Chessnok: shows [Ad 3c] (two pair, Queens and Sixes)
5914: shows [Js Ah] (two pair, Queens and Sixes)
Chessnok collected $15.41 from pot
5914 collected $15.41 from pot
*** SUMMARY ***
Total pot $31.32 | Rake $0.50
Board [6d 6h 8h Qh Qs]
Seat 1: 5914 (button) (small blind) showed [Js Ah] and won ($15.41) with two pair, Queens and Sixes
Seat 3: Chessnok (big blind) showed [Ad 3c] and won ($15.41) with two pair, Queens and Sixes


PokerStars Hand #148069283341:  Hold'em Limit ($3/$6 USD) - 2016/02/01 15:15:22 ET
Table 'Terradas' 6-max Seat #3 is the button
Seat 1: 5914 ($11.17 in chips)
Seat 3: Chessnok ($154.48 in chips)
Chessnok: posts small blind $1
5914: posts big blind $3
*** HOLE CARDS ***
Chessnok: raises $3 to $6
5914: folds
Uncalled bet ($3) returned to Chessnok
Chessnok collected $6 from pot
Chessnok: doesn't show hand
*** SUMMARY ***
Total pot $6 | Rake $0
Seat 1: 5914 (big blind) folded before Flop
Seat 3: Chessnok (button) (small blind) collected ($6)


PokerStars Hand #148069315871:  Hold'em Limit ($3/$6 USD) - 2016/02/01 15:15:49 ET
Table 'Terradas' 6-max Seat #3 is the button
Seat 1: 5914 ($16.01 in chips)
Seat 3: Chessnok ($149.31 in chips)
Chessnok: posts small blind $1
5914: posts big blind $3
*** HOLE CARDS ***
Chessnok: folds
Uncalled bet ($2) returned to 5914
5914 collected $2 from pot
5914: doesn't show hand
*** SUMMARY ***
Total pot $2 | Rake $0
Seat 1: 5914 (big blind) collected ($2)
Seat 3: Chessnok (button) (small blind) folded before Flop


PokerStars Hand #148069290240:  Hold'em Limit ($3/$6 USD) - 2016/02/01 15:15:27 ET
Table 'Terradas' 6-max Seat #1 is the button
Seat 1: 5914 ($8.17 in chips)
Seat 3: Chessnok ($157.48 in chips)
5914: posts small blind $1
Chessnok: posts big blind $3
*** HOLE CARDS ***
5914: calls $2
Chessnok: raises $3 to $6
5914: calls $3
*** FLOP *** [8s 7h 9s]
Chessnok: bets $3
5914: calls $2.17 and is all-in
Uncalled bet ($0.83) returned to Chessnok
*** TURN *** [8s 7h 9s] [7s]
*** RIVER *** [8s 7h 9s 7s] [5c]
*** SHOW DOWN ***
Chessnok: shows [Jh Qd] (a pair of Sevens)
5914: shows [9h 6d] (a straight, Five to Nine)
5914 collected $16.01 from pot
*** SUMMARY ***
Total pot $16.34 | Rake $0.33
Board [8s 7h 9s 7s 5c]
Seat 1: 5914 (button) (small blind) showed [9h 6d] and won ($16.01) with a straight, Five to Nine
Seat 3: Chessnok (big blind) showed [Jh Qd] and lost with a pair of Sevens


PokerStars Hand #148069322563:  Hold'em Limit ($3/$6 USD) - 2016/02/01 15:15:55 ET
Table 'Terradas' 6-max Seat #1 is the button
Seat 1: 5914 ($17.01 in chips)
Seat 3: Chessnok ($148.31 in chips)
5914: posts small blind $1
Chessnok: posts big blind $3
*** HOLE CARDS ***
5914: folds
Uncalled bet ($2) returned to Chessnok
Chessnok collected $2 from pot
Chessnok: doesn't show hand
*** SUMMARY ***
Total pot $2 | Rake $0
Seat 1: 5914 (button) (small blind) folded before Flop
Seat 3: Chessnok (big blind) collected ($2)


PokerStars Hand #148069330897:  Hold'em Limit ($3/$6 USD) - 2016/02/01 15:16:02 ET
Table 'Terradas' 6-max Seat #3 is the button
Seat 1: 5914 ($16.01 in chips)
Seat 3: Chessnok ($149.31 in chips)
Chessnok: posts small blind $1
5914: posts big blind $3
*** HOLE CARDS ***
Chessnok: raises $3 to $6
5914: raises $3 to $9
Chessnok: calls $3
*** FLOP *** [Qd Kd Tc]
5914: bets $3
Chessnok: folds
Uncalled bet ($3) returned to 5914
5914 collected $17.64 from pot
5914: doesn't show hand
*** SUMMARY ***
Total pot $18 | Rake $0.36
Board [Qd Kd Tc]
Seat 1: 5914 (big blind) collected ($17.64)
Seat 3: Chessnok (button) (small blind) folded on the Flop


PokerStars Hand #148069277645:  Hold'em Limit ($3/$6 USD) - 2016/02/01 15:15:17 ET
Table 'Terradas' 6-max Seat #1 is the button
Seat 1: 5914 ($12.17 in chips)
Seat 3: Chessnok ($153.48 in chips)
5914: posts small blind $1
Chessnok: posts big blind $3
*** HOLE CARDS ***
5914: folds
Uncalled bet ($2) returned to Chessnok
Chessnok collected $2 from pot
Chessnok: doesn't show hand
*** SUMMARY ***
Total pot $2 | Rake $0
Seat 1: 5914 (button) (small blind) folded before Flop
Seat 3: Chessnok (big blind) collected ($2)


PokerStars Hand #148069249613:  Hold'em Limit ($3/$6 USD) - 2016/02/01 15:14:53 ET
Table 'Terradas' 6-max Seat #3 is the button
Seat 1: 5914 ($18.17 in chips)
Seat 3: Chessnok ($147.72 in chips)
Chessnok: posts small blind $1
5914: posts big blind $3
*** HOLE CARDS ***
Chessnok: raises $3 to $6
5914: calls $3
*** FLOP *** [Ah 2d Jh]
5914: checks
Chessnok: bets $3
5914: folds
Uncalled bet ($3) returned to Chessnok
Chessnok collected $11.76 from pot
Chessnok: doesn't show hand
*** SUMMARY ***
Total pot $12 | Rake $0.24
Board [Ah 2d Jh]
Seat 1: 5914 (big blind) folded on the Flop
Seat 3: Chessnok (button) (small blind) collected ($11.76)


PokerStars Hand #148069361981:  Hold'em Limit ($3/$6 USD) - 2016/02/01 15:16:29 ET
Table 'Terradas' 6-max Seat #1 is the button
Seat 1: 5914 ($17.65 in chips)
Seat 3: Chessnok ($147.07 in chips)
5914: posts small blind $1
Chessnok: posts big blind $3
*** HOLE CARDS ***
5914: raises $3 to $6
Chessnok: folds
Uncalled bet ($3) returned to 5914
5914 collected $6 from pot
5914: doesn't show hand
*** SUMMARY ***
Total pot $6 | Rake $0
Seat 1: 5914 (button) (small blind) collected ($6)
Seat 3: Chessnok (big blind) folded before Flop


PokerStars Hand #148069350543:  Hold'em Limit ($3/$6 USD) - 2016/02/01 15:16:19 ET
Table 'Terradas' 6-max Seat #3 is the button
Seat 1: 5914 ($23.65 in chips)
Seat 3: Chessnok ($141.31 in chips)
Chessnok: posts small blind $1
5914: posts big blind $3
*** HOLE CARDS ***
Chessnok: raises $3 to $6
5914: calls $3
*** FLOP *** [Kh 2s Qh]
5914: checks
Chessnok: bets $3
5914: folds
Uncalled bet ($3) returned to Chessnok
Chessnok collected $11.76 from pot
Chessnok: doesn't show hand
*** SUMMARY ***
Total pot $12 | Rake $0.24
Board [Kh 2s Qh]
Seat 1: 5914 (big blind) folded on the Flop
Seat 3: Chessnok (button) (small blind) collected ($11.76)


PokerStars Hand #148069369170:  Hold'em Limit ($3/$6 USD) - 2016/02/01 15:16:35 ET
Table 'Terradas' 6-max Seat #3 is the button
Seat 1: 5914 ($20.65 in chips)
Seat 3: Chessnok ($144.07 in chips)
Chessnok: posts small blind $1
5914: posts big blind $3
*** HOLE CARDS ***
Chessnok: folds
Uncalled bet ($2) returned to 5914
5914 collected $2 from pot
5914: doesn't show hand
*** SUMMARY ***
Total pot $2 | Rake $0
Seat 1: 5914 (big blind) collected ($2)
Seat 3: Chessnok (button) (small blind) folded before Flop


PokerStars Hand #148069387875:  Hold'em Limit ($3/$6 USD) - 2016/02/01 15:16:51 ET
Table 'Terradas' 6-max Seat #3 is the button
Seat 1: 5914 ($27.41 in chips)
Seat 3: Chessnok ($137.07 in chips)
Chessnok: posts small blind $1
5914: posts big blind $3
*** HOLE CARDS ***
Chessnok: raises $3 to $6
5914: folds
Uncalled bet ($3) returned to Chessnok
Chessnok collected $6 from pot
Chessnok: doesn't show hand
*** SUMMARY ***
Total pot $6 | Rake $0
Seat 1: 5914 (big blind) folded before Flop
Seat 3: Chessnok (button) (small blind) collected ($6)


PokerStars Hand #148069376005:  Hold'em Limit ($3/$6 USD) - 2016/02/01 15:16:41 ET
Table 'Terradas' 6-max Seat #1 is the button
Seat 1: 5914 ($21.65 in chips)
Seat 3: Chessnok ($143.07 in chips)
5914: posts small blind $1
Chessnok: posts big blind $3
*** HOLE CARDS ***
5914: raises $3 to $6
Chessnok: calls $3
*** FLOP *** [3c 2h 7c]
Chessnok: checks
5914: bets $3
Chessnok: folds
Uncalled bet ($3) returned to 5914
5914 collected $11.76 from pot
5914: doesn't show hand
*** SUMMARY ***
Total pot $12 | Rake $0.24
Board [3c 2h 7c]
Seat 1: 5914 (button) (small blind) collected ($11.76)
Seat 3: Chessnok (big blind) folded on the Flop


PokerStars Hand #148069394048:  Hold'em Limit ($3/$6 USD) - 2016/02/01 15:16:57 ET
Table 'Terradas' 6-max Seat #1 is the button
Seat 1: 5914 ($24.41 in chips)
Seat 3: Chessnok ($140.07 in chips)
5914: posts small blind $1
Chessnok: posts big blind $3
*** HOLE CARDS ***
5914: folds
Uncalled bet ($2) returned to Chessnok
Chessnok collected $2 from pot
Chessnok: doesn't show hand
*** SUMMARY ***
Total pot $2 | Rake $0
Seat 1: 5914 (button) (small blind) folded before Flop
Seat 3: Chessnok (big blind) collected ($2)


PokerStars Hand #148069399758:  Hold'em Limit ($3/$6 USD) - 2016/02/01 15:17:02 ET
Table 'Terradas' 6-max Seat #3 is the button
Seat 1: 5914 ($23.41 in chips)
Seat 3: Chessnok ($141.07 in chips)
Chessnok: posts small blind $1
5914: posts big blind $3
*** HOLE CARDS ***
Chessnok: raises $3 to $6
5914: raises $3 to $9
Chessnok: calls $3
*** FLOP *** [Td 7c 4c]
5914: bets $3
Chessnok: calls $3
*** TURN *** [Td 7c 4c] [Qd]
5914: checks
Chessnok: checks
*** RIVER *** [Td 7c 4c Qd] [4h]
5914: bets $6
Chessnok: folds
Uncalled bet ($6) returned to 5914
5914 collected $23.52 from pot
5914: doesn't show hand
*** SUMMARY ***
Total pot $24 | Rake $0.48
Board [Td 7c 4c Qd 4h]
Seat 1: 5914 (big blind) collected ($23.52)
Seat 3: Chessnok (button) (small blind) folded on the River


PokerStars Hand #148069345103:  Hold'em Limit ($3/$6 USD) - 2016/02/01 15:16:15 ET
Table 'Terradas' 6-max Seat #1 is the button
Seat 1: 5914 ($24.65 in chips)
Seat 3: Chessnok ($140.31 in chips)
5914: posts small blind $1
Chessnok: posts big blind $3
*** HOLE CARDS ***
5914: folds
Uncalled bet ($2) returned to Chessnok
Chessnok collected $2 from pot
Chessnok: doesn't show hand
*** SUMMARY ***
Total pot $2 | Rake $0
Seat 1: 5914 (button) (small blind) folded before Flop
Seat 3: Chessnok (big blind) collected ($2)


PokerStars Hand #148069418535:  Hold'em Limit ($3/$6 USD) - 2016/02/01 15:17:18 ET
Table 'Terradas' 6-max Seat #1 is the button
Seat 1: 5914 ($34.93 in chips)
Seat 3: Chessnok ($129.07 in chips)
5914: posts small blind $1
Chessnok: posts big blind $3
*** HOLE CARDS ***
5914: raises $3 to $6
Chessnok: raises $3 to $9
5914: calls $3
*** FLOP *** [6h Kh 2h]
Chessnok: bets $3
5914: raises $3 to $6
Chessnok: raises $3 to $9
5914: raises $3 to $12
Betting is capped
Chessnok: calls $3
*** TURN *** [6h Kh 2h] [9d]
Chessnok: checks
5914: bets $6
Chessnok: calls $6
*** RIVER *** [6h Kh 2h 9d] [4c]
Chessnok: checks
5914: bets $6
Chessnok: calls $6
*** SHOW DOWN ***
5914: shows [2c 2s] (three of a kind, Deuces)
Chessnok: mucks hand
5914 collected $65.50 from pot
*** SUMMARY ***
Total pot $66 | Rake $0.50
Board [6h Kh 2h 9d 4c]
Seat 1: 5914 (button) (small blind) showed [2c 2s] and won ($65.50) with three of a kind, Deuces
Seat 3: Chessnok (big blind) mucked


PokerStars Hand #148069455024:  Hold'em Limit ($3/$6 USD) - 2016/02/01 15:17:49 ET
Table 'Terradas' 6-max Seat #1 is the button
Seat 1: 5914 ($68.43 in chips)
Seat 3: Chessnok ($95.07 in chips)
5914: posts small blind $1
Chessnok: posts big blind $3
*** HOLE CARDS ***
5914: folds
Uncalled bet ($2) returned to Chessnok
Chessnok collected $2 from pot
Chessnok: doesn't show hand
*** SUMMARY ***
Total pot $2 | Rake $0
Seat 1: 5914 (button) (small blind) folded before Flop
Seat 3: Chessnok (big blind) collected ($2)


PokerStars Hand #148069448630:  Hold'em Limit ($3/$6 USD) - 2016/02/01 15:17:44 ET
Table 'Terradas' 6-max Seat #3 is the button
Seat 1: 5914 ($67.43 in chips)
Seat 3: Chessnok ($96.07 in chips)
Chessnok: posts small blind $1
5914: posts big blind $3
*** HOLE CARDS ***
Chessnok: folds
Uncalled bet ($2) returned to 5914
5914 collected $2 from pot
5914: doesn't show hand
*** SUMMARY ***
Total pot $2 | Rake $0
Seat 1: 5914 (big blind) collected ($2)
Seat 3: Chessnok (button) (small blind) folded before Flop


PokerStars Hand #148069460516:  Hold'em Limit ($3/$6 USD) - 2016/02/01 15:17:54 ET
Table 'Terradas' 6-max Seat #3 is the button
Seat 1: 5914 ($67.43 in chips)
Seat 3: Chessnok ($96.07 in chips)
Chessnok: posts small blind $1
5914: posts big blind $3
*** HOLE CARDS ***
Chessnok: folds
Uncalled bet ($2) returned to 5914
5914 collected $2 from pot
5914: doesn't show hand
*** SUMMARY ***
Total pot $2 | Rake $0
Seat 1: 5914 (big blind) collected ($2)
Seat 3: Chessnok (button) (small blind) folded before Flop


PokerStars Hand #148069480884:  Hold'em Limit ($3/$6 USD) - 2016/02/01 15:18:12 ET
Table 'Terradas' 6-max Seat #3 is the button
Seat 1: 5914 ($59.43 in chips)
Seat 3: Chessnok ($103.71 in chips)
Chessnok: posts small blind $1
5914: posts big blind $3
*** HOLE CARDS ***
Chessnok: raises $3 to $6
5914: folds
Uncalled bet ($3) returned to Chessnok
Chessnok collected $6 from pot
Chessnok: doesn't show hand
*** SUMMARY ***
Total pot $6 | Rake $0
Seat 1: 5914 (big blind) folded before Flop
Seat 3: Chessnok (button) (small blind) collected ($6)


PokerStars Hand #148069466235:  Hold'em Limit ($3/$6 USD) - 2016/02/01 15:17:59 ET
Table 'Terradas' 6-max Seat #1 is the button
Seat 1: 5914 ($68.43 in chips)
Seat 3: Chessnok ($95.07 in chips)
5914: posts small blind $1
Chessnok: posts big blind $3
*** HOLE CARDS ***
5914: raises $3 to $6
Chessnok: calls $3
*** FLOP *** [9c 7s 8d]
Chessnok: checks
5914: bets $3
Chessnok: raises $3 to $6
5914: folds
Uncalled bet ($3) returned to Chessnok
Chessnok collected $17.64 from pot
Chessnok: doesn't show hand
*** SUMMARY ***
Total pot $18 | Rake $0.36
Board [9c 7s 8d]
Seat 1: 5914 (button) (small blind) folded on the Flop
Seat 3: Chessnok (big blind) collected ($17.64)


PokerStars Hand #148069498577:  Hold'em Limit ($3/$6 USD) - 2016/02/01 15:18:27 ET
Table 'Terradas' 6-max Seat #3 is the button
Seat 1: 5914 ($62.19 in chips)
Seat 3: Chessnok ($100.71 in chips)
Chessnok: posts small blind $1
5914: posts big blind $3
*** HOLE CARDS ***
Chessnok: raises $3 to $6
5914: calls $3
*** FLOP *** [Qd 2s Tc]
5914: checks
Chessnok: bets $3
5914: calls $3
*** TURN *** [Qd 2s Tc] [Ah]
5914: checks
Chessnok: checks
*** RIVER *** [Qd 2s Tc Ah] [8c]
5914: bets $6
Chessnok: folds
Uncalled bet ($6) returned to 5914
5914 collected $17.64 from pot
5914: doesn't show hand
*** SUMMARY ***
Total pot $18 | Rake $0.36
Board [Qd 2s Tc Ah 8c]
Seat 1: 5914 (big blind) collected ($17.64)
Seat 3: Chessnok (button) (small blind) folded on the River


PokerStars Hand #148069526029:  Hold'em Limit ($3/$6 USD) - 2016/02/01 15:18:51 ET
Table 'Terradas' 6-max Seat #3 is the button
Seat 1: 5914 ($69.83 in chips)
Seat 3: Chessnok ($92.71 in chips)
Chessnok: posts small blind $1
5914: posts big blind $3
*** HOLE CARDS ***
Chessnok: folds
Uncalled bet ($2) returned to 5914
5914 collected $2 from pot
5914: doesn't show hand
*** SUMMARY ***
Total pot $2 | Rake $0
Seat 1: 5914 (big blind) collected ($2)
Seat 3: Chessnok (button) (small blind) folded before Flop


PokerStars Hand #148069520729:  Hold'em Limit ($3/$6 USD) - 2016/02/01 15:18:46 ET
Table 'Terradas' 6-max Seat #1 is the button
Seat 1: 5914 ($70.83 in chips)
Seat 3: Chessnok ($91.71 in chips)
5914: posts small blind $1
Chessnok: posts big blind $3
*** HOLE CARDS ***
5914: folds
Uncalled bet ($2) returned to Chessnok
Chessnok collected $2 from pot
Chessnok: doesn't show hand
*** SUMMARY ***
Total pot $2 | Rake $0
Seat 1: 5914 (button) (small blind) folded before Flop
Seat 3: Chessnok (big blind) collected ($2)


PokerStars Hand #148069530609:  Hold'em Limit ($3/$6 USD) - 2016/02/01 15:18:55 ET
Table 'Terradas' 6-max Seat #1 is the button
Seat 1: 5914 ($70.83 in chips)
Seat 3: Chessnok ($91.71 in chips)
5914: posts small blind $1
Chessnok: posts big blind $3
*** HOLE CARDS ***
5914: raises $3 to $6
Chessnok: calls $3
*** FLOP *** [Th 3d Tc]
Chessnok: checks
5914: checks
*** TURN *** [Th 3d Tc] [6h]
Chessnok: bets $6
5914: calls $6
*** RIVER *** [Th 3d Tc 6h] [4h]
Chessnok: checks
5914: bets $6
Chessnok: calls $6
*** SHOW DOWN ***
5914: shows [8d 6s] (two pair, Tens and Sixes)
Chessnok: mucks hand
5914 collected $35.50 from pot
*** SUMMARY ***
Total pot $36 | Rake $0.50
Board [Th 3d Tc 6h 4h]
Seat 1: 5914 (button) (small blind) showed [8d 6s] and won ($35.50) with two pair, Tens and Sixes
Seat 3: Chessnok (big blind) mucked


PokerStars Hand #148069546566:  Hold'em Limit ($3/$6 USD) - 2016/02/01 15:19:09 ET
Table 'Terradas' 6-max Seat #3 is the button
Seat 1: 5914 ($88.33 in chips)
Seat 3: Chessnok ($73.71 in chips)
Chessnok: posts small blind $1
5914: posts big blind $3
*** HOLE CARDS ***
Chessnok: raises $3 to $6
5914: folds
Uncalled bet ($3) returned to Chessnok
Chessnok collected $6 from pot
Chessnok: doesn't show hand
*** SUMMARY ***
Total pot $6 | Rake $0
Seat 1: 5914 (big blind) folded before Flop
Seat 3: Chessnok (button) (small blind) collected ($6)


PokerStars Hand #148069486604:  Hold'em Limit ($3/$6 USD) - 2016/02/01 15:18:17 ET
Table 'Terradas' 6-max Seat #1 is the button
Seat 1: 5914 ($56.43 in chips)
Seat 3: Chessnok ($106.71 in chips)
5914: posts small blind $1
Chessnok: posts big blind $3
*** HOLE CARDS ***
5914: raises $3 to $6
Chessnok: calls $3
*** FLOP *** [Td As 5d]
Chessnok: checks
5914: bets $3
Chessnok: folds
Uncalled bet ($3) returned to 5914
5914 collected $11.76 from pot
5914: doesn't show hand
*** SUMMARY ***
Total pot $12 | Rake $0.24
Board [Td As 5d]
Seat 1: 5914 (button) (small blind) collected ($11.76)
Seat 3: Chessnok (big blind) folded on the Flop


PokerStars Hand #148069573240:  Hold'em Limit ($3/$6 USD) - 2016/02/01 15:19:32 ET
Table 'Terradas' 6-max Seat #3 is the button
Seat 1: 5914 ($67.33 in chips)
Seat 3: Chessnok ($94.21 in chips)
Chessnok: posts small blind $1
5914: posts big blind $3
*** HOLE CARDS ***
Chessnok: raises $3 to $6
5914: folds
Uncalled bet ($3) returned to Chessnok
Chessnok collected $6 from pot
Chessnok: doesn't show hand
*** SUMMARY ***
Total pot $6 | Rake $0
Seat 1: 5914 (big blind) folded before Flop
Seat 3: Chessnok (button) (small blind) collected ($6)


PokerStars Hand #148069557032:  Hold'em Limit ($3/$6 USD) - 2016/02/01 15:19:18 ET
Table 'Terradas' 6-max Seat #1 is the button
Seat 1: 5914 ($85.33 in chips)
Seat 3: Chessnok ($76.71 in chips)
5914: posts small blind $1
Chessnok: posts big blind $3
*** HOLE CARDS ***
5914: raises $3 to $6
Chessnok: calls $3
*** FLOP *** [4d 6d 9s]
Chessnok: checks
5914: bets $3
Chessnok: raises $3 to $6
5914: calls $3
*** TURN *** [4d 6d 9s] [Kh]
Chessnok: bets $6
5914: calls $6
*** RIVER *** [4d 6d 9s Kh] [6c]
Chessnok: bets $6
5914: folds
Uncalled bet ($6) returned to Chessnok
Chessnok collected $35.50 from pot
Chessnok: doesn't show hand
*** SUMMARY ***
Total pot $36 | Rake $0.50
Board [4d 6d 9s Kh 6c]
Seat 1: 5914 (button) (small blind) folded on the River
Seat 3: Chessnok (big blind) collected ($35.50)


PokerStars Hand #148069580814:  Hold'em Limit ($3/$6 USD) - 2016/02/01 15:19:38 ET
Table 'Terradas' 6-max Seat #1 is the button
Seat 1: 5914 ($64.33 in chips)
Seat 3: Chessnok ($97.21 in chips)
5914: posts small blind $1
Chessnok: posts big blind $3
*** HOLE CARDS ***
5914: folds
Uncalled bet ($2) returned to Chessnok
Chessnok collected $2 from pot
Chessnok: doesn't show hand
*** SUMMARY ***
Total pot $2 | Rake $0
Seat 1: 5914 (button) (small blind) folded before Flop
Seat 3: Chessnok (big blind) collected ($2)


PokerStars Hand #148069586305:  Hold'em Limit ($3/$6 USD) - 2016/02/01 15:19:43 ET
Table 'Terradas' 6-max Seat #3 is the button
Seat 1: 5914 ($63.33 in chips)
Seat 3: Chessnok ($98.21 in chips)
Chessnok: posts small blind $1
5914: posts big blind $3
*** HOLE CARDS ***
Chessnok: raises $3 to $6
5914: calls $3
*** FLOP *** [6h Ks 4d]
5914: checks
Chessnok: bets $3
5914: calls $3
*** TURN *** [6h Ks 4d] [7c]
5914: checks
Chessnok: checks
*** RIVER *** [6h Ks 4d 7c] [Js]
5914: checks
Chessnok: bets $6
5914: raises $6 to $12
Chessnok: calls $6
*** SHOW DOWN ***
5914: shows [Kc 2h] (a pair of Kings)
Chessnok: mucks hand
5914 collected $41.50 from pot
*** SUMMARY ***
Total pot $42 | Rake $0.50
Board [6h Ks 4d 7c Js]
Seat 1: 5914 (big blind) showed [Kc 2h] and won ($41.50) with a pair of Kings
Seat 3: Chessnok (button) (small blind) mucked


PokerStars Hand #148069614066:  Hold'em Limit ($3/$6 USD) - 2016/02/01 15:20:07 ET
Table 'Terradas' 6-max Seat #1 is the button
Seat 1: 5914 ($83.83 in chips)
Seat 3: Chessnok ($77.21 in chips)
5914: posts small blind $1
Chessnok: posts big blind $3
*** HOLE CARDS ***
5914: folds
Uncalled bet ($2) returned to Chessnok
Chessnok collected $2 from pot
Chessnok: doesn't show hand
*** SUMMARY ***
Total pot $2 | Rake $0
Seat 1: 5914 (button) (small blind) folded before Flop
Seat 3: Chessnok (big blind) collected ($2)


PokerStars Hand #148069623206:  Hold'em Limit ($3/$6 USD) - 2016/02/01 15:20:15 ET
Table 'Terradas' 6-max Seat #3 is the button
Seat 1: 5914 ($82.83 in chips)
Seat 3: Chessnok ($78.21 in chips)
Chessnok: posts small blind $1
5914: posts big blind $3
*** HOLE CARDS ***
Chessnok: folds
Uncalled bet ($2) returned to 5914
5914 collected $2 from pot
5914: doesn't show hand
*** SUMMARY ***
Total pot $2 | Rake $0
Seat 1: 5914 (big blind) collected ($2)
Seat 3: Chessnok (button) (small blind) folded before Flop


PokerStars Hand #148069630129:  Hold'em Limit ($3/$6 USD) - 2016/02/01 15:20:21 ET
Table 'Terradas' 6-max Seat #1 is the button
Seat 1: 5914 ($83.83 in chips)
Seat 3: Chessnok ($77.21 in chips)
5914: posts small blind $1
Chessnok: posts big blind $3
*** HOLE CARDS ***
5914: raises $3 to $6
Chessnok: raises $3 to $9
5914: raises $3 to $12
Betting is capped
Chessnok: calls $3
*** FLOP *** [As 2s 4h]
Chessnok: checks
5914: bets $3
Chessnok: folds
Uncalled bet ($3) returned to 5914
5914 collected $23.52 from pot
5914: doesn't show hand
*** SUMMARY ***
Total pot $24 | Rake $0.48
Board [As 2s 4h]
Seat 1: 5914 (button) (small blind) collected ($23.52)
Seat 3: Chessnok (big blind) folded on the Flop


PokerStars Hand #148069643918:  Hold'em Limit ($3/$6 USD) - 2016/02/01 15:20:33 ET
Table 'Terradas' 6-max Seat #3 is the button
Seat 1: 5914 ($95.35 in chips)
Seat 3: Chessnok ($65.21 in chips)
Chessnok: posts small blind $1
5914: posts big blind $3
*** HOLE CARDS ***
Chessnok: raises $3 to $6
5914: calls $3
*** FLOP *** [Jc 4c 2d]
5914: checks
Chessnok: bets $3
5914: folds
Uncalled bet ($3) returned to Chessnok
Chessnok collected $11.76 from pot
Chessnok: doesn't show hand
*** SUMMARY ***
Total pot $12 | Rake $0.24
Board [Jc 4c 2d]
Seat 1: 5914 (big blind) folded on the Flop
Seat 3: Chessnok (button) (small blind) collected ($11.76)


PokerStars Hand #148069663994:  Hold'em Limit ($3/$6 USD) - 2016/02/01 15:20:50 ET
Table 'Terradas' 6-max Seat #1 is the button
Seat 1: 5914 ($89.35 in chips)
Seat 3: Chessnok ($70.97 in chips)
5914: posts small blind $1
Chessnok: posts big blind $3
*** HOLE CARDS ***
5914: raises $3 to $6
Chessnok: raises $3 to $9
5914: calls $3
*** FLOP *** [Qs 8c 8h]
Chessnok: bets $3
5914: calls $3
*** TURN *** [Qs 8c 8h] [5d]
Chessnok: bets $6
5914: calls $6
*** RIVER *** [Qs 8c 8h 5d] [6c]
Chessnok: bets $6
5914: calls $6
*** SHOW DOWN ***
Chessnok: shows [Jc Ah] (a pair of Eights)
5914: mucks hand
Chessnok collected $47.50 from pot
*** SUMMARY ***
Total pot $48 | Rake $0.50
Board [Qs 8c 8h 5d 6c]
Seat 1: 5914 (button) (small blind) mucked
Seat 3: Chessnok (big blind) showed [Jc Ah] and won ($47.50) with a pair of Eights


PokerStars Hand #148069687516:  Hold'em Limit ($3/$6 USD) - 2016/02/01 15:21:10 ET
Table 'Terradas' 6-max Seat #1 is the button
Seat 1: 5914 ($62.35 in chips)
Seat 3: Chessnok ($97.47 in chips)
5914: posts small blind $1
Chessnok: posts big blind $3
*** HOLE CARDS ***
5914: raises $3 to $6
Chessnok: folds
Uncalled bet ($3) returned to 5914
5914 collected $6 from pot
5914: doesn't show hand
*** SUMMARY ***
Total pot $6 | Rake $0
Seat 1: 5914 (button) (small blind) collected ($6)
Seat 3: Chessnok (big blind) folded before Flop


PokerStars Hand #148069681034:  Hold'em Limit ($3/$6 USD) - 2016/02/01 15:21:05 ET
Table 'Terradas' 6-max Seat #3 is the button
Seat 1: 5914 ($65.35 in chips)
Seat 3: Chessnok ($94.47 in chips)
Chessnok: posts small blind $1
5914: posts big blind $3
*** HOLE CARDS ***
Chessnok: raises $3 to $6
5914: folds
Uncalled bet ($3) returned to Chessnok
Chessnok collected $6 from pot
Chessnok: doesn't show hand
*** SUMMARY ***
Total pot $6 | Rake $0
Seat 1: 5914 (big blind) folded before Flop
Seat 3: Chessnok (button) (small blind) collected ($6)


PokerStars Hand #148069696401:  Hold'em Limit ($3/$6 USD) - 2016/02/01 15:21:18 ET
Table 'Terradas' 6-max Seat #3 is the button
Seat 1: 5914 ($65.35 in chips)
Seat 3: Chessnok ($94.47 in chips)
Chessnok: posts small blind $1
5914: posts big blind $3
*** HOLE CARDS ***
Chessnok: raises $3 to $6
5914: raises $3 to $9
Chessnok: calls $3
*** FLOP *** [8h Qd Ad]
5914: bets $3
Chessnok: calls $3
*** TURN *** [8h Qd Ad] [6c]
5914: checks
Chessnok: checks
*** RIVER *** [8h Qd Ad 6c] [9c]
5914: checks
Chessnok: checks
*** SHOW DOWN ***
5914: shows [3h Ts] (high card Ace)
Chessnok: shows [Kh Jc] (high card Ace - King kicker)
Chessnok collected $23.52 from pot
*** SUMMARY ***
Total pot $24 | Rake $0.48
Board [8h Qd Ad 6c 9c]
Seat 1: 5914 (big blind) showed [3h Ts] and lost with high card Ace
Seat 3: Chessnok (button) (small blind) showed [Kh Jc] and won ($23.52) with high card Ace


PokerStars Hand #148069724805:  Hold'em Limit ($3/$6 USD) - 2016/02/01 15:21:42 ET
Table 'Terradas' 6-max Seat #3 is the button
Seat 1: 5914 ($52.35 in chips)
Seat 3: Chessnok ($106.99 in chips)
Chessnok: posts small blind $1
5914: posts big blind $3
*** HOLE CARDS ***
Chessnok: folds
Uncalled bet ($2) returned to 5914
5914 collected $2 from pot
5914: doesn't show hand
*** SUMMARY ***
Total pot $2 | Rake $0
Seat 1: 5914 (big blind) collected ($2)
Seat 3: Chessnok (button) (small blind) folded before Flop


PokerStars Hand #148069718551:  Hold'em Limit ($3/$6 USD) - 2016/02/01 15:21:37 ET
Table 'Terradas' 6-max Seat #1 is the button
Seat 1: 5914 ($53.35 in chips)
Seat 3: Chessnok ($105.99 in chips)
5914: posts small blind $1
Chessnok: posts big blind $3
*** HOLE CARDS ***
5914: folds
Uncalled bet ($2) returned to Chessnok
Chessnok collected $2 from pot
Chessnok: doesn't show hand
*** SUMMARY ***
Total pot $2 | Rake $0
Seat 1: 5914 (button) (small blind) folded before Flop
Seat 3: Chessnok (big blind) collected ($2)


PokerStars Hand #148069729425:  Hold'em Limit ($3/$6 USD) - 2016/02/01 15:21:46 ET
Table 'Terradas' 6-max Seat #1 is the button
Seat 1: 5914 ($53.35 in chips)
Seat 3: Chessnok ($105.99 in chips)
5914: posts small blind $1
Chessnok: posts big blind $3
*** HOLE CARDS ***
5914: raises $3 to $6
Chessnok: calls $3
*** FLOP *** [Ah Ac Ad]
Chessnok: checks
5914: checks
*** TURN *** [Ah Ac Ad] [7s]
Chessnok: checks
5914: checks
*** RIVER *** [Ah Ac Ad 7s] [Jd]
Chessnok: checks
5914: checks
*** SHOW DOWN ***
Chessnok: shows [6s 8h] (three of a kind, Aces)
5914: mucks hand
Chessnok collected $11.76 from pot
*** SUMMARY ***
Total pot $12 | Rake $0.24
Board [Ah Ac Ad 7s Jd]
Seat 1: 5914 (button) (small blind) mucked
Seat 3: Chessnok (big blind) showed [6s 8h] and won ($11.76) with three of a kind, Aces


PokerStars Hand #148069808569:  Hold'em Limit ($3/$6 USD) - 2016/02/01 15:22:54 ET
Table 'Terradas' 6-max Seat #1 is the button
Seat 1: 5914 ($62.85 in chips)
Seat 3: Chessnok ($95.75 in chips)
5914: posts small blind $1
Chessnok: posts big blind $3
*** HOLE CARDS ***
5914: raises $3 to $6
Chessnok: calls $3
*** FLOP *** [Jc 3h 7s]
Chessnok: checks
5914: checks
*** TURN *** [Jc 3h 7s] [7h]
Chessnok: bets $6
5914: calls $6
*** RIVER *** [Jc 3h 7s 7h] [Qc]
Chessnok: bets $6
5914: folds
Uncalled bet ($6) returned to Chessnok
Chessnok collected $23.52 from pot
Chessnok: doesn't show hand
*** SUMMARY ***
Total pot $24 | Rake $0.48
Board [Jc 3h 7s 7h Qc]
Seat 1: 5914 (button) (small blind) folded on the River
Seat 3: Chessnok (big blind) collected ($23.52)


PokerStars Hand #148069769719:  Hold'em Limit ($3/$6 USD) - 2016/02/01 15:22:21 ET
Table 'Terradas' 6-max Seat #1 is the button
Seat 1: 5914 ($44.35 in chips)
Seat 3: Chessnok ($114.75 in chips)
5914: posts small blind $1
Chessnok: posts big blind $3
*** HOLE CARDS ***
5914: folds
Uncalled bet ($2) returned to Chessnok
Chessnok collected $2 from pot
Chessnok: doesn't show hand
*** SUMMARY ***
Total pot $2 | Rake $0
Seat 1: 5914 (button) (small blind) folded before Flop
Seat 3: Chessnok (big blind) collected ($2)


PokerStars Hand #148069753593:  Hold'em Limit ($3/$6 USD) - 2016/02/01 15:22:07 ET
Table 'Terradas' 6-max Seat #3 is the button
Seat 1: 5914 ($47.35 in chips)
Seat 3: Chessnok ($111.75 in chips)
Chessnok: posts small blind $1
5914: posts big blind $3
*** HOLE CARDS ***
Chessnok: raises $3 to $6
5914: folds
Uncalled bet ($3) returned to Chessnok
Chessnok collected $6 from pot
Chessnok: doesn't show hand
*** SUMMARY ***
Total pot $6 | Rake $0
Seat 1: 5914 (big blind) folded before Flop
Seat 3: Chessnok (button) (small blind) collected ($6)


PokerStars Hand #148069796040:  Hold'em Limit ($3/$6 USD) - 2016/02/01 15:22:43 ET
Table 'Terradas' 6-max Seat #1 is the button
Seat 1: 5914 ($66.85 in chips)
Seat 3: Chessnok ($91.75 in chips)
5914: posts small blind $1
Chessnok: posts big blind $3
*** HOLE CARDS ***
5914: folds
Uncalled bet ($2) returned to Chessnok
Chessnok collected $2 from pot
Chessnok: doesn't show hand
*** SUMMARY ***
Total pot $2 | Rake $0
Seat 1: 5914 (button) (small blind) folded before Flop
Seat 3: Chessnok (big blind) collected ($2)


PokerStars Hand #148069777548:  Hold'em Limit ($3/$6 USD) - 2016/02/01 15:22:28 ET
Table 'Terradas' 6-max Seat #3 is the button
Seat 1: 5914 ($43.35 in chips)
Seat 3: Chessnok ($115.75 in chips)
Chessnok: posts small blind $1
5914: posts big blind $3
*** HOLE CARDS ***
Chessnok: raises $3 to $6
5914: calls $3
*** FLOP *** [6c Ts Qd]
5914: checks
Chessnok: bets $3
5914: raises $3 to $6
Chessnok: calls $3
*** TURN *** [6c Ts Qd] [9h]
5914: bets $6
Chessnok: calls $6
*** RIVER *** [6c Ts Qd 9h] [8d]
5914: bets $6
Chessnok: calls $6
*** SHOW DOWN ***
5914: shows [9d Jh] (a straight, Eight to Queen)
Chessnok: mucks hand
5914 collected $47.50 from pot
*** SUMMARY ***
Total pot $48 | Rake $0.50
Board [6c Ts Qd 9h 8d]
Seat 1: 5914 (big blind) showed [9d Jh] and won ($47.50) with a straight, Eight to Queen
Seat 3: Chessnok (button) (small blind) mucked


PokerStars Hand #148069801985:  Hold'em Limit ($3/$6 USD) - 2016/02/01 15:22:49 ET
Table 'Terradas' 6-max Seat #3 is the button
Seat 1: 5914 ($65.85 in chips)
Seat 3: Chessnok ($92.75 in chips)
Chessnok: posts small blind $1
5914: posts big blind $3
*** HOLE CARDS ***
Chessnok: raises $3 to $6
5914: folds
Uncalled bet ($3) returned to Chessnok
Chessnok collected $6 from pot
Chessnok: doesn't show hand
*** SUMMARY ***
Total pot $6 | Rake $0
Seat 1: 5914 (big blind) folded before Flop
Seat 3: Chessnok (button) (small blind) collected ($6)


PokerStars Hand #148069850394:  Hold'em Limit ($3/$6 USD) - 2016/02/01 15:23:31 ET
Table 'Terradas' 6-max Seat #3 is the button
Seat 1: 5914 ($65.37 in chips)
Seat 3: Chessnok ($92.27 in chips)
Chessnok: posts small blind $1
5914: posts big blind $3
*** HOLE CARDS ***
Chessnok: folds
Uncalled bet ($2) returned to 5914
5914 collected $2 from pot
5914: doesn't show hand
*** SUMMARY ***
Total pot $2 | Rake $0
Seat 1: 5914 (big blind) collected ($2)
Seat 3: Chessnok (button) (small blind) folded before Flop


PokerStars Hand #148069843972:  Hold'em Limit ($3/$6 USD) - 2016/02/01 15:23:25 ET
Table 'Terradas' 6-max Seat #1 is the button
Seat 1: 5914 ($62.37 in chips)
Seat 3: Chessnok ($95.27 in chips)
5914: posts small blind $1
Chessnok: posts big blind $3
*** HOLE CARDS ***
5914: raises $3 to $6
Chessnok: folds
Uncalled bet ($3) returned to 5914
5914 collected $6 from pot
5914: doesn't show hand
*** SUMMARY ***
Total pot $6 | Rake $0
Seat 1: 5914 (button) (small blind) collected ($6)
Seat 3: Chessnok (big blind) folded before Flop


PokerStars Hand #148069855481:  Hold'em Limit ($3/$6 USD) - 2016/02/01 15:23:35 ET
Table 'Terradas' 6-max Seat #1 is the button
Seat 1: 5914 ($66.37 in chips)
Seat 3: Chessnok ($91.27 in chips)
5914: posts small blind $1
Chessnok: posts big blind $3
*** HOLE CARDS ***
5914: calls $2
Chessnok: raises $3 to $6
5914: calls $3
*** FLOP *** [8d 2d 3d]
Chessnok: bets $3
5914: calls $3
*** TURN *** [8d 2d 3d] [Qc]
Chessnok: checks
5914: checks
*** RIVER *** [8d 2d 3d Qc] [7c]
Chessnok: checks
5914: bets $6
Chessnok: calls $6
*** SHOW DOWN ***
5914: shows [6d 7s] (a pair of Sevens)
Chessnok: mucks hand
5914 collected $29.50 from pot
*** SUMMARY ***
Total pot $30 | Rake $0.50
Board [8d 2d 3d Qc 7c]
Seat 1: 5914 (button) (small blind) showed [6d 7s] and won ($29.50) with a pair of Sevens
Seat 3: Chessnok (big blind) mucked


PokerStars Hand #148069878219:  Hold'em Limit ($3/$6 USD) - 2016/02/01 15:23:54 ET
Table 'Terradas' 6-max Seat #3 is the button
Seat 1: 5914 ($80.87 in chips)
Seat 3: Chessnok ($76.27 in chips)
Chessnok: posts small blind $1
5914: posts big blind $3
*** HOLE CARDS ***
Chessnok: raises $3 to $6
5914: raises $3 to $9
Chessnok: calls $3
*** FLOP *** [8c 9h 9s]
5914: bets $3
Chessnok: calls $3
*** TURN *** [8c 9h 9s] [Js]
5914: checks
Chessnok: bets $6
5914: raises $6 to $12
Chessnok: raises $6 to $18
5914: raises $6 to $24
Betting is capped
Chessnok: calls $6
*** RIVER *** [8c 9h 9s Js] [5s]
5914: bets $6
Chessnok: calls $6
*** SHOW DOWN ***
5914: shows [9d 8d] (a full house, Nines full of Eights)
Chessnok: mucks hand
5914 collected $83.50 from pot
*** SUMMARY ***
Total pot $84 | Rake $0.50
Board [8c 9h 9s Js 5s]
Seat 1: 5914 (big blind) showed [9d 8d] and won ($83.50) with a full house, Nines full of Eights
Seat 3: Chessnok (button) (small blind) mucked


PokerStars Hand #148069830316:  Hold'em Limit ($3/$6 USD) - 2016/02/01 15:23:13 ET
Table 'Terradas' 6-max Seat #3 is the button
Seat 1: 5914 ($50.85 in chips)
Seat 3: Chessnok ($107.27 in chips)
Chessnok: posts small blind $1
5914: posts big blind $3
*** HOLE CARDS ***
Chessnok: raises $3 to $6
5914: raises $3 to $9
Chessnok: calls $3
*** FLOP *** [2d 3s Jd]
5914: bets $3
Chessnok: calls $3
*** TURN *** [2d 3s Jd] [Jc]
5914: bets $6
Chessnok: folds
Uncalled bet ($6) returned to 5914
5914 collected $23.52 from pot
5914: doesn't show hand
*** SUMMARY ***
Total pot $24 | Rake $0.48
Board [2d 3s Jd Jc]
Seat 1: 5914 (big blind) collected ($23.52)
Seat 3: Chessnok (button) (small blind) folded on the Turn


PokerStars Hand #148069931689:  Hold'em Limit ($3/$6 USD) - 2016/02/01 15:24:40 ET
Table 'Terradas' 6-max Seat #1 is the button
Seat 1: 5914 ($114.37 in chips)
Seat 3: Chessnok ($68 in chips)
5914: posts small blind $1
Chessnok: posts big blind $3
*** HOLE CARDS ***
5914: raises $3 to $6
Chessnok: calls $3
*** FLOP *** [Kc Jh 8h]
Chessnok: checks
5914: bets $3
Chessnok: calls $3
*** TURN *** [Kc Jh 8h] [Jd]
Chessnok: checks
5914: checks
*** RIVER *** [Kc Jh 8h Jd] [9h]
Chessnok: checks
5914: checks
*** SHOW DOWN ***
Chessnok: shows [4c As] (a pair of Jacks)
5914: mucks hand
Chessnok collected $17.64 from pot
*** SUMMARY ***
Total pot $18 | Rake $0.36
Board [Kc Jh 8h Jd 9h]
Seat 1: 5914 (button) (small blind) mucked
Seat 3: Chessnok (big blind) showed [4c As] and won ($17.64) with a pair of Jacks


PokerStars Hand #148069924803:  Hold'em Limit ($3/$6 USD) - 2016/02/01 15:24:34 ET
Table 'Terradas' 6-max Seat #3 is the button
Seat 1: 5914 ($117.37 in chips)
Seat 3: Chessnok ($65 in chips)
Chessnok: posts small blind $1
5914: posts big blind $3
*** HOLE CARDS ***
Chessnok: raises $3 to $6
5914: folds
Uncalled bet ($3) returned to Chessnok
Chessnok collected $6 from pot
Chessnok: doesn't show hand
*** SUMMARY ***
Total pot $6 | Rake $0
Seat 1: 5914 (big blind) folded before Flop
Seat 3: Chessnok (button) (small blind) collected ($6)


PokerStars Hand #148069919238:  Hold'em Limit ($3/$6 USD) - 2016/02/01 15:24:30 ET
Table 'Terradas' 6-max Seat #1 is the button
Seat 1: 5914 ($118.37 in chips)
Seat 3: Chessnok ($64 in chips)
5914: posts small blind $1
Chessnok: posts big blind $3
*** HOLE CARDS ***
5914: folds
Uncalled bet ($2) returned to Chessnok
Chessnok collected $2 from pot
Chessnok: doesn't show hand
*** SUMMARY ***
Total pot $2 | Rake $0
Seat 1: 5914 (button) (small blind) folded before Flop
Seat 3: Chessnok (big blind) collected ($2)


PokerStars Hand #148069911988:  Hold'em Limit ($3/$6 USD) - 2016/02/01 15:24:23 ET
Table 'Terradas' 6-max Seat #3 is the button
Seat 1: 5914 ($121.37 in chips)
Seat 3: Chessnok ($61 in chips)
Chessnok: posts small blind $1
5914: posts big blind $3
*** HOLE CARDS ***
Chessnok: raises $3 to $6
5914: folds
Uncalled bet ($3) returned to Chessnok
Chessnok collected $6 from pot
Chessnok: doesn't show hand
*** SUMMARY ***
Total pot $6 | Rake $0
Seat 1: 5914 (big blind) folded before Flop
Seat 3: Chessnok (button) (small blind) collected ($6)


PokerStars Hand #148069904268:  Hold'em Limit ($3/$6 USD) - 2016/02/01 15:24:17 ET
Table 'Terradas' 6-max Seat #1 is the button
Seat 1: 5914 ($122.37 in chips)
Seat 3: Chessnok ($60 in chips)
5914: posts small blind $1
Chessnok: posts big blind $3
*** HOLE CARDS ***
5914: folds
Uncalled bet ($2) returned to Chessnok
Chessnok collected $2 from pot
Chessnok: doesn't show hand
*** SUMMARY ***
Total pot $2 | Rake $0
Seat 1: 5914 (button) (small blind) folded before Flop
Seat 3: Chessnok (big blind) collected ($2)


PokerStars Hand #148070030250:  Hold'em Limit ($3/$6 USD) - 2016/02/01 15:26:05 ET
Table 'Terradas' 6-max Seat #1 is the button
Seat 1: 5914 ($98.89 in chips)
Seat 3: Chessnok ($82.14 in chips)
5914: posts small blind $1
Chessnok: posts big blind $3
*** HOLE CARDS ***
5914: raises $3 to $6
Chessnok: calls $3
*** FLOP *** [5h 7c 5d]
Chessnok: checks
5914: bets $3
Chessnok: raises $3 to $6
5914: calls $3
*** TURN *** [5h 7c 5d] [5s]
Chessnok: bets $6
AzureCaper joins the table at seat #2
5914: folds
Uncalled bet ($6) returned to Chessnok
Chessnok collected $23.52 from pot
Chessnok: doesn't show hand
*** SUMMARY ***
Total pot $24 | Rake $0.48
Board [5h 7c 5d 5s]
Seat 1: 5914 (button) (small blind) folded on the Turn
Seat 3: Chessnok (big blind) collected ($23.52)


PokerStars Hand #148070019721:  Hold'em Limit ($3/$6 USD) - 2016/02/01 15:25:56 ET
Table 'Terradas' 6-max Seat #3 is the button
Seat 1: 5914 ($101.89 in chips)
Seat 3: Chessnok ($79.14 in chips)
Chessnok: posts small blind $1
5914: posts big blind $3
*** HOLE CARDS ***
Chessnok: raises $3 to $6
5914: folds
Uncalled bet ($3) returned to Chessnok
Chessnok collected $6 from pot
Chessnok: doesn't show hand
*** SUMMARY ***
Total pot $6 | Rake $0
Seat 1: 5914 (big blind) folded before Flop
Seat 3: Chessnok (button) (small blind) collected ($6)


PokerStars Hand #148070012090:  Hold'em Limit ($3/$6 USD) - 2016/02/01 15:25:49 ET
Table 'Terradas' 6-max Seat #1 is the button
Seat 1: 5914 ($98.89 in chips)
Seat 3: Chessnok ($82.14 in chips)
5914: posts small blind $1
Chessnok: posts big blind $3
*** HOLE CARDS ***
5914: raises $3 to $6
Chessnok: folds
Uncalled bet ($3) returned to 5914
5914 collected $6 from pot
5914: doesn't show hand
*** SUMMARY ***
Total pot $6 | Rake $0
Seat 1: 5914 (button) (small blind) collected ($6)
Seat 3: Chessnok (big blind) folded before Flop


PokerStars Hand #148070007299:  Hold'em Limit ($3/$6 USD) - 2016/02/01 15:25:45 ET
Table 'Terradas' 6-max Seat #3 is the button
Seat 1: 5914 ($97.89 in chips)
Seat 3: Chessnok ($83.14 in chips)
Chessnok: posts small blind $1
5914: posts big blind $3
*** HOLE CARDS ***
Chessnok: folds
Uncalled bet ($2) returned to 5914
5914 collected $2 from pot
5914: doesn't show hand
*** SUMMARY ***
Total pot $2 | Rake $0
Seat 1: 5914 (big blind) collected ($2)
Seat 3: Chessnok (button) (small blind) folded before Flop


PokerStars Hand #148069993758:  Hold'em Limit ($3/$6 USD) - 2016/02/01 15:25:33 ET
Table 'Terradas' 6-max Seat #1 is the button
Seat 1: 5914 ($86.37 in chips)
Seat 3: Chessnok ($95.14 in chips)
5914: posts small blind $1
Chessnok: posts big blind $3
*** HOLE CARDS ***
5914: raises $3 to $6
Chessnok: calls $3
*** FLOP *** [8s 4h 3d]
Chessnok: checks
5914: checks
*** TURN *** [8s 4h 3d] [6h]
Chessnok: checks
5914: checks
*** RIVER *** [8s 4h 3d 6h] [9s]
Chessnok: bets $6
5914: calls $6
*** SHOW DOWN ***
Chessnok: shows [Th As] (high card Ace)
5914: shows [Ah Qc] (high card Ace - Queen kicker)
5914 collected $23.52 from pot
*** SUMMARY ***
Total pot $24 | Rake $0.48
Board [8s 4h 3d 6h 9s]
Seat 1: 5914 (button) (small blind) showed [Ah Qc] and won ($23.52) with high card Ace
Seat 3: Chessnok (big blind) showed [Th As] and lost with high card Ace


PokerStars Hand #148069987215:  Hold'em Limit ($3/$6 USD) - 2016/02/01 15:25:28 ET
Table 'Terradas' 6-max Seat #3 is the button
Seat 1: 5914 ($89.37 in chips)
Seat 3: Chessnok ($92.14 in chips)
Chessnok: posts small blind $1
5914: posts big blind $3
*** HOLE CARDS ***
Chessnok: raises $3 to $6
5914: folds
Uncalled bet ($3) returned to Chessnok
Chessnok collected $6 from pot
Chessnok: doesn't show hand
*** SUMMARY ***
Total pot $6 | Rake $0
Seat 1: 5914 (big blind) folded before Flop
Seat 3: Chessnok (button) (small blind) collected ($6)


PokerStars Hand #148069981862:  Hold'em Limit ($3/$6 USD) - 2016/02/01 15:25:23 ET
Table 'Terradas' 6-max Seat #1 is the button
Seat 1: 5914 ($90.37 in chips)
Seat 3: Chessnok ($91.14 in chips)
5914: posts small blind $1
Chessnok: posts big blind $3
*** HOLE CARDS ***
5914: folds
Uncalled bet ($2) returned to Chessnok
Chessnok collected $2 from pot
Chessnok: doesn't show hand
*** SUMMARY ***
Total pot $2 | Rake $0
Seat 1: 5914 (button) (small blind) folded before Flop
Seat 3: Chessnok (big blind) collected ($2)


PokerStars Hand #148069951993:  Hold'em Limit ($3/$6 USD) - 2016/02/01 15:24:58 ET
Table 'Terradas' 6-max Seat #3 is the button
Seat 1: 5914 ($105.37 in chips)
Seat 3: Chessnok ($76.64 in chips)
Chessnok: posts small blind $1
5914: posts big blind $3
*** HOLE CARDS ***
Chessnok: raises $3 to $6
5914: calls $3
*** FLOP *** [Tc 8c Qd]
5914: checks
Chessnok: bets $3
5914: calls $3
*** TURN *** [Tc 8c Qd] [7h]
5914: checks
Chessnok: bets $6
5914: calls $6
*** RIVER *** [Tc 8c Qd 7h] [4d]
5914: checks
Chessnok: checks
*** SHOW DOWN ***
5914: shows [6c 4c] (a pair of Fours)
Chessnok: shows [8s 6d] (a pair of Eights)
Chessnok collected $29.50 from pot
*** SUMMARY ***
Total pot $30 | Rake $0.50
Board [Tc 8c Qd 7h 4d]
Seat 1: 5914 (big blind) showed [6c 4c] and lost with a pair of Fours
Seat 3: Chessnok (button) (small blind) showed [8s 6d] and won ($29.50) with a pair of Eights


PokerStars Hand #148070047205:  Hold'em Limit ($3/$6 USD) - 2016/02/01 15:26:19 ET
Table 'Terradas' 6-max Seat #3 is the button
Seat 1: 5914 ($86.89 in chips)
Seat 3: Chessnok ($93.66 in chips)
Chessnok: posts small blind $1
5914: posts big blind $3
*** HOLE CARDS ***
Chessnok: raises $3 to $6
5914: folds
Uncalled bet ($3) returned to Chessnok
Chessnok collected $6 from pot
Chessnok: doesn't show hand
*** SUMMARY ***
Total pot $6 | Rake $0
Seat 1: 5914 (big blind) folded before Flop
Seat 3: Chessnok (button) (small blind) collected ($6)


PokerStars Hand #148070345753:  Hold'em Limit ($3/$6 USD) - 2016/02/01 15:30:38 ET
Table 'Terradas' 6-max Seat #3 is the button
Seat 2: AzureCaper ($96.91 in chips)
Seat 3: Chessnok ($60 in chips)
Chessnok: posts small blind $1
5914: is sitting out
AzureCaper: posts big blind $3
*** HOLE CARDS ***
Chessnok: raises $3 to $6
AzureCaper: folds
Uncalled bet ($3) returned to Chessnok
Chessnok collected $6 from pot
Chessnok: doesn't show hand
*** SUMMARY ***
Total pot $6 | Rake $0
Seat 2: AzureCaper (big blind) folded before Flop
Seat 3: Chessnok (button) (small blind) collected ($6)


