PokerStars Hand #169979048736:  Hold'em Limit ($3/$6 USD) - 2017/05/05 6:50:26 ET
Table 'Tesla' 6-max Seat #2 is the button
Seat 1: aremom4e ($120 in chips)
Seat 2: Anchig ($120 in chips)
Anchig: posts small blind $1
Agrotait: is sitting out
aremom4e: posts big blind $3
*** HOLE CARDS ***
Anchig: raises $3 to $6
aremom4e: calls $3
*** FLOP *** [5c 9h 6c]
aremom4e: checks
Anchig: bets $3
aremom4e: calls $3
*** TURN *** [5c 9h 6c] [Jd]
aremom4e: checks
Whatze Phuck joins the table at seat #3
Anchig: bets $6
aremom4e: folds
Uncalled bet ($6) returned to Anchig
Anchig collected $17.64 from pot
Anchig: doesn't show hand
*** SUMMARY ***
Total pot $18 | Rake $0.36
Board [5c 9h 6c Jd]
Seat 1: aremom4e (big blind) folded on the Turn
Seat 2: Anchig (button) (small blind) collected ($17.64)


PokerStars Hand #169979062136:  Hold'em Limit ($3/$6 USD) - 2017/05/05 6:50:57 ET
Table 'Tesla' 6-max Seat #1 is the button
Seat 1: aremom4e ($111 in chips)
Seat 2: Anchig ($128.64 in chips)
aremom4e: posts small blind $1
Anchig: posts big blind $3
*** HOLE CARDS ***
aremom4e: raises $3 to $6
Anchig: calls $3
*** FLOP *** [6d Th Jd]
Anchig: checks
aremom4e: bets $3
Anchig: raises $3 to $6
aremom4e: folds
Uncalled bet ($3) returned to Anchig
Anchig collected $17.64 from pot
Anchig: doesn't show hand
*** SUMMARY ***
Total pot $18 | Rake $0.36
Board [6d Th Jd]
Seat 1: aremom4e (button) (small blind) folded on the Flop
Seat 2: Anchig (big blind) collected ($17.64)


PokerStars Hand #169979218986:  Hold'em Limit ($3/$6 USD) - 2017/05/05 6:57:18 ET
Table 'Tesla' 6-max Seat #3 is the button
Seat 1: aremom4e ($75.73 in chips)
Seat 3: Whatze Phuck ($77 in chips)
Whatze Phuck: posts small blind $1
aremom4e: posts big blind $3
*** HOLE CARDS ***
Whatze Phuck: raises $3 to $6
aremom4e: calls $3
*** FLOP *** [6c Kd Jd]
aremom4e: checks
Whatze Phuck: bets $3
aremom4e: folds
Uncalled bet ($3) returned to Whatze Phuck
Whatze Phuck collected $11.76 from pot
Whatze Phuck: doesn't show hand
*** SUMMARY ***
Total pot $12 | Rake $0.24
Board [6c Kd Jd]
Seat 1: aremom4e (big blind) folded on the Flop
Seat 3: Whatze Phuck (button) (small blind) collected ($11.76)


PokerStars Hand #169979206834:  Hold'em Limit ($3/$6 USD) - 2017/05/05 6:56:46 ET
Table 'Tesla' 6-max Seat #2 is the button
Seat 2: Anchig ($149.55 in chips)
Seat 3: Whatze Phuck ($82.42 in chips)
Anchig: posts small blind $1
Whatze Phuck: posts big blind $3
*** HOLE CARDS ***
Anchig: raises $3 to $6
Whatze Phuck: calls $3
*** FLOP *** [Ks 5c 5h]
Whatze Phuck: checks
Anchig: bets $3
Whatze Phuck: folds
Uncalled bet ($3) returned to Anchig
Anchig collected $11.76 from pot
Anchig: doesn't show hand
*** SUMMARY ***
Total pot $12 | Rake $0.24
Board [Ks 5c 5h]
Seat 2: Anchig (button) (small blind) collected ($11.76)
Seat 3: Whatze Phuck (big blind) folded on the Flop


PokerStars Hand #169979245830:  Hold'em Limit ($3/$6 USD) - 2017/05/05 6:58:27 ET
Table 'Tesla' 6-max Seat #3 is the button
Seat 1: aremom4e ($91.23 in chips)
Seat 3: Whatze Phuck ($87.76 in chips)
Whatze Phuck: posts small blind $1
aremom4e: posts big blind $3
*** HOLE CARDS ***
Whatze Phuck: raises $3 to $6
aremom4e: calls $3
*** FLOP *** [5d Kd Qc]
aremom4e: checks
Whatze Phuck: bets $3
Anchig joins the table at seat #2
aremom4e: calls $3
*** TURN *** [5d Kd Qc] [3d]
aremom4e: checks
Whatze Phuck: bets $6
aremom4e: calls $6
*** RIVER *** [5d Kd Qc 3d] [6h]
aremom4e: checks
Whatze Phuck: bets $6
aremom4e: folds
Uncalled bet ($6) returned to Whatze Phuck
Whatze Phuck collected $29.50 from pot
Whatze Phuck: doesn't show hand
*** SUMMARY ***
Total pot $30 | Rake $0.50
Board [5d Kd Qc 3d 6h]
Seat 1: aremom4e (big blind) folded on the River
Seat 3: Whatze Phuck (button) (small blind) collected ($29.50)


PokerStars Hand #169979243912:  Hold'em Limit ($3/$6 USD) - 2017/05/05 6:58:22 ET
Table 'Tesla' 6-max Seat #1 is the button
Seat 1: aremom4e ($92.23 in chips)
Seat 3: Whatze Phuck ($86.76 in chips)
aremom4e: posts small blind $1
Whatze Phuck: posts big blind $3
*** HOLE CARDS ***
aremom4e: folds
Uncalled bet ($2) returned to Whatze Phuck
Whatze Phuck collected $2 from pot
Whatze Phuck: doesn't show hand
*** SUMMARY ***
Total pot $2 | Rake $0
Seat 1: aremom4e (button) (small blind) folded before Flop
Seat 3: Whatze Phuck (big blind) collected ($2)


PokerStars Hand #169979241678:  Hold'em Limit ($3/$6 USD) - 2017/05/05 6:58:16 ET
Table 'Tesla' 6-max Seat #3 is the button
Seat 1: aremom4e ($95.23 in chips)
Seat 3: Whatze Phuck ($83.76 in chips)
Whatze Phuck: posts small blind $1
aremom4e: posts big blind $3
*** HOLE CARDS ***
Whatze Phuck: raises $3 to $6
aremom4e: folds
Uncalled bet ($3) returned to Whatze Phuck
Whatze Phuck collected $6 from pot
Whatze Phuck: doesn't show hand
*** SUMMARY ***
Total pot $6 | Rake $0
Seat 1: aremom4e (big blind) folded before Flop
Seat 3: Whatze Phuck (button) (small blind) collected ($6)


PokerStars Hand #169979239554:  Hold'em Limit ($3/$6 USD) - 2017/05/05 6:58:11 ET
Table 'Tesla' 6-max Seat #1 is the button
Seat 1: aremom4e ($96.23 in chips)
Seat 3: Whatze Phuck ($82.76 in chips)
aremom4e: posts small blind $1
Whatze Phuck: posts big blind $3
*** HOLE CARDS ***
aremom4e: folds
Uncalled bet ($2) returned to Whatze Phuck
Whatze Phuck collected $2 from pot
Whatze Phuck: doesn't show hand
*** SUMMARY ***
Total pot $2 | Rake $0
Seat 1: aremom4e (button) (small blind) folded before Flop
Seat 3: Whatze Phuck (big blind) collected ($2)


PokerStars Hand #169979235186:  Hold'em Limit ($3/$6 USD) - 2017/05/05 6:57:59 ET
Table 'Tesla' 6-max Seat #3 is the button
Seat 1: aremom4e ($102.23 in chips)
Seat 3: Whatze Phuck ($77 in chips)
Whatze Phuck: posts small blind $1
aremom4e: posts big blind $3
*** HOLE CARDS ***
Whatze Phuck: raises $3 to $6
aremom4e: calls $3
*** FLOP *** [Qh Jc 7d]
aremom4e: checks
Whatze Phuck: bets $3
aremom4e: folds
Uncalled bet ($3) returned to Whatze Phuck
Whatze Phuck collected $11.76 from pot
Whatze Phuck: doesn't show hand
*** SUMMARY ***
Total pot $12 | Rake $0.24
Board [Qh Jc 7d]
Seat 1: aremom4e (big blind) folded on the Flop
Seat 3: Whatze Phuck (button) (small blind) collected ($11.76)


PokerStars Hand #169979222658:  Hold'em Limit ($3/$6 USD) - 2017/05/05 6:57:27 ET
Table 'Tesla' 6-max Seat #1 is the button
Seat 1: aremom4e ($69.73 in chips)
Seat 3: Whatze Phuck ($82.76 in chips)
aremom4e: posts small blind $1
Whatze Phuck: posts big blind $3
*** HOLE CARDS ***
aremom4e: raises $3 to $6
Whatze Phuck: raises $3 to $9
aremom4e: calls $3
*** FLOP *** [Ts 3c 8c]
Whatze Phuck: bets $3
aremom4e: raises $3 to $6
Whatze Phuck: calls $3
*** TURN *** [Ts 3c 8c] [Ks]
Whatze Phuck: checks
aremom4e: bets $6
Whatze Phuck: calls $6
*** RIVER *** [Ts 3c 8c Ks] [8s]
Whatze Phuck: checks
aremom4e: bets $6
Whatze Phuck: raises $6 to $12
aremom4e: raises $6 to $18
Whatze Phuck: folds
Uncalled bet ($6) returned to aremom4e
aremom4e collected $65.50 from pot
aremom4e: doesn't show hand
*** SUMMARY ***
Total pot $66 | Rake $0.50
Board [Ts 3c 8c Ks 8s]
Seat 1: aremom4e (button) (small blind) collected ($65.50)
Seat 3: Whatze Phuck (big blind) folded on the River


PokerStars Hand #169979387796:  Hold'em Limit ($3/$6 USD) - 2017/05/05 7:04:11 ET
Table 'Tesla' 6-max Seat #5 is the button
Seat 2: Anchig ($125.02 in chips)
Seat 5: krossguard ($93.56 in chips)
krossguard: posts small blind $1
Anchig: posts big blind $3
*** HOLE CARDS ***
krossguard: raises $3 to $6
Anchig: calls $3
*** FLOP *** [5h Ac Td]
Anchig: checks
krossguard: bets $3
Anchig: raises $3 to $6
krossguard: calls $3
*** TURN *** [5h Ac Td] [8s]
Anchig: bets $6
krossguard: raises $6 to $12
Anchig: calls $6
*** RIVER *** [5h Ac Td 8s] [2s]
Anchig: checks
krossguard: checks
*** SHOW DOWN ***
Anchig: shows [As 4h] (a pair of Aces)
krossguard: mucks hand
Anchig collected $47.50 from pot
*** SUMMARY ***
Total pot $48 | Rake $0.50
Board [5h Ac Td 8s 2s]
Seat 2: Anchig (big blind) showed [As 4h] and won ($47.50) with a pair of Aces
Seat 5: krossguard (button) (small blind) mucked


PokerStars Hand #169979385380:  Hold'em Limit ($3/$6 USD) - 2017/05/05 7:04:05 ET
Table 'Tesla' 6-max Seat #2 is the button
Seat 2: Anchig ($126.02 in chips)
Seat 5: krossguard ($92.56 in chips)
Anchig: posts small blind $1
Whatze Phuck: is sitting out
krossguard: posts big blind $3
*** HOLE CARDS ***
Anchig: folds
Uncalled bet ($2) returned to krossguard
Whatze Phuck leaves the table
krossguard collected $2 from pot
krossguard: doesn't show hand
*** SUMMARY ***
Total pot $2 | Rake $0
Seat 2: Anchig (button) (small blind) folded before Flop
Seat 5: krossguard (big blind) collected ($2)


PokerStars Hand #169979400714:  Hold'em Limit ($3/$6 USD) - 2017/05/05 7:04:40 ET
Table 'Tesla' 6-max Seat #2 is the button
Seat 2: Anchig ($148.52 in chips)
Seat 5: krossguard ($69.56 in chips)
Anchig: posts small blind $1
krossguard: posts big blind $3
*** HOLE CARDS ***
Anchig: raises $3 to $6
krossguard: calls $3
*** FLOP *** [9h 8d 3d]
krossguard: checks
Anchig: checks
*** TURN *** [9h 8d 3d] [5s]
krossguard: bets $6
Anchig: raises $6 to $12
krossguard: calls $6
*** RIVER *** [9h 8d 3d 5s] [Qs]
krossguard: checks
Anchig: bets $6
krossguard: calls $6
*** SHOW DOWN ***
Anchig: shows [9c 7d] (a pair of Nines)
krossguard: mucks hand
Anchig collected $47.50 from pot
*** SUMMARY ***
Total pot $48 | Rake $0.50
Board [9h 8d 3d 5s Qs]
Seat 2: Anchig (button) (small blind) showed [9c 7d] and won ($47.50) with a pair of Nines
Seat 5: krossguard (big blind) mucked


PokerStars Hand #169980851759:  Hold'em Limit ($3/$6 USD) - 2017/05/05 7:58:30 ET
Table 'Tesla' 6-max Seat #6 is the button
Seat 4: LOOSECRAB ($319.34 in chips)
Seat 6: Ale4o ($180.27 in chips)
Ale4o: posts small blind $1
VolkovDmitri: is sitting out
LOOSECRAB: posts big blind $3
*** HOLE CARDS ***
tttzzz leaves the table
Ale4o: raises $3 to $6
LOOSECRAB: calls $3
*** FLOP *** [Kd 9c 5s]
VolkovDmitri leaves the table
LOOSECRAB: checks
Ale4o: bets $3
LOOSECRAB: raises $3 to $6
Ale4o: raises $3 to $9
LOOSECRAB: calls $3
*** TURN *** [Kd 9c 5s] [As]
LOOSECRAB: checks
Ale4o: checks
*** RIVER *** [Kd 9c 5s As] [3h]
LOOSECRAB: bets $6
Ale4o: folds
Uncalled bet ($6) returned to LOOSECRAB
LOOSECRAB collected $29.50 from pot
LOOSECRAB: doesn't show hand
*** SUMMARY ***
Total pot $30 | Rake $0.50
Board [Kd 9c 5s As 3h]
Seat 4: LOOSECRAB (big blind) collected ($29.50)
Seat 6: Ale4o (button) (small blind) folded on the River


PokerStars Hand #169980881892:  Hold'em Limit ($3/$6 USD) - 2017/05/05 7:59:42 ET
Table 'Tesla' 6-max Seat #4 is the button
Seat 4: LOOSECRAB ($348.34 in chips)
Seat 6: Ale4o ($150.27 in chips)
LOOSECRAB: posts small blind $1
Ale4o: posts big blind $3
*** HOLE CARDS ***
LOOSECRAB: calls $2
Ale4o: raises $3 to $6
LOOSECRAB: calls $3
*** FLOP *** [6h 8s 2c]
Ale4o: bets $3
LOOSECRAB: calls $3
*** TURN *** [6h 8s 2c] [5c]
Ale4o: checks
LOOSECRAB: bets $6
Ale4o: calls $6
*** RIVER *** [6h 8s 2c 5c] [9c]
Ale4o: checks
LOOSECRAB: bets $6
Ale4o: folds
Uncalled bet ($6) returned to LOOSECRAB
LOOSECRAB collected $29.50 from pot
LOOSECRAB: doesn't show hand
*** SUMMARY ***
Total pot $30 | Rake $0.50
Board [6h 8s 2c 5c 9c]
Seat 4: LOOSECRAB (button) (small blind) collected ($29.50)
Seat 6: Ale4o (big blind) folded on the River


PokerStars Hand #169980877668:  Hold'em Limit ($3/$6 USD) - 2017/05/05 7:59:32 ET
Table 'Tesla' 6-max Seat #6 is the button
Seat 4: LOOSECRAB ($351.34 in chips)
Seat 6: Ale4o ($147.27 in chips)
Ale4o: posts small blind $1
LOOSECRAB: posts big blind $3
*** HOLE CARDS ***
Ale4o: raises $3 to $6
LOOSECRAB: folds
Uncalled bet ($3) returned to Ale4o
Ale4o collected $6 from pot
Ale4o: doesn't show hand
*** SUMMARY ***
Total pot $6 | Rake $0
Seat 4: LOOSECRAB (big blind) folded before Flop
Seat 6: Ale4o (button) (small blind) collected ($6)


PokerStars Hand #169980868333:  Hold'em Limit ($3/$6 USD) - 2017/05/05 7:59:10 ET
Table 'Tesla' 6-max Seat #4 is the button
Seat 4: LOOSECRAB ($333.84 in chips)
Seat 6: Ale4o ($165.27 in chips)
LOOSECRAB: posts small blind $1
Ale4o: posts big blind $3
*** HOLE CARDS ***
LOOSECRAB: calls $2
Ale4o: checks
*** FLOP *** [8d 9d 7h]
Ale4o: bets $3
LOOSECRAB: calls $3
*** TURN *** [8d 9d 7h] [Ts]
Ale4o: bets $6
LOOSECRAB: calls $6
*** RIVER *** [8d 9d 7h Ts] [Ad]
Ale4o: bets $6
LOOSECRAB: raises $6 to $12
Ale4o: folds
Uncalled bet ($6) returned to LOOSECRAB
LOOSECRAB collected $35.50 from pot
LOOSECRAB: doesn't show hand
*** SUMMARY ***
Total pot $36 | Rake $0.50
Board [8d 9d 7h Ts Ad]
Seat 4: LOOSECRAB (button) (small blind) collected ($35.50)
Seat 6: Ale4o (big blind) folded on the River


PokerStars Hand #169980906656:  Hold'em Limit ($3/$6 USD) - 2017/05/05 8:00:39 ET
Table 'Tesla' 6-max Seat #6 is the button
Seat 4: LOOSECRAB ($347.84 in chips)
Seat 6: Ale4o ($149.67 in chips)
Ale4o: posts small blind $1
LOOSECRAB: posts big blind $3
*** HOLE CARDS ***
Ale4o: raises $3 to $6
LOOSECRAB: calls $3
*** FLOP *** [9c Tc 6c]
LOOSECRAB: checks
Ale4o: bets $3
LOOSECRAB: folds
Uncalled bet ($3) returned to Ale4o
LOOSECRAB leaves the table
Ale4o collected $11.76 from pot
Ale4o: doesn't show hand
*** SUMMARY ***
Total pot $12 | Rake $0.24
Board [9c Tc 6c]
Seat 4: LOOSECRAB (big blind) folded on the Flop
Seat 6: Ale4o (button) (small blind) collected ($11.76)


PokerStars Hand #169980899728:  Hold'em Limit ($3/$6 USD) - 2017/05/05 8:00:23 ET
Table 'Tesla' 6-max Seat #4 is the button
Seat 4: LOOSECRAB ($353.84 in chips)
Seat 6: Ale4o ($143.91 in chips)
LOOSECRAB: posts small blind $1
Ale4o: posts big blind $3
*** HOLE CARDS ***
LOOSECRAB: calls $2
Ale4o: raises $3 to $6
LOOSECRAB: calls $3
*** FLOP *** [5s 3s Ad]
Ale4o: bets $3
LOOSECRAB: folds
Uncalled bet ($3) returned to Ale4o
Ale4o collected $11.76 from pot
Ale4o: doesn't show hand
*** SUMMARY ***
Total pot $12 | Rake $0.24
Board [5s 3s Ad]
Seat 4: LOOSECRAB (button) (small blind) folded on the Flop
Seat 6: Ale4o (big blind) collected ($11.76)


PokerStars Hand #169980891367:  Hold'em Limit ($3/$6 USD) - 2017/05/05 8:00:03 ET
Table 'Tesla' 6-max Seat #6 is the button
Seat 4: LOOSECRAB ($362.84 in chips)
Seat 6: Ale4o ($135.27 in chips)
Ale4o: posts small blind $1
LOOSECRAB: posts big blind $3
*** HOLE CARDS ***
Ale4o: raises $3 to $6
LOOSECRAB: calls $3
*** FLOP *** [9s 7d Ac]
LOOSECRAB: checks
Ale4o: bets $3
LOOSECRAB: calls $3
*** TURN *** [9s 7d Ac] [Qd]
LOOSECRAB: checks
Ale4o: checks
*** RIVER *** [9s 7d Ac Qd] [3c]
LOOSECRAB: checks
Ale4o: checks
*** SHOW DOWN ***
LOOSECRAB: shows [2s 2d] (a pair of Deuces)
Ale4o: shows [7h 6s] (a pair of Sevens)
Ale4o collected $17.64 from pot
*** SUMMARY ***
Total pot $18 | Rake $0.36
Board [9s 7d Ac Qd 3c]
Seat 4: LOOSECRAB (big blind) showed [2s 2d] and lost with a pair of Deuces
Seat 6: Ale4o (button) (small blind) showed [7h 6s] and won ($17.64) with a pair of Sevens


