PokerStars Hand #150347377896:  Hold'em Limit ($3/$6 USD) - 2016/03/14 13:49:22 ET
Table 'Tethys II' 6-max Seat #1 is the button
Seat 1: jdan31 ($106.92 in chips)
Seat 5: Great_Kang ($120 in chips)
jdan31: posts small blind $1
Great_Kang: posts big blind $3
*** HOLE CARDS ***
kolaz03 joins the table at seat #2
jdan31: calls $2
Great_Kang: raises $3 to $6
jdan31: calls $3
*** FLOP *** [Td Tc 4d]
Great_Kang: bets $3
jdan31: calls $3
*** TURN *** [Td Tc 4d] [4s]
Great_Kang: checks
jdan31: bets $6
Great_Kang: calls $6
*** RIVER *** [Td Tc 4d 4s] [9d]
Great_Kang: checks
jdan31: bets $6
Great_Kang: calls $6
*** SHOW DOWN ***
jdan31: shows [8s 5s] (two pair, Tens and Fours)
Great_Kang: shows [Jc Ah] (two pair, Tens and Fours - Ace kicker)
Great_Kang collected $41.50 from pot
*** SUMMARY ***
Total pot $42 | Rake $0.50
Board [Td Tc 4d 4s 9d]
Seat 1: jdan31 (button) (small blind) showed [8s 5s] and lost with two pair, Tens and Fours
Seat 5: Great_Kang (big blind) showed [Jc Ah] and won ($41.50) with two pair, Tens and Fours


PokerStars Hand #150347416796:  Hold'em Limit ($3/$6 USD) - 2016/03/14 13:50:06 ET
Table 'Tethys II' 6-max Seat #5 is the button
Seat 1: jdan31 ($85.92 in chips)
Seat 5: Great_Kang ($140.50 in chips)
Great_Kang: posts small blind $1
jdan31: posts big blind $3
*** HOLE CARDS ***
Great_Kang: raises $3 to $6
jdan31: calls $3
*** FLOP *** [2d 5c Kd]
jdan31: checks
Great_Kang: bets $3
jdan31: calls $3
*** TURN *** [2d 5c Kd] [3d]
jdan31: checks
Great_Kang: bets $6
jdan31: calls $6
*** RIVER *** [2d 5c Kd 3d] [4d]
jdan31: checks
Great_Kang: checks
*** SHOW DOWN ***
jdan31: shows [5d Js] (a flush, King high)
Great_Kang: mucks hand
jdan31 collected $29.50 from pot
*** SUMMARY ***
Total pot $30 | Rake $0.50
Board [2d 5c Kd 3d 4d]
Seat 1: jdan31 (big blind) showed [5d Js] and won ($29.50) with a flush, King high
Seat 5: Great_Kang (button) (small blind) mucked


PokerStars Hand #150348670334:  Hold'em Limit ($3/$6 USD) - 2016/03/14 14:14:36 ET
Table 'Tethys II' 6-max Seat #3 is the button
Seat 1: juustmuckit1 ($71 in chips)
Seat 3: livenuncut ($126.71 in chips)
livenuncut: posts small blind $1
Great_Kang: is sitting out
ValeryRon: is sitting out
juustmuckit1: posts big blind $3
*** HOLE CARDS ***
ValeryRon leaves the table
Great_Kang leaves the table
livenuncut: folds
Uncalled bet ($2) returned to juustmuckit1
juustmuckit1 collected $2 from pot
juustmuckit1: doesn't show hand
*** SUMMARY ***
Total pot $2 | Rake $0
Seat 1: juustmuckit1 (big blind) collected ($2)
Seat 3: livenuncut (button) (small blind) folded before Flop


PokerStars Hand #150350618778:  Hold'em Limit ($3/$6 USD) - 2016/03/14 14:49:39 ET
Table 'Tethys II' 6-max Seat #3 is the button
Seat 3: Machete448 ($111 in chips)
Seat 4: BuzovaPro ($80.64 in chips)
Machete448: posts small blind $1
BuzovaPro: posts big blind $3
*** HOLE CARDS ***
Machete448: calls $2
BuzovaPro: checks
*** FLOP *** [9s 2c Js]
BuzovaPro: bets $3
Machete448: calls $3
*** TURN *** [9s 2c Js] [2s]
BuzovaPro: bets $6
Machete448: calls $6
*** RIVER *** [9s 2c Js 2s] [6h]
BuzovaPro: bets $6
Machete448: folds
Uncalled bet ($6) returned to BuzovaPro
BuzovaPro collected $23.52 from pot
BuzovaPro: doesn't show hand
*** SUMMARY ***
Total pot $24 | Rake $0.48
Board [9s 2c Js 2s 6h]
Seat 3: Machete448 (button) (small blind) folded on the River
Seat 4: BuzovaPro (big blind) collected ($23.52)


PokerStars Hand #150351645460:  Hold'em Limit ($3/$6 USD) - 2016/03/14 15:08:40 ET
Table 'Tethys II' 6-max Seat #2 is the button
Seat 2: whats money ($57.32 in chips)
Seat 3: aless284 ($154.35 in chips)
livenuncut will be allowed to play after the button
whats money: posts small blind $1
aless284: posts big blind $3
*** HOLE CARDS ***
whats money: folds
Uncalled bet ($2) returned to aless284
aless284 collected $2 from pot
aless284: doesn't show hand
livenuncut leaves the table
*** SUMMARY ***
Total pot $2 | Rake $0
Seat 2: whats money (button) (small blind) folded before Flop
Seat 3: aless284 (big blind) collected ($2)


PokerStars Hand #150351649514:  Hold'em Limit ($3/$6 USD) - 2016/03/14 15:08:45 ET
Table 'Tethys II' 6-max Seat #3 is the button
Seat 2: whats money ($56.32 in chips)
Seat 3: aless284 ($155.35 in chips)
aless284: posts small blind $1
whats money: posts big blind $3
*** HOLE CARDS ***
aless284: raises $3 to $6
whats money: folds
Uncalled bet ($3) returned to aless284
aless284 collected $6 from pot
aless284: doesn't show hand
*** SUMMARY ***
Total pot $6 | Rake $0
Seat 2: whats money (big blind) folded before Flop
Seat 3: aless284 (button) (small blind) collected ($6)


PokerStars Hand #150351654457:  Hold'em Limit ($3/$6 USD) - 2016/03/14 15:08:50 ET
Table 'Tethys II' 6-max Seat #2 is the button
Seat 2: whats money ($53.32 in chips)
Seat 3: aless284 ($158.35 in chips)
whats money: posts small blind $1
aless284: posts big blind $3
*** HOLE CARDS ***
whats money: calls $2
aless284: checks
*** FLOP *** [8s Ts 9c]
aless284: bets $3
whats money: folds
Uncalled bet ($3) returned to aless284
aless284 collected $5.88 from pot
aless284: doesn't show hand
*** SUMMARY ***
Total pot $6 | Rake $0.12
Board [8s Ts 9c]
Seat 2: whats money (button) (small blind) folded on the Flop
Seat 3: aless284 (big blind) collected ($5.88)


PokerStars Hand #150359690171:  Hold'em Limit ($3/$6 USD) - 2016/03/14 17:22:56 ET
Table 'Tethys II' 6-max Seat #1 is the button
Seat 1: jama gama ($173.08 in chips)
Seat 4: whats money ($98.82 in chips)
jama gama: posts small blind $1
whats money: posts big blind $3
*** HOLE CARDS ***
jama gama: calls $2
elya5352 leaves the table
whats money: raises $3 to $6
jama gama: calls $3
*** FLOP *** [Tc 6d 7s]
whats money: bets $3
jama gama: calls $3
*** TURN *** [Tc 6d 7s] [Ks]
whats money: bets $6
jama gama: calls $6
*** RIVER *** [Tc 6d 7s Ks] [6s]
whats money: bets $6
jama gama: folds
Uncalled bet ($6) returned to whats money
DeKirov joins the table at seat #2
whats money collected $29.50 from pot
*** SUMMARY ***
Total pot $30 | Rake $0.50
Board [Tc 6d 7s Ks 6s]
Seat 1: jama gama (button) (small blind) folded on the River
Seat 4: whats money (big blind) collected ($29.50)


PokerStars Hand #150359725752:  Hold'em Limit ($3/$6 USD) - 2016/03/14 17:23:32 ET
Table 'Tethys II' 6-max Seat #4 is the button
Seat 1: jama gama ($158.08 in chips)
Seat 4: whats money ($113.32 in chips)
whats money: posts small blind $1
jama gama: posts big blind $3
*** HOLE CARDS ***
whats money: folds
Uncalled bet ($2) returned to jama gama
jama gama collected $2 from pot
*** SUMMARY ***
Total pot $2 | Rake $0
Seat 1: jama gama (big blind) collected ($2)
Seat 4: whats money (button) (small blind) folded before Flop


PokerStars Hand #150362785565:  Hold'em Limit ($3/$6 USD) - 2016/03/14 18:15:41 ET
Table 'Tethys II' 6-max Seat #1 is the button
Seat 1: Chessnok ($156.51 in chips)
Seat 4: whats money ($185.66 in chips)
Chessnok: posts small blind $1
whats money: posts big blind $3
*** HOLE CARDS ***
Chessnok: raises $3 to $6
whats money: folds
Uncalled bet ($3) returned to Chessnok
Chessnok collected $6 from pot
Chessnok: doesn't show hand
*** SUMMARY ***
Total pot $6 | Rake $0
Seat 1: Chessnok (button) (small blind) collected ($6)
Seat 4: whats money (big blind) folded before Flop


PokerStars Hand #150362770082:  Hold'em Limit ($3/$6 USD) - 2016/03/14 18:15:26 ET
Table 'Tethys II' 6-max Seat #4 is the button
Seat 1: Chessnok ($144.99 in chips)
Seat 4: whats money ($197.66 in chips)
whats money: posts small blind $1
Chessnok: posts big blind $3
*** HOLE CARDS ***
whats money: calls $2
Chessnok: checks
*** FLOP *** [5h 9c 5s]
Chessnok: bets $3
whats money: calls $3
*** TURN *** [5h 9c 5s] [6d]
Chessnok: checks
whats money: checks
*** RIVER *** [5h 9c 5s 6d] [Qs]
Chessnok: checks
whats money: bets $6
Chessnok: calls $6
*** SHOW DOWN ***
whats money: shows [Jc 3h] (a pair of Fives)
Chessnok: shows [Ks 8h] (a pair of Fives - King kicker)
Chessnok collected $23.52 from pot
*** SUMMARY ***
Total pot $24 | Rake $0.48
Board [5h 9c 5s 6d Qs]
Seat 1: Chessnok (big blind) showed [Ks 8h] and won ($23.52) with a pair of Fives
Seat 4: whats money (button) (small blind) showed [Jc 3h] and lost with a pair of Fives


PokerStars Hand #150362751748:  Hold'em Limit ($3/$6 USD) - 2016/03/14 18:15:07 ET
Table 'Tethys II' 6-max Seat #1 is the button
Seat 1: Chessnok ($162.99 in chips)
Seat 4: whats money ($180.16 in chips)
Chessnok: posts small blind $1
vestimokrec: is sitting out
whats money: posts big blind $3
*** HOLE CARDS ***
Chessnok: raises $3 to $6
whats money: calls $3
*** FLOP *** [6s 4s Ac]
whats money: checks
Chessnok: bets $3
whats money: raises $3 to $6
Chessnok: calls $3
*** TURN *** [6s 4s Ac] [3h]
whats money: bets $6
Chessnok: calls $6
*** RIVER *** [6s 4s Ac 3h] [Js]
vestimokrec leaves the table
whats money: checks
Chessnok: checks
*** SHOW DOWN ***
whats money: shows [Qh 4h] (a pair of Fours)
Chessnok: mucks hand
whats money collected $35.50 from pot
*** SUMMARY ***
Total pot $36 | Rake $0.50
Board [6s 4s Ac 3h Js]
Seat 1: Chessnok (button) (small blind) mucked
Seat 4: whats money (big blind) showed [Qh 4h] and won ($35.50) with a pair of Fours


PokerStars Hand #150362795884:  Hold'em Limit ($3/$6 USD) - 2016/03/14 18:15:51 ET
Table 'Tethys II' 6-max Seat #1 is the button
Seat 1: Chessnok ($156.51 in chips)
Seat 4: whats money ($185.66 in chips)
Chessnok: posts small blind $1
whats money: posts big blind $3
*** HOLE CARDS ***
Chessnok: raises $3 to $6
whats money: calls $3
*** FLOP *** [3s 9s Ac]
whats money: bets $3
Chessnok: folds
Uncalled bet ($3) returned to whats money
whats money collected $11.76 from pot
whats money: doesn't show hand
*** SUMMARY ***
Total pot $12 | Rake $0.24
Board [3s 9s Ac]
Seat 1: Chessnok (button) (small blind) folded on the Flop
Seat 4: whats money (big blind) collected ($11.76)


PokerStars Hand #150362790407:  Hold'em Limit ($3/$6 USD) - 2016/03/14 18:15:46 ET
Table 'Tethys II' 6-max Seat #4 is the button
Seat 1: Chessnok ($159.51 in chips)
Seat 4: whats money ($182.66 in chips)
whats money: posts small blind $1
Chessnok: posts big blind $3
*** HOLE CARDS ***
whats money: raises $3 to $6
Chessnok: folds
Uncalled bet ($3) returned to whats money
whats money collected $6 from pot
whats money: doesn't show hand
*** SUMMARY ***
Total pot $6 | Rake $0
Seat 1: Chessnok (big blind) folded before Flop
Seat 4: whats money (button) (small blind) collected ($6)


PokerStars Hand #150362828958:  Hold'em Limit ($3/$6 USD) - 2016/03/14 18:16:25 ET
Table 'Tethys II' 6-max Seat #4 is the button
Seat 1: Chessnok ($131.51 in chips)
Seat 4: whats money ($209.92 in chips)
whats money: posts small blind $1
Chessnok: posts big blind $3
*** HOLE CARDS ***
whats money: calls $2
Chessnok: raises $3 to $6
whats money: calls $3
*** FLOP *** [2h 5s Ks]
Chessnok: checks
whats money: checks
*** TURN *** [2h 5s Ks] [4c]
Chessnok: bets $6
whats money: raises $6 to $12
Chessnok: raises $6 to $18
whats money: raises $6 to $24
Betting is capped
Chessnok: calls $6
*** RIVER *** [2h 5s Ks 4c] [4d]
deledder joins the table at seat #3
Chessnok: checks
whats money: checks
*** SHOW DOWN ***
Chessnok: shows [Kc 7h] (two pair, Kings and Fours)
whats money: shows [3h Ac] (a straight, Ace to Five)
whats money collected $59.50 from pot
*** SUMMARY ***
Total pot $60 | Rake $0.50
Board [2h 5s Ks 4c 4d]
Seat 1: Chessnok (big blind) showed [Kc 7h] and lost with two pair, Kings and Fours
Seat 4: whats money (button) (small blind) showed [3h Ac] and won ($59.50) with a straight, Ace to Five


PokerStars Hand #150362823782:  Hold'em Limit ($3/$6 USD) - 2016/03/14 18:16:20 ET
Table 'Tethys II' 6-max Seat #1 is the button
Seat 1: Chessnok ($132.51 in chips)
Seat 4: whats money ($208.92 in chips)
Chessnok: posts small blind $1
whats money: posts big blind $3
*** HOLE CARDS ***
Chessnok: folds
Uncalled bet ($2) returned to whats money
whats money collected $2 from pot
whats money: doesn't show hand
*** SUMMARY ***
Total pot $2 | Rake $0
Seat 1: Chessnok (button) (small blind) folded before Flop
Seat 4: whats money (big blind) collected ($2)


PokerStars Hand #150365470044:  Hold'em Limit ($3/$6 USD) - 2016/03/14 19:07:38 ET
Table 'Tethys II' 6-max Seat #3 is the button
Seat 3: deledder ($95.31 in chips)
Seat 5: TinaTurner72 ($143.46 in chips)
deledder: posts small blind $1
TinaTurner72: posts big blind $3
*** HOLE CARDS ***
deledder: folds
Uncalled bet ($2) returned to TinaTurner72
TinaTurner72 collected $2 from pot
TinaTurner72: doesn't show hand
*** SUMMARY ***
Total pot $2 | Rake $0
Seat 3: deledder (button) (small blind) folded before Flop
Seat 5: TinaTurner72 (big blind) collected ($2)


PokerStars Hand #150365464520:  Hold'em Limit ($3/$6 USD) - 2016/03/14 19:07:32 ET
Table 'Tethys II' 6-max Seat #5 is the button
Seat 3: deledder ($94.31 in chips)
Seat 5: TinaTurner72 ($144.46 in chips)
TinaTurner72: posts small blind $1
JayEm82: is sitting out
deledder: posts big blind $3
*** HOLE CARDS ***
TinaTurner72: folds
Uncalled bet ($2) returned to deledder
deledder collected $2 from pot
deledder: doesn't show hand
*** SUMMARY ***
Total pot $2 | Rake $0
Seat 3: deledder (big blind) collected ($2)
Seat 5: TinaTurner72 (button) (small blind) folded before Flop


PokerStars Hand #150365477130:  Hold'em Limit ($3/$6 USD) - 2016/03/14 19:07:47 ET
Table 'Tethys II' 6-max Seat #5 is the button
Seat 3: deledder ($94.31 in chips)
Seat 5: TinaTurner72 ($144.46 in chips)
TinaTurner72: posts small blind $1
deledder: posts big blind $3
*** HOLE CARDS ***
TinaTurner72: raises $3 to $6
deledder: calls $3
*** FLOP *** [6s 2c 9h]
deledder: checks
TinaTurner72: bets $3
deledder: folds
Uncalled bet ($3) returned to TinaTurner72
TinaTurner72 collected $11.76 from pot
TinaTurner72: doesn't show hand
*** SUMMARY ***
Total pot $12 | Rake $0.24
Board [6s 2c 9h]
Seat 3: deledder (big blind) folded on the Flop
Seat 5: TinaTurner72 (button) (small blind) collected ($11.76)


PokerStars Hand #150365489877:  Hold'em Limit ($3/$6 USD) - 2016/03/14 19:08:03 ET
Table 'Tethys II' 6-max Seat #3 is the button
Seat 3: deledder ($88.31 in chips)
Seat 5: TinaTurner72 ($150.22 in chips)
deledder: posts small blind $1
TinaTurner72: posts big blind $3
*** HOLE CARDS ***
deledder: raises $3 to $6
TinaTurner72: calls $3
*** FLOP *** [3s 4s 7h]
TinaTurner72: checks
deledder: checks
*** TURN *** [3s 4s 7h] [2s]
TinaTurner72: checks
deledder: checks
*** RIVER *** [3s 4s 7h 2s] [Qs]
TinaTurner72: checks
deledder: checks
*** SHOW DOWN ***
TinaTurner72: shows [9h Qh] (a pair of Queens)
deledder: shows [Qd Ad] (a pair of Queens - Ace kicker)
deledder collected $11.76 from pot
*** SUMMARY ***
Total pot $12 | Rake $0.24
Board [3s 4s 7h 2s Qs]
Seat 3: deledder (button) (small blind) showed [Qd Ad] and won ($11.76) with a pair of Queens
Seat 5: TinaTurner72 (big blind) showed [9h Qh] and lost with a pair of Queens


