PokerStars Hand #168409447670:  Hold'em Limit ($3/$6 USD) - 2017/04/01 5:38:15 ET
Table 'Tethys' 10-max Seat #1 is the button
Seat 1: anebodil ($90 in chips)
Seat 6: Rus29APX ($120 in chips)
anebodil: posts small blind $1
Rus29APX: posts big blind $3
*** HOLE CARDS ***
anebodil: calls $2
Rus29APX: checks
*** FLOP *** [Tc 6s 4d]
Rus29APX: checks
anebodil: checks
*** TURN *** [Tc 6s 4d] [2s]
Rus29APX: bets $6
anebodil: calls $6
*** RIVER *** [Tc 6s 4d 2s] [Qs]
Rus29APX: checks
anebodil: checks
*** SHOW DOWN ***
Rus29APX: shows [2d 9d] (a pair of Deuces)
anebodil: mucks hand
Rus29APX collected $17.64 from pot
*** SUMMARY ***
Total pot $18 | Rake $0.36
Board [Tc 6s 4d 2s Qs]
Seat 1: anebodil (button) (small blind) mucked
Seat 6: Rus29APX (big blind) showed [2d 9d] and won ($17.64) with a pair of Deuces


PokerStars Hand #168409463859:  Hold'em Limit ($3/$6 USD) - 2017/04/01 5:38:55 ET
Table 'Tethys' 10-max Seat #6 is the button
Seat 1: anebodil ($81 in chips)
Seat 6: Rus29APX ($128.64 in chips)
Rus29APX: posts small blind $1
anebodil: posts big blind $3
*** HOLE CARDS ***
Rus29APX: raises $3 to $6
anebodil: calls $3
*** FLOP *** [Qs 9c 2h]
anebodil: checks
Rus29APX: bets $3
anebodil: calls $3
*** TURN *** [Qs 9c 2h] [8h]
anebodil: bets $6
Rus29APX: folds
Uncalled bet ($6) returned to anebodil
anebodil collected $17.64 from pot
*** SUMMARY ***
Total pot $18 | Rake $0.36
Board [Qs 9c 2h 8h]
Seat 1: anebodil (big blind) collected ($17.64)
Seat 6: Rus29APX (button) (small blind) folded on the Turn


PokerStars Hand #168409491313:  Hold'em Limit ($3/$6 USD) - 2017/04/01 5:40:03 ET
Table 'Tethys' 10-max Seat #6 is the button
Seat 1: anebodil ($88.40 in chips)
Seat 6: Rus29APX ($120.40 in chips)
Rus29APX: posts small blind $1
anebodil: posts big blind $3
*** HOLE CARDS ***
Rus29APX: raises $3 to $6
anebodil: folds
Uncalled bet ($3) returned to Rus29APX
Rus29APX collected $6 from pot
Rus29APX: doesn't show hand
*** SUMMARY ***
Total pot $6 | Rake $0
Seat 1: anebodil (big blind) folded before Flop
Seat 6: Rus29APX (button) (small blind) collected ($6)


PokerStars Hand #168409489064:  Hold'em Limit ($3/$6 USD) - 2017/04/01 5:39:58 ET
Table 'Tethys' 10-max Seat #1 is the button
Seat 1: anebodil ($89.40 in chips)
Seat 6: Rus29APX ($119.40 in chips)
anebodil: posts small blind $1
Rus29APX: posts big blind $3
*** HOLE CARDS ***
anebodil: folds
Uncalled bet ($2) returned to Rus29APX
Rus29APX collected $2 from pot
Rus29APX: doesn't show hand
*** SUMMARY ***
Total pot $2 | Rake $0
Seat 1: anebodil (button) (small blind) folded before Flop
Seat 6: Rus29APX (big blind) collected ($2)


PokerStars Hand #168409470877:  Hold'em Limit ($3/$6 USD) - 2017/04/01 5:39:13 ET
Table 'Tethys' 10-max Seat #1 is the button
Seat 1: anebodil ($89.64 in chips)
Seat 6: Rus29APX ($119.64 in chips)
anebodil: posts small blind $1
Rus29APX: posts big blind $3
*** HOLE CARDS ***
anebodil: raises $3 to $6
Rus29APX: calls $3
*** FLOP *** [Kd 2d 7d]
Rus29APX: checks
anebodil: checks
*** TURN *** [Kd 2d 7d] [9c]
Rus29APX: checks
anebodil: checks
*** RIVER *** [Kd 2d 7d 9c] [7c]
Rus29APX: checks
anebodil: checks
*** SHOW DOWN ***
Rus29APX: shows [4s 5s] (a pair of Sevens)
anebodil: shows [Qc Jh] (a pair of Sevens - King+Queen kicker)
anebodil collected $11.76 from pot
*** SUMMARY ***
Total pot $12 | Rake $0.24
Board [Kd 2d 7d 9c 7c]
Seat 1: anebodil (button) (small blind) showed [Qc Jh] and won ($11.76) with a pair of Sevens
Seat 6: Rus29APX (big blind) showed [4s 5s] and lost with a pair of Sevens


PokerStars Hand #168409481852:  Hold'em Limit ($3/$6 USD) - 2017/04/01 5:39:40 ET
Table 'Tethys' 10-max Seat #6 is the button
Seat 1: anebodil ($95.40 in chips)
Seat 6: Rus29APX ($113.64 in chips)
Rus29APX: posts small blind $1
anebodil: posts big blind $3
*** HOLE CARDS ***
Rus29APX: raises $3 to $6
anebodil: calls $3
*** FLOP *** [2s Jc 8c]
anebodil: checks
Rus29APX: bets $3
anebodil: folds
Uncalled bet ($3) returned to Rus29APX
Rus29APX collected $11.76 from pot
Rus29APX: doesn't show hand
*** SUMMARY ***
Total pot $12 | Rake $0.24
Board [2s Jc 8c]
Seat 1: anebodil (big blind) folded on the Flop
Seat 6: Rus29APX (button) (small blind) collected ($11.76)


PokerStars Hand #168409516186:  Hold'em Limit ($3/$6 USD) - 2017/04/01 5:41:05 ET
Table 'Tethys' 10-max Seat #1 is the button
Seat 1: anebodil ($88.04 in chips)
Seat 6: Rus29APX ($120.16 in chips)
anebodil: posts small blind $1
Rus29APX: posts big blind $3
*** HOLE CARDS ***
anebodil: folds
Uncalled bet ($2) returned to Rus29APX
Rus29APX collected $2 from pot
Rus29APX: doesn't show hand
*** SUMMARY ***
Total pot $2 | Rake $0
Seat 1: anebodil (button) (small blind) folded before Flop
Seat 6: Rus29APX (big blind) collected ($2)


PokerStars Hand #168409494123:  Hold'em Limit ($3/$6 USD) - 2017/04/01 5:40:10 ET
Table 'Tethys' 10-max Seat #1 is the button
Seat 1: anebodil ($85.40 in chips)
Seat 6: Rus29APX ($123.40 in chips)
anebodil: posts small blind $1
Rus29APX: posts big blind $3
*** HOLE CARDS ***
anebodil: raises $3 to $6
Rus29APX: calls $3
*** FLOP *** [3s Js Td]
Rus29APX: checks
anebodil: bets $3
Rus29APX: calls $3
*** TURN *** [3s Js Td] [6d]
Rus29APX: checks
anebodil: bets $6
Rus29APX: folds
Uncalled bet ($6) returned to anebodil
anebodil collected $17.64 from pot
*** SUMMARY ***
Total pot $18 | Rake $0.36
Board [3s Js Td 6d]
Seat 1: anebodil (button) (small blind) collected ($17.64)
Seat 6: Rus29APX (big blind) folded on the Turn


PokerStars Hand #168409510747:  Hold'em Limit ($3/$6 USD) - 2017/04/01 5:40:51 ET
Table 'Tethys' 10-max Seat #6 is the button
Seat 1: anebodil ($94.04 in chips)
Seat 6: Rus29APX ($114.40 in chips)
Rus29APX: posts small blind $1
anebodil: posts big blind $3
*** HOLE CARDS ***
Rus29APX: raises $3 to $6
anebodil: calls $3
*** FLOP *** [Ac 3d 4c]
anebodil: checks
Rus29APX: bets $3
anebodil: folds
Uncalled bet ($3) returned to Rus29APX
Rus29APX collected $11.76 from pot
Rus29APX: doesn't show hand
*** SUMMARY ***
Total pot $12 | Rake $0.24
Board [Ac 3d 4c]
Seat 1: anebodil (big blind) folded on the Flop
Seat 6: Rus29APX (button) (small blind) collected ($11.76)


PokerStars Hand #168409519478:  Hold'em Limit ($3/$6 USD) - 2017/04/01 5:41:13 ET
Table 'Tethys' 10-max Seat #6 is the button
Seat 1: anebodil ($87.04 in chips)
Seat 6: Rus29APX ($121.16 in chips)
Rus29APX: posts small blind $1
anebodil: posts big blind $3
*** HOLE CARDS ***
Rus29APX: raises $3 to $6
anebodil: calls $3
*** FLOP *** [Th 7h 6s]
anebodil: bets $3
Rus29APX: folds
Uncalled bet ($3) returned to anebodil
anebodil collected $11.76 from pot
*** SUMMARY ***
Total pot $12 | Rake $0.24
Board [Th 7h 6s]
Seat 1: anebodil (big blind) collected ($11.76)
Seat 6: Rus29APX (button) (small blind) folded on the Flop


PokerStars Hand #168409532799:  Hold'em Limit ($3/$6 USD) - 2017/04/01 5:41:46 ET
Table 'Tethys' 10-max Seat #1 is the button
Seat 1: anebodil ($92.80 in chips)
Seat 6: Rus29APX ($115.16 in chips)
anebodil: posts small blind $1
Rus29APX: posts big blind $3
*** HOLE CARDS ***
anebodil: raises $3 to $6
Rus29APX: calls $3
*** FLOP *** [Js 5d 9d]
Rus29APX: checks
anebodil: checks
*** TURN *** [Js 5d 9d] [Qc]
Rus29APX: bets $6
anebodil: calls $6
*** RIVER *** [Js 5d 9d Qc] [Kh]
Rus29APX: checks
anebodil: checks
*** SHOW DOWN ***
Rus29APX: shows [4d Jh] (a pair of Jacks)
anebodil: mucks hand
Rus29APX collected $23.52 from pot
*** SUMMARY ***
Total pot $24 | Rake $0.48
Board [Js 5d 9d Qc Kh]
Seat 1: anebodil (button) (small blind) mucked
Seat 6: Rus29APX (big blind) showed [4d Jh] and won ($23.52) with a pair of Jacks


PokerStars Hand #168409553770:  Hold'em Limit ($3/$6 USD) - 2017/04/01 5:42:37 ET
Table 'Tethys' 10-max Seat #1 is the button
Seat 1: anebodil ($89.44 in chips)
Seat 6: Rus29APX ($117.68 in chips)
anebodil: posts small blind $1
Rus29APX: posts big blind $3
*** HOLE CARDS ***
anebodil: folds
Uncalled bet ($2) returned to Rus29APX
Rus29APX collected $2 from pot
Rus29APX: doesn't show hand
*** SUMMARY ***
Total pot $2 | Rake $0
Seat 1: anebodil (button) (small blind) folded before Flop
Seat 6: Rus29APX (big blind) collected ($2)


PokerStars Hand #168409555969:  Hold'em Limit ($3/$6 USD) - 2017/04/01 5:42:42 ET
Table 'Tethys' 10-max Seat #6 is the button
Seat 1: anebodil ($88.44 in chips)
Seat 6: Rus29APX ($118.68 in chips)
Rus29APX: posts small blind $1
anebodil: posts big blind $3
*** HOLE CARDS ***
Rus29APX: raises $3 to $6
anebodil: calls $3
*** FLOP *** [Jh 6s Td]
anebodil: checks
Rus29APX: bets $3
anebodil: folds
Uncalled bet ($3) returned to Rus29APX
Rus29APX collected $11.76 from pot
Rus29APX: doesn't show hand
*** SUMMARY ***
Total pot $12 | Rake $0.24
Board [Jh 6s Td]
Seat 1: anebodil (big blind) folded on the Flop
Seat 6: Rus29APX (button) (small blind) collected ($11.76)


PokerStars Hand #168409546716:  Hold'em Limit ($3/$6 USD) - 2017/04/01 5:42:20 ET
Table 'Tethys' 10-max Seat #6 is the button
Seat 1: anebodil ($80.80 in chips)
Seat 6: Rus29APX ($126.68 in chips)
Rus29APX: posts small blind $1
anebodil: posts big blind $3
*** HOLE CARDS ***
Rus29APX: raises $3 to $6
anebodil: calls $3
*** FLOP *** [Ks 8c 6c]
anebodil: checks
Rus29APX: bets $3
anebodil: calls $3
*** TURN *** [Ks 8c 6c] [As]
anebodil: bets $6
Rus29APX: folds
Uncalled bet ($6) returned to anebodil
anebodil collected $17.64 from pot
*** SUMMARY ***
Total pot $18 | Rake $0.36
Board [Ks 8c 6c As]
Seat 1: anebodil (big blind) collected ($17.64)
Seat 6: Rus29APX (button) (small blind) folded on the Turn


PokerStars Hand #168409565587:  Hold'em Limit ($3/$6 USD) - 2017/04/01 5:43:06 ET
Table 'Tethys' 10-max Seat #1 is the button
Seat 1: anebodil ($82.44 in chips)
Seat 6: Rus29APX ($124.44 in chips)
anebodil: posts small blind $1
Rus29APX: posts big blind $3
*** HOLE CARDS ***
anebodil: raises $3 to $6
Apanage joins the table at seat #2
Rus29APX: raises $3 to $9
anebodil: calls $3
*** FLOP *** [4c Ks Qs]
Rus29APX: bets $3
anebodil: calls $3
*** TURN *** [4c Ks Qs] [5c]
Rus29APX: checks
anebodil: checks
*** RIVER *** [4c Ks Qs 5c] [9h]
Rus29APX: checks
anebodil: bets $6
Rus29APX: folds
Uncalled bet ($6) returned to anebodil
anebodil collected $23.52 from pot
*** SUMMARY ***
Total pot $24 | Rake $0.48
Board [4c Ks Qs 5c 9h]
Seat 1: anebodil (button) (small blind) collected ($23.52)
Seat 6: Rus29APX (big blind) folded on the River


PokerStars Hand #168409584906:  Hold'em Limit ($3/$6 USD) - 2017/04/01 5:43:52 ET
Table 'Tethys' 10-max Seat #6 is the button
Seat 1: anebodil ($93.96 in chips)
Seat 6: Rus29APX ($112.44 in chips)
Rus29APX: posts small blind $1
anebodil: posts big blind $3
*** HOLE CARDS ***
Rus29APX: raises $3 to $6
anebodil: calls $3
*** FLOP *** [6d 8c 4c]
anebodil: bets $3
Rus29APX: raises $3 to $6
anebodil: calls $3
*** TURN *** [6d 8c 4c] [2s]
anebodil: checks
Rus29APX: checks
*** RIVER *** [6d 8c 4c 2s] [2h]
anebodil: bets $6
Rus29APX: calls $6
*** SHOW DOWN ***
anebodil: shows [7c Qd] (a pair of Deuces)
Rus29APX: shows [Qc Tc] (a pair of Deuces - Queen+Ten kicker)
Rus29APX collected $35.50 from pot
*** SUMMARY ***
Total pot $36 | Rake $0.50
Board [6d 8c 4c 2s 2h]
Seat 1: anebodil (big blind) showed [7c Qd] and lost with a pair of Deuces
Seat 6: Rus29APX (button) (small blind) showed [Qc Tc] and won ($35.50) with a pair of Deuces


PokerStars Hand #168415452274:  Hold'em Limit ($3/$6 USD) - 2017/04/01 9:04:44 ET
Table 'Tethys' 10-max Seat #6 is the button
Seat 4: popje2605 ($125.76 in chips)
Seat 6: Agrotait ($66 in chips)
Agrotait: posts small blind $1
popje2605: posts big blind $3
*** HOLE CARDS ***
Agrotait: raises $3 to $6
popje2605: calls $3
*** FLOP *** [3c 2c Ks]
popje2605: checks
Agrotait: bets $3
popje2605: folds
Uncalled bet ($3) returned to Agrotait
Agrotait collected $11.76 from pot
Agrotait: doesn't show hand
*** SUMMARY ***
Total pot $12 | Rake $0.24
Board [3c 2c Ks]
Seat 4: popje2605 (big blind) folded on the Flop
Seat 6: Agrotait (button) (small blind) collected ($11.76)


PokerStars Hand #168415438647:  Hold'em Limit ($3/$6 USD) - 2017/04/01 9:04:21 ET
Table 'Tethys' 10-max Seat #4 is the button
Seat 4: popje2605 ($120 in chips)
Seat 6: Agrotait ($72 in chips)
popje2605: posts small blind $1
Agrotait: posts big blind $3
*** HOLE CARDS ***
popje2605: calls $2
Krazy90 joins the table at seat #5
Agrotait: checks
*** FLOP *** [Kh 7h Ks]
Agrotait: bets $3
popje2605: raises $3 to $6
Agrotait: folds
Uncalled bet ($3) returned to popje2605
popje2605 collected $11.76 from pot
*** SUMMARY ***
Total pot $12 | Rake $0.24
Board [Kh 7h Ks]
Seat 4: popje2605 (button) (small blind) collected ($11.76)
Seat 6: Agrotait (big blind) folded on the Flop


PokerStars Hand #168415969639:  Hold'em Limit ($3/$6 USD) - 2017/04/01 9:19:13 ET
Table 'Tethys' 10-max Seat #10 is the button
Seat 4: popje2605 ($270.92 in chips)
Seat 10: AzureCaper ($105.81 in chips)
AzureCaper: posts small blind $1
popje2605: posts big blind $3
*** HOLE CARDS ***
AzureCaper: folds
Uncalled bet ($2) returned to popje2605
popje2605 collected $2 from pot
*** SUMMARY ***
Total pot $2 | Rake $0
Seat 4: popje2605 (big blind) collected ($2)
Seat 10: AzureCaper (button) (small blind) folded before Flop


PokerStars Hand #168415960574:  Hold'em Limit ($3/$6 USD) - 2017/04/01 9:18:57 ET
Table 'Tethys' 10-max Seat #10 is the button
Seat 4: popje2605 ($267.04 in chips)
Seat 10: AzureCaper ($109.81 in chips)
AzureCaper: posts small blind $1
popje2605: posts big blind $3
*** HOLE CARDS ***
AzureCaper: folds
Uncalled bet ($2) returned to popje2605
popje2605 collected $2 from pot
*** SUMMARY ***
Total pot $2 | Rake $0
Seat 4: popje2605 (big blind) collected ($2)
Seat 10: AzureCaper (button) (small blind) folded before Flop


PokerStars Hand #168415956855:  Hold'em Limit ($3/$6 USD) - 2017/04/01 9:18:51 ET
Table 'Tethys' 10-max Seat #4 is the button
Seat 4: popje2605 ($268.04 in chips)
Seat 10: AzureCaper ($108.81 in chips)
popje2605: posts small blind $1
Agrotait: is sitting out
AzureCaper: posts big blind $3
*** HOLE CARDS ***
popje2605: folds
Uncalled bet ($2) returned to AzureCaper
AzureCaper collected $2 from pot
AzureCaper: doesn't show hand
*** SUMMARY ***
Total pot $2 | Rake $0
Seat 4: popje2605 (button) (small blind) folded before Flop
Seat 10: AzureCaper (big blind) collected ($2)


PokerStars Hand #168415963518:  Hold'em Limit ($3/$6 USD) - 2017/04/01 9:19:02 ET
Table 'Tethys' 10-max Seat #4 is the button
Seat 4: popje2605 ($268.04 in chips)
Seat 10: AzureCaper ($108.81 in chips)
popje2605: posts small blind $1
AzureCaper: posts big blind $3
*** HOLE CARDS ***
popje2605: calls $2
AzureCaper: checks
*** FLOP *** [3s 4d Kd]
AzureCaper: checks
popje2605: bets $3
AzureCaper: folds
Uncalled bet ($3) returned to popje2605
popje2605 collected $5.88 from pot
*** SUMMARY ***
Total pot $6 | Rake $0.12
Board [3s 4d Kd]
Seat 4: popje2605 (button) (small blind) collected ($5.88)
Seat 10: AzureCaper (big blind) folded on the Flop


PokerStars Hand #168415973668:  Hold'em Limit ($3/$6 USD) - 2017/04/01 9:19:19 ET
Table 'Tethys' 10-max Seat #4 is the button
Seat 4: popje2605 ($271.92 in chips)
Seat 10: AzureCaper ($104.81 in chips)
popje2605: posts small blind $1
AzureCaper: posts big blind $3
*** HOLE CARDS ***
popje2605: calls $2
AzureCaper: checks
*** FLOP *** [2s 3h 7h]
AzureCaper: checks
popje2605: bets $3
AzureCaper: folds
Uncalled bet ($3) returned to popje2605
popje2605 collected $5.88 from pot
*** SUMMARY ***
Total pot $6 | Rake $0.12
Board [2s 3h 7h]
Seat 4: popje2605 (button) (small blind) collected ($5.88)
Seat 10: AzureCaper (big blind) folded on the Flop


PokerStars Hand #168415981739:  Hold'em Limit ($3/$6 USD) - 2017/04/01 9:19:33 ET
Table 'Tethys' 10-max Seat #10 is the button
Seat 4: popje2605 ($274.80 in chips)
Seat 10: AzureCaper ($101.81 in chips)
AzureCaper: posts small blind $1
popje2605: posts big blind $3
*** HOLE CARDS ***
AzureCaper: raises $3 to $6
popje2605: calls $3
*** FLOP *** [3d Kd 2h]
popje2605: checks
AzureCaper: bets $3
popje2605: calls $3
*** TURN *** [3d Kd 2h] [Qd]
popje2605: checks
AzureCaper: checks
*** RIVER *** [3d Kd 2h Qd] [4d]
popje2605: bets $6
AzureCaper: calls $6
*** SHOW DOWN ***
popje2605: shows [3c Ac] (a pair of Threes)
AzureCaper: shows [6c Qc] (a pair of Queens)
AzureCaper collected $29.50 from pot
*** SUMMARY ***
Total pot $30 | Rake $0.50
Board [3d Kd 2h Qd 4d]
Seat 4: popje2605 (big blind) showed [3c Ac] and lost with a pair of Threes
Seat 10: AzureCaper (button) (small blind) showed [6c Qc] and won ($29.50) with a pair of Queens


PokerStars Hand #168416042884:  Hold'em Limit ($3/$6 USD) - 2017/04/01 9:21:15 ET
Table 'Tethys' 10-max Seat #6 is the button
Seat 6: Agrotait ($72 in chips)
Seat 10: AzureCaper ($144.87 in chips)
Agrotait: posts small blind $1
AzureCaper: posts big blind $3
*** HOLE CARDS ***
Agrotait: raises $3 to $6
AzureCaper: folds
Uncalled bet ($3) returned to Agrotait
Agrotait collected $6 from pot
Agrotait: doesn't show hand
*** SUMMARY ***
Total pot $6 | Rake $0
Seat 6: Agrotait (button) (small blind) collected ($6)
Seat 10: AzureCaper (big blind) folded before Flop


PokerStars Hand #168421993327:  Hold'em Limit ($3/$6 USD) - 2017/04/01 11:53:29 ET
Table 'Tethys' 10-max Seat #7 is the button
Seat 1: perten ($76.77 in chips)
Seat 7: VolkovDmitri ($121 in chips)
VolkovDmitri: posts small blind $1
perten: posts big blind $3
*** HOLE CARDS ***
VolkovDmitri: raises $3 to $6
perten: calls $3
*** FLOP *** [Th Qs 8s]
perten: bets $3
VolkovDmitri: calls $3
*** TURN *** [Th Qs 8s] [Ks]
perten: checks
VolkovDmitri: checks
*** RIVER *** [Th Qs 8s Ks] [7c]
perten: checks
VolkovDmitri: checks
*** SHOW DOWN ***
perten: shows [Ts 6d] (a pair of Tens)
VolkovDmitri: mucks hand
perten collected $17.64 from pot
*** SUMMARY ***
Total pot $18 | Rake $0.36
Board [Th Qs 8s Ks 7c]
Seat 1: perten (big blind) showed [Ts 6d] and won ($17.64) with a pair of Tens
Seat 7: VolkovDmitri (button) (small blind) mucked


PokerStars Hand #168421983358:  Hold'em Limit ($3/$6 USD) - 2017/04/01 11:53:15 ET
Table 'Tethys' 10-max Seat #1 is the button
Seat 1: perten ($77.77 in chips)
Seat 7: VolkovDmitri ($120 in chips)
perten: posts small blind $1
VolkovDmitri: posts big blind $3
*** HOLE CARDS ***
perten: folds
Uncalled bet ($2) returned to VolkovDmitri
VolkovDmitri collected $2 from pot
VolkovDmitri: doesn't show hand
*** SUMMARY ***
Total pot $2 | Rake $0
Seat 1: perten (button) (small blind) folded before Flop
Seat 7: VolkovDmitri (big blind) collected ($2)


