PokerStars Hand #172500021692:  Hold'em Limit ($3/$6 USD) - 2017/07/02 4:53:34 ET
Table 'Tethys' 6-max Seat #4 is the button
Seat 3: BAD-Chri$$y ($102.30 in chips)
Seat 4: Agrotait ($69 in chips)
Agrotait: posts small blind $1
BAD-Chri$$y: posts big blind $3
*** HOLE CARDS ***
Agrotait: folds
Uncalled bet ($2) returned to BAD-Chri$$y
BAD-Chri$$y collected $2 from pot
BAD-Chri$$y: doesn't show hand
*** SUMMARY ***
Total pot $2 | Rake $0
Seat 3: BAD-Chri$$y (big blind) collected ($2)
Seat 4: Agrotait (button) (small blind) folded before Flop


PokerStars Hand #172500017722:  Hold'em Limit ($3/$6 USD) - 2017/07/02 4:53:22 ET
Table 'Tethys' 6-max Seat #3 is the button
Seat 3: BAD-Chri$$y ($99.30 in chips)
Seat 4: Agrotait ($72 in chips)
BAD-Chri$$y: posts small blind $1
Agrotait: posts big blind $3
*** HOLE CARDS ***
BAD-Chri$$y: raises $3 to $6
Agrotait: folds
Uncalled bet ($3) returned to BAD-Chri$$y
BAD-Chri$$y collected $6 from pot
BAD-Chri$$y: doesn't show hand
*** SUMMARY ***
Total pot $6 | Rake $0
Seat 3: BAD-Chri$$y (button) (small blind) collected ($6)
Seat 4: Agrotait (big blind) folded before Flop


PokerStars Hand #172500045458:  Hold'em Limit ($3/$6 USD) - 2017/07/02 4:54:41 ET
Table 'Tethys' 6-max Seat #4 is the button
Seat 3: BAD-Chri$$y ($113.80 in chips)
Seat 4: Agrotait ($78.76 in chips)
Agrotait: posts small blind $1
BAD-Chri$$y: posts big blind $3
*** HOLE CARDS ***
Agrotait: raises $3 to $6
BAD-Chri$$y: calls $3
*** FLOP *** [5c Jc Kc]
BAD-Chri$$y: checks
Agrotait: bets $3
BAD-Chri$$y: folds
Uncalled bet ($3) returned to Agrotait
Agrotait collected $11.76 from pot
Agrotait: doesn't show hand
*** SUMMARY ***
Total pot $12 | Rake $0.24
Board [5c Jc Kc]
Seat 3: BAD-Chri$$y (big blind) folded on the Flop
Seat 4: Agrotait (button) (small blind) collected ($11.76)


PokerStars Hand #172500043484:  Hold'em Limit ($3/$6 USD) - 2017/07/02 4:54:35 ET
Table 'Tethys' 6-max Seat #3 is the button
Seat 3: BAD-Chri$$y ($114.80 in chips)
Seat 4: Agrotait ($77.76 in chips)
BAD-Chri$$y: posts small blind $1
Agrotait: posts big blind $3
*** HOLE CARDS ***
BAD-Chri$$y: folds
Uncalled bet ($2) returned to Agrotait
Agrotait collected $2 from pot
Agrotait: doesn't show hand
*** SUMMARY ***
Total pot $2 | Rake $0
Seat 3: BAD-Chri$$y (button) (small blind) folded before Flop
Seat 4: Agrotait (big blind) collected ($2)


PokerStars Hand #172500037153:  Hold'em Limit ($3/$6 USD) - 2017/07/02 4:54:18 ET
Table 'Tethys' 6-max Seat #4 is the button
Seat 3: BAD-Chri$$y ($120.80 in chips)
Seat 4: Agrotait ($72 in chips)
Agrotait: posts small blind $1
BAD-Chri$$y: posts big blind $3
*** HOLE CARDS ***
Agrotait: raises $3 to $6
BAD-Chri$$y: calls $3
*** FLOP *** [Qd 9s 8c]
BAD-Chri$$y: checks
Agrotait: bets $3
BAD-Chri$$y: folds
Uncalled bet ($3) returned to Agrotait
Agrotait collected $11.76 from pot
Agrotait: doesn't show hand
*** SUMMARY ***
Total pot $12 | Rake $0.24
Board [Qd 9s 8c]
Seat 3: BAD-Chri$$y (big blind) folded on the Flop
Seat 4: Agrotait (button) (small blind) collected ($11.76)


PokerStars Hand #172500023830:  Hold'em Limit ($3/$6 USD) - 2017/07/02 4:53:40 ET
Table 'Tethys' 6-max Seat #3 is the button
Seat 3: BAD-Chri$$y ($103.30 in chips)
Seat 4: Agrotait ($68 in chips)
BAD-Chri$$y: posts small blind $1
Agrotait: posts big blind $3
*** HOLE CARDS ***
BAD-Chri$$y: raises $3 to $6
Agrotait: calls $3
*** FLOP *** [3d 4c 9h]
Agrotait: checks
BAD-Chri$$y: checks
*** TURN *** [3d 4c 9h] [Kc]
Agrotait: bets $6
BAD-Chri$$y: calls $6
*** RIVER *** [3d 4c 9h Kc] [Qs]
Agrotait: checks
BAD-Chri$$y: bets $6
Agrotait: calls $6
*** SHOW DOWN ***
BAD-Chri$$y: shows [Ah Qc] (a pair of Queens)
Agrotait: mucks hand
BAD-Chri$$y collected $35.50 from pot
*** SUMMARY ***
Total pot $36 | Rake $0.50
Board [3d 4c 9h Kc Qs]
Seat 3: BAD-Chri$$y (button) (small blind) showed [Ah Qc] and won ($35.50) with a pair of Queens
Seat 4: Agrotait (big blind) mucked


PokerStars Hand #172500063019:  Hold'em Limit ($3/$6 USD) - 2017/07/02 4:55:33 ET
Table 'Tethys' 6-max Seat #4 is the button
Seat 3: BAD-Chri$$y ($113.56 in chips)
Seat 4: Agrotait ($78.52 in chips)
Agrotait: posts small blind $1
BAD-Chri$$y: posts big blind $3
*** HOLE CARDS ***
Agrotait: raises $3 to $6
BAD-Chri$$y: calls $3
*** FLOP *** [6d Th Js]
BAD-Chri$$y: checks
Agrotait: bets $3
BAD-Chri$$y: folds
Uncalled bet ($3) returned to Agrotait
Agrotait collected $11.76 from pot
Agrotait: doesn't show hand
*** SUMMARY ***
Total pot $12 | Rake $0.24
Board [6d Th Js]
Seat 3: BAD-Chri$$y (big blind) folded on the Flop
Seat 4: Agrotait (button) (small blind) collected ($11.76)


PokerStars Hand #172500051387:  Hold'em Limit ($3/$6 USD) - 2017/07/02 4:54:57 ET
Table 'Tethys' 6-max Seat #3 is the button
Seat 3: BAD-Chri$$y ($107.80 in chips)
Seat 4: Agrotait ($84.52 in chips)
BAD-Chri$$y: posts small blind $1
Agrotait: posts big blind $3
*** HOLE CARDS ***
BAD-Chri$$y: raises $3 to $6
Agrotait: calls $3
*** FLOP *** [Qd 7h Ad]
Agrotait: checks
BAD-Chri$$y: bets $3
Agrotait: folds
Uncalled bet ($3) returned to BAD-Chri$$y
BAD-Chri$$y collected $11.76 from pot
BAD-Chri$$y: doesn't show hand
*** SUMMARY ***
Total pot $12 | Rake $0.24
Board [Qd 7h Ad]
Seat 3: BAD-Chri$$y (button) (small blind) collected ($11.76)
Seat 4: Agrotait (big blind) folded on the Flop


PokerStars Hand #172500079203:  Hold'em Limit ($3/$6 USD) - 2017/07/02 4:56:24 ET
Table 'Tethys' 6-max Seat #4 is the button
Seat 3: BAD-Chri$$y ($122.06 in chips)
Seat 4: Agrotait ($69.28 in chips)
Agrotait: posts small blind $1
BAD-Chri$$y: posts big blind $3
*** HOLE CARDS ***
Agrotait: folds
Uncalled bet ($2) returned to BAD-Chri$$y
BAD-Chri$$y collected $2 from pot
BAD-Chri$$y: doesn't show hand
*** SUMMARY ***
Total pot $2 | Rake $0
Seat 3: BAD-Chri$$y (big blind) collected ($2)
Seat 4: Agrotait (button) (small blind) folded before Flop


PokerStars Hand #172500080925:  Hold'em Limit ($3/$6 USD) - 2017/07/02 4:56:29 ET
Table 'Tethys' 6-max Seat #3 is the button
Seat 3: BAD-Chri$$y ($123.06 in chips)
Seat 4: Agrotait ($68.28 in chips)
BAD-Chri$$y: posts small blind $1
Agrotait: posts big blind $3
*** HOLE CARDS ***
BAD-Chri$$y: raises $3 to $6
Agrotait: folds
Uncalled bet ($3) returned to BAD-Chri$$y
BAD-Chri$$y collected $6 from pot
BAD-Chri$$y: doesn't show hand
*** SUMMARY ***
Total pot $6 | Rake $0
Seat 3: BAD-Chri$$y (button) (small blind) collected ($6)
Seat 4: Agrotait (big blind) folded before Flop


PokerStars Hand #172500083390:  Hold'em Limit ($3/$6 USD) - 2017/07/02 4:56:37 ET
Table 'Tethys' 6-max Seat #4 is the button
Seat 3: BAD-Chri$$y ($126.06 in chips)
Seat 4: Agrotait ($65.28 in chips)
iskambil joins the table at seat #1
Agrotait: posts small blind $1
BAD-Chri$$y: posts big blind $3
*** HOLE CARDS ***
Agrotait: raises $3 to $6
BAD-Chri$$y: calls $3
*** FLOP *** [5s Jd 3c]
BAD-Chri$$y: bets $3
Agrotait: calls $3
*** TURN *** [5s Jd 3c] [Ts]
BAD-Chri$$y: checks
Agrotait: bets $6
BAD-Chri$$y: calls $6
*** RIVER *** [5s Jd 3c Ts] [7s]
BAD-Chri$$y: bets $6
Agrotait: calls $6
*** SHOW DOWN ***
BAD-Chri$$y: shows [4d 6c] (a straight, Three to Seven)
Agrotait: mucks hand
BAD-Chri$$y collected $41.50 from pot
*** SUMMARY ***
Total pot $42 | Rake $0.50
Board [5s Jd 3c Ts 7s]
Seat 3: BAD-Chri$$y (big blind) showed [4d 6c] and won ($41.50) with a straight, Three to Seven
Seat 4: Agrotait (button) (small blind) mucked


PokerStars Hand #172500068866:  Hold'em Limit ($3/$6 USD) - 2017/07/02 4:55:52 ET
Table 'Tethys' 6-max Seat #3 is the button
Seat 3: BAD-Chri$$y ($107.56 in chips)
Seat 4: Agrotait ($84.28 in chips)
BAD-Chri$$y: posts small blind $1
Agrotait: posts big blind $3
*** HOLE CARDS ***
BAD-Chri$$y: calls $2
Agrotait: raises $3 to $6
BAD-Chri$$y: calls $3
*** FLOP *** [Td 6s 7d]
Agrotait: bets $3
BAD-Chri$$y: calls $3
*** TURN *** [Td 6s 7d] [3s]
Agrotait: checks
BAD-Chri$$y: bets $6
Agrotait: calls $6
*** RIVER *** [Td 6s 7d 3s] [3d]
Agrotait: checks
BAD-Chri$$y: checks
*** SHOW DOWN ***
Agrotait: shows [9c Qc] (a pair of Threes)
BAD-Chri$$y: shows [6d Jc] (two pair, Sixes and Threes)
BAD-Chri$$y collected $29.50 from pot
*** SUMMARY ***
Total pot $30 | Rake $0.50
Board [Td 6s 7d 3s 3d]
Seat 3: BAD-Chri$$y (button) (small blind) showed [6d Jc] and won ($29.50) with two pair, Sixes and Threes
Seat 4: Agrotait (big blind) showed [9c Qc] and lost with a pair of Threes


PokerStars Hand #172500091082:  Hold'em Limit ($3/$6 USD) - 2017/07/02 4:57:00 ET
Table 'Tethys' 6-max Seat #3 is the button
Seat 3: BAD-Chri$$y ($146.56 in chips)
Seat 4: Agrotait ($72 in chips)
BAD-Chri$$y: posts small blind $1
Agrotait: posts big blind $3
*** HOLE CARDS ***
BAD-Chri$$y: raises $3 to $6
Agrotait: folds
Uncalled bet ($3) returned to BAD-Chri$$y
BAD-Chri$$y collected $6 from pot
BAD-Chri$$y: doesn't show hand
*** SUMMARY ***
Total pot $6 | Rake $0
Seat 3: BAD-Chri$$y (button) (small blind) collected ($6)
Seat 4: Agrotait (big blind) folded before Flop


PokerStars Hand #172500190127:  Hold'em Limit ($3/$6 USD) - 2017/07/02 5:01:53 ET
Table 'Tethys' 6-max Seat #1 is the button
Seat 1: iskambil ($54 in chips)
Seat 6: bAAchi ($165 in chips)
iskambil: posts small blind $1
Agrotait: is sitting out
bAAchi: posts big blind $3
*** HOLE CARDS ***
Agrotait leaves the table
iskambil has timed out
iskambil: folds
Uncalled bet ($2) returned to bAAchi
bAAchi collected $2 from pot
bAAchi: doesn't show hand
*** SUMMARY ***
Total pot $2 | Rake $0
Seat 1: iskambil (button) (small blind) folded before Flop
Seat 6: bAAchi (big blind) collected ($2)


