PokerStars Hand #150789524197:  Hold'em Limit ($3/$6 USD) - 2016/03/22 22:52:20 ET
Table 'Teucer' 6-max Seat #1 is the button
Seat 1: -25an- ($359.42 in chips)
Seat 4: RaisemyNut$ ($101.39 in chips)
-25an-: posts small blind $1
RaisemyNut$: posts big blind $3
*** HOLE CARDS ***
-25an-: raises $3 to $6
RaisemyNut$: calls $3
*** FLOP *** [5c 4h 4c]
RaisemyNut$: checks
-25an-: bets $3
RaisemyNut$: calls $3
*** TURN *** [5c 4h 4c] [3s]
RaisemyNut$: checks
-25an-: bets $6
RaisemyNut$: raises $6 to $12
-25an-: calls $6
*** RIVER *** [5c 4h 4c 3s] [7h]
RaisemyNut$: bets $6
-25an-: raises $6 to $12
RaisemyNut$: raises $6 to $18
-25an-: raises $6 to $24
Betting is capped
RaisemyNut$: calls $6
*** SHOW DOWN ***
-25an-: shows [6c Ac] (a straight, Three to Seven)
RaisemyNut$: shows [4s 3d] (a full house, Fours full of Threes)
RaisemyNut$ collected $89.50 from pot
*** SUMMARY ***
Total pot $90 | Rake $0.50
Board [5c 4h 4c 3s 7h]
Seat 1: -25an- (button) (small blind) showed [6c Ac] and lost with a straight, Three to Seven
Seat 4: RaisemyNut$ (big blind) showed [4s 3d] and won ($89.50) with a full house, Fours full of Threes


PokerStars Hand #150789512179:  Hold'em Limit ($3/$6 USD) - 2016/03/22 22:51:47 ET
Table 'Teucer' 6-max Seat #4 is the button
Seat 1: -25an- ($383.42 in chips)
Seat 4: RaisemyNut$ ($77.89 in chips)
RaisemyNut$: posts small blind $1
Johnliu: is sitting out
-25an-: posts big blind $3
*** HOLE CARDS ***
Johnliu leaves the table
RaisemyNut$: raises $3 to $6
-25an-: calls $3
*** FLOP *** [6d Th 5h]
-25an-: checks
RaisemyNut$: bets $3
-25an-: raises $3 to $6
RaisemyNut$: calls $3
*** TURN *** [6d Th 5h] [3h]
TinaTurner72 leaves the table
-25an-: bets $6
RaisemyNut$: calls $6
*** RIVER *** [6d Th 5h 3h] [Jd]
-25an-: checks
RaisemyNut$: bets $6
-25an-: calls $6
*** SHOW DOWN ***
RaisemyNut$: shows [Ts Ah] (a pair of Tens)
-25an-: mucks hand
RaisemyNut$ collected $47.50 from pot
*** SUMMARY ***
Total pot $48 | Rake $0.50
Board [6d Th 5h 3h Jd]
Seat 1: -25an- (big blind) mucked
Seat 4: RaisemyNut$ (button) (small blind) showed [Ts Ah] and won ($47.50) with a pair of Tens


PokerStars Hand #150789535721:  Hold'em Limit ($3/$6 USD) - 2016/03/22 22:52:51 ET
Table 'Teucer' 6-max Seat #4 is the button
Seat 1: -25an- ($314.42 in chips)
Seat 4: RaisemyNut$ ($145.89 in chips)
RaisemyNut$: posts small blind $1
-25an-: posts big blind $3
*** HOLE CARDS ***
RaisemyNut$: folds
Uncalled bet ($2) returned to -25an-
-25an- collected $2 from pot
-25an-: doesn't show hand
*** SUMMARY ***
Total pot $2 | Rake $0
Seat 1: -25an- (big blind) collected ($2)
Seat 4: RaisemyNut$ (button) (small blind) folded before Flop


PokerStars Hand #150789537991:  Hold'em Limit ($3/$6 USD) - 2016/03/22 22:52:57 ET
Table 'Teucer' 6-max Seat #1 is the button
Seat 1: -25an- ($315.42 in chips)
Seat 4: RaisemyNut$ ($144.89 in chips)
-25an-: posts small blind $1
RaisemyNut$: posts big blind $3
*** HOLE CARDS ***
-25an-: calls $2
RaisemyNut$: raises $3 to $6
-25an-: calls $3
*** FLOP *** [6h 4s 2s]
RaisemyNut$: bets $3
-25an-: calls $3
*** TURN *** [6h 4s 2s] [6s]
RaisemyNut$: checks
-25an-: checks
*** RIVER *** [6h 4s 2s 6s] [2d]
RaisemyNut$: checks
-25an-: checks
*** SHOW DOWN ***
RaisemyNut$: shows [Jh Kc] (two pair, Sixes and Deuces)
-25an-: mucks hand
RaisemyNut$ collected $17.64 from pot
*** SUMMARY ***
Total pot $18 | Rake $0.36
Board [6h 4s 2s 6s 2d]
Seat 1: -25an- (button) (small blind) mucked
Seat 4: RaisemyNut$ (big blind) showed [Jh Kc] and won ($17.64) with two pair, Sixes and Deuces


PokerStars Hand #150789557526:  Hold'em Limit ($3/$6 USD) - 2016/03/22 22:53:50 ET
Table 'Teucer' 6-max Seat #4 is the button
Seat 3: adi81pl ($120 in chips)
Seat 4: RaisemyNut$ ($153.53 in chips)
RaisemyNut$: posts small blind $1
Sunny1022 was removed from the table for failing to post
adi81pl: posts big blind $3
*** HOLE CARDS ***
RaisemyNut$: folds
Uncalled bet ($2) returned to adi81pl
adi81pl collected $2 from pot
adi81pl: doesn't show hand
*** SUMMARY ***
Total pot $2 | Rake $0
Seat 3: adi81pl (big blind) collected ($2)
Seat 4: RaisemyNut$ (button) (small blind) folded before Flop


PokerStars Hand #150789559778:  Hold'em Limit ($3/$6 USD) - 2016/03/22 22:53:56 ET
Table 'Teucer' 6-max Seat #3 is the button
Seat 3: adi81pl ($121 in chips)
Seat 4: RaisemyNut$ ($152.53 in chips)
adi81pl: posts small blind $1
RaisemyNut$: posts big blind $3
*** HOLE CARDS ***
adi81pl: raises $3 to $6
RaisemyNut$: calls $3
*** FLOP *** [Qs 4d Qh]
RaisemyNut$: checks
adi81pl: bets $3
RaisemyNut$: raises $3 to $6
adi81pl: calls $3
*** TURN *** [Qs 4d Qh] [7d]
RaisemyNut$: bets $6
adi81pl: calls $6
*** RIVER *** [Qs 4d Qh 7d] [Jc]
andriano077 joins the table at seat #6
RaisemyNut$: checks
adi81pl: checks
*** SHOW DOWN ***
RaisemyNut$: shows [Ks Ad] (a pair of Queens)
adi81pl: mucks hand
RaisemyNut$ collected $35.50 from pot
*** SUMMARY ***
Total pot $36 | Rake $0.50
Board [Qs 4d Qh 7d Jc]
Seat 3: adi81pl (button) (small blind) mucked
Seat 4: RaisemyNut$ (big blind) showed [Ks Ad] and won ($35.50) with a pair of Queens


PokerStars Hand #150793103243:  Hold'em Limit ($3/$6 USD) - 2016/03/23 2:21:31 ET
Table 'Teucer' 6-max Seat #6 is the button
Seat 2: Chessnok ($146.73 in chips)
Seat 6: gabrinamli ($101.94 in chips)
gabrinamli: posts small blind $1
Chessnok: posts big blind $3
*** HOLE CARDS ***
gabrinamli: raises $3 to $6
Chessnok: raises $3 to $9
gabrinamli: calls $3
*** FLOP *** [Jd Qh Ad]
Chessnok: bets $3
gabrinamli: folds
Uncalled bet ($3) returned to Chessnok
Chessnok collected $17.64 from pot
Chessnok: doesn't show hand
*** SUMMARY ***
Total pot $18 | Rake $0.36
Board [Jd Qh Ad]
Seat 2: Chessnok (big blind) collected ($17.64)
Seat 6: gabrinamli (button) (small blind) folded on the Flop


PokerStars Hand #150793111482:  Hold'em Limit ($3/$6 USD) - 2016/03/23 2:22:05 ET
Table 'Teucer' 6-max Seat #6 is the button
Seat 2: Chessnok ($137.37 in chips)
Seat 6: gabrinamli ($110.44 in chips)
gabrinamli: posts small blind $1
Chessnok: posts big blind $3
*** HOLE CARDS ***
gabrinamli: raises $3 to $6
Chessnok: calls $3
*** FLOP *** [3d Kh 2h]
Chessnok: checks
gabrinamli: bets $3
Chessnok: calls $3
*** TURN *** [3d Kh 2h] [7d]
Chessnok: checks
gabrinamli: checks
*** RIVER *** [3d Kh 2h 7d] [5s]
Chessnok: bets $6
gabrinamli: raises $6 to $12
Chessnok: folds
Uncalled bet ($6) returned to gabrinamli
gabrinamli collected $29.50 from pot
gabrinamli: doesn't show hand
*** SUMMARY ***
Total pot $30 | Rake $0.50
Board [3d Kh 2h 7d 5s]
Seat 2: Chessnok (big blind) folded on the River
Seat 6: gabrinamli (button) (small blind) collected ($29.50)


PokerStars Hand #150793101945:  Hold'em Limit ($3/$6 USD) - 2016/03/23 2:21:26 ET
Table 'Teucer' 6-max Seat #2 is the button
Seat 2: Chessnok ($147.73 in chips)
Seat 6: gabrinamli ($100.94 in chips)
Chessnok: posts small blind $1
HAL9QQQ: is sitting out
gabrinamli: posts big blind $3
*** HOLE CARDS ***
Chessnok: folds
Uncalled bet ($2) returned to gabrinamli
HAL9QQQ leaves the table
gabrinamli collected $2 from pot
gabrinamli: doesn't show hand
*** SUMMARY ***
Total pot $2 | Rake $0
Seat 2: Chessnok (button) (small blind) folded before Flop
Seat 6: gabrinamli (big blind) collected ($2)


PokerStars Hand #150793106626:  Hold'em Limit ($3/$6 USD) - 2016/03/23 2:21:45 ET
Table 'Teucer' 6-max Seat #2 is the button
Seat 2: Chessnok ($155.37 in chips)
Seat 6: gabrinamli ($92.94 in chips)
Chessnok: posts small blind $1
gabrinamli: posts big blind $3
*** HOLE CARDS ***
Chessnok: raises $3 to $6
gabrinamli: calls $3
*** FLOP *** [3s 4c 5h]
gabrinamli: checks
Chessnok: checks
*** TURN *** [3s 4c 5h] [5c]
gabrinamli: bets $6
Chessnok: calls $6
*** RIVER *** [3s 4c 5h 5c] [Kc]
gabrinamli: bets $6
Chessnok: calls $6
*** SHOW DOWN ***
gabrinamli: shows [As 9d] (a pair of Fives)
Chessnok: mucks hand
gabrinamli collected $35.50 from pot
*** SUMMARY ***
Total pot $36 | Rake $0.50
Board [3s 4c 5h 5c Kc]
Seat 2: Chessnok (button) (small blind) mucked
Seat 6: gabrinamli (big blind) showed [As 9d] and won ($35.50) with a pair of Fives


PokerStars Hand #150793115979:  Hold'em Limit ($3/$6 USD) - 2016/03/23 2:22:23 ET
Table 'Teucer' 6-max Seat #2 is the button
Seat 2: Chessnok ($122.37 in chips)
Seat 6: gabrinamli ($124.94 in chips)
Chessnok: posts small blind $1
gabrinamli: posts big blind $3
*** HOLE CARDS ***
Chessnok: raises $3 to $6
gabrinamli: calls $3
*** FLOP *** [9d 2h 4h]
gabrinamli: checks
Chessnok: bets $3
gabrinamli: calls $3
*** TURN *** [9d 2h 4h] [9h]
gabrinamli: checks
Chessnok: checks
*** RIVER *** [9d 2h 4h 9h] [8d]
gabrinamli: bets $6
Chessnok: folds
Uncalled bet ($6) returned to gabrinamli
gabrinamli collected $17.64 from pot
gabrinamli: doesn't show hand
*** SUMMARY ***
Total pot $18 | Rake $0.36
Board [9d 2h 4h 9h 8d]
Seat 2: Chessnok (button) (small blind) folded on the River
Seat 6: gabrinamli (big blind) collected ($17.64)


PokerStars Hand #150793120379:  Hold'em Limit ($3/$6 USD) - 2016/03/23 2:22:41 ET
Table 'Teucer' 6-max Seat #6 is the button
Seat 2: Chessnok ($113.37 in chips)
Seat 6: gabrinamli ($133.58 in chips)
gabrinamli: posts small blind $1
Chessnok: posts big blind $3
*** HOLE CARDS ***
gabrinamli: raises $3 to $6
Chessnok: calls $3
*** FLOP *** [Ac 3c 3s]
Chessnok: checks
gabrinamli: bets $3
Chessnok: calls $3
*** TURN *** [Ac 3c 3s] [Ks]
Chessnok: checks
gabrinamli: bets $6
Chessnok: raises $6 to $12
gabrinamli: calls $6
*** RIVER *** [Ac 3c 3s Ks] [6s]
Chessnok: bets $6
gabrinamli: raises $6 to $12
Chessnok: calls $6
*** SHOW DOWN ***
gabrinamli: shows [5s 9s] (a flush, King high)
Chessnok: mucks hand
gabrinamli collected $65.50 from pot
*** SUMMARY ***
Total pot $66 | Rake $0.50
Board [Ac 3c 3s Ks 6s]
Seat 2: Chessnok (big blind) mucked
Seat 6: gabrinamli (button) (small blind) showed [5s 9s] and won ($65.50) with a flush, King high


PokerStars Hand #150793128972:  Hold'em Limit ($3/$6 USD) - 2016/03/23 2:23:16 ET
Table 'Teucer' 6-max Seat #6 is the button
Seat 2: Chessnok ($86.13 in chips)
Seat 6: gabrinamli ($160.08 in chips)
gabrinamli: posts small blind $1
Chessnok: posts big blind $3
*** HOLE CARDS ***
gabrinamli: folds
Uncalled bet ($2) returned to Chessnok
Chessnok collected $2 from pot
Chessnok: doesn't show hand
*** SUMMARY ***
Total pot $2 | Rake $0
Seat 2: Chessnok (big blind) collected ($2)
Seat 6: gabrinamli (button) (small blind) folded before Flop


PokerStars Hand #150793125559:  Hold'em Limit ($3/$6 USD) - 2016/03/23 2:23:02 ET
Table 'Teucer' 6-max Seat #2 is the button
Seat 2: Chessnok ($80.37 in chips)
Seat 6: gabrinamli ($166.08 in chips)
Chessnok: posts small blind $1
gabrinamli: posts big blind $3
*** HOLE CARDS ***
Chessnok: raises $3 to $6
gabrinamli: calls $3
*** FLOP *** [Ks Qc 8h]
gabrinamli: checks
Chessnok: bets $3
gabrinamli: folds
Uncalled bet ($3) returned to Chessnok
Chessnok collected $11.76 from pot
Chessnok: doesn't show hand
*** SUMMARY ***
Total pot $12 | Rake $0.24
Board [Ks Qc 8h]
Seat 2: Chessnok (button) (small blind) collected ($11.76)
Seat 6: gabrinamli (big blind) folded on the Flop


PokerStars Hand #150793136139:  Hold'em Limit ($3/$6 USD) - 2016/03/23 2:23:45 ET
Table 'Teucer' 6-max Seat #6 is the button
Seat 2: Chessnok ($72.13 in chips)
Seat 6: gabrinamli ($173.58 in chips)
gabrinamli: posts small blind $1
Chessnok: posts big blind $3
*** HOLE CARDS ***
gabrinamli: raises $3 to $6
Chessnok: calls $3
*** FLOP *** [6h 3c 3h]
Chessnok: checks
gabrinamli: bets $3
Chessnok: calls $3
*** TURN *** [6h 3c 3h] [9h]
Chessnok: checks
gabrinamli: checks
*** RIVER *** [6h 3c 3h 9h] [5s]
Chessnok: bets $6
gabrinamli: folds
Uncalled bet ($6) returned to Chessnok
Chessnok collected $17.64 from pot
Chessnok: doesn't show hand
*** SUMMARY ***
Total pot $18 | Rake $0.36
Board [6h 3c 3h 9h 5s]
Seat 2: Chessnok (big blind) collected ($17.64)
Seat 6: gabrinamli (button) (small blind) folded on the River


PokerStars Hand #150793130078:  Hold'em Limit ($3/$6 USD) - 2016/03/23 2:23:20 ET
Table 'Teucer' 6-max Seat #2 is the button
Seat 2: Chessnok ($87.13 in chips)
Seat 6: gabrinamli ($159.08 in chips)
Chessnok: posts small blind $1
gabrinamli: posts big blind $3
*** HOLE CARDS ***
Chessnok: raises $3 to $6
gabrinamli: calls $3
*** FLOP *** [Ks Kc 8s]
gabrinamli: checks
Chessnok: bets $3
gabrinamli: calls $3
*** TURN *** [Ks Kc 8s] [5s]
gabrinamli: checks
Chessnok: checks
*** RIVER *** [Ks Kc 8s 5s] [9c]
gabrinamli: bets $6
Chessnok: calls $6
*** SHOW DOWN ***
gabrinamli: shows [7s As] (a flush, Ace high)
Chessnok: mucks hand
gabrinamli collected $29.50 from pot
*** SUMMARY ***
Total pot $30 | Rake $0.50
Board [Ks Kc 8s 5s 9c]
Seat 2: Chessnok (button) (small blind) mucked
Seat 6: gabrinamli (big blind) showed [7s As] and won ($29.50) with a flush, Ace high


PokerStars Hand #150793148916:  Hold'em Limit ($3/$6 USD) - 2016/03/23 2:24:36 ET
Table 'Teucer' 6-max Seat #6 is the button
Seat 2: Chessnok ($60 in chips)
Seat 6: gabrinamli ($191.08 in chips)
gabrinamli: posts small blind $1
Chessnok: posts big blind $3
*** HOLE CARDS ***
gabrinamli: raises $3 to $6
Chessnok: calls $3
*** FLOP *** [9s Ac 2h]
Chessnok: checks
gabrinamli: bets $3
Chessnok: folds
Uncalled bet ($3) returned to gabrinamli
gabrinamli collected $11.76 from pot
gabrinamli: doesn't show hand
*** SUMMARY ***
Total pot $12 | Rake $0.24
Board [9s Ac 2h]
Seat 2: Chessnok (big blind) folded on the Flop
Seat 6: gabrinamli (button) (small blind) collected ($11.76)


PokerStars Hand #150793151870:  Hold'em Limit ($3/$6 USD) - 2016/03/23 2:24:48 ET
Table 'Teucer' 6-max Seat #2 is the button
Seat 2: Chessnok ($60 in chips)
Seat 6: gabrinamli ($196.84 in chips)
Chessnok: posts small blind $1
gabrinamli: posts big blind $3
*** HOLE CARDS ***
Chessnok: raises $3 to $6
gabrinamli: calls $3
*** FLOP *** [8s 2h Js]
gabrinamli: checks
Chessnok: bets $3
gabrinamli: calls $3
*** TURN *** [8s 2h Js] [Ad]
gabrinamli: checks
Chessnok: bets $6
gabrinamli: raises $6 to $12
Chessnok: calls $6
*** RIVER *** [8s 2h Js Ad] [3h]
gabrinamli: bets $6
Chessnok: calls $6
*** SHOW DOWN ***
gabrinamli: shows [4h Ah] (a pair of Aces)
Chessnok: mucks hand
gabrinamli collected $53.50 from pot
*** SUMMARY ***
Total pot $54 | Rake $0.50
Board [8s 2h Js Ad 3h]
Seat 2: Chessnok (button) (small blind) mucked
Seat 6: gabrinamli (big blind) showed [4h Ah] and won ($53.50) with a pair of Aces


PokerStars Hand #150793156615:  Hold'em Limit ($3/$6 USD) - 2016/03/23 2:25:08 ET
Table 'Teucer' 6-max Seat #6 is the button
Seat 2: Chessnok ($60 in chips)
Seat 6: gabrinamli ($223.34 in chips)
gabrinamli: posts small blind $1
Chessnok: posts big blind $3
*** HOLE CARDS ***
gabrinamli: raises $3 to $6
Chessnok: calls $3
*** FLOP *** [9c 4d Ts]
Chessnok: checks
gabrinamli: bets $3
Chessnok: folds
Uncalled bet ($3) returned to gabrinamli
gabrinamli collected $11.76 from pot
gabrinamli: doesn't show hand
*** SUMMARY ***
Total pot $12 | Rake $0.24
Board [9c 4d Ts]
Seat 2: Chessnok (big blind) folded on the Flop
Seat 6: gabrinamli (button) (small blind) collected ($11.76)


PokerStars Hand #150793143106:  Hold'em Limit ($3/$6 USD) - 2016/03/23 2:24:13 ET
Table 'Teucer' 6-max Seat #2 is the button
Seat 2: Chessnok ($80.77 in chips)
Seat 6: gabrinamli ($164.58 in chips)
Chessnok: posts small blind $1
gabrinamli: posts big blind $3
*** HOLE CARDS ***
Chessnok: raises $3 to $6
gabrinamli: calls $3
*** FLOP *** [6h 9h 3d]
gabrinamli: checks
Chessnok: bets $3
gabrinamli: calls $3
*** TURN *** [6h 9h 3d] [3c]
gabrinamli: checks
Chessnok: bets $6
gabrinamli: raises $6 to $12
Chessnok: calls $6
*** RIVER *** [6h 9h 3d 3c] [6s]
gabrinamli: bets $6
Chessnok: calls $6
*** SHOW DOWN ***
gabrinamli: shows [Qs 3s] (a full house, Threes full of Sixes)
Chessnok: mucks hand
gabrinamli collected $53.50 from pot
*** SUMMARY ***
Total pot $54 | Rake $0.50
Board [6h 9h 3d 3c 6s]
Seat 2: Chessnok (button) (small blind) mucked
Seat 6: gabrinamli (big blind) showed [Qs 3s] and won ($53.50) with a full house, Threes full of Sixes


PokerStars Hand #150793173063:  Hold'em Limit ($3/$6 USD) - 2016/03/23 2:26:14 ET
Table 'Teucer' 6-max Seat #2 is the button
Seat 2: Chessnok ($60 in chips)
Seat 6: gabrinamli ($261.10 in chips)
Chessnok: posts small blind $1
gabrinamli: posts big blind $3
*** HOLE CARDS ***
Chessnok: folds
Uncalled bet ($2) returned to gabrinamli
gabrinamli collected $2 from pot
gabrinamli: doesn't show hand
*** SUMMARY ***
Total pot $2 | Rake $0
Seat 2: Chessnok (button) (small blind) folded before Flop
Seat 6: gabrinamli (big blind) collected ($2)


PokerStars Hand #150793162965:  Hold'em Limit ($3/$6 USD) - 2016/03/23 2:25:33 ET
Table 'Teucer' 6-max Seat #6 is the button
Seat 2: Chessnok ($65.76 in chips)
Seat 6: gabrinamli ($223.10 in chips)
gabrinamli: posts small blind $1
Chessnok: posts big blind $3
*** HOLE CARDS ***
gabrinamli: raises $3 to $6
Chessnok: folds
Uncalled bet ($3) returned to gabrinamli
gabrinamli collected $6 from pot
gabrinamli: doesn't show hand
*** SUMMARY ***
Total pot $6 | Rake $0
Seat 2: Chessnok (big blind) folded before Flop
Seat 6: gabrinamli (button) (small blind) collected ($6)


PokerStars Hand #150793164363:  Hold'em Limit ($3/$6 USD) - 2016/03/23 2:25:39 ET
Table 'Teucer' 6-max Seat #2 is the button
Seat 2: Chessnok ($62.76 in chips)
Seat 6: gabrinamli ($226.10 in chips)
Chessnok: posts small blind $1
gabrinamli: posts big blind $3
*** HOLE CARDS ***
Chessnok: raises $3 to $6
gabrinamli: calls $3
*** FLOP *** [9c 2s 7d]
gabrinamli: checks
Chessnok: bets $3
gabrinamli: calls $3
*** TURN *** [9c 2s 7d] [3h]
gabrinamli: checks
Chessnok: checks
*** RIVER *** [9c 2s 7d 3h] [Ts]
gabrinamli: bets $6
Chessnok: calls $6
*** SHOW DOWN ***
gabrinamli: shows [7c 8h] (a pair of Sevens)
Chessnok: mucks hand
gabrinamli collected $29.50 from pot
*** SUMMARY ***
Total pot $30 | Rake $0.50
Board [9c 2s 7d 3h Ts]
Seat 2: Chessnok (button) (small blind) mucked
Seat 6: gabrinamli (big blind) showed [7c 8h] and won ($29.50) with a pair of Sevens


PokerStars Hand #150793159905:  Hold'em Limit ($3/$6 USD) - 2016/03/23 2:25:21 ET
Table 'Teucer' 6-max Seat #2 is the button
Seat 2: Chessnok ($60 in chips)
Seat 6: gabrinamli ($229.10 in chips)
Chessnok: posts small blind $1
gabrinamli: posts big blind $3
*** HOLE CARDS ***
Chessnok: raises $3 to $6
gabrinamli: calls $3
*** FLOP *** [Th Td 4s]
gabrinamli: checks
Chessnok: bets $3
gabrinamli: folds
Uncalled bet ($3) returned to Chessnok
Chessnok collected $11.76 from pot
Chessnok: doesn't show hand
*** SUMMARY ***
Total pot $12 | Rake $0.24
Board [Th Td 4s]
Seat 2: Chessnok (button) (small blind) collected ($11.76)
Seat 6: gabrinamli (big blind) folded on the Flop


PokerStars Hand #150793168398:  Hold'em Limit ($3/$6 USD) - 2016/03/23 2:25:55 ET
Table 'Teucer' 6-max Seat #6 is the button
Seat 2: Chessnok ($60 in chips)
Seat 6: gabrinamli ($240.60 in chips)
gabrinamli: posts small blind $1
Chessnok: posts big blind $3
*** HOLE CARDS ***
gabrinamli: raises $3 to $6
Chessnok: calls $3
*** FLOP *** [8d 7c 2s]
Chessnok: checks
gabrinamli: bets $3
Chessnok: calls $3
*** TURN *** [8d 7c 2s] [Kd]
Chessnok: checks
gabrinamli: bets $6
Chessnok: calls $6
*** RIVER *** [8d 7c 2s Kd] [5c]
Chessnok: checks
gabrinamli: bets $6
Chessnok: calls $6
*** SHOW DOWN ***
gabrinamli: shows [5h 8c] (two pair, Eights and Fives)
Chessnok: mucks hand
gabrinamli collected $41.50 from pot
*** SUMMARY ***
Total pot $42 | Rake $0.50
Board [8d 7c 2s Kd 5c]
Seat 2: Chessnok (big blind) mucked
Seat 6: gabrinamli (button) (small blind) showed [5h 8c] and won ($41.50) with two pair, Eights and Fives


PokerStars Hand #150793182394:  Hold'em Limit ($3/$6 USD) - 2016/03/23 2:26:51 ET
Table 'Teucer' 6-max Seat #6 is the button
Seat 2: Chessnok ($60 in chips)
Seat 6: gabrinamli ($288.24 in chips)
gabrinamli: posts small blind $1
Chessnok: posts big blind $3
*** HOLE CARDS ***
gabrinamli: raises $3 to $6
Chessnok: calls $3
*** FLOP *** [Kc Qh 4c]
Chessnok: checks
gabrinamli: checks
*** TURN *** [Kc Qh 4c] [5d]
Chessnok: checks
gabrinamli: bets $6
Chessnok: folds
Uncalled bet ($6) returned to gabrinamli
gabrinamli collected $11.76 from pot
gabrinamli: doesn't show hand
*** SUMMARY ***
Total pot $12 | Rake $0.24
Board [Kc Qh 4c 5d]
Seat 2: Chessnok (big blind) folded on the Turn
Seat 6: gabrinamli (button) (small blind) collected ($11.76)


PokerStars Hand #150793185895:  Hold'em Limit ($3/$6 USD) - 2016/03/23 2:27:05 ET
Table 'Teucer' 6-max Seat #2 is the button
Seat 2: Chessnok ($60 in chips)
Seat 6: gabrinamli ($294 in chips)
Chessnok: posts small blind $1
gabrinamli: posts big blind $3
*** HOLE CARDS ***
Chessnok: raises $3 to $6
gabrinamli: raises $3 to $9
Chessnok: calls $3
*** FLOP *** [4s 6c Jc]
gabrinamli: bets $3
Chessnok: folds
Uncalled bet ($3) returned to gabrinamli
gabrinamli collected $17.64 from pot
gabrinamli: doesn't show hand
*** SUMMARY ***
Total pot $18 | Rake $0.36
Board [4s 6c Jc]
Seat 2: Chessnok (button) (small blind) folded on the Flop
Seat 6: gabrinamli (big blind) collected ($17.64)


PokerStars Hand #150793174080:  Hold'em Limit ($3/$6 USD) - 2016/03/23 2:26:18 ET
Table 'Teucer' 6-max Seat #6 is the button
Seat 2: Chessnok ($60 in chips)
Seat 6: gabrinamli ($262.10 in chips)
gabrinamli: posts small blind $1
Chessnok: posts big blind $3
*** HOLE CARDS ***
gabrinamli: raises $3 to $6
Chessnok: calls $3
*** FLOP *** [Ks 9c Qh]
Chessnok: checks
gabrinamli: bets $3
Chessnok: calls $3
*** TURN *** [Ks 9c Qh] [Kh]
Chessnok: checks
gabrinamli: checks
*** RIVER *** [Ks 9c Qh Kh] [Kc]
Chessnok: checks
gabrinamli: checks
*** SHOW DOWN ***
Chessnok: shows [Ts 7c] (three of a kind, Kings)
gabrinamli: shows [3s Ac] (three of a kind, Kings - Ace kicker)
gabrinamli collected $17.64 from pot
*** SUMMARY ***
Total pot $18 | Rake $0.36
Board [Ks 9c Qh Kh Kc]
Seat 2: Chessnok (big blind) showed [Ts 7c] and lost with three of a kind, Kings
Seat 6: gabrinamli (button) (small blind) showed [3s Ac] and won ($17.64) with three of a kind, Kings


PokerStars Hand #150793177878:  Hold'em Limit ($3/$6 USD) - 2016/03/23 2:26:33 ET
Table 'Teucer' 6-max Seat #2 is the button
Seat 2: Chessnok ($60 in chips)
Seat 6: gabrinamli ($270.74 in chips)
Chessnok: posts small blind $1
gabrinamli: posts big blind $3
*** HOLE CARDS ***
Chessnok: raises $3 to $6
gabrinamli: raises $3 to $9
Chessnok: calls $3
*** FLOP *** [6c Jh 3c]
gabrinamli: bets $3
Chessnok: calls $3
*** TURN *** [6c Jh 3c] [Th]
gabrinamli: bets $6
Chessnok: calls $6
*** RIVER *** [6c Jh 3c Th] [5c]
gabrinamli: checks
Chessnok: checks
*** SHOW DOWN ***
gabrinamli: shows [7d 7h] (a pair of Sevens)
Chessnok: mucks hand
gabrinamli collected $35.50 from pot
*** SUMMARY ***
Total pot $36 | Rake $0.50
Board [6c Jh 3c Th 5c]
Seat 2: Chessnok (button) (small blind) mucked
Seat 6: gabrinamli (big blind) showed [7d 7h] and won ($35.50) with a pair of Sevens


PokerStars Hand #150793197101:  Hold'em Limit ($3/$6 USD) - 2016/03/23 2:27:50 ET
Table 'Teucer' 6-max Seat #2 is the button
Seat 2: Chessnok ($60 in chips)
Seat 6: gabrinamli ($317.14 in chips)
Chessnok: posts small blind $1
gabrinamli: posts big blind $3
*** HOLE CARDS ***
Chessnok: raises $3 to $6
gabrinamli: folds
Uncalled bet ($3) returned to Chessnok
Chessnok collected $6 from pot
Chessnok: doesn't show hand
*** SUMMARY ***
Total pot $6 | Rake $0
Seat 2: Chessnok (button) (small blind) collected ($6)
Seat 6: gabrinamli (big blind) folded before Flop


PokerStars Hand #150793188528:  Hold'em Limit ($3/$6 USD) - 2016/03/23 2:27:16 ET
Table 'Teucer' 6-max Seat #6 is the button
Seat 2: Chessnok ($60 in chips)
Seat 6: gabrinamli ($302.64 in chips)
gabrinamli: posts small blind $1
Chessnok: posts big blind $3
*** HOLE CARDS ***
gabrinamli: raises $3 to $6
Chessnok: calls $3
*** FLOP *** [5c Tc 7c]
Chessnok: checks
gabrinamli: bets $3
Chessnok: calls $3
*** TURN *** [5c Tc 7c] [Kh]
Chessnok: checks
gabrinamli: bets $6
Chessnok: calls $6
*** RIVER *** [5c Tc 7c Kh] [Ah]
Chessnok: checks
gabrinamli: bets $6
Chessnok: folds
Uncalled bet ($6) returned to gabrinamli
gabrinamli collected $29.50 from pot
gabrinamli: doesn't show hand
*** SUMMARY ***
Total pot $30 | Rake $0.50
Board [5c Tc 7c Kh Ah]
Seat 2: Chessnok (big blind) folded on the River
Seat 6: gabrinamli (button) (small blind) collected ($29.50)


PokerStars Hand #150793217797:  Hold'em Limit ($3/$6 USD) - 2016/03/23 2:29:13 ET
Table 'Teucer' 6-max Seat #2 is the button
Seat 2: Chessnok ($98 in chips)
Seat 6: gabrinamli ($295.64 in chips)
Chessnok: posts small blind $1
gabrinamli: posts big blind $3
*** HOLE CARDS ***
Chessnok: folds
Uncalled bet ($2) returned to gabrinamli
gabrinamli collected $2 from pot
gabrinamli: doesn't show hand
*** SUMMARY ***
Total pot $2 | Rake $0
Seat 2: Chessnok (button) (small blind) folded before Flop
Seat 6: gabrinamli (big blind) collected ($2)


PokerStars Hand #150793208144:  Hold'em Limit ($3/$6 USD) - 2016/03/23 2:28:34 ET
Table 'Teucer' 6-max Seat #2 is the button
Seat 2: Chessnok ($60 in chips)
Seat 6: gabrinamli ($334.64 in chips)
Chessnok: posts small blind $1
gabrinamli: posts big blind $3
*** HOLE CARDS ***
Chessnok: raises $3 to $6
gabrinamli: raises $3 to $9
Chessnok: calls $3
*** FLOP *** [8d 7s 6h]
gabrinamli: bets $3
Chessnok: calls $3
*** TURN *** [8d 7s 6h] [Tc]
gabrinamli: bets $6
Chessnok: calls $6
*** RIVER *** [8d 7s 6h Tc] [2d]
gabrinamli: checks
Chessnok: bets $6
gabrinamli: calls $6
*** SHOW DOWN ***
Chessnok: shows [3h 8h] (a pair of Eights)
gabrinamli: mucks hand
Chessnok collected $47.50 from pot
*** SUMMARY ***
Total pot $48 | Rake $0.50
Board [8d 7s 6h Tc 2d]
Seat 2: Chessnok (button) (small blind) showed [3h 8h] and won ($47.50) with a pair of Eights
Seat 6: gabrinamli (big blind) mucked


PokerStars Hand #150793212949:  Hold'em Limit ($3/$6 USD) - 2016/03/23 2:28:54 ET
Table 'Teucer' 6-max Seat #6 is the button
Seat 2: Chessnok ($83.50 in chips)
Seat 6: gabrinamli ($310.64 in chips)
gabrinamli: posts small blind $1
Chessnok: posts big blind $3
*** HOLE CARDS ***
gabrinamli: raises $3 to $6
Chessnok: calls $3
*** FLOP *** [9d 6h Jd]
Chessnok: checks
gabrinamli: bets $3
Chessnok: calls $3
*** TURN *** [9d 6h Jd] [Kc]
Chessnok: checks
gabrinamli: bets $6
Chessnok: calls $6
*** RIVER *** [9d 6h Jd Kc] [8d]
Chessnok: checks
gabrinamli: checks
*** SHOW DOWN ***
Chessnok: shows [Qc 9s] (a pair of Nines)
gabrinamli: mucks hand
Chessnok collected $29.50 from pot
*** SUMMARY ***
Total pot $30 | Rake $0.50
Board [9d 6h Jd Kc 8d]
Seat 2: Chessnok (big blind) showed [Qc 9s] and won ($29.50) with a pair of Nines
Seat 6: gabrinamli (button) (small blind) mucked


PokerStars Hand #150793203053:  Hold'em Limit ($3/$6 USD) - 2016/03/23 2:28:14 ET
Table 'Teucer' 6-max Seat #6 is the button
Seat 2: Chessnok ($63 in chips)
Seat 6: gabrinamli ($314.14 in chips)
gabrinamli: posts small blind $1
Chessnok: posts big blind $3
*** HOLE CARDS ***
gabrinamli: raises $3 to $6
Chessnok: calls $3
*** FLOP *** [Jh Jc 6c]
Chessnok: checks
gabrinamli: bets $3
Chessnok: calls $3
*** TURN *** [Jh Jc 6c] [2c]
Chessnok: checks
gabrinamli: bets $6
Chessnok: calls $6
*** RIVER *** [Jh Jc 6c 2c] [6d]
Chessnok: checks
gabrinamli: bets $6
Chessnok: calls $6
*** SHOW DOWN ***
gabrinamli: shows [6s Th] (a full house, Sixes full of Jacks)
Chessnok: mucks hand
gabrinamli collected $41.50 from pot
*** SUMMARY ***
Total pot $42 | Rake $0.50
Board [Jh Jc 6c 2c 6d]
Seat 2: Chessnok (big blind) mucked
Seat 6: gabrinamli (button) (small blind) showed [6s Th] and won ($41.50) with a full house, Sixes full of Jacks


PokerStars Hand #150793218790:  Hold'em Limit ($3/$6 USD) - 2016/03/23 2:29:17 ET
Table 'Teucer' 6-max Seat #6 is the button
Seat 2: Chessnok ($97 in chips)
Seat 6: gabrinamli ($296.64 in chips)
gabrinamli: posts small blind $1
Chessnok: posts big blind $3
*** HOLE CARDS ***
gabrinamli: raises $3 to $6
Chessnok: calls $3
*** FLOP *** [8d Tc 5c]
Chessnok: checks
gabrinamli: bets $3
Chessnok: calls $3
*** TURN *** [8d Tc 5c] [Kh]
Chessnok: checks
gabrinamli: checks
*** RIVER *** [8d Tc 5c Kh] [3s]
Chessnok: checks
gabrinamli: bets $6
Chessnok: calls $6
*** SHOW DOWN ***
gabrinamli: shows [Kc Ks] (three of a kind, Kings)
Chessnok: mucks hand
gabrinamli collected $29.50 from pot
*** SUMMARY ***
Total pot $30 | Rake $0.50
Board [8d Tc 5c Kh 3s]
Seat 2: Chessnok (big blind) mucked
Seat 6: gabrinamli (button) (small blind) showed [Kc Ks] and won ($29.50) with three of a kind, Kings


PokerStars Hand #150793223156:  Hold'em Limit ($3/$6 USD) - 2016/03/23 2:29:35 ET
Table 'Teucer' 6-max Seat #2 is the button
Seat 2: Chessnok ($82 in chips)
Seat 6: gabrinamli ($311.14 in chips)
Chessnok: posts small blind $1
gabrinamli: posts big blind $3
*** HOLE CARDS ***
Chessnok: raises $3 to $6
gabrinamli: calls $3
*** FLOP *** [8h Jh 4c]
gabrinamli: checks
Chessnok: bets $3
gabrinamli: folds
Uncalled bet ($3) returned to Chessnok
Chessnok collected $11.76 from pot
Chessnok: doesn't show hand
*** SUMMARY ***
Total pot $12 | Rake $0.24
Board [8h Jh 4c]
Seat 2: Chessnok (button) (small blind) collected ($11.76)
Seat 6: gabrinamli (big blind) folded on the Flop


PokerStars Hand #150793226696:  Hold'em Limit ($3/$6 USD) - 2016/03/23 2:29:49 ET
Table 'Teucer' 6-max Seat #6 is the button
Seat 2: Chessnok ($87.76 in chips)
Seat 6: gabrinamli ($305.14 in chips)
gabrinamli: posts small blind $1
Chessnok: posts big blind $3
*** HOLE CARDS ***
gabrinamli: raises $3 to $6
Chessnok: calls $3
*** FLOP *** [Td 9d 5c]
Chessnok: checks
gabrinamli: bets $3
Chessnok: raises $3 to $6
gabrinamli: calls $3
*** TURN *** [Td 9d 5c] [4d]
Chessnok: bets $6
gabrinamli: calls $6
*** RIVER *** [Td 9d 5c 4d] [Ac]
Chessnok: bets $6
gabrinamli: raises $6 to $12
Chessnok: raises $6 to $18
gabrinamli: calls $6
*** SHOW DOWN ***
Chessnok: shows [Ah Ts] (two pair, Aces and Tens)
gabrinamli: mucks hand
Chessnok collected $71.50 from pot
*** SUMMARY ***
Total pot $72 | Rake $0.50
Board [Td 9d 5c 4d Ac]
Seat 2: Chessnok (big blind) showed [Ah Ts] and won ($71.50) with two pair, Aces and Tens
Seat 6: gabrinamli (button) (small blind) mucked


PokerStars Hand #150793233084:  Hold'em Limit ($3/$6 USD) - 2016/03/23 2:30:15 ET
Table 'Teucer' 6-max Seat #2 is the button
Seat 2: Chessnok ($123.26 in chips)
Seat 6: gabrinamli ($269.14 in chips)
Chessnok: posts small blind $1
gabrinamli: posts big blind $3
*** HOLE CARDS ***
Chessnok: raises $3 to $6
gabrinamli: calls $3
*** FLOP *** [5d 2h 7h]
gabrinamli: checks
Chessnok: bets $3
gabrinamli: raises $3 to $6
Chessnok: calls $3
*** TURN *** [5d 2h 7h] [4h]
gabrinamli: bets $6
Chessnok: raises $6 to $12
gabrinamli: calls $6
*** RIVER *** [5d 2h 7h 4h] [8c]
gabrinamli: checks
Chessnok: bets $6
gabrinamli: calls $6
*** SHOW DOWN ***
Chessnok: shows [8d 6h] (a straight, Four to Eight)
gabrinamli: mucks hand
Chessnok collected $59.50 from pot
*** SUMMARY ***
Total pot $60 | Rake $0.50
Board [5d 2h 7h 4h 8c]
Seat 2: Chessnok (button) (small blind) showed [8d 6h] and won ($59.50) with a straight, Four to Eight
Seat 6: gabrinamli (big blind) mucked


PokerStars Hand #150793243704:  Hold'em Limit ($3/$6 USD) - 2016/03/23 2:30:57 ET
Table 'Teucer' 6-max Seat #2 is the button
Seat 2: Chessnok ($134.76 in chips)
Seat 6: gabrinamli ($256.64 in chips)
Chessnok: posts small blind $1
gabrinamli: posts big blind $3
*** HOLE CARDS ***
Chessnok: raises $3 to $6
gabrinamli: folds
Uncalled bet ($3) returned to Chessnok
Chessnok collected $6 from pot
Chessnok: doesn't show hand
*** SUMMARY ***
Total pot $6 | Rake $0
Seat 2: Chessnok (button) (small blind) collected ($6)
Seat 6: gabrinamli (big blind) folded before Flop


PokerStars Hand #150793239663:  Hold'em Limit ($3/$6 USD) - 2016/03/23 2:30:41 ET
Table 'Teucer' 6-max Seat #6 is the button
Seat 2: Chessnok ($152.76 in chips)
Seat 6: gabrinamli ($239.14 in chips)
gabrinamli: posts small blind $1
Chessnok: posts big blind $3
*** HOLE CARDS ***
gabrinamli: raises $3 to $6
Chessnok: calls $3
*** FLOP *** [Kh 9d 9h]
Chessnok: checks
gabrinamli: checks
*** TURN *** [Kh 9d 9h] [Jd]
Chessnok: bets $6
gabrinamli: calls $6
*** RIVER *** [Kh 9d 9h Jd] [Kc]
Chessnok: checks
gabrinamli: bets $6
Chessnok: calls $6
*** SHOW DOWN ***
gabrinamli: shows [4d Ac] (two pair, Kings and Nines)
Chessnok: mucks hand
gabrinamli collected $35.50 from pot
*** SUMMARY ***
Total pot $36 | Rake $0.50
Board [Kh 9d 9h Jd Kc]
Seat 2: Chessnok (big blind) mucked
Seat 6: gabrinamli (button) (small blind) showed [4d Ac] and won ($35.50) with two pair, Kings and Nines


PokerStars Hand #150793245023:  Hold'em Limit ($3/$6 USD) - 2016/03/23 2:31:02 ET
Table 'Teucer' 6-max Seat #6 is the button
Seat 2: Chessnok ($137.76 in chips)
Seat 6: gabrinamli ($253.64 in chips)
gabrinamli: posts small blind $1
Chessnok: posts big blind $3
*** HOLE CARDS ***
gabrinamli: raises $3 to $6
Chessnok: raises $3 to $9
gabrinamli: calls $3
*** FLOP *** [Ts 8s 3d]
Chessnok: bets $3
gabrinamli: raises $3 to $6
Chessnok: raises $3 to $9
gabrinamli: folds
Uncalled bet ($3) returned to Chessnok
Chessnok collected $29.50 from pot
Chessnok: doesn't show hand
*** SUMMARY ***
Total pot $30 | Rake $0.50
Board [Ts 8s 3d]
Seat 2: Chessnok (big blind) collected ($29.50)
Seat 6: gabrinamli (button) (small blind) folded on the Flop


PokerStars Hand #150793259989:  Hold'em Limit ($3/$6 USD) - 2016/03/23 2:32:01 ET
Table 'Teucer' 6-max Seat #6 is the button
Seat 2: Chessnok ($169.52 in chips)
Seat 6: gabrinamli ($220.16 in chips)
gabrinamli: posts small blind $1
Chessnok: posts big blind $3
*** HOLE CARDS ***
gabrinamli: raises $3 to $6
Chessnok: calls $3
*** FLOP *** [Kc 6s 8h]
Chessnok: checks
gabrinamli: bets $3
Chessnok: calls $3
*** TURN *** [Kc 6s 8h] [9c]
Chessnok: checks
gabrinamli: bets $6
Chessnok: calls $6
*** RIVER *** [Kc 6s 8h 9c] [7d]
Chessnok: checks
gabrinamli: bets $6
Chessnok: raises $6 to $12
gabrinamli: calls $6
*** SHOW DOWN ***
Chessnok: shows [6c Th] (a straight, Six to Ten)
gabrinamli: mucks hand
Chessnok collected $53.50 from pot
*** SUMMARY ***
Total pot $54 | Rake $0.50
Board [Kc 6s 8h 9c 7d]
Seat 2: Chessnok (big blind) showed [6c Th] and won ($53.50) with a straight, Six to Ten
Seat 6: gabrinamli (button) (small blind) mucked


PokerStars Hand #150793249247:  Hold'em Limit ($3/$6 USD) - 2016/03/23 2:31:19 ET
Table 'Teucer' 6-max Seat #2 is the button
Seat 2: Chessnok ($152.26 in chips)
Seat 6: gabrinamli ($238.64 in chips)
Chessnok: posts small blind $1
gabrinamli: posts big blind $3
*** HOLE CARDS ***
Chessnok: raises $3 to $6
gabrinamli: raises $3 to $9
Chessnok: calls $3
*** FLOP *** [3c 3d Ts]
gabrinamli: bets $3
Chessnok: calls $3
*** TURN *** [3c 3d Ts] [4h]
gabrinamli: bets $6
Chessnok: folds
Uncalled bet ($6) returned to gabrinamli
gabrinamli collected $23.52 from pot
gabrinamli: doesn't show hand
*** SUMMARY ***
Total pot $24 | Rake $0.48
Board [3c 3d Ts 4h]
Seat 2: Chessnok (button) (small blind) folded on the Turn
Seat 6: gabrinamli (big blind) collected ($23.52)


PokerStars Hand #150793253943:  Hold'em Limit ($3/$6 USD) - 2016/03/23 2:31:38 ET
Table 'Teucer' 6-max Seat #6 is the button
Seat 2: Chessnok ($140.26 in chips)
Seat 6: gabrinamli ($250.16 in chips)
gabrinamli: posts small blind $1
Chessnok: posts big blind $3
*** HOLE CARDS ***
gabrinamli: raises $3 to $6
Chessnok: raises $3 to $9
gabrinamli: calls $3
*** FLOP *** [Ad 2s 3h]
Chessnok: bets $3
gabrinamli: calls $3
*** TURN *** [Ad 2s 3h] [8d]
Chessnok: bets $6
gabrinamli: calls $6
*** RIVER *** [Ad 2s 3h 8d] [Tc]
Chessnok: bets $6
gabrinamli: calls $6
*** SHOW DOWN ***
Chessnok: shows [As Jd] (a pair of Aces)
gabrinamli: mucks hand
Chessnok collected $47.50 from pot
*** SUMMARY ***
Total pot $48 | Rake $0.50
Board [Ad 2s 3h 8d Tc]
Seat 2: Chessnok (big blind) showed [As Jd] and won ($47.50) with a pair of Aces
Seat 6: gabrinamli (button) (small blind) mucked


PokerStars Hand #150793257649:  Hold'em Limit ($3/$6 USD) - 2016/03/23 2:31:52 ET
Table 'Teucer' 6-max Seat #2 is the button
Seat 2: Chessnok ($163.76 in chips)
Seat 6: gabrinamli ($226.16 in chips)
Chessnok: posts small blind $1
gabrinamli: posts big blind $3
*** HOLE CARDS ***
Chessnok: raises $3 to $6
gabrinamli: calls $3
*** FLOP *** [Tc 8c 3h]
gabrinamli: checks
Chessnok: bets $3
gabrinamli: folds
Uncalled bet ($3) returned to Chessnok
Chessnok collected $11.76 from pot
Chessnok: doesn't show hand
*** SUMMARY ***
Total pot $12 | Rake $0.24
Board [Tc 8c 3h]
Seat 2: Chessnok (button) (small blind) collected ($11.76)
Seat 6: gabrinamli (big blind) folded on the Flop


PokerStars Hand #150793272632:  Hold'em Limit ($3/$6 USD) - 2016/03/23 2:32:50 ET
Table 'Teucer' 6-max Seat #2 is the button
Seat 2: Chessnok ($195.52 in chips)
Seat 6: gabrinamli ($192.66 in chips)
Chessnok: posts small blind $1
gabrinamli: posts big blind $3
*** HOLE CARDS ***
Chessnok: raises $3 to $6
gabrinamli: calls $3
*** FLOP *** [9h 5c 2h]
gabrinamli: checks
Chessnok: bets $3
gabrinamli: raises $3 to $6
Chessnok: calls $3
*** TURN *** [9h 5c 2h] [Kd]
gabrinamli: bets $6
Chessnok: calls $6
*** RIVER *** [9h 5c 2h Kd] [As]
gabrinamli: bets $6
Chessnok: raises $6 to $12
gabrinamli: folds
Uncalled bet ($6) returned to Chessnok
Chessnok collected $47.50 from pot
Chessnok: doesn't show hand
*** SUMMARY ***
Total pot $48 | Rake $0.50
Board [9h 5c 2h Kd As]
Seat 2: Chessnok (button) (small blind) collected ($47.50)
Seat 6: gabrinamli (big blind) folded on the River


PokerStars Hand #150793264144:  Hold'em Limit ($3/$6 USD) - 2016/03/23 2:32:17 ET
Table 'Teucer' 6-max Seat #2 is the button
Seat 2: Chessnok ($196.02 in chips)
Seat 6: gabrinamli ($193.16 in chips)
Chessnok: posts small blind $1
gabrinamli: posts big blind $3
*** HOLE CARDS ***
Chessnok: raises $3 to $6
gabrinamli: raises $3 to $9
Chessnok: calls $3
*** FLOP *** [Qd 2s 8c]
gabrinamli: bets $3
Chessnok: calls $3
*** TURN *** [Qd 2s 8c] [Ad]
gabrinamli: bets $6
Chessnok: calls $6
*** RIVER *** [Qd 2s 8c Ad] [4h]
gabrinamli: bets $6
Chessnok: calls $6
*** SHOW DOWN ***
gabrinamli: shows [Ah 7h] (a pair of Aces)
Chessnok: mucks hand
gabrinamli collected $47.50 from pot
*** SUMMARY ***
Total pot $48 | Rake $0.50
Board [Qd 2s 8c Ad 4h]
Seat 2: Chessnok (button) (small blind) mucked
Seat 6: gabrinamli (big blind) showed [Ah 7h] and won ($47.50) with a pair of Aces


PokerStars Hand #150793268191:  Hold'em Limit ($3/$6 USD) - 2016/03/23 2:32:33 ET
Table 'Teucer' 6-max Seat #6 is the button
Seat 2: Chessnok ($172.02 in chips)
Seat 6: gabrinamli ($216.66 in chips)
gabrinamli: posts small blind $1
Chessnok: posts big blind $3
*** HOLE CARDS ***
gabrinamli: raises $3 to $6
Chessnok: calls $3
*** FLOP *** [5h As 4h]
Chessnok: checks
gabrinamli: bets $3
Chessnok: raises $3 to $6
gabrinamli: calls $3
*** TURN *** [5h As 4h] [2d]
Chessnok: bets $6
gabrinamli: calls $6
*** RIVER *** [5h As 4h 2d] [Jd]
Chessnok: checks
gabrinamli: bets $6
Chessnok: calls $6
*** SHOW DOWN ***
gabrinamli: shows [7c 6h] (high card Ace)
Chessnok: shows [5s Td] (a pair of Fives)
Chessnok collected $47.50 from pot
*** SUMMARY ***
Total pot $48 | Rake $0.50
Board [5h As 4h 2d Jd]
Seat 2: Chessnok (big blind) showed [5s Td] and won ($47.50) with a pair of Fives
Seat 6: gabrinamli (button) (small blind) showed [7c 6h] and lost with high card Ace


PokerStars Hand #150793293460:  Hold'em Limit ($3/$6 USD) - 2016/03/23 2:34:12 ET
Table 'Teucer' 6-max Seat #2 is the button
Seat 2: Chessnok ($197.52 in chips)
Seat 6: gabrinamli ($188.66 in chips)
Chessnok: posts small blind $1
gabrinamli: posts big blind $3
*** HOLE CARDS ***
Chessnok: raises $3 to $6
gabrinamli: calls $3
*** FLOP *** [3h Ac 9h]
gabrinamli: checks
Chessnok: bets $3
gabrinamli: folds
Uncalled bet ($3) returned to Chessnok
Chessnok collected $11.76 from pot
Chessnok: doesn't show hand
*** SUMMARY ***
Total pot $12 | Rake $0.24
Board [3h Ac 9h]
Seat 2: Chessnok (button) (small blind) collected ($11.76)
Seat 6: gabrinamli (big blind) folded on the Flop


PokerStars Hand #150793279897:  Hold'em Limit ($3/$6 USD) - 2016/03/23 2:33:19 ET
Table 'Teucer' 6-max Seat #6 is the button
Seat 2: Chessnok ($219.02 in chips)
Seat 6: gabrinamli ($168.66 in chips)
gabrinamli: posts small blind $1
Chessnok: posts big blind $3
*** HOLE CARDS ***
gabrinamli: raises $3 to $6
Chessnok: calls $3
*** FLOP *** [Td Th Jd]
Chessnok: checks
gabrinamli: bets $3
Chessnok: calls $3
*** TURN *** [Td Th Jd] [Jc]
Chessnok: checks
gabrinamli: bets $6
Chessnok: calls $6
*** RIVER *** [Td Th Jd Jc] [6d]
Chessnok: checks
gabrinamli: bets $6
Chessnok: calls $6
*** SHOW DOWN ***
gabrinamli: shows [6s Ad] (two pair, Jacks and Tens)
Chessnok: mucks hand
gabrinamli collected $41.50 from pot
*** SUMMARY ***
Total pot $42 | Rake $0.50
Board [Td Th Jd Jc 6d]
Seat 2: Chessnok (big blind) mucked
Seat 6: gabrinamli (button) (small blind) showed [6s Ad] and won ($41.50) with two pair, Jacks and Tens


PokerStars Hand #150793288237:  Hold'em Limit ($3/$6 USD) - 2016/03/23 2:33:52 ET
Table 'Teucer' 6-max Seat #6 is the button
Seat 2: Chessnok ($212.52 in chips)
Seat 6: gabrinamli ($174.16 in chips)
gabrinamli: posts small blind $1
Chessnok: posts big blind $3
*** HOLE CARDS ***
gabrinamli: raises $3 to $6
Chessnok: calls $3
*** FLOP *** [7s 7h 8c]
Chessnok: checks
gabrinamli: bets $3
Chessnok: calls $3
*** TURN *** [7s 7h 8c] [3d]
Chessnok: checks
gabrinamli: bets $6
Chessnok: calls $6
*** RIVER *** [7s 7h 8c 3d] [5d]
Chessnok: checks
gabrinamli: bets $6
Chessnok: folds
Uncalled bet ($6) returned to gabrinamli
gabrinamli collected $29.50 from pot
gabrinamli: doesn't show hand
*** SUMMARY ***
Total pot $30 | Rake $0.50
Board [7s 7h 8c 3d 5d]
Seat 2: Chessnok (big blind) folded on the River
Seat 6: gabrinamli (button) (small blind) collected ($29.50)


PokerStars Hand #150793303812:  Hold'em Limit ($3/$6 USD) - 2016/03/23 2:34:53 ET
Table 'Teucer' 6-max Seat #2 is the button
Seat 2: Chessnok ($201.78 in chips)
Seat 6: gabrinamli ($183.16 in chips)
Chessnok: posts small blind $1
gabrinamli: posts big blind $3
*** HOLE CARDS ***
Chessnok: raises $3 to $6
gabrinamli: calls $3
*** FLOP *** [Jd 6d Qc]
gabrinamli: checks
Chessnok: bets $3
gabrinamli: calls $3
*** TURN *** [Jd 6d Qc] [9s]
gabrinamli: checks
Chessnok: checks
*** RIVER *** [Jd 6d Qc 9s] [9h]
gabrinamli: bets $6
Chessnok: calls $6
*** SHOW DOWN ***
gabrinamli: shows [Ts 8h] (a straight, Eight to Queen)
Chessnok: mucks hand
gabrinamli collected $29.50 from pot
*** SUMMARY ***
Total pot $30 | Rake $0.50
Board [Jd 6d Qc 9s 9h]
Seat 2: Chessnok (button) (small blind) mucked
Seat 6: gabrinamli (big blind) showed [Ts 8h] and won ($29.50) with a straight, Eight to Queen


PokerStars Hand #150793299427:  Hold'em Limit ($3/$6 USD) - 2016/03/23 2:34:36 ET
Table 'Teucer' 6-max Seat #2 is the button
Seat 2: Chessnok ($179.28 in chips)
Seat 6: gabrinamli ($206.16 in chips)
Chessnok: posts small blind $1
gabrinamli: posts big blind $3
*** HOLE CARDS ***
Chessnok: folds
Uncalled bet ($2) returned to gabrinamli
gabrinamli collected $2 from pot
gabrinamli: doesn't show hand
*** SUMMARY ***
Total pot $2 | Rake $0
Seat 2: Chessnok (button) (small blind) folded before Flop
Seat 6: gabrinamli (big blind) collected ($2)


PokerStars Hand #150793300478:  Hold'em Limit ($3/$6 USD) - 2016/03/23 2:34:40 ET
Table 'Teucer' 6-max Seat #6 is the button
Seat 2: Chessnok ($178.28 in chips)
Seat 6: gabrinamli ($207.16 in chips)
gabrinamli: posts small blind $1
Chessnok: posts big blind $3
*** HOLE CARDS ***
gabrinamli: raises $3 to $6
Chessnok: raises $3 to $9
gabrinamli: calls $3
*** FLOP *** [Kh 3s 9c]
Chessnok: bets $3
gabrinamli: calls $3
*** TURN *** [Kh 3s 9c] [6s]
Chessnok: bets $6
gabrinamli: calls $6
*** RIVER *** [Kh 3s 9c 6s] [8h]
Chessnok: bets $6
gabrinamli: calls $6
*** SHOW DOWN ***
Chessnok: shows [7d Th] (a straight, Six to Ten)
gabrinamli: mucks hand
Chessnok collected $47.50 from pot
*** SUMMARY ***
Total pot $48 | Rake $0.50
Board [Kh 3s 9c 6s 8h]
Seat 2: Chessnok (big blind) showed [7d Th] and won ($47.50) with a straight, Six to Ten
Seat 6: gabrinamli (button) (small blind) mucked


PokerStars Hand #150793296066:  Hold'em Limit ($3/$6 USD) - 2016/03/23 2:34:22 ET
Table 'Teucer' 6-max Seat #6 is the button
Seat 2: Chessnok ($203.28 in chips)
Seat 6: gabrinamli ($182.66 in chips)
gabrinamli: posts small blind $1
Chessnok: posts big blind $3
*** HOLE CARDS ***
gabrinamli: raises $3 to $6
Chessnok: raises $3 to $9
gabrinamli: calls $3
*** FLOP *** [7h Qh 4s]
Chessnok: bets $3
gabrinamli: calls $3
*** TURN *** [7h Qh 4s] [Qd]
Chessnok: bets $6
gabrinamli: calls $6
*** RIVER *** [7h Qh 4s Qd] [2s]
Chessnok: bets $6
gabrinamli: calls $6
*** SHOW DOWN ***
Chessnok: shows [Js 9s] (a pair of Queens)
gabrinamli: shows [8h Ah] (a pair of Queens - Ace kicker)
gabrinamli collected $47.50 from pot
*** SUMMARY ***
Total pot $48 | Rake $0.50
Board [7h Qh 4s Qd 2s]
Seat 2: Chessnok (big blind) showed [Js 9s] and lost with a pair of Queens
Seat 6: gabrinamli (button) (small blind) showed [8h Ah] and won ($47.50) with a pair of Queens


PokerStars Hand #150793315493:  Hold'em Limit ($3/$6 USD) - 2016/03/23 2:35:39 ET
Table 'Teucer' 6-max Seat #6 is the button
Seat 2: Chessnok ($164.78 in chips)
Seat 6: gabrinamli ($219.16 in chips)
gabrinamli: posts small blind $1
Chessnok: posts big blind $3
*** HOLE CARDS ***
gabrinamli: raises $3 to $6
Chessnok: calls $3
*** FLOP *** [6h 4c 4d]
Chessnok: checks
gabrinamli: bets $3
Chessnok: calls $3
*** TURN *** [6h 4c 4d] [7s]
Chessnok: checks
gabrinamli: checks
*** RIVER *** [6h 4c 4d 7s] [2s]
Chessnok: checks
gabrinamli: bets $6
Chessnok: calls $6
*** SHOW DOWN ***
gabrinamli: shows [7h 4s] (a full house, Fours full of Sevens)
Chessnok: mucks hand
gabrinamli collected $29.50 from pot
*** SUMMARY ***
Total pot $30 | Rake $0.50
Board [6h 4c 4d 7s 2s]
Seat 2: Chessnok (big blind) mucked
Seat 6: gabrinamli (button) (small blind) showed [7h 4s] and won ($29.50) with a full house, Fours full of Sevens


PokerStars Hand #150793321167:  Hold'em Limit ($3/$6 USD) - 2016/03/23 2:36:01 ET
Table 'Teucer' 6-max Seat #2 is the button
Seat 2: Chessnok ($149.78 in chips)
Seat 6: gabrinamli ($233.66 in chips)
Chessnok: posts small blind $1
gabrinamli: posts big blind $3
*** HOLE CARDS ***
Chessnok: raises $3 to $6
gabrinamli: calls $3
*** FLOP *** [Qh 7h 3d]
gabrinamli: checks
Chessnok: bets $3
gabrinamli: folds
Uncalled bet ($3) returned to Chessnok
Chessnok collected $11.76 from pot
Chessnok: doesn't show hand
*** SUMMARY ***
Total pot $12 | Rake $0.24
Board [Qh 7h 3d]
Seat 2: Chessnok (button) (small blind) collected ($11.76)
Seat 6: gabrinamli (big blind) folded on the Flop


PokerStars Hand #150793307355:  Hold'em Limit ($3/$6 USD) - 2016/03/23 2:35:07 ET
Table 'Teucer' 6-max Seat #6 is the button
Seat 2: Chessnok ($186.78 in chips)
Seat 6: gabrinamli ($197.66 in chips)
gabrinamli: posts small blind $1
Chessnok: posts big blind $3
*** HOLE CARDS ***
gabrinamli: raises $3 to $6
Chessnok: calls $3
*** FLOP *** [4d Qd 6d]
Chessnok: checks
gabrinamli: bets $3
Chessnok: calls $3
*** TURN *** [4d Qd 6d] [8d]
Chessnok: checks
gabrinamli: bets $6
Chessnok: calls $6
*** RIVER *** [4d Qd 6d 8d] [2d]
Chessnok: checks
gabrinamli: bets $6
Chessnok: calls $6
*** SHOW DOWN ***
gabrinamli: shows [8h Ad] (a flush, Ace high)
Chessnok: mucks hand
gabrinamli collected $41.50 from pot
*** SUMMARY ***
Total pot $42 | Rake $0.50
Board [4d Qd 6d 8d 2d]
Seat 2: Chessnok (big blind) mucked
Seat 6: gabrinamli (button) (small blind) showed [8h Ad] and won ($41.50) with a flush, Ace high


PokerStars Hand #150793313989:  Hold'em Limit ($3/$6 USD) - 2016/03/23 2:35:34 ET
Table 'Teucer' 6-max Seat #2 is the button
Seat 2: Chessnok ($165.78 in chips)
Seat 6: gabrinamli ($218.16 in chips)
Chessnok: posts small blind $1
gabrinamli: posts big blind $3
*** HOLE CARDS ***
Chessnok: folds
Uncalled bet ($2) returned to gabrinamli
gabrinamli collected $2 from pot
gabrinamli: doesn't show hand
*** SUMMARY ***
Total pot $2 | Rake $0
Seat 2: Chessnok (button) (small blind) folded before Flop
Seat 6: gabrinamli (big blind) collected ($2)


PokerStars Hand #150793334609:  Hold'em Limit ($3/$6 USD) - 2016/03/23 2:36:54 ET
Table 'Teucer' 6-max Seat #6 is the button
Seat 2: Chessnok ($143.18 in chips)
Seat 6: gabrinamli ($239.16 in chips)
gabrinamli: posts small blind $1
Chessnok: posts big blind $3
*** HOLE CARDS ***
gabrinamli: raises $3 to $6
Chessnok: folds
Uncalled bet ($3) returned to gabrinamli
gabrinamli collected $6 from pot
gabrinamli: doesn't show hand
*** SUMMARY ***
Total pot $6 | Rake $0
Seat 2: Chessnok (big blind) folded before Flop
Seat 6: gabrinamli (button) (small blind) collected ($6)


PokerStars Hand #150793324311:  Hold'em Limit ($3/$6 USD) - 2016/03/23 2:36:14 ET
Table 'Teucer' 6-max Seat #6 is the button
Seat 2: Chessnok ($155.54 in chips)
Seat 6: gabrinamli ($227.66 in chips)
gabrinamli: posts small blind $1
Chessnok: posts big blind $3
*** HOLE CARDS ***
gabrinamli: raises $3 to $6
Chessnok: calls $3
*** FLOP *** [5d 9s Ad]
Chessnok: checks
gabrinamli: bets $3
Chessnok: raises $3 to $6
gabrinamli: folds
Uncalled bet ($3) returned to Chessnok
Chessnok collected $17.64 from pot
Chessnok: doesn't show hand
*** SUMMARY ***
Total pot $18 | Rake $0.36
Board [5d 9s Ad]
Seat 2: Chessnok (big blind) collected ($17.64)
Seat 6: gabrinamli (button) (small blind) folded on the Flop


PokerStars Hand #150793336249:  Hold'em Limit ($3/$6 USD) - 2016/03/23 2:37:01 ET
Table 'Teucer' 6-max Seat #2 is the button
Seat 2: Chessnok ($140.18 in chips)
Seat 6: gabrinamli ($242.16 in chips)
Chessnok: posts small blind $1
gabrinamli: posts big blind $3
*** HOLE CARDS ***
Chessnok: raises $3 to $6
gabrinamli: calls $3
*** FLOP *** [2h 2c 8s]
gabrinamli: checks
Chessnok: bets $3
gabrinamli: folds
Uncalled bet ($3) returned to Chessnok
Chessnok collected $11.76 from pot
Chessnok: doesn't show hand
*** SUMMARY ***
Total pot $12 | Rake $0.24
Board [2h 2c 8s]
Seat 2: Chessnok (button) (small blind) collected ($11.76)
Seat 6: gabrinamli (big blind) folded on the Flop


PokerStars Hand #150793344380:  Hold'em Limit ($3/$6 USD) - 2016/03/23 2:37:32 ET
Table 'Teucer' 6-max Seat #2 is the button
Seat 2: Chessnok ($136.94 in chips)
Seat 6: gabrinamli ($244.80 in chips)
Chessnok: posts small blind $1
gabrinamli: posts big blind $3
*** HOLE CARDS ***
Chessnok: raises $3 to $6
gabrinamli: calls $3
*** FLOP *** [9d Ac Js]
gabrinamli: checks
Chessnok: bets $3
gabrinamli: folds
Uncalled bet ($3) returned to Chessnok
Chessnok collected $11.76 from pot
Chessnok: doesn't show hand
*** SUMMARY ***
Total pot $12 | Rake $0.24
Board [9d Ac Js]
Seat 2: Chessnok (button) (small blind) collected ($11.76)
Seat 6: gabrinamli (big blind) folded on the Flop


PokerStars Hand #150793349837:  Hold'em Limit ($3/$6 USD) - 2016/03/23 2:37:54 ET
Table 'Teucer' 6-max Seat #2 is the button
Seat 2: Chessnok ($143.70 in chips)
Seat 6: gabrinamli ($237.80 in chips)
Chessnok: posts small blind $1
gabrinamli: posts big blind $3
*** HOLE CARDS ***
Chessnok: raises $3 to $6
gabrinamli: calls $3
*** FLOP *** [Qs 5d 8s]
gabrinamli: checks
Chessnok: bets $3
gabrinamli: raises $3 to $6
Chessnok: calls $3
*** TURN *** [Qs 5d 8s] [Kd]
gabrinamli: bets $6
Chessnok: calls $6
*** RIVER *** [Qs 5d 8s Kd] [9s]
gabrinamli: bets $6
Chessnok: calls $6
*** SHOW DOWN ***
gabrinamli: shows [4s 5h] (a pair of Fives)
Chessnok: shows [8c Jd] (a pair of Eights)
Chessnok collected $47.50 from pot
*** SUMMARY ***
Total pot $48 | Rake $0.50
Board [Qs 5d 8s Kd 9s]
Seat 2: Chessnok (button) (small blind) showed [8c Jd] and won ($47.50) with a pair of Eights
Seat 6: gabrinamli (big blind) showed [4s 5h] and lost with a pair of Fives


PokerStars Hand #150793347943:  Hold'em Limit ($3/$6 USD) - 2016/03/23 2:37:46 ET
Table 'Teucer' 6-max Seat #6 is the button
Seat 2: Chessnok ($142.70 in chips)
Seat 6: gabrinamli ($238.80 in chips)
gabrinamli: posts small blind $1
Chessnok: posts big blind $3
*** HOLE CARDS ***
gabrinamli: folds
Uncalled bet ($2) returned to Chessnok
Chessnok collected $2 from pot
Chessnok: doesn't show hand
*** SUMMARY ***
Total pot $2 | Rake $0
Seat 2: Chessnok (big blind) collected ($2)
Seat 6: gabrinamli (button) (small blind) folded before Flop


PokerStars Hand #150793339196:  Hold'em Limit ($3/$6 USD) - 2016/03/23 2:37:12 ET
Table 'Teucer' 6-max Seat #6 is the button
Seat 2: Chessnok ($145.94 in chips)
Seat 6: gabrinamli ($236.16 in chips)
gabrinamli: posts small blind $1
Chessnok: posts big blind $3
*** HOLE CARDS ***
gabrinamli: raises $3 to $6
Chessnok: calls $3
*** FLOP *** [3c Ah 9s]
Chessnok: checks
gabrinamli: bets $3
Chessnok: calls $3
*** TURN *** [3c Ah 9s] [7s]
Chessnok: checks
gabrinamli: bets $6
Chessnok: folds
Uncalled bet ($6) returned to gabrinamli
gabrinamli collected $17.64 from pot
gabrinamli: doesn't show hand
*** SUMMARY ***
Total pot $18 | Rake $0.36
Board [3c Ah 9s 7s]
Seat 2: Chessnok (big blind) folded on the Turn
Seat 6: gabrinamli (button) (small blind) collected ($17.64)


PokerStars Hand #150793355095:  Hold'em Limit ($3/$6 USD) - 2016/03/23 2:38:14 ET
Table 'Teucer' 6-max Seat #6 is the button
Seat 2: Chessnok ($167.20 in chips)
Seat 6: gabrinamli ($213.80 in chips)
gabrinamli: posts small blind $1
Chessnok: posts big blind $3
*** HOLE CARDS ***
gabrinamli: raises $3 to $6
Chessnok: calls $3
*** FLOP *** [Js 5c 4d]
Chessnok: checks
gabrinamli: bets $3
Chessnok: calls $3
*** TURN *** [Js 5c 4d] [6h]
Chessnok: checks
gabrinamli: bets $6
Chessnok: raises $6 to $12
gabrinamli: calls $6
*** RIVER *** [Js 5c 4d 6h] [3h]
Chessnok: bets $6
gabrinamli: calls $6
*** SHOW DOWN ***
Chessnok: shows [7h 8d] (a straight, Four to Eight)
gabrinamli: mucks hand
Chessnok collected $53.50 from pot
*** SUMMARY ***
Total pot $54 | Rake $0.50
Board [Js 5c 4d 6h 3h]
Seat 2: Chessnok (big blind) showed [7h 8d] and won ($53.50) with a straight, Four to Eight
Seat 6: gabrinamli (button) (small blind) mucked


PokerStars Hand #150793374612:  Hold'em Limit ($3/$6 USD) - 2016/03/23 2:39:20 ET
Table 'Teucer' 6-max Seat #2 is the button
Seat 2: Chessnok ($184.46 in chips)
Seat 6: gabrinamli ($195.30 in chips)
Chessnok: posts small blind $1
gabrinamli: posts big blind $3
*** HOLE CARDS ***
Chessnok: raises $3 to $6
gabrinamli: folds
Uncalled bet ($3) returned to Chessnok
Chessnok collected $6 from pot
Chessnok: doesn't show hand
*** SUMMARY ***
Total pot $6 | Rake $0
Seat 2: Chessnok (button) (small blind) collected ($6)
Seat 6: gabrinamli (big blind) folded before Flop


PokerStars Hand #150793370588:  Hold'em Limit ($3/$6 USD) - 2016/03/23 2:39:04 ET
Table 'Teucer' 6-max Seat #6 is the button
Seat 2: Chessnok ($199.46 in chips)
Seat 6: gabrinamli ($180.80 in chips)
gabrinamli: posts small blind $1
Chessnok: posts big blind $3
*** HOLE CARDS ***
gabrinamli: raises $3 to $6
Chessnok: calls $3
*** FLOP *** [Ks 7s 3c]
Chessnok: checks
gabrinamli: bets $3
Chessnok: calls $3
*** TURN *** [Ks 7s 3c] [5s]
Chessnok: checks
gabrinamli: bets $6
Chessnok: calls $6
*** RIVER *** [Ks 7s 3c 5s] [2s]
Chessnok: checks
gabrinamli: checks
*** SHOW DOWN ***
Chessnok: shows [Jh 5h] (a pair of Fives)
gabrinamli: shows [2d Kd] (two pair, Kings and Deuces)
gabrinamli collected $29.50 from pot
*** SUMMARY ***
Total pot $30 | Rake $0.50
Board [Ks 7s 3c 5s 2s]
Seat 2: Chessnok (big blind) showed [Jh 5h] and lost with a pair of Fives
Seat 6: gabrinamli (button) (small blind) showed [2d Kd] and won ($29.50) with two pair, Kings and Deuces


PokerStars Hand #150793364417:  Hold'em Limit ($3/$6 USD) - 2016/03/23 2:38:40 ET
Table 'Teucer' 6-max Seat #2 is the button
Seat 2: Chessnok ($193.70 in chips)
Seat 6: gabrinamli ($186.80 in chips)
Chessnok: posts small blind $1
gabrinamli: posts big blind $3
*** HOLE CARDS ***
Chessnok: raises $3 to $6
gabrinamli: calls $3
*** FLOP *** [5h 3c Qd]
gabrinamli: checks
Chessnok: bets $3
gabrinamli: folds
Uncalled bet ($3) returned to Chessnok
Chessnok collected $11.76 from pot
Chessnok: doesn't show hand
*** SUMMARY ***
Total pot $12 | Rake $0.24
Board [5h 3c Qd]
Seat 2: Chessnok (button) (small blind) collected ($11.76)
Seat 6: gabrinamli (big blind) folded on the Flop


PokerStars Hand #150793381469:  Hold'em Limit ($3/$6 USD) - 2016/03/23 2:39:46 ET
Table 'Teucer' 6-max Seat #2 is the button
Seat 2: Chessnok ($166.46 in chips)
Seat 6: gabrinamli ($212.80 in chips)
Chessnok: posts small blind $1
gabrinamli: posts big blind $3
*** HOLE CARDS ***
Chessnok: folds
Uncalled bet ($2) returned to gabrinamli
gabrinamli collected $2 from pot
gabrinamli: doesn't show hand
*** SUMMARY ***
Total pot $2 | Rake $0
Seat 2: Chessnok (button) (small blind) folded before Flop
Seat 6: gabrinamli (big blind) collected ($2)


PokerStars Hand #150793375985:  Hold'em Limit ($3/$6 USD) - 2016/03/23 2:39:25 ET
Table 'Teucer' 6-max Seat #6 is the button
Seat 2: Chessnok ($187.46 in chips)
Seat 6: gabrinamli ($192.30 in chips)
gabrinamli: posts small blind $1
Chessnok: posts big blind $3
*** HOLE CARDS ***
gabrinamli: raises $3 to $6
Chessnok: calls $3
*** FLOP *** [9h 5d Qs]
Chessnok: checks
gabrinamli: bets $3
Chessnok: calls $3
*** TURN *** [9h 5d Qs] [4s]
Chessnok: checks
gabrinamli: bets $6
Chessnok: calls $6
*** RIVER *** [9h 5d Qs 4s] [3h]
Chessnok: checks
gabrinamli: bets $6
Chessnok: calls $6
*** SHOW DOWN ***
gabrinamli: shows [9c 3c] (two pair, Nines and Threes)
Chessnok: mucks hand
gabrinamli collected $41.50 from pot
*** SUMMARY ***
Total pot $42 | Rake $0.50
Board [9h 5d Qs 4s 3h]
Seat 2: Chessnok (big blind) mucked
Seat 6: gabrinamli (button) (small blind) showed [9c 3c] and won ($41.50) with two pair, Nines and Threes


PokerStars Hand #150793389936:  Hold'em Limit ($3/$6 USD) - 2016/03/23 2:40:19 ET
Table 'Teucer' 6-max Seat #2 is the button
Seat 2: Chessnok ($156.46 in chips)
Seat 6: gabrinamli ($222.44 in chips)
Chessnok: posts small blind $1
gabrinamli: posts big blind $3
*** HOLE CARDS ***
Chessnok: folds
Uncalled bet ($2) returned to gabrinamli
gabrinamli collected $2 from pot
gabrinamli: doesn't show hand
*** SUMMARY ***
Total pot $2 | Rake $0
Seat 2: Chessnok (button) (small blind) folded before Flop
Seat 6: gabrinamli (big blind) collected ($2)


PokerStars Hand #150793382625:  Hold'em Limit ($3/$6 USD) - 2016/03/23 2:39:51 ET
Table 'Teucer' 6-max Seat #6 is the button
Seat 2: Chessnok ($165.46 in chips)
Seat 6: gabrinamli ($213.80 in chips)
gabrinamli: posts small blind $1
Chessnok: posts big blind $3
*** HOLE CARDS ***
gabrinamli: raises $3 to $6
Chessnok: calls $3
*** FLOP *** [8c 3h 6h]
Chessnok: checks
gabrinamli: bets $3
Chessnok: calls $3
*** TURN *** [8c 3h 6h] [2c]
Chessnok: checks
gabrinamli: checks
*** RIVER *** [8c 3h 6h 2c] [Kd]
Chessnok: checks
gabrinamli: bets $6
Chessnok: folds
Uncalled bet ($6) returned to gabrinamli
gabrinamli collected $17.64 from pot
gabrinamli: doesn't show hand
*** SUMMARY ***
Total pot $18 | Rake $0.36
Board [8c 3h 6h 2c Kd]
Seat 2: Chessnok (big blind) folded on the River
Seat 6: gabrinamli (button) (small blind) collected ($17.64)


PokerStars Hand #150793398816:  Hold'em Limit ($3/$6 USD) - 2016/03/23 2:40:53 ET
Table 'Teucer' 6-max Seat #6 is the button
Seat 2: Chessnok ($196.72 in chips)
Seat 6: gabrinamli ($181.44 in chips)
gabrinamli: posts small blind $1
Chessnok: posts big blind $3
*** HOLE CARDS ***
gabrinamli: raises $3 to $6
Chessnok: calls $3
*** FLOP *** [As Ks Qd]
Chessnok: checks
gabrinamli: bets $3
Chessnok: folds
Uncalled bet ($3) returned to gabrinamli
gabrinamli collected $11.76 from pot
gabrinamli: doesn't show hand
*** SUMMARY ***
Total pot $12 | Rake $0.24
Board [As Ks Qd]
Seat 2: Chessnok (big blind) folded on the Flop
Seat 6: gabrinamli (button) (small blind) collected ($11.76)


PokerStars Hand #150793396127:  Hold'em Limit ($3/$6 USD) - 2016/03/23 2:40:42 ET
Table 'Teucer' 6-max Seat #2 is the button
Seat 2: Chessnok ($190.96 in chips)
Seat 6: gabrinamli ($187.44 in chips)
Chessnok: posts small blind $1
gabrinamli: posts big blind $3
*** HOLE CARDS ***
Chessnok: raises $3 to $6
gabrinamli: calls $3
*** FLOP *** [8s 9h 2h]
gabrinamli: checks
Chessnok: bets $3
gabrinamli: folds
Uncalled bet ($3) returned to Chessnok
Chessnok collected $11.76 from pot
Chessnok: doesn't show hand
*** SUMMARY ***
Total pot $12 | Rake $0.24
Board [8s 9h 2h]
Seat 2: Chessnok (button) (small blind) collected ($11.76)
Seat 6: gabrinamli (big blind) folded on the Flop


PokerStars Hand #150793402580:  Hold'em Limit ($3/$6 USD) - 2016/03/23 2:41:08 ET
Table 'Teucer' 6-max Seat #2 is the button
Seat 2: Chessnok ($190.72 in chips)
Seat 6: gabrinamli ($187.20 in chips)
Chessnok: posts small blind $1
gabrinamli: posts big blind $3
*** HOLE CARDS ***
Chessnok: raises $3 to $6
gabrinamli: folds
Uncalled bet ($3) returned to Chessnok
Chessnok collected $6 from pot
Chessnok: doesn't show hand
*** SUMMARY ***
Total pot $6 | Rake $0
Seat 2: Chessnok (button) (small blind) collected ($6)
Seat 6: gabrinamli (big blind) folded before Flop


PokerStars Hand #150793391121:  Hold'em Limit ($3/$6 USD) - 2016/03/23 2:40:23 ET
Table 'Teucer' 6-max Seat #6 is the button
Seat 2: Chessnok ($155.46 in chips)
Seat 6: gabrinamli ($223.44 in chips)
gabrinamli: posts small blind $1
Chessnok: posts big blind $3
*** HOLE CARDS ***
gabrinamli: raises $3 to $6
Chessnok: calls $3
*** FLOP *** [5s 4d 7c]
Chessnok: checks
gabrinamli: bets $3
Chessnok: raises $3 to $6
gabrinamli: calls $3
*** TURN *** [5s 4d 7c] [Qc]
Chessnok: bets $6
gabrinamli: raises $6 to $12
Chessnok: calls $6
*** RIVER *** [5s 4d 7c Qc] [Ks]
Chessnok: checks
gabrinamli: bets $6
Chessnok: raises $6 to $12
gabrinamli: calls $6
*** SHOW DOWN ***
Chessnok: shows [Kd 7h] (two pair, Kings and Sevens)
gabrinamli: mucks hand
Chessnok collected $71.50 from pot
*** SUMMARY ***
Total pot $72 | Rake $0.50
Board [5s 4d 7c Qc Ks]
Seat 2: Chessnok (big blind) showed [Kd 7h] and won ($71.50) with two pair, Kings and Sevens
Seat 6: gabrinamli (button) (small blind) mucked


PokerStars Hand #150793407611:  Hold'em Limit ($3/$6 USD) - 2016/03/23 2:41:27 ET
Table 'Teucer' 6-max Seat #6 is the button
Seat 2: Chessnok ($193.72 in chips)
Seat 6: gabrinamli ($184.20 in chips)
gabrinamli: posts small blind $1
Chessnok: posts big blind $3
*** HOLE CARDS ***
gabrinamli: raises $3 to $6
Chessnok: calls $3
*** FLOP *** [Qs As 3h]
Chessnok: checks
gabrinamli: bets $3
Chessnok: calls $3
*** TURN *** [Qs As 3h] [Th]
Chessnok: checks
gabrinamli: checks
*** RIVER *** [Qs As 3h Th] [8s]
Chessnok: checks
gabrinamli: checks
*** SHOW DOWN ***
Chessnok: shows [Kc 7d] (high card Ace)
gabrinamli: shows [5h 5c] (a pair of Fives)
gabrinamli collected $17.64 from pot
*** SUMMARY ***
Total pot $18 | Rake $0.36
Board [Qs As 3h Th 8s]
Seat 2: Chessnok (big blind) showed [Kc 7d] and lost with high card Ace
Seat 6: gabrinamli (button) (small blind) showed [5h 5c] and won ($17.64) with a pair of Fives


PokerStars Hand #150793412748:  Hold'em Limit ($3/$6 USD) - 2016/03/23 2:41:47 ET
Table 'Teucer' 6-max Seat #2 is the button
Seat 2: Chessnok ($184.72 in chips)
Seat 6: gabrinamli ($192.84 in chips)
Chessnok: posts small blind $1
gabrinamli: posts big blind $3
*** HOLE CARDS ***
Chessnok: raises $3 to $6
gabrinamli: raises $3 to $9
Chessnok: calls $3
*** FLOP *** [7h 7d Tc]
gabrinamli: bets $3
Chessnok: calls $3
*** TURN *** [7h 7d Tc] [9h]
gabrinamli: checks
Chessnok: bets $6
gabrinamli: calls $6
*** RIVER *** [7h 7d Tc 9h] [6c]
gabrinamli: checks
Chessnok: bets $6
gabrinamli: calls $6
*** SHOW DOWN ***
Chessnok: shows [Ks Kc] (two pair, Kings and Sevens)
gabrinamli: mucks hand
Chessnok collected $47.50 from pot
*** SUMMARY ***
Total pot $48 | Rake $0.50
Board [7h 7d Tc 9h 6c]
Seat 2: Chessnok (button) (small blind) showed [Ks Kc] and won ($47.50) with two pair, Kings and Sevens
Seat 6: gabrinamli (big blind) mucked


PokerStars Hand #150793431385:  Hold'em Limit ($3/$6 USD) - 2016/03/23 2:42:59 ET
Table 'Teucer' 6-max Seat #2 is the button
Seat 2: Chessnok ($216.86 in chips)
Seat 6: gabrinamli ($159.84 in chips)
Chessnok: posts small blind $1
gabrinamli: posts big blind $3
*** HOLE CARDS ***
Chessnok: raises $3 to $6
gabrinamli: folds
Uncalled bet ($3) returned to Chessnok
Chessnok collected $6 from pot
Chessnok: doesn't show hand
*** SUMMARY ***
Total pot $6 | Rake $0
Seat 2: Chessnok (button) (small blind) collected ($6)
Seat 6: gabrinamli (big blind) folded before Flop


PokerStars Hand #150793422909:  Hold'em Limit ($3/$6 USD) - 2016/03/23 2:42:26 ET
Table 'Teucer' 6-max Seat #6 is the button
Seat 2: Chessnok ($208.22 in chips)
Seat 6: gabrinamli ($168.84 in chips)
gabrinamli: posts small blind $1
Chessnok: posts big blind $3
*** HOLE CARDS ***
gabrinamli: raises $3 to $6
Chessnok: raises $3 to $9
gabrinamli: calls $3
*** FLOP *** [7s 5h Ks]
Chessnok: bets $3
gabrinamli: folds
Uncalled bet ($3) returned to Chessnok
Chessnok collected $17.64 from pot
Chessnok: doesn't show hand
*** SUMMARY ***
Total pot $18 | Rake $0.36
Board [7s 5h Ks]
Seat 2: Chessnok (big blind) collected ($17.64)
Seat 6: gabrinamli (button) (small blind) folded on the Flop


PokerStars Hand #150793432686:  Hold'em Limit ($3/$6 USD) - 2016/03/23 2:43:04 ET
Table 'Teucer' 6-max Seat #6 is the button
Seat 2: Chessnok ($219.86 in chips)
Seat 6: gabrinamli ($156.84 in chips)
gabrinamli: posts small blind $1
Chessnok: posts big blind $3
*** HOLE CARDS ***
gabrinamli: raises $3 to $6
Chessnok: calls $3
*** FLOP *** [7h 8s 9d]
Chessnok: checks
gabrinamli: bets $3
Chessnok: raises $3 to $6
gabrinamli: calls $3
*** TURN *** [7h 8s 9d] [2s]
Chessnok: bets $6
gabrinamli: raises $6 to $12
Chessnok: calls $6
*** RIVER *** [7h 8s 9d 2s] [Jc]
Chessnok: checks
gabrinamli: bets $6
Chessnok: folds
Uncalled bet ($6) returned to gabrinamli
gabrinamli collected $47.50 from pot
gabrinamli: doesn't show hand
*** SUMMARY ***
Total pot $48 | Rake $0.50
Board [7h 8s 9d 2s Jc]
Seat 2: Chessnok (big blind) folded on the River
Seat 6: gabrinamli (button) (small blind) collected ($47.50)


PokerStars Hand #150793444180:  Hold'em Limit ($3/$6 USD) - 2016/03/23 2:43:49 ET
Table 'Teucer' 6-max Seat #6 is the button
Seat 2: Chessnok ($186.86 in chips)
Seat 6: gabrinamli ($188.98 in chips)
gabrinamli: posts small blind $1
Chessnok: posts big blind $3
*** HOLE CARDS ***
gabrinamli: raises $3 to $6
Chessnok: raises $3 to $9
gabrinamli: calls $3
*** FLOP *** [Qd 8d 4d]
Chessnok: bets $3
gabrinamli: calls $3
*** TURN *** [Qd 8d 4d] [5s]
Chessnok: checks
pdsnr joins the table at seat #3
gabrinamli: bets $6
Chessnok: calls $6
*** RIVER *** [Qd 8d 4d 5s] [Qs]
Chessnok: checks
gabrinamli: bets $6
Chessnok: calls $6
*** SHOW DOWN ***
gabrinamli: shows [7d 6d] (a flush, Queen high)
Chessnok: mucks hand
gabrinamli collected $47.50 from pot
*** SUMMARY ***
Total pot $48 | Rake $0.50
Board [Qd 8d 4d 5s Qs]
Seat 2: Chessnok (big blind) mucked
Seat 6: gabrinamli (button) (small blind) showed [7d 6d] and won ($47.50) with a flush, Queen high


PokerStars Hand #150793439250:  Hold'em Limit ($3/$6 USD) - 2016/03/23 2:43:29 ET
Table 'Teucer' 6-max Seat #2 is the button
Seat 2: Chessnok ($195.86 in chips)
Seat 6: gabrinamli ($180.34 in chips)
Chessnok: posts small blind $1
gabrinamli: posts big blind $3
*** HOLE CARDS ***
Chessnok: raises $3 to $6
gabrinamli: calls $3
*** FLOP *** [Ah Kh 6h]
gabrinamli: checks
Chessnok: bets $3
gabrinamli: calls $3
*** TURN *** [Ah Kh 6h] [Jd]
gabrinamli: checks
Chessnok: checks
*** RIVER *** [Ah Kh 6h Jd] [4h]
gabrinamli: bets $6
Chessnok: folds
Uncalled bet ($6) returned to gabrinamli
gabrinamli collected $17.64 from pot
gabrinamli: doesn't show hand
*** SUMMARY ***
Total pot $18 | Rake $0.36
Board [Ah Kh 6h Jd 4h]
Seat 2: Chessnok (button) (small blind) folded on the River
Seat 6: gabrinamli (big blind) collected ($17.64)


PokerStars Hand #150794221761:  Hold'em Limit ($3/$6 USD) - 2016/03/23 3:32:14 ET
Table 'Teucer' 6-max Seat #1 is the button
Seat 1: pdsnr ($297.54 in chips)
Seat 3: andriano077 ($70.76 in chips)
pdsnr: posts small blind $1
andriano077: posts big blind $3
*** HOLE CARDS ***
pdsnr: raises $3 to $6
andriano077: raises $3 to $9
pdsnr: calls $3
*** FLOP *** [9c Qc Ad]
andriano077: bets $3
pdsnr: folds
Uncalled bet ($3) returned to andriano077
andriano077 collected $17.64 from pot
andriano077: doesn't show hand
*** SUMMARY ***
Total pot $18 | Rake $0.36
Board [9c Qc Ad]
Seat 1: pdsnr (button) (small blind) folded on the Flop
Seat 3: andriano077 (big blind) collected ($17.64)


PokerStars Hand #150794209067:  Hold'em Limit ($3/$6 USD) - 2016/03/23 3:31:29 ET
Table 'Teucer' 6-max Seat #1 is the button
Seat 1: pdsnr ($285.04 in chips)
Seat 3: andriano077 ($84 in chips)
pdsnr: posts small blind $1
Chessnok: is sitting out
andriano077: posts big blind $3
*** HOLE CARDS ***
pdsnr: raises $3 to $6
andriano077: raises $3 to $9
pdsnr: raises $3 to $12
Betting is capped
andriano077: calls $3
*** FLOP *** [2d 7s 6c]
andriano077: checks
pdsnr: bets $3
andriano077: calls $3
*** TURN *** [2d 7s 6c] [6d]
andriano077: checks
pdsnr: bets $6
andriano077: folds
Uncalled bet ($6) returned to pdsnr
pdsnr collected $29.50 from pot
*** SUMMARY ***
Total pot $30 | Rake $0.50
Board [2d 7s 6c 6d]
Seat 1: pdsnr (button) (small blind) collected ($29.50)
Seat 3: andriano077 (big blind) folded on the Turn


PokerStars Hand #150794218722:  Hold'em Limit ($3/$6 USD) - 2016/03/23 3:32:03 ET
Table 'Teucer' 6-max Seat #3 is the button
Seat 1: pdsnr ($303.54 in chips)
Seat 3: andriano077 ($65 in chips)
andriano077: posts small blind $1
pdsnr: posts big blind $3
*** HOLE CARDS ***
andriano077: raises $3 to $6
pdsnr: calls $3
*** FLOP *** [Qs 3d Js]
pdsnr: checks
andriano077: bets $3
pdsnr: folds
Uncalled bet ($3) returned to andriano077
andriano077 collected $11.76 from pot
andriano077: doesn't show hand
*** SUMMARY ***
Total pot $12 | Rake $0.24
Board [Qs 3d Js]
Seat 1: pdsnr (big blind) folded on the Flop
Seat 3: andriano077 (button) (small blind) collected ($11.76)


PokerStars Hand #150794217021:  Hold'em Limit ($3/$6 USD) - 2016/03/23 3:31:57 ET
Table 'Teucer' 6-max Seat #1 is the button
Seat 1: pdsnr ($300.54 in chips)
Seat 3: andriano077 ($68 in chips)
pdsnr: posts small blind $1
andriano077: posts big blind $3
*** HOLE CARDS ***
pdsnr: raises $3 to $6
VolkovDmitri leaves the table
andriano077: folds
Uncalled bet ($3) returned to pdsnr
pdsnr collected $6 from pot
*** SUMMARY ***
Total pot $6 | Rake $0
Seat 1: pdsnr (button) (small blind) collected ($6)
Seat 3: andriano077 (big blind) folded before Flop


PokerStars Hand #150794215717:  Hold'em Limit ($3/$6 USD) - 2016/03/23 3:31:52 ET
Table 'Teucer' 6-max Seat #3 is the button
Seat 1: pdsnr ($299.54 in chips)
Seat 3: andriano077 ($69 in chips)
andriano077: posts small blind $1
pdsnr: posts big blind $3
*** HOLE CARDS ***
andriano077: folds
Uncalled bet ($2) returned to pdsnr
pdsnr collected $2 from pot
*** SUMMARY ***
Total pot $2 | Rake $0
Seat 1: pdsnr (big blind) collected ($2)
Seat 3: andriano077 (button) (small blind) folded before Flop


PokerStars Hand #150794232853:  Hold'em Limit ($3/$6 USD) - 2016/03/23 3:32:53 ET
Table 'Teucer' 6-max Seat #1 is the button
Seat 1: pdsnr ($269.54 in chips)
Seat 3: andriano077 ($97.90 in chips)
pdsnr: posts small blind $1
andriano077: posts big blind $3
*** HOLE CARDS ***
pdsnr: raises $3 to $6
andriano077: raises $3 to $9
pdsnr: calls $3
*** FLOP *** [Ac 8c Ks]
andriano077: bets $3
pdsnr: folds
Uncalled bet ($3) returned to andriano077
andriano077 collected $17.64 from pot
andriano077: doesn't show hand
*** SUMMARY ***
Total pot $18 | Rake $0.36
Board [Ac 8c Ks]
Seat 1: pdsnr (button) (small blind) folded on the Flop
Seat 3: andriano077 (big blind) collected ($17.64)


PokerStars Hand #150794224378:  Hold'em Limit ($3/$6 USD) - 2016/03/23 3:32:23 ET
Table 'Teucer' 6-max Seat #3 is the button
Seat 1: pdsnr ($288.54 in chips)
Seat 3: andriano077 ($79.40 in chips)
andriano077: posts small blind $1
pdsnr: posts big blind $3
*** HOLE CARDS ***
andriano077: folds
Uncalled bet ($2) returned to pdsnr
pdsnr collected $2 from pot
*** SUMMARY ***
Total pot $2 | Rake $0
Seat 1: pdsnr (big blind) collected ($2)
Seat 3: andriano077 (button) (small blind) folded before Flop


PokerStars Hand #150794230963:  Hold'em Limit ($3/$6 USD) - 2016/03/23 3:32:47 ET
Table 'Teucer' 6-max Seat #3 is the button
Seat 1: pdsnr ($268.54 in chips)
Seat 3: andriano077 ($98.90 in chips)
andriano077: posts small blind $1
liolilove was removed from the table for failing to post
pdsnr: posts big blind $3
*** HOLE CARDS ***
andriano077: folds
Uncalled bet ($2) returned to pdsnr
pdsnr collected $2 from pot
*** SUMMARY ***
Total pot $2 | Rake $0
Seat 1: pdsnr (big blind) collected ($2)
Seat 3: andriano077 (button) (small blind) folded before Flop


PokerStars Hand #150794225963:  Hold'em Limit ($3/$6 USD) - 2016/03/23 3:32:29 ET
Table 'Teucer' 6-max Seat #1 is the button
Seat 1: pdsnr ($289.54 in chips)
Seat 3: andriano077 ($78.40 in chips)
pdsnr: posts small blind $1
andriano077: posts big blind $3
*** HOLE CARDS ***
pdsnr: raises $3 to $6
andriano077: raises $3 to $9
pdsnr: raises $3 to $12
Betting is capped
andriano077: calls $3
*** FLOP *** [7s 3c Td]
andriano077: bets $3
pdsnr: calls $3
*** TURN *** [7s 3c Td] [9d]
andriano077: bets $6
pdsnr: calls $6
*** RIVER *** [7s 3c Td 9d] [5h]
andriano077: bets $6
pdsnr: folds
Uncalled bet ($6) returned to andriano077
andriano077 collected $41.50 from pot
andriano077: doesn't show hand
*** SUMMARY ***
Total pot $42 | Rake $0.50
Board [7s 3c Td 9d 5h]
Seat 1: pdsnr (button) (small blind) folded on the River
Seat 3: andriano077 (big blind) collected ($41.50)


PokerStars Hand #150794238813:  Hold'em Limit ($3/$6 USD) - 2016/03/23 3:33:14 ET
Table 'Teucer' 6-max Seat #3 is the button
Seat 1: pdsnr ($260.54 in chips)
Seat 3: andriano077 ($106.54 in chips)
andriano077: posts small blind $1
gabrinamli was removed from the table for failing to post
pdsnr: posts big blind $3
*** HOLE CARDS ***
andriano077: raises $3 to $6
pdsnr: raises $3 to $9
andriano077: raises $3 to $12
Betting is capped
pdsnr: calls $3
*** FLOP *** [5d 4d 3d]
pdsnr: bets $3
andriano077: raises $3 to $6
pdsnr: calls $3
*** TURN *** [5d 4d 3d] [As]
pdsnr: bets $6
andriano077: calls $6
*** RIVER *** [5d 4d 3d As] [6d]
pdsnr: bets $6
andriano077: raises $6 to $12
pdsnr: folds
Uncalled bet ($6) returned to andriano077
andriano077 collected $59.50 from pot
andriano077: doesn't show hand
*** SUMMARY ***
Total pot $60 | Rake $0.50
Board [5d 4d 3d As 6d]
Seat 1: pdsnr (big blind) folded on the River
Seat 3: andriano077 (button) (small blind) collected ($59.50)


PokerStars Hand #150794245134:  Hold'em Limit ($3/$6 USD) - 2016/03/23 3:33:36 ET
Table 'Teucer' 6-max Seat #1 is the button
Seat 1: pdsnr ($230.54 in chips)
Seat 3: andriano077 ($136.04 in chips)
pdsnr: posts small blind $1
Chessnok was removed from the table for failing to post
andriano077: posts big blind $3
*** HOLE CARDS ***
pdsnr: raises $3 to $6
andriano077: raises $3 to $9
pdsnr: calls $3
*** FLOP *** [2c 3d Ks]
andriano077: bets $3
pdsnr: folds
Uncalled bet ($3) returned to andriano077
andriano077 collected $17.64 from pot
andriano077: doesn't show hand
*** SUMMARY ***
Total pot $18 | Rake $0.36
Board [2c 3d Ks]
Seat 1: pdsnr (button) (small blind) folded on the Flop
Seat 3: andriano077 (big blind) collected ($17.64)


PokerStars Hand #150794253795:  Hold'em Limit ($3/$6 USD) - 2016/03/23 3:34:07 ET
Table 'Teucer' 6-max Seat #1 is the button
Seat 1: pdsnr ($222.54 in chips)
Seat 3: andriano077 ($143.68 in chips)
pdsnr: posts small blind $1
andriano077: posts big blind $3
*** HOLE CARDS ***
pdsnr: raises $3 to $6
andriano077: folds
Uncalled bet ($3) returned to pdsnr
pdsnr collected $6 from pot
*** SUMMARY ***
Total pot $6 | Rake $0
Seat 1: pdsnr (button) (small blind) collected ($6)
Seat 3: andriano077 (big blind) folded before Flop


PokerStars Hand #150794251869:  Hold'em Limit ($3/$6 USD) - 2016/03/23 3:34:00 ET
Table 'Teucer' 6-max Seat #3 is the button
Seat 1: pdsnr ($221.54 in chips)
Seat 3: andriano077 ($144.68 in chips)
andriano077: posts small blind $1
pdsnr: posts big blind $3
*** HOLE CARDS ***
andriano077 said, "easy"
andriano077: folds
Uncalled bet ($2) returned to pdsnr
pdsnr collected $2 from pot
*** SUMMARY ***
Total pot $2 | Rake $0
Seat 1: pdsnr (big blind) collected ($2)
Seat 3: andriano077 (button) (small blind) folded before Flop


PokerStars Hand #150795621667:  Hold'em Limit ($3/$6 USD) - 2016/03/23 4:46:38 ET
Table 'Teucer' 6-max Seat #4 is the button
Seat 4: VolkovDmitri ($121 in chips)
Seat 5: shalomrum ($53.50 in chips)
VolkovDmitri: posts small blind $1
shalomrum: posts big blind $3
*** HOLE CARDS ***
VolkovDmitri: folds
Uncalled bet ($2) returned to shalomrum
shalomrum collected $2 from pot
shalomrum: doesn't show hand
*** SUMMARY ***
Total pot $2 | Rake $0
Seat 4: VolkovDmitri (button) (small blind) folded before Flop
Seat 5: shalomrum (big blind) collected ($2)


PokerStars Hand #150795619967:  Hold'em Limit ($3/$6 USD) - 2016/03/23 4:46:33 ET
Table 'Teucer' 6-max Seat #5 is the button
Seat 4: VolkovDmitri ($120 in chips)
Seat 5: shalomrum ($54.50 in chips)
shalomrum: posts small blind $1
VolkovDmitri: posts big blind $3
*** HOLE CARDS ***
shalomrum: folds
Uncalled bet ($2) returned to VolkovDmitri
VolkovDmitri collected $2 from pot
VolkovDmitri: doesn't show hand
*** SUMMARY ***
Total pot $2 | Rake $0
Seat 4: VolkovDmitri (big blind) collected ($2)
Seat 5: shalomrum (button) (small blind) folded before Flop


PokerStars Hand #150795613800:  Hold'em Limit ($3/$6 USD) - 2016/03/23 4:46:14 ET
Table 'Teucer' 6-max Seat #4 is the button
Seat 4: VolkovDmitri ($120 in chips)
Seat 5: shalomrum ($53.50 in chips)
VolkovDmitri: posts small blind $1
shalomrum: posts big blind $3
*** HOLE CARDS ***
VolkovDmitri: folds
Uncalled bet ($2) returned to shalomrum
shalomrum collected $2 from pot
shalomrum: doesn't show hand
*** SUMMARY ***
Total pot $2 | Rake $0
Seat 4: VolkovDmitri (button) (small blind) folded before Flop
Seat 5: shalomrum (big blind) collected ($2)


PokerStars Hand #150795606157:  Hold'em Limit ($3/$6 USD) - 2016/03/23 4:45:52 ET
Table 'Teucer' 6-max Seat #5 is the button
Seat 4: VolkovDmitri ($123 in chips)
Seat 5: shalomrum ($27 in chips)
shalomrum: posts small blind $1
VolkovDmitri: posts big blind $3
*** HOLE CARDS ***
shalomrum: raises $3 to $6
VolkovDmitri: calls $3
*** FLOP *** [4c 2s 7d]
VolkovDmitri: bets $3
shalomrum: raises $3 to $6
VolkovDmitri: raises $3 to $9
shalomrum: raises $3 to $12
Betting is capped
VolkovDmitri: calls $3
*** TURN *** [4c 2s 7d] [8h]
VolkovDmitri: checks
shalomrum: bets $6
VolkovDmitri: raises $6 to $12
shalomrum: calls $3 and is all-in
Uncalled bet ($3) returned to VolkovDmitri
*** RIVER *** [4c 2s 7d 8h] [6c]
*** SHOW DOWN ***
VolkovDmitri: shows [4s Jh] (a pair of Fours)
shalomrum: shows [9h 9s] (a pair of Nines)
shalomrum collected $53.50 from pot
*** SUMMARY ***
Total pot $54 | Rake $0.50
Board [4c 2s 7d 8h 6c]
Seat 4: VolkovDmitri (big blind) showed [4s Jh] and lost with a pair of Fours
Seat 5: shalomrum (button) (small blind) showed [9h 9s] and won ($53.50) with a pair of Nines


PokerStars Hand #150795602045:  Hold'em Limit ($3/$6 USD) - 2016/03/23 4:45:39 ET
Table 'Teucer' 6-max Seat #4 is the button
Seat 4: VolkovDmitri ($120 in chips)
Seat 5: shalomrum ($30 in chips)
VolkovDmitri: posts small blind $1
shalomrum: posts big blind $3
*** HOLE CARDS ***
VolkovDmitri: raises $3 to $6
shalomrum: folds
Uncalled bet ($3) returned to VolkovDmitri
VolkovDmitri collected $6 from pot
VolkovDmitri: doesn't show hand
*** SUMMARY ***
Total pot $6 | Rake $0
Seat 4: VolkovDmitri (button) (small blind) collected ($6)
Seat 5: shalomrum (big blind) folded before Flop


PokerStars Hand #150795637003:  Hold'em Limit ($3/$6 USD) - 2016/03/23 4:47:23 ET
Table 'Teucer' 6-max Seat #4 is the button
Seat 4: VolkovDmitri ($121 in chips)
Seat 5: shalomrum ($78 in chips)
VolkovDmitri: posts small blind $1
shalomrum: posts big blind $3
*** HOLE CARDS ***
VolkovDmitri: folds
Uncalled bet ($2) returned to shalomrum
shalomrum collected $2 from pot
shalomrum: doesn't show hand
*** SUMMARY ***
Total pot $2 | Rake $0
Seat 4: VolkovDmitri (button) (small blind) folded before Flop
Seat 5: shalomrum (big blind) collected ($2)


PokerStars Hand #150795634207:  Hold'em Limit ($3/$6 USD) - 2016/03/23 4:47:15 ET
Table 'Teucer' 6-max Seat #5 is the button
Seat 4: VolkovDmitri ($120 in chips)
Seat 5: shalomrum ($79 in chips)
shalomrum: posts small blind $1
VolkovDmitri: posts big blind $3
*** HOLE CARDS ***
shalomrum: folds
Uncalled bet ($2) returned to VolkovDmitri
VolkovDmitri collected $2 from pot
VolkovDmitri: doesn't show hand
*** SUMMARY ***
Total pot $2 | Rake $0
Seat 4: VolkovDmitri (big blind) collected ($2)
Seat 5: shalomrum (button) (small blind) folded before Flop


PokerStars Hand #150795632261:  Hold'em Limit ($3/$6 USD) - 2016/03/23 4:47:09 ET
Table 'Teucer' 6-max Seat #4 is the button
Seat 4: VolkovDmitri ($120 in chips)
Seat 5: shalomrum ($78 in chips)
VolkovDmitri: posts small blind $1
shalomrum: posts big blind $3
*** HOLE CARDS ***
VolkovDmitri: folds
Uncalled bet ($2) returned to shalomrum
shalomrum collected $2 from pot
shalomrum: doesn't show hand
*** SUMMARY ***
Total pot $2 | Rake $0
Seat 4: VolkovDmitri (button) (small blind) folded before Flop
Seat 5: shalomrum (big blind) collected ($2)


PokerStars Hand #150795623508:  Hold'em Limit ($3/$6 USD) - 2016/03/23 4:46:43 ET
Table 'Teucer' 6-max Seat #5 is the button
Seat 4: VolkovDmitri ($120 in chips)
Seat 5: shalomrum ($54.50 in chips)
shalomrum: posts small blind $1
VolkovDmitri: posts big blind $3
*** HOLE CARDS ***
shalomrum: raises $3 to $6
VolkovDmitri: calls $3
*** FLOP *** [Kh 3d 9d]
VolkovDmitri: checks
shalomrum: bets $3
VolkovDmitri: raises $3 to $6
shalomrum: calls $3
*** TURN *** [Kh 3d 9d] [Ad]
VolkovDmitri: bets $6
shalomrum: calls $6
*** RIVER *** [Kh 3d 9d Ad] [Ah]
VolkovDmitri: bets $6
shalomrum: calls $6
*** SHOW DOWN ***
VolkovDmitri: shows [Jc 6h] (a pair of Aces)
shalomrum: shows [Jd 9c] (two pair, Aces and Nines)
shalomrum collected $47.50 from pot
*** SUMMARY ***
Total pot $48 | Rake $0.50
Board [Kh 3d 9d Ad Ah]
Seat 4: VolkovDmitri (big blind) showed [Jc 6h] and lost with a pair of Aces
Seat 5: shalomrum (button) (small blind) showed [Jd 9c] and won ($47.50) with two pair, Aces and Nines


PokerStars Hand #150795646388:  Hold'em Limit ($3/$6 USD) - 2016/03/23 4:47:51 ET
Table 'Teucer' 6-max Seat #4 is the button
Seat 4: VolkovDmitri ($128.64 in chips)
Seat 5: shalomrum ($70 in chips)
VolkovDmitri: posts small blind $1
shalomrum: posts big blind $3
*** HOLE CARDS ***
VolkovDmitri: raises $3 to $6
shalomrum: calls $3
*** FLOP *** [5d 7d 6c]
shalomrum: checks
VolkovDmitri: checks
*** TURN *** [5d 7d 6c] [Qd]
shalomrum: bets $6
VolkovDmitri: folds
Uncalled bet ($6) returned to shalomrum
shalomrum collected $11.76 from pot
shalomrum: doesn't show hand
*** SUMMARY ***
Total pot $12 | Rake $0.24
Board [5d 7d 6c Qd]
Seat 4: VolkovDmitri (button) (small blind) folded on the Turn
Seat 5: shalomrum (big blind) collected ($11.76)


PokerStars Hand #150795640182:  Hold'em Limit ($3/$6 USD) - 2016/03/23 4:47:33 ET
Table 'Teucer' 6-max Seat #5 is the button
Seat 4: VolkovDmitri ($120 in chips)
Seat 5: shalomrum ($79 in chips)
shalomrum: posts small blind $1
VolkovDmitri: posts big blind $3
*** HOLE CARDS ***
HAL9QQQ joins the table at seat #1
shalomrum: raises $3 to $6
VolkovDmitri: calls $3
*** FLOP *** [3h 8h 6s]
VolkovDmitri: bets $3
shalomrum: calls $3
*** TURN *** [3h 8h 6s] [Qh]
VolkovDmitri: checks
shalomrum: checks
*** RIVER *** [3h 8h 6s Qh] [9d]
VolkovDmitri: checks
shalomrum: checks
*** SHOW DOWN ***
VolkovDmitri: shows [6c Td] (a pair of Sixes)
shalomrum: mucks hand
VolkovDmitri collected $17.64 from pot
*** SUMMARY ***
Total pot $18 | Rake $0.36
Board [3h 8h 6s Qh 9d]
Seat 4: VolkovDmitri (big blind) showed [6c Td] and won ($17.64) with a pair of Sixes
Seat 5: shalomrum (button) (small blind) mucked


PokerStars Hand #150795992952:  Hold'em Limit ($3/$6 USD) - 2016/03/23 5:04:57 ET
Table 'Teucer' 6-max Seat #1 is the button
Seat 1: HAL9QQQ ($171.34 in chips)
Seat 5: shalomrum ($12.79 in chips)
HAL9QQQ: posts small blind $1
shalomrum: posts big blind $3
*** HOLE CARDS ***
HAL9QQQ: raises $3 to $6
shalomrum: folds
Uncalled bet ($3) returned to HAL9QQQ
HAL9QQQ collected $6 from pot
HAL9QQQ: doesn't show hand
*** SUMMARY ***
Total pot $6 | Rake $0
Seat 1: HAL9QQQ (button) (small blind) collected ($6)
Seat 5: shalomrum (big blind) folded before Flop


PokerStars Hand #150795990901:  Hold'em Limit ($3/$6 USD) - 2016/03/23 5:04:51 ET
Table 'Teucer' 6-max Seat #5 is the button
Seat 1: HAL9QQQ ($170.34 in chips)
Seat 5: shalomrum ($13.79 in chips)
shalomrum: posts small blind $1
liolilove: is sitting out
HAL9QQQ: posts big blind $3
*** HOLE CARDS ***
shalomrum: folds
Uncalled bet ($2) returned to HAL9QQQ
HAL9QQQ collected $2 from pot
HAL9QQQ: doesn't show hand
*** SUMMARY ***
Total pot $2 | Rake $0
Seat 1: HAL9QQQ (big blind) collected ($2)
Seat 5: shalomrum (button) (small blind) folded before Flop


