PokerStars Hand #161848711204:  Hold'em Limit ($3/$6 USD) - 2016/11/23 13:43:48 ET
Table 'Teucer' 6-max Seat #4 is the button
Seat 4: **Geka**555 ($34.10 in chips)
Seat 5: kolaz03 ($86.50 in chips)
**Geka**555: posts small blind $1
kolaz03: posts big blind $3
*** HOLE CARDS ***
**Geka**555: folds
Uncalled bet ($2) returned to kolaz03
kolaz03 collected $2 from pot
kolaz03: doesn't show hand
*** SUMMARY ***
Total pot $2 | Rake $0
Seat 4: **Geka**555 (button) (small blind) folded before Flop
Seat 5: kolaz03 (big blind) collected ($2)


PokerStars Hand #161848690044:  Hold'em Limit ($3/$6 USD) - 2016/11/23 13:43:24 ET
Table 'Teucer' 6-max Seat #5 is the button
Seat 4: **Geka**555 ($49.10 in chips)
Seat 5: kolaz03 ($72 in chips)
kolaz03: posts small blind $1
assitoni: is sitting out
**Geka**555: posts big blind $3
*** HOLE CARDS ***
kolaz03: raises $3 to $6
**Geka**555: calls $3
*** FLOP *** [4d 8h 8s]
**Geka**555: checks
assitoni leaves the table
kolaz03: bets $3
**Geka**555: calls $3
*** TURN *** [4d 8h 8s] [Ts]
**Geka**555: checks
kolaz03: bets $6
**Geka**555: calls $6
*** RIVER *** [4d 8h 8s Ts] [Ac]
**Geka**555: checks
kolaz03: bets $6
**Geka**555: folds
Uncalled bet ($6) returned to kolaz03
kolaz03 collected $29.50 from pot
kolaz03: doesn't show hand
*** SUMMARY ***
Total pot $30 | Rake $0.50
Board [4d 8h 8s Ts Ac]
Seat 4: **Geka**555 (big blind) folded on the River
Seat 5: kolaz03 (button) (small blind) collected ($29.50)


PokerStars Hand #161848751595:  Hold'em Limit ($3/$6 USD) - 2016/11/23 13:44:33 ET
Table 'Teucer' 6-max Seat #4 is the button
Seat 4: **Geka**555 ($56.60 in chips)
Seat 5: kolaz03 ($72 in chips)
**Geka**555: posts small blind $1
kolaz03: posts big blind $3
*** HOLE CARDS ***
**Geka**555: calls $2
kolaz03: raises $3 to $6
**Geka**555: calls $3
*** FLOP *** [Jh 6d 8s]
kolaz03: bets $3
**Geka**555: calls $3
*** TURN *** [Jh 6d 8s] [2s]
kolaz03: checks
**Geka**555: bets $6
kolaz03: calls $6
*** RIVER *** [Jh 6d 8s 2s] [Qc]
kolaz03: checks
**Geka**555: bets $6
kolaz03: folds
Uncalled bet ($6) returned to **Geka**555
**Geka**555 collected $29.50 from pot
**Geka**555: doesn't show hand
*** SUMMARY ***
Total pot $30 | Rake $0.50
Board [Jh 6d 8s 2s Qc]
Seat 4: **Geka**555 (button) (small blind) collected ($29.50)
Seat 5: kolaz03 (big blind) folded on the River


PokerStars Hand #161848715504:  Hold'em Limit ($3/$6 USD) - 2016/11/23 13:43:53 ET
Table 'Teucer' 6-max Seat #5 is the button
Seat 4: **Geka**555 ($33.10 in chips)
Seat 5: kolaz03 ($87.50 in chips)
kolaz03: posts small blind $1
**Geka**555: posts big blind $3
*** HOLE CARDS ***
kolaz03: raises $3 to $6
**Geka**555: calls $3
*** FLOP *** [4s 9c 8s]
**Geka**555: checks
kolaz03: bets $3
**Geka**555: raises $3 to $6
kolaz03: calls $3
*** TURN *** [4s 9c 8s] [Ah]
**Geka**555: bets $6
kolaz03: calls $6
*** RIVER *** [4s 9c 8s Ah] [6d]
**Geka**555: bets $6
kolaz03: calls $6
*** SHOW DOWN ***
**Geka**555: shows [8h Tc] (a pair of Eights)
kolaz03: mucks hand
**Geka**555 collected $47.50 from pot
*** SUMMARY ***
Total pot $48 | Rake $0.50
Board [4s 9c 8s Ah 6d]
Seat 4: **Geka**555 (big blind) showed [8h Tc] and won ($47.50) with a pair of Eights
Seat 5: kolaz03 (button) (small blind) mucked


PokerStars Hand #161848803490:  Hold'em Limit ($3/$6 USD) - 2016/11/23 13:45:31 ET
Table 'Teucer' 6-max Seat #5 is the button
Seat 4: **Geka**555 ($65.10 in chips)
Seat 5: kolaz03 ($77.64 in chips)
kolaz03: posts small blind $1
**Geka**555: posts big blind $3
*** HOLE CARDS ***
kolaz03: raises $3 to $6
**Geka**555: calls $3
*** FLOP *** [5h Jc 8s]
**Geka**555: checks
kolaz03: bets $3
**Geka**555: calls $3
*** TURN *** [5h Jc 8s] [3c]
**Geka**555: checks
kolaz03: checks
*** RIVER *** [5h Jc 8s 3c] [3s]
**Geka**555: bets $6
kolaz03: calls $6
*** SHOW DOWN ***
**Geka**555: shows [Ah 9s] (a pair of Threes)
kolaz03: mucks hand
**Geka**555 collected $29.50 from pot
*** SUMMARY ***
Total pot $30 | Rake $0.50
Board [5h Jc 8s 3c 3s]
Seat 4: **Geka**555 (big blind) showed [Ah 9s] and won ($29.50) with a pair of Threes
Seat 5: kolaz03 (button) (small blind) mucked


PokerStars Hand #161848794240:  Hold'em Limit ($3/$6 USD) - 2016/11/23 13:45:21 ET
Table 'Teucer' 6-max Seat #4 is the button
Seat 4: **Geka**555 ($62.10 in chips)
Seat 5: kolaz03 ($80.64 in chips)
**Geka**555: posts small blind $1
kolaz03: posts big blind $3
*** HOLE CARDS ***
**Geka**555: raises $3 to $6
kolaz03: folds
Uncalled bet ($3) returned to **Geka**555
**Geka**555 collected $6 from pot
**Geka**555: doesn't show hand
*** SUMMARY ***
Total pot $6 | Rake $0
Seat 4: **Geka**555 (button) (small blind) collected ($6)
Seat 5: kolaz03 (big blind) folded before Flop


PokerStars Hand #161848773535:  Hold'em Limit ($3/$6 USD) - 2016/11/23 13:44:58 ET
Table 'Teucer' 6-max Seat #5 is the button
Seat 4: **Geka**555 ($71.10 in chips)
Seat 5: kolaz03 ($72 in chips)
kolaz03: posts small blind $1
**Geka**555: posts big blind $3
*** HOLE CARDS ***
kolaz03: raises $3 to $6
**Geka**555: calls $3
*** FLOP *** [Tc 3s Qc]
**Geka**555: checks
kolaz03: bets $3
**Geka**555: calls $3
*** TURN *** [Tc 3s Qc] [9s]
**Geka**555: checks
kolaz03: bets $6
**Geka**555: folds
Uncalled bet ($6) returned to kolaz03
kolaz03 collected $17.64 from pot
kolaz03: doesn't show hand
*** SUMMARY ***
Total pot $18 | Rake $0.36
Board [Tc 3s Qc 9s]
Seat 4: **Geka**555 (big blind) folded on the Turn
Seat 5: kolaz03 (button) (small blind) collected ($17.64)


PokerStars Hand #161848837294:  Hold'em Limit ($3/$6 USD) - 2016/11/23 13:46:09 ET
Table 'Teucer' 6-max Seat #5 is the button
Seat 4: **Geka**555 ($78.60 in chips)
Seat 5: kolaz03 ($73 in chips)
kolaz03: posts small blind $1
**Geka**555: posts big blind $3
*** HOLE CARDS ***
kolaz03: raises $3 to $6
**Geka**555: folds
Uncalled bet ($3) returned to kolaz03
kolaz03 collected $6 from pot
kolaz03: doesn't show hand
*** SUMMARY ***
Total pot $6 | Rake $0
Seat 4: **Geka**555 (big blind) folded before Flop
Seat 5: kolaz03 (button) (small blind) collected ($6)


PokerStars Hand #161848832713:  Hold'em Limit ($3/$6 USD) - 2016/11/23 13:46:04 ET
Table 'Teucer' 6-max Seat #4 is the button
Seat 4: **Geka**555 ($79.60 in chips)
Seat 5: kolaz03 ($72 in chips)
**Geka**555: posts small blind $1
kolaz03: posts big blind $3
*** HOLE CARDS ***
**Geka**555: folds
Uncalled bet ($2) returned to kolaz03
kolaz03 collected $2 from pot
kolaz03: doesn't show hand
*** SUMMARY ***
Total pot $2 | Rake $0
Seat 4: **Geka**555 (button) (small blind) folded before Flop
Seat 5: kolaz03 (big blind) collected ($2)


PokerStars Hand #161848842748:  Hold'em Limit ($3/$6 USD) - 2016/11/23 13:46:15 ET
Table 'Teucer' 6-max Seat #4 is the button
Seat 4: **Geka**555 ($75.60 in chips)
Seat 5: kolaz03 ($76 in chips)
**Geka**555: posts small blind $1
kolaz03: posts big blind $3
*** HOLE CARDS ***
**Geka**555: folds
Uncalled bet ($2) returned to kolaz03
kolaz03 collected $2 from pot
kolaz03: doesn't show hand
*** SUMMARY ***
Total pot $2 | Rake $0
Seat 4: **Geka**555 (button) (small blind) folded before Flop
Seat 5: kolaz03 (big blind) collected ($2)


PokerStars Hand #161848847232:  Hold'em Limit ($3/$6 USD) - 2016/11/23 13:46:20 ET
Table 'Teucer' 6-max Seat #5 is the button
Seat 4: **Geka**555 ($74.60 in chips)
Seat 5: kolaz03 ($77 in chips)
kolaz03: posts small blind $1
**Geka**555: posts big blind $3
*** HOLE CARDS ***
kolaz03: raises $3 to $6
**Geka**555: calls $3
*** FLOP *** [7c As Js]
**Geka**555: checks
kolaz03: bets $3
**Geka**555: calls $3
*** TURN *** [7c As Js] [6h]
**Geka**555: checks
kolaz03: checks
*** RIVER *** [7c As Js 6h] [9h]
**Geka**555: bets $6
kolaz03: folds
Uncalled bet ($6) returned to **Geka**555
**Geka**555 collected $17.64 from pot
**Geka**555: doesn't show hand
*** SUMMARY ***
Total pot $18 | Rake $0.36
Board [7c As Js 6h 9h]
Seat 4: **Geka**555 (big blind) collected ($17.64)
Seat 5: kolaz03 (button) (small blind) folded on the River


PokerStars Hand #161848862267:  Hold'em Limit ($3/$6 USD) - 2016/11/23 13:46:37 ET
Table 'Teucer' 6-max Seat #4 is the button
Seat 4: **Geka**555 ($83.24 in chips)
Seat 5: kolaz03 ($72 in chips)
**Geka**555: posts small blind $1
kolaz03: posts big blind $3
*** HOLE CARDS ***
**Geka**555: calls $2
kolaz03: raises $3 to $6
**Geka**555: calls $3
*** FLOP *** [2h 8h 9s]
kolaz03: bets $3
**Geka**555: calls $3
*** TURN *** [2h 8h 9s] [2s]
kolaz03: bets $6
**Geka**555: folds
Uncalled bet ($6) returned to kolaz03
kolaz03 collected $17.64 from pot
kolaz03: doesn't show hand
*** SUMMARY ***
Total pot $18 | Rake $0.36
Board [2h 8h 9s 2s]
Seat 4: **Geka**555 (button) (small blind) folded on the Turn
Seat 5: kolaz03 (big blind) collected ($17.64)


PokerStars Hand #161848900482:  Hold'em Limit ($3/$6 USD) - 2016/11/23 13:47:20 ET
Table 'Teucer' 6-max Seat #4 is the button
Seat 4: **Geka**555 ($47.24 in chips)
Seat 5: kolaz03 ($107.14 in chips)
**Geka**555: posts small blind $1
kolaz03: posts big blind $3
*** HOLE CARDS ***
**Geka**555: folds
Uncalled bet ($2) returned to kolaz03
kolaz03 collected $2 from pot
kolaz03: doesn't show hand
*** SUMMARY ***
Total pot $2 | Rake $0
Seat 4: **Geka**555 (button) (small blind) folded before Flop
Seat 5: kolaz03 (big blind) collected ($2)


PokerStars Hand #161848880350:  Hold'em Limit ($3/$6 USD) - 2016/11/23 13:46:57 ET
Table 'Teucer' 6-max Seat #5 is the button
Seat 4: **Geka**555 ($74.24 in chips)
Seat 5: kolaz03 ($80.64 in chips)
kolaz03: posts small blind $1
**Geka**555: posts big blind $3
*** HOLE CARDS ***
kolaz03: raises $3 to $6
**Geka**555: calls $3
*** FLOP *** [Ks 6d 6s]
**Geka**555: checks
kolaz03: bets $3
**Geka**555: calls $3
*** TURN *** [Ks 6d 6s] [2d]
**Geka**555: checks
kolaz03: bets $6
**Geka**555: raises $6 to $12
kolaz03: calls $6
*** RIVER *** [Ks 6d 6s 2d] [Kh]
**Geka**555: bets $6
kolaz03: calls $6
*** SHOW DOWN ***
**Geka**555: shows [7c Ac] (two pair, Kings and Sixes)
kolaz03: shows [9c 9h] (two pair, Kings and Nines)
kolaz03 collected $53.50 from pot
*** SUMMARY ***
Total pot $54 | Rake $0.50
Board [Ks 6d 6s 2d Kh]
Seat 4: **Geka**555 (big blind) showed [7c Ac] and lost with two pair, Kings and Sixes
Seat 5: kolaz03 (button) (small blind) showed [9c 9h] and won ($53.50) with two pair, Kings and Nines


PokerStars Hand #161848904717:  Hold'em Limit ($3/$6 USD) - 2016/11/23 13:47:24 ET
Table 'Teucer' 6-max Seat #5 is the button
Seat 4: **Geka**555 ($46.24 in chips)
Seat 5: kolaz03 ($108.14 in chips)
kolaz03: posts small blind $1
**Geka**555: posts big blind $3
*** HOLE CARDS ***
kolaz03: folds
Uncalled bet ($2) returned to **Geka**555
**Geka**555 collected $2 from pot
**Geka**555: doesn't show hand
*** SUMMARY ***
Total pot $2 | Rake $0
Seat 4: **Geka**555 (big blind) collected ($2)
Seat 5: kolaz03 (button) (small blind) folded before Flop


PokerStars Hand #161848908798:  Hold'em Limit ($3/$6 USD) - 2016/11/23 13:47:29 ET
Table 'Teucer' 6-max Seat #4 is the button
Seat 4: **Geka**555 ($47.24 in chips)
Seat 5: kolaz03 ($107.14 in chips)
**Geka**555: posts small blind $1
kolaz03: posts big blind $3
*** HOLE CARDS ***
**Geka**555: raises $3 to $6
kolaz03: raises $3 to $9
**Geka**555: calls $3
*** FLOP *** [6d 9h 8d]
kolaz03: bets $3
**Geka**555: calls $3
*** TURN *** [6d 9h 8d] [Tc]
kolaz03: bets $6
**Geka**555: raises $6 to $12
kolaz03: folds
Uncalled bet ($6) returned to **Geka**555
**Geka**555 collected $35.50 from pot
**Geka**555: doesn't show hand
*** SUMMARY ***
Total pot $36 | Rake $0.50
Board [6d 9h 8d Tc]
Seat 4: **Geka**555 (button) (small blind) collected ($35.50)
Seat 5: kolaz03 (big blind) folded on the Turn


PokerStars Hand #161848980046:  Hold'em Limit ($3/$6 USD) - 2016/11/23 13:48:49 ET
Table 'Teucer' 6-max Seat #5 is the button
Seat 4: **Geka**555 ($58.38 in chips)
Seat 5: kolaz03 ($94.64 in chips)
kolaz03: posts small blind $1
**Geka**555: posts big blind $3
*** HOLE CARDS ***
kolaz03: raises $3 to $6
**Geka**555: folds
Uncalled bet ($3) returned to kolaz03
kolaz03 collected $6 from pot
kolaz03: doesn't show hand
*** SUMMARY ***
Total pot $6 | Rake $0
Seat 4: **Geka**555 (big blind) folded before Flop
Seat 5: kolaz03 (button) (small blind) collected ($6)


PokerStars Hand #161848952351:  Hold'em Limit ($3/$6 USD) - 2016/11/23 13:48:18 ET
Table 'Teucer' 6-max Seat #4 is the button
Seat 4: **Geka**555 ($49.74 in chips)
Seat 5: kolaz03 ($103.64 in chips)
**Geka**555: posts small blind $1
kolaz03: posts big blind $3
*** HOLE CARDS ***
**Geka**555: raises $3 to $6
kolaz03: calls $3
*** FLOP *** [5h 9d 6h]
kolaz03: checks
**Geka**555: bets $3
kolaz03: calls $3
*** TURN *** [5h 9d 6h] [Kc]
kolaz03: checks
**Geka**555: checks
*** RIVER *** [5h 9d 6h Kc] [7s]
kolaz03: checks
**Geka**555: bets $6
kolaz03: folds
Uncalled bet ($6) returned to **Geka**555
**Geka**555 collected $17.64 from pot
**Geka**555: doesn't show hand
*** SUMMARY ***
Total pot $18 | Rake $0.36
Board [5h 9d 6h Kc 7s]
Seat 4: **Geka**555 (button) (small blind) collected ($17.64)
Seat 5: kolaz03 (big blind) folded on the River


PokerStars Hand #161848989579:  Hold'em Limit ($3/$6 USD) - 2016/11/23 13:49:00 ET
Table 'Teucer' 6-max Seat #4 is the button
Seat 4: **Geka**555 ($55.38 in chips)
Seat 5: kolaz03 ($97.64 in chips)
**Geka**555: posts small blind $1
kolaz03: posts big blind $3
*** HOLE CARDS ***
**Geka**555: calls $2
kolaz03: checks
*** FLOP *** [7s Kd 2s]
kolaz03: checks
**Geka**555: checks
*** TURN *** [7s Kd 2s] [4d]
kolaz03: checks
**Geka**555: checks
*** RIVER *** [7s Kd 2s 4d] [Qh]
kolaz03: checks
**Geka**555: checks
*** SHOW DOWN ***
kolaz03: shows [Qd 6c] (a pair of Queens)
**Geka**555: mucks hand
kolaz03 collected $5.88 from pot
*** SUMMARY ***
Total pot $6 | Rake $0.12
Board [7s Kd 2s 4d Qh]
Seat 4: **Geka**555 (button) (small blind) mucked
Seat 5: kolaz03 (big blind) showed [Qd 6c] and won ($5.88) with a pair of Queens


PokerStars Hand #161849004317:  Hold'em Limit ($3/$6 USD) - 2016/11/23 13:49:16 ET
Table 'Teucer' 6-max Seat #5 is the button
Seat 4: **Geka**555 ($52.38 in chips)
Seat 5: kolaz03 ($100.52 in chips)
kolaz03: posts small blind $1
**Geka**555: posts big blind $3
*** HOLE CARDS ***
kolaz03: raises $3 to $6
**Geka**555: calls $3
*** FLOP *** [Jd 8d 3c]
**Geka**555: checks
kolaz03: bets $3
**Geka**555: calls $3
*** TURN *** [Jd 8d 3c] [2d]
**Geka**555: checks
kolaz03: checks
*** RIVER *** [Jd 8d 3c 2d] [4c]
**Geka**555: checks
kolaz03: checks
*** SHOW DOWN ***
**Geka**555: shows [Qh 9h] (high card Queen)
kolaz03: mucks hand
**Geka**555 collected $17.64 from pot
*** SUMMARY ***
Total pot $18 | Rake $0.36
Board [Jd 8d 3c 2d 4c]
Seat 4: **Geka**555 (big blind) showed [Qh 9h] and won ($17.64) with high card Queen
Seat 5: kolaz03 (button) (small blind) mucked


PokerStars Hand #161849038510:  Hold'em Limit ($3/$6 USD) - 2016/11/23 13:49:49 ET
Table 'Teucer' 6-max Seat #4 is the button
Seat 4: **Geka**555 ($61.02 in chips)
Seat 5: kolaz03 ($91.52 in chips)
**Geka**555: posts small blind $1
kolaz03: posts big blind $3
*** HOLE CARDS ***
**Geka**555: calls $2
kolaz03: raises $3 to $6
**Geka**555: calls $3
*** FLOP *** [6h 7h 4s]
kolaz03: bets $3
**Geka**555: calls $3
*** TURN *** [6h 7h 4s] [7s]
kolaz03: bets $6
**Geka**555: folds
Uncalled bet ($6) returned to kolaz03
kolaz03 collected $17.64 from pot
kolaz03: doesn't show hand
*** SUMMARY ***
Total pot $18 | Rake $0.36
Board [6h 7h 4s 7s]
Seat 4: **Geka**555 (button) (small blind) folded on the Turn
Seat 5: kolaz03 (big blind) collected ($17.64)


PokerStars Hand #161849050138:  Hold'em Limit ($3/$6 USD) - 2016/11/23 13:50:02 ET
Table 'Teucer' 6-max Seat #5 is the button
Seat 4: **Geka**555 ($52.02 in chips)
Seat 5: kolaz03 ($100.16 in chips)
kolaz03: posts small blind $1
**Geka**555: posts big blind $3
*** HOLE CARDS ***
kolaz03: raises $3 to $6
**Geka**555: calls $3
*** FLOP *** [6s 9s 2s]
**Geka**555: checks
kolaz03: bets $3
**Geka**555: calls $3
*** TURN *** [6s 9s 2s] [Jc]
**Geka**555: checks
kolaz03: checks
*** RIVER *** [6s 9s 2s Jc] [3h]
**Geka**555: bets $6
kolaz03: calls $6
*** SHOW DOWN ***
**Geka**555: shows [2h 5h] (a pair of Deuces)
kolaz03: mucks hand
**Geka**555 collected $29.50 from pot
*** SUMMARY ***
Total pot $30 | Rake $0.50
Board [6s 9s 2s Jc 3h]
Seat 4: **Geka**555 (big blind) showed [2h 5h] and won ($29.50) with a pair of Deuces
Seat 5: kolaz03 (button) (small blind) mucked


PokerStars Hand #161849068020:  Hold'em Limit ($3/$6 USD) - 2016/11/23 13:50:23 ET
Table 'Teucer' 6-max Seat #4 is the button
Seat 4: **Geka**555 ($66.52 in chips)
Seat 5: kolaz03 ($85.16 in chips)
**Geka**555: posts small blind $1
kolaz03: posts big blind $3
*** HOLE CARDS ***
**Geka**555: calls $2
kolaz03: raises $3 to $6
**Geka**555: calls $3
*** FLOP *** [5d Kh Td]
kolaz03: bets $3
**Geka**555: calls $3
*** TURN *** [5d Kh Td] [6s]
kolaz03: checks
**Geka**555: checks
*** RIVER *** [5d Kh Td 6s] [7s]
kolaz03: checks
**Geka**555: checks
*** SHOW DOWN ***
kolaz03: shows [As Jh] (high card Ace)
**Geka**555: mucks hand
kolaz03 collected $17.64 from pot
*** SUMMARY ***
Total pot $18 | Rake $0.36
Board [5d Kh Td 6s 7s]
Seat 4: **Geka**555 (button) (small blind) mucked
Seat 5: kolaz03 (big blind) showed [As Jh] and won ($17.64) with high card Ace


PokerStars Hand #161849097433:  Hold'em Limit ($3/$6 USD) - 2016/11/23 13:50:56 ET
Table 'Teucer' 6-max Seat #5 is the button
Seat 4: **Geka**555 ($57.52 in chips)
Seat 5: kolaz03 ($93.80 in chips)
kolaz03: posts small blind $1
**Geka**555: posts big blind $3
*** HOLE CARDS ***
kolaz03: raises $3 to $6
**Geka**555: calls $3
*** FLOP *** [5d 8s 9h]
**Geka**555: checks
kolaz03: bets $3
**Geka**555: calls $3
*** TURN *** [5d 8s 9h] [3d]
**Geka**555: checks
kolaz03: bets $6
**Geka**555: calls $6
*** RIVER *** [5d 8s 9h 3d] [9d]
**Geka**555: checks
kolaz03: bets $6
**Geka**555: folds
Uncalled bet ($6) returned to kolaz03
kolaz03 collected $29.50 from pot
kolaz03: doesn't show hand
*** SUMMARY ***
Total pot $30 | Rake $0.50
Board [5d 8s 9h 3d 9d]
Seat 4: **Geka**555 (big blind) folded on the River
Seat 5: kolaz03 (button) (small blind) collected ($29.50)


PokerStars Hand #161849113998:  Hold'em Limit ($3/$6 USD) - 2016/11/23 13:51:15 ET
Table 'Teucer' 6-max Seat #4 is the button
Seat 4: **Geka**555 ($42.52 in chips)
Seat 5: kolaz03 ($108.30 in chips)
**Geka**555: posts small blind $1
kolaz03: posts big blind $3
*** HOLE CARDS ***
**Geka**555: folds
Uncalled bet ($2) returned to kolaz03
kolaz03 collected $2 from pot
kolaz03: doesn't show hand
*** SUMMARY ***
Total pot $2 | Rake $0
Seat 4: **Geka**555 (button) (small blind) folded before Flop
Seat 5: kolaz03 (big blind) collected ($2)


PokerStars Hand #161849138229:  Hold'em Limit ($3/$6 USD) - 2016/11/23 13:51:42 ET
Table 'Teucer' 6-max Seat #4 is the button
Seat 4: **Geka**555 ($56.02 in chips)
Seat 5: kolaz03 ($94.30 in chips)
**Geka**555: posts small blind $1
kolaz03: posts big blind $3
*** HOLE CARDS ***
**Geka**555: calls $2
kolaz03: checks
*** FLOP *** [8c 8s Ad]
kolaz03: checks
**Geka**555: checks
*** TURN *** [8c 8s Ad] [4s]
kolaz03: checks
**Geka**555: checks
*** RIVER *** [8c 8s Ad 4s] [2c]
kolaz03: checks
**Geka**555: checks
*** SHOW DOWN ***
kolaz03: shows [Js 5h] (a pair of Eights)
**Geka**555: shows [Kh 6h] (a pair of Eights - Ace+King kicker)
**Geka**555 collected $5.88 from pot
*** SUMMARY ***
Total pot $6 | Rake $0.12
Board [8c 8s Ad 4s 2c]
Seat 4: **Geka**555 (button) (small blind) showed [Kh 6h] and won ($5.88) with a pair of Eights
Seat 5: kolaz03 (big blind) showed [Js 5h] and lost with a pair of Eights


PokerStars Hand #161849118614:  Hold'em Limit ($3/$6 USD) - 2016/11/23 13:51:20 ET
Table 'Teucer' 6-max Seat #5 is the button
Seat 4: **Geka**555 ($41.52 in chips)
Seat 5: kolaz03 ($109.30 in chips)
kolaz03: posts small blind $1
**Geka**555: posts big blind $3
*** HOLE CARDS ***
kolaz03: raises $3 to $6
**Geka**555: calls $3
*** FLOP *** [Ts 3c 5h]
**Geka**555: checks
kolaz03: bets $3
**Geka**555: calls $3
*** TURN *** [Ts 3c 5h] [2d]
**Geka**555: checks
kolaz03: bets $6
**Geka**555: calls $6
*** RIVER *** [Ts 3c 5h 2d] [Qs]
**Geka**555: checks
kolaz03: checks
*** SHOW DOWN ***
**Geka**555: shows [Ah 2s] (a pair of Deuces)
kolaz03: mucks hand
**Geka**555 collected $29.50 from pot
*** SUMMARY ***
Total pot $30 | Rake $0.50
Board [Ts 3c 5h 2d Qs]
Seat 4: **Geka**555 (big blind) showed [Ah 2s] and won ($29.50) with a pair of Deuces
Seat 5: kolaz03 (button) (small blind) mucked


PokerStars Hand #161849158086:  Hold'em Limit ($3/$6 USD) - 2016/11/23 13:52:05 ET
Table 'Teucer' 6-max Seat #5 is the button
Seat 4: **Geka**555 ($58.90 in chips)
Seat 5: kolaz03 ($91.30 in chips)
kolaz03: posts small blind $1
**Geka**555: posts big blind $3
*** HOLE CARDS ***
kolaz03: folds
Uncalled bet ($2) returned to **Geka**555
**Geka**555 collected $2 from pot
**Geka**555: doesn't show hand
*** SUMMARY ***
Total pot $2 | Rake $0
Seat 4: **Geka**555 (big blind) collected ($2)
Seat 5: kolaz03 (button) (small blind) folded before Flop


PokerStars Hand #161849171714:  Hold'em Limit ($3/$6 USD) - 2016/11/23 13:52:20 ET
Table 'Teucer' 6-max Seat #5 is the button
Seat 4: **Geka**555 ($58.90 in chips)
Seat 5: kolaz03 ($91.30 in chips)
kolaz03: posts small blind $1
**Geka**555: posts big blind $3
*** HOLE CARDS ***
kolaz03: raises $3 to $6
**Geka**555: folds
Uncalled bet ($3) returned to kolaz03
kolaz03 collected $6 from pot
kolaz03: doesn't show hand
*** SUMMARY ***
Total pot $6 | Rake $0
Seat 4: **Geka**555 (big blind) folded before Flop
Seat 5: kolaz03 (button) (small blind) collected ($6)


PokerStars Hand #161849166450:  Hold'em Limit ($3/$6 USD) - 2016/11/23 13:52:14 ET
Table 'Teucer' 6-max Seat #4 is the button
Seat 4: **Geka**555 ($59.90 in chips)
Seat 5: kolaz03 ($90.30 in chips)
**Geka**555: posts small blind $1
kolaz03: posts big blind $3
*** HOLE CARDS ***
**Geka**555: folds
Uncalled bet ($2) returned to kolaz03
kolaz03 collected $2 from pot
kolaz03: doesn't show hand
*** SUMMARY ***
Total pot $2 | Rake $0
Seat 4: **Geka**555 (button) (small blind) folded before Flop
Seat 5: kolaz03 (big blind) collected ($2)


PokerStars Hand #161849191782:  Hold'em Limit ($3/$6 USD) - 2016/11/23 13:52:43 ET
Table 'Teucer' 6-max Seat #5 is the button
Seat 4: **Geka**555 ($54.90 in chips)
Seat 5: kolaz03 ($95.30 in chips)
kolaz03: posts small blind $1
**Geka**555: posts big blind $3
*** HOLE CARDS ***
kolaz03: raises $3 to $6
**Geka**555: calls $3
*** FLOP *** [9d Qh Ks]
**Geka**555: checks
kolaz03: bets $3
**Geka**555: folds
Uncalled bet ($3) returned to kolaz03
kolaz03 collected $11.76 from pot
kolaz03: doesn't show hand
*** SUMMARY ***
Total pot $12 | Rake $0.24
Board [9d Qh Ks]
Seat 4: **Geka**555 (big blind) folded on the Flop
Seat 5: kolaz03 (button) (small blind) collected ($11.76)


PokerStars Hand #161849204763:  Hold'em Limit ($3/$6 USD) - 2016/11/23 13:52:57 ET
Table 'Teucer' 6-max Seat #4 is the button
Seat 4: **Geka**555 ($48.90 in chips)
Seat 5: kolaz03 ($101.06 in chips)
**Geka**555: posts small blind $1
kolaz03: posts big blind $3
*** HOLE CARDS ***
**Geka**555: raises $3 to $6
kolaz03: calls $3
*** FLOP *** [Td Kh 8c]
kolaz03: checks
**Geka**555: bets $3
kolaz03: folds
Uncalled bet ($3) returned to **Geka**555
**Geka**555 collected $11.76 from pot
**Geka**555: doesn't show hand
*** SUMMARY ***
Total pot $12 | Rake $0.24
Board [Td Kh 8c]
Seat 4: **Geka**555 (button) (small blind) collected ($11.76)
Seat 5: kolaz03 (big blind) folded on the Flop


PokerStars Hand #161849183201:  Hold'em Limit ($3/$6 USD) - 2016/11/23 13:52:33 ET
Table 'Teucer' 6-max Seat #5 is the button
Seat 4: **Geka**555 ($54.90 in chips)
Seat 5: kolaz03 ($95.30 in chips)
kolaz03: posts small blind $1
**Geka**555: posts big blind $3
*** HOLE CARDS ***
kolaz03: folds
Uncalled bet ($2) returned to **Geka**555
**Geka**555 collected $2 from pot
**Geka**555: doesn't show hand
*** SUMMARY ***
Total pot $2 | Rake $0
Seat 4: **Geka**555 (big blind) collected ($2)
Seat 5: kolaz03 (button) (small blind) folded before Flop


PokerStars Hand #161849178329:  Hold'em Limit ($3/$6 USD) - 2016/11/23 13:52:28 ET
Table 'Teucer' 6-max Seat #4 is the button
Seat 4: **Geka**555 ($55.90 in chips)
Seat 5: kolaz03 ($94.30 in chips)
**Geka**555: posts small blind $1
kolaz03: posts big blind $3
*** HOLE CARDS ***
**Geka**555: folds
Uncalled bet ($2) returned to kolaz03
kolaz03 collected $2 from pot
kolaz03: doesn't show hand
*** SUMMARY ***
Total pot $2 | Rake $0
Seat 4: **Geka**555 (button) (small blind) folded before Flop
Seat 5: kolaz03 (big blind) collected ($2)


PokerStars Hand #161849187371:  Hold'em Limit ($3/$6 USD) - 2016/11/23 13:52:38 ET
Table 'Teucer' 6-max Seat #4 is the button
Seat 4: **Geka**555 ($55.90 in chips)
Seat 5: kolaz03 ($94.30 in chips)
**Geka**555: posts small blind $1
kolaz03: posts big blind $3
*** HOLE CARDS ***
**Geka**555: folds
Uncalled bet ($2) returned to kolaz03
kolaz03 collected $2 from pot
kolaz03: doesn't show hand
*** SUMMARY ***
Total pot $2 | Rake $0
Seat 4: **Geka**555 (button) (small blind) folded before Flop
Seat 5: kolaz03 (big blind) collected ($2)


PokerStars Hand #161849229227:  Hold'em Limit ($3/$6 USD) - 2016/11/23 13:53:25 ET
Table 'Teucer' 6-max Seat #5 is the button
Seat 4: **Geka**555 ($47.66 in chips)
Seat 5: kolaz03 ($101.82 in chips)
kolaz03: posts small blind $1
**Geka**555: posts big blind $3
*** HOLE CARDS ***
kolaz03: raises $3 to $6
**Geka**555: calls $3
*** FLOP *** [3h 4s 9h]
**Geka**555: checks
kolaz03: bets $3
**Geka**555: calls $3
*** TURN *** [3h 4s 9h] [Td]
**Geka**555: checks
kolaz03: bets $6
**Geka**555: raises $6 to $12
kolaz03: calls $6
*** RIVER *** [3h 4s 9h Td] [3s]
**Geka**555: bets $6
kolaz03: calls $6
*** SHOW DOWN ***
**Geka**555: shows [As Ac] (two pair, Aces and Threes)
kolaz03: mucks hand
**Geka**555 collected $53.50 from pot
*** SUMMARY ***
Total pot $54 | Rake $0.50
Board [3h 4s 9h Td 3s]
Seat 4: **Geka**555 (big blind) showed [As Ac] and won ($53.50) with two pair, Aces and Threes
Seat 5: kolaz03 (button) (small blind) mucked


PokerStars Hand #161849224820:  Hold'em Limit ($3/$6 USD) - 2016/11/23 13:53:20 ET
Table 'Teucer' 6-max Seat #4 is the button
Seat 4: **Geka**555 ($48.66 in chips)
Seat 5: kolaz03 ($100.82 in chips)
**Geka**555: posts small blind $1
kolaz03: posts big blind $3
*** HOLE CARDS ***
**Geka**555: folds
Uncalled bet ($2) returned to kolaz03
kolaz03 collected $2 from pot
kolaz03: doesn't show hand
*** SUMMARY ***
Total pot $2 | Rake $0
Seat 4: **Geka**555 (button) (small blind) folded before Flop
Seat 5: kolaz03 (big blind) collected ($2)


PokerStars Hand #161849214171:  Hold'em Limit ($3/$6 USD) - 2016/11/23 13:53:08 ET
Table 'Teucer' 6-max Seat #5 is the button
Seat 4: **Geka**555 ($54.66 in chips)
Seat 5: kolaz03 ($95.06 in chips)
kolaz03: posts small blind $1
**Geka**555: posts big blind $3
*** HOLE CARDS ***
kolaz03: raises $3 to $6
**Geka**555: calls $3
*** FLOP *** [Qc Jc As]
**Geka**555: checks
kolaz03: bets $3
**Geka**555: folds
Uncalled bet ($3) returned to kolaz03
kolaz03 collected $11.76 from pot
kolaz03: doesn't show hand
*** SUMMARY ***
Total pot $12 | Rake $0.24
Board [Qc Jc As]
Seat 4: **Geka**555 (big blind) folded on the Flop
Seat 5: kolaz03 (button) (small blind) collected ($11.76)


PokerStars Hand #161849243555:  Hold'em Limit ($3/$6 USD) - 2016/11/23 13:53:41 ET
Table 'Teucer' 6-max Seat #4 is the button
Seat 4: **Geka**555 ($74.16 in chips)
Seat 5: kolaz03 ($74.82 in chips)
**Geka**555: posts small blind $1
kolaz03: posts big blind $3
*** HOLE CARDS ***
**Geka**555: calls $2
kolaz03: raises $3 to $6
**Geka**555: calls $3
*** FLOP *** [3s 6d 6c]
kolaz03: bets $3
**Geka**555: folds
Uncalled bet ($3) returned to kolaz03
kolaz03 collected $11.76 from pot
kolaz03: doesn't show hand
*** SUMMARY ***
Total pot $12 | Rake $0.24
Board [3s 6d 6c]
Seat 4: **Geka**555 (button) (small blind) folded on the Flop
Seat 5: kolaz03 (big blind) collected ($11.76)


PokerStars Hand #161849307668:  Hold'em Limit ($3/$6 USD) - 2016/11/23 13:54:54 ET
Table 'Teucer' 6-max Seat #4 is the button
Seat 4: **Geka**555 ($65.66 in chips)
Seat 5: kolaz03 ($81.84 in chips)
**Geka**555: posts small blind $1
kolaz03: posts big blind $3
*** HOLE CARDS ***
**Geka**555: raises $3 to $6
kolaz03: calls $3
*** FLOP *** [Jh 7c Th]
kolaz03: checks
**Geka**555: bets $3
kolaz03: folds
Uncalled bet ($3) returned to **Geka**555
**Geka**555 collected $11.76 from pot
**Geka**555: doesn't show hand
*** SUMMARY ***
Total pot $12 | Rake $0.24
Board [Jh 7c Th]
Seat 4: **Geka**555 (button) (small blind) collected ($11.76)
Seat 5: kolaz03 (big blind) folded on the Flop


PokerStars Hand #161849269426:  Hold'em Limit ($3/$6 USD) - 2016/11/23 13:54:11 ET
Table 'Teucer' 6-max Seat #4 is the button
Seat 4: **Geka**555 ($47.16 in chips)
Seat 5: kolaz03 ($101.08 in chips)
**Geka**555: posts small blind $1
kolaz03: posts big blind $3
*** HOLE CARDS ***
**Geka**555: folds
Uncalled bet ($2) returned to kolaz03
kolaz03 collected $2 from pot
kolaz03: doesn't show hand
*** SUMMARY ***
Total pot $2 | Rake $0
Seat 4: **Geka**555 (button) (small blind) folded before Flop
Seat 5: kolaz03 (big blind) collected ($2)


PokerStars Hand #161849252729:  Hold'em Limit ($3/$6 USD) - 2016/11/23 13:53:52 ET
Table 'Teucer' 6-max Seat #5 is the button
Seat 4: **Geka**555 ($68.16 in chips)
Seat 5: kolaz03 ($80.58 in chips)
kolaz03: posts small blind $1
**Geka**555: posts big blind $3
*** HOLE CARDS ***
kolaz03: raises $3 to $6
**Geka**555: calls $3
*** FLOP *** [6s 8c 3s]
**Geka**555: checks
kolaz03: bets $3
**Geka**555: calls $3
*** TURN *** [6s 8c 3s] [Ks]
**Geka**555: checks
kolaz03: bets $6
**Geka**555: calls $6
*** RIVER *** [6s 8c 3s Ks] [2s]
**Geka**555: checks
kolaz03: bets $6
**Geka**555: calls $6
*** SHOW DOWN ***
kolaz03: shows [Tc As] (a flush, Ace high)
**Geka**555: mucks hand
kolaz03 collected $41.50 from pot
*** SUMMARY ***
Total pot $42 | Rake $0.50
Board [6s 8c 3s Ks 2s]
Seat 4: **Geka**555 (big blind) mucked
Seat 5: kolaz03 (button) (small blind) showed [Tc As] and won ($41.50) with a flush, Ace high


PokerStars Hand #161849273523:  Hold'em Limit ($3/$6 USD) - 2016/11/23 13:54:15 ET
Table 'Teucer' 6-max Seat #5 is the button
Seat 4: **Geka**555 ($46.16 in chips)
Seat 5: kolaz03 ($102.08 in chips)
kolaz03: posts small blind $1
**Geka**555: posts big blind $3
*** HOLE CARDS ***
kolaz03: raises $3 to $6
**Geka**555: calls $3
*** FLOP *** [9d Td 7c]
**Geka**555: checks
kolaz03: bets $3
**Geka**555: calls $3
*** TURN *** [9d Td 7c] [Ks]
**Geka**555: checks
kolaz03: bets $6
**Geka**555: raises $6 to $12
kolaz03: calls $6
*** RIVER *** [9d Td 7c Ks] [7h]
**Geka**555: bets $6
kolaz03: calls $6
*** SHOW DOWN ***
**Geka**555: shows [9h 7d] (a full house, Sevens full of Nines)
kolaz03: mucks hand
**Geka**555 collected $53.50 from pot
*** SUMMARY ***
Total pot $54 | Rake $0.50
Board [9d Td 7c Ks 7h]
Seat 4: **Geka**555 (big blind) showed [9h 7d] and won ($53.50) with a full house, Sevens full of Nines
Seat 5: kolaz03 (button) (small blind) mucked


PokerStars Hand #161849294018:  Hold'em Limit ($3/$6 USD) - 2016/11/23 13:54:39 ET
Table 'Teucer' 6-max Seat #4 is the button
Seat 4: **Geka**555 ($72.66 in chips)
Seat 5: kolaz03 ($75.08 in chips)
**Geka**555: posts small blind $1
kolaz03: posts big blind $3
*** HOLE CARDS ***
**Geka**555: folds
Uncalled bet ($2) returned to kolaz03
kolaz03 collected $2 from pot
kolaz03: doesn't show hand
*** SUMMARY ***
Total pot $2 | Rake $0
Seat 4: **Geka**555 (button) (small blind) folded before Flop
Seat 5: kolaz03 (big blind) collected ($2)


PokerStars Hand #161849298086:  Hold'em Limit ($3/$6 USD) - 2016/11/23 13:54:43 ET
Table 'Teucer' 6-max Seat #5 is the button
Seat 4: **Geka**555 ($71.66 in chips)
Seat 5: kolaz03 ($76.08 in chips)
kolaz03: posts small blind $1
**Geka**555: posts big blind $3
*** HOLE CARDS ***
kolaz03: raises $3 to $6
**Geka**555: calls $3
*** FLOP *** [9c 3d Jd]
**Geka**555: checks
kolaz03: bets $3
**Geka**555: folds
Uncalled bet ($3) returned to kolaz03
kolaz03 collected $11.76 from pot
kolaz03: doesn't show hand
*** SUMMARY ***
Total pot $12 | Rake $0.24
Board [9c 3d Jd]
Seat 4: **Geka**555 (big blind) folded on the Flop
Seat 5: kolaz03 (button) (small blind) collected ($11.76)


PokerStars Hand #161849328715:  Hold'em Limit ($3/$6 USD) - 2016/11/23 13:55:21 ET
Table 'Teucer' 6-max Seat #4 is the button
Seat 4: **Geka**555 ($71.17 in chips)
Seat 5: kolaz03 ($75.59 in chips)
**Geka**555: posts small blind $1
kolaz03: posts big blind $3
*** HOLE CARDS ***
**Geka**555: folds
Uncalled bet ($2) returned to kolaz03
kolaz03 collected $2 from pot
kolaz03: doesn't show hand
*** SUMMARY ***
Total pot $2 | Rake $0
Seat 4: **Geka**555 (button) (small blind) folded before Flop
Seat 5: kolaz03 (big blind) collected ($2)


PokerStars Hand #161849316759:  Hold'em Limit ($3/$6 USD) - 2016/11/23 13:55:05 ET
Table 'Teucer' 6-max Seat #5 is the button
Seat 4: **Geka**555 ($71.42 in chips)
Seat 5: kolaz03 ($75.84 in chips)
kolaz03: posts small blind $1
**Geka**555: posts big blind $3
*** HOLE CARDS ***
kolaz03: raises $3 to $6
**Geka**555: calls $3
*** FLOP *** [Ah 5s Kd]
**Geka**555: checks
kolaz03: bets $3
**Geka**555: calls $3
*** TURN *** [Ah 5s Kd] [9h]
**Geka**555: checks
kolaz03: bets $6
**Geka**555: calls $6
*** RIVER *** [Ah 5s Kd 9h] [5h]
**Geka**555: bets $6
kolaz03: calls $6
*** SHOW DOWN ***
**Geka**555: shows [Ad 7c] (two pair, Aces and Fives)
kolaz03: shows [Ac 3h] (two pair, Aces and Fives)
**Geka**555 collected $20.75 from pot
kolaz03 collected $20.75 from pot
*** SUMMARY ***
Total pot $42 | Rake $0.50
Board [Ah 5s Kd 9h 5h]
Seat 4: **Geka**555 (big blind) showed [Ad 7c] and won ($20.75) with two pair, Aces and Fives
Seat 5: kolaz03 (button) (small blind) showed [Ac 3h] and won ($20.75) with two pair, Aces and Fives


PokerStars Hand #161849346527:  Hold'em Limit ($3/$6 USD) - 2016/11/23 13:55:46 ET
Table 'Teucer' 6-max Seat #4 is the button
Seat 4: **Geka**555 ($64.17 in chips)
Seat 5: kolaz03 ($82.35 in chips)
**Geka**555: posts small blind $1
kolaz03: posts big blind $3
*** HOLE CARDS ***
**Geka**555: calls $2
kolaz03: raises $3 to $6
**Geka**555: calls $3
*** FLOP *** [3c Kd 2c]
kolaz03: bets $3
**Geka**555: folds
Uncalled bet ($3) returned to kolaz03
kolaz03 collected $11.76 from pot
kolaz03: doesn't show hand
*** SUMMARY ***
Total pot $12 | Rake $0.24
Board [3c Kd 2c]
Seat 4: **Geka**555 (button) (small blind) folded on the Flop
Seat 5: kolaz03 (big blind) collected ($11.76)


PokerStars Hand #161849359659:  Hold'em Limit ($3/$6 USD) - 2016/11/23 13:56:04 ET
Table 'Teucer' 6-max Seat #4 is the button
Seat 4: **Geka**555 ($55.17 in chips)
Seat 5: kolaz03 ($91.11 in chips)
**Geka**555: posts small blind $1
kolaz03: posts big blind $3
*** HOLE CARDS ***
**Geka**555: folds
Uncalled bet ($2) returned to kolaz03
kolaz03 collected $2 from pot
kolaz03: doesn't show hand
*** SUMMARY ***
Total pot $2 | Rake $0
Seat 4: **Geka**555 (button) (small blind) folded before Flop
Seat 5: kolaz03 (big blind) collected ($2)


PokerStars Hand #161849356275:  Hold'em Limit ($3/$6 USD) - 2016/11/23 13:56:00 ET
Table 'Teucer' 6-max Seat #5 is the button
Seat 4: **Geka**555 ($58.17 in chips)
Seat 5: kolaz03 ($88.11 in chips)
kolaz03: posts small blind $1
**Geka**555: posts big blind $3
*** HOLE CARDS ***
kolaz03: raises $3 to $6
**Geka**555: folds
Uncalled bet ($3) returned to kolaz03
kolaz03 collected $6 from pot
kolaz03: doesn't show hand
*** SUMMARY ***
Total pot $6 | Rake $0
Seat 4: **Geka**555 (big blind) folded before Flop
Seat 5: kolaz03 (button) (small blind) collected ($6)


PokerStars Hand #161849332388:  Hold'em Limit ($3/$6 USD) - 2016/11/23 13:55:26 ET
Table 'Teucer' 6-max Seat #5 is the button
Seat 4: **Geka**555 ($70.17 in chips)
Seat 5: kolaz03 ($76.59 in chips)
kolaz03: posts small blind $1
**Geka**555: posts big blind $3
*** HOLE CARDS ***
kolaz03: raises $3 to $6
**Geka**555: calls $3
*** FLOP *** [Ac 6d 6h]
**Geka**555: checks
kolaz03: bets $3
**Geka**555: folds
Uncalled bet ($3) returned to kolaz03
kolaz03 collected $11.76 from pot
kolaz03: doesn't show hand
*** SUMMARY ***
Total pot $12 | Rake $0.24
Board [Ac 6d 6h]
Seat 4: **Geka**555 (big blind) folded on the Flop
Seat 5: kolaz03 (button) (small blind) collected ($11.76)


PokerStars Hand #161849369342:  Hold'em Limit ($3/$6 USD) - 2016/11/23 13:56:18 ET
Table 'Teucer' 6-max Seat #4 is the button
Seat 4: **Geka**555 ($55.17 in chips)
Seat 5: kolaz03 ($91.11 in chips)
**Geka**555: posts small blind $1
kolaz03: posts big blind $3
*** HOLE CARDS ***
**Geka**555: folds
Uncalled bet ($2) returned to kolaz03
kolaz03 collected $2 from pot
kolaz03: doesn't show hand
*** SUMMARY ***
Total pot $2 | Rake $0
Seat 4: **Geka**555 (button) (small blind) folded before Flop
Seat 5: kolaz03 (big blind) collected ($2)


PokerStars Hand #161849372688:  Hold'em Limit ($3/$6 USD) - 2016/11/23 13:56:23 ET
Table 'Teucer' 6-max Seat #5 is the button
Seat 4: **Geka**555 ($54.17 in chips)
Seat 5: kolaz03 ($92.11 in chips)
kolaz03: posts small blind $1
**Geka**555: posts big blind $3
*** HOLE CARDS ***
kolaz03: raises $3 to $6
**Geka**555: calls $3
*** FLOP *** [9d Ks 4s]
**Geka**555: checks
kolaz03: bets $3
**Geka**555: folds
Uncalled bet ($3) returned to kolaz03
kolaz03 collected $11.76 from pot
kolaz03: doesn't show hand
*** SUMMARY ***
Total pot $12 | Rake $0.24
Board [9d Ks 4s]
Seat 4: **Geka**555 (big blind) folded on the Flop
Seat 5: kolaz03 (button) (small blind) collected ($11.76)


PokerStars Hand #161849383891:  Hold'em Limit ($3/$6 USD) - 2016/11/23 13:56:38 ET
Table 'Teucer' 6-max Seat #4 is the button
Seat 4: **Geka**555 ($48.17 in chips)
Seat 5: kolaz03 ($97.87 in chips)
**Geka**555: posts small blind $1
kolaz03: posts big blind $3
*** HOLE CARDS ***
**Geka**555: folds
Uncalled bet ($2) returned to kolaz03
kolaz03 collected $2 from pot
kolaz03: doesn't show hand
*** SUMMARY ***
Total pot $2 | Rake $0
Seat 4: **Geka**555 (button) (small blind) folded before Flop
Seat 5: kolaz03 (big blind) collected ($2)


PokerStars Hand #161849363213:  Hold'em Limit ($3/$6 USD) - 2016/11/23 13:56:10 ET
Table 'Teucer' 6-max Seat #5 is the button
Seat 4: **Geka**555 ($54.17 in chips)
Seat 5: kolaz03 ($92.11 in chips)
kolaz03: posts small blind $1
**Geka**555: posts big blind $3
*** HOLE CARDS ***
kolaz03: folds
Uncalled bet ($2) returned to **Geka**555
**Geka**555 collected $2 from pot
**Geka**555: doesn't show hand
*** SUMMARY ***
Total pot $2 | Rake $0
Seat 4: **Geka**555 (big blind) collected ($2)
Seat 5: kolaz03 (button) (small blind) folded before Flop


PokerStars Hand #161849414392:  Hold'em Limit ($3/$6 USD) - 2016/11/23 13:57:21 ET
Table 'Teucer' 6-max Seat #4 is the button
Seat 4: **Geka**555 ($55.81 in chips)
Seat 5: kolaz03 ($89.87 in chips)
**Geka**555: posts small blind $1
kolaz03: posts big blind $3
*** HOLE CARDS ***
**Geka**555: folds
Uncalled bet ($2) returned to kolaz03
kolaz03 collected $2 from pot
kolaz03: doesn't show hand
*** SUMMARY ***
Total pot $2 | Rake $0
Seat 4: **Geka**555 (button) (small blind) folded before Flop
Seat 5: kolaz03 (big blind) collected ($2)


PokerStars Hand #161849387872:  Hold'em Limit ($3/$6 USD) - 2016/11/23 13:56:44 ET
Table 'Teucer' 6-max Seat #5 is the button
Seat 4: **Geka**555 ($47.17 in chips)
Seat 5: kolaz03 ($98.87 in chips)
kolaz03: posts small blind $1
**Geka**555: posts big blind $3
*** HOLE CARDS ***
kolaz03: raises $3 to $6
**Geka**555: calls $3
*** FLOP *** [8c Kd 7d]
**Geka**555: checks
kolaz03: bets $3
**Geka**555: calls $3
*** TURN *** [8c Kd 7d] [6c]
**Geka**555: checks
kolaz03: checks
*** RIVER *** [8c Kd 7d 6c] [4d]
**Geka**555: bets $6
kolaz03: folds
Uncalled bet ($6) returned to **Geka**555
**Geka**555 collected $17.64 from pot
**Geka**555: doesn't show hand
*** SUMMARY ***
Total pot $18 | Rake $0.36
Board [8c Kd 7d 6c 4d]
Seat 4: **Geka**555 (big blind) collected ($17.64)
Seat 5: kolaz03 (button) (small blind) folded on the River


PokerStars Hand #161849417816:  Hold'em Limit ($3/$6 USD) - 2016/11/23 13:57:26 ET
Table 'Teucer' 6-max Seat #5 is the button
Seat 4: **Geka**555 ($54.81 in chips)
Seat 5: kolaz03 ($90.87 in chips)
kolaz03: posts small blind $1
**Geka**555: posts big blind $3
*** HOLE CARDS ***
kolaz03: raises $3 to $6
**Geka**555: calls $3
*** FLOP *** [5h 2d 3c]
**Geka**555: checks
kolaz03: bets $3
**Geka**555: calls $3
*** TURN *** [5h 2d 3c] [4h]
**Geka**555: checks
kolaz03: bets $6
**Geka**555: calls $6
*** RIVER *** [5h 2d 3c 4h] [3d]
**Geka**555: checks
kolaz03: bets $6
**Geka**555: calls $6
*** SHOW DOWN ***
kolaz03: shows [8c As] (a straight, Ace to Five)
**Geka**555: shows [2s Ah] (a straight, Ace to Five)
**Geka**555 collected $20.75 from pot
kolaz03 collected $20.75 from pot
*** SUMMARY ***
Total pot $42 | Rake $0.50
Board [5h 2d 3c 4h 3d]
Seat 4: **Geka**555 (big blind) showed [2s Ah] and won ($20.75) with a straight, Ace to Five
Seat 5: kolaz03 (button) (small blind) showed [8c As] and won ($20.75) with a straight, Ace to Five


PokerStars Hand #161849444841:  Hold'em Limit ($3/$6 USD) - 2016/11/23 13:58:03 ET
Table 'Teucer' 6-max Seat #5 is the button
Seat 4: **Geka**555 ($57.56 in chips)
Seat 5: kolaz03 ($87.62 in chips)
kolaz03: posts small blind $1
**Geka**555: posts big blind $3
*** HOLE CARDS ***
kolaz03: raises $3 to $6
**Geka**555: folds
Uncalled bet ($3) returned to kolaz03
kolaz03 collected $6 from pot
kolaz03: doesn't show hand
*** SUMMARY ***
Total pot $6 | Rake $0
Seat 4: **Geka**555 (big blind) folded before Flop
Seat 5: kolaz03 (button) (small blind) collected ($6)


PokerStars Hand #161849437487:  Hold'em Limit ($3/$6 USD) - 2016/11/23 13:57:53 ET
Table 'Teucer' 6-max Seat #4 is the button
Seat 4: **Geka**555 ($54.56 in chips)
Seat 5: kolaz03 ($90.62 in chips)
**Geka**555: posts small blind $1
kolaz03: posts big blind $3
*** HOLE CARDS ***
**Geka**555: raises $3 to $6
kolaz03: folds
Uncalled bet ($3) returned to **Geka**555
**Geka**555 collected $6 from pot
**Geka**555: doesn't show hand
*** SUMMARY ***
Total pot $6 | Rake $0
Seat 4: **Geka**555 (button) (small blind) collected ($6)
Seat 5: kolaz03 (big blind) folded before Flop


PokerStars Hand #161849448946:  Hold'em Limit ($3/$6 USD) - 2016/11/23 13:58:09 ET
Table 'Teucer' 6-max Seat #4 is the button
Seat 4: **Geka**555 ($54.56 in chips)
Seat 5: kolaz03 ($90.62 in chips)
**Geka**555: posts small blind $1
kolaz03: posts big blind $3
*** HOLE CARDS ***
**Geka**555: folds
Uncalled bet ($2) returned to kolaz03
kolaz03 collected $2 from pot
kolaz03: doesn't show hand
*** SUMMARY ***
Total pot $2 | Rake $0
Seat 4: **Geka**555 (button) (small blind) folded before Flop
Seat 5: kolaz03 (big blind) collected ($2)


PokerStars Hand #161849487376:  Hold'em Limit ($3/$6 USD) - 2016/11/23 13:59:02 ET
Table 'Teucer' 6-max Seat #4 is the button
Seat 4: **Geka**555 ($77.70 in chips)
Seat 5: kolaz03 ($72 in chips)
**Geka**555: posts small blind $1
kolaz03: posts big blind $3
*** HOLE CARDS ***
**Geka**555: folds
Uncalled bet ($2) returned to kolaz03
kolaz03 collected $2 from pot
kolaz03: doesn't show hand
*** SUMMARY ***
Total pot $2 | Rake $0
Seat 4: **Geka**555 (button) (small blind) folded before Flop
Seat 5: kolaz03 (big blind) collected ($2)


PokerStars Hand #161849480384:  Hold'em Limit ($3/$6 USD) - 2016/11/23 13:58:52 ET
Table 'Teucer' 6-max Seat #5 is the button
Seat 4: **Geka**555 ($76.70 in chips)
Seat 5: kolaz03 ($72 in chips)
kolaz03: posts small blind $1
**Geka**555: posts big blind $3
*** HOLE CARDS ***
kolaz03: folds
Uncalled bet ($2) returned to **Geka**555
**Geka**555 collected $2 from pot
**Geka**555: doesn't show hand
*** SUMMARY ***
Total pot $2 | Rake $0
Seat 4: **Geka**555 (big blind) collected ($2)
Seat 5: kolaz03 (button) (small blind) folded before Flop


PokerStars Hand #161849452493:  Hold'em Limit ($3/$6 USD) - 2016/11/23 13:58:13 ET
Table 'Teucer' 6-max Seat #5 is the button
Seat 4: **Geka**555 ($53.56 in chips)
Seat 5: kolaz03 ($91.62 in chips)
kolaz03: posts small blind $1
**Geka**555: posts big blind $3
*** HOLE CARDS ***
kolaz03: raises $3 to $6
**Geka**555: calls $3
*** FLOP *** [5c 8c 7c]
**Geka**555: checks
kolaz03: bets $3
**Geka**555: calls $3
*** TURN *** [5c 8c 7c] [6d]
**Geka**555: checks
kolaz03: checks
*** RIVER *** [5c 8c 7c 6d] [5d]
**Geka**555: bets $6
kolaz03: calls $6
*** SHOW DOWN ***
**Geka**555: shows [Qc 9h] (a straight, Five to Nine)
kolaz03: mucks hand
**Geka**555 collected $29.50 from pot
*** SUMMARY ***
Total pot $30 | Rake $0.50
Board [5c 8c 7c 6d 5d]
Seat 4: **Geka**555 (big blind) showed [Qc 9h] and won ($29.50) with a straight, Five to Nine
Seat 5: kolaz03 (button) (small blind) mucked


PokerStars Hand #161849465207:  Hold'em Limit ($3/$6 USD) - 2016/11/23 13:58:31 ET
Table 'Teucer' 6-max Seat #4 is the button
Seat 4: **Geka**555 ($68.06 in chips)
Seat 5: kolaz03 ($76.62 in chips)
**Geka**555: posts small blind $1
kolaz03: posts big blind $3
*** HOLE CARDS ***
**Geka**555: raises $3 to $6
kolaz03: calls $3
*** FLOP *** [2s 8s 5s]
kolaz03: checks
**Geka**555: bets $3
kolaz03: calls $3
*** TURN *** [2s 8s 5s] [Ts]
kolaz03: checks
**Geka**555: bets $6
kolaz03: folds
Uncalled bet ($6) returned to **Geka**555
**Geka**555 collected $17.64 from pot
**Geka**555: doesn't show hand
*** SUMMARY ***
Total pot $18 | Rake $0.36
Board [2s 8s 5s Ts]
Seat 4: **Geka**555 (button) (small blind) collected ($17.64)
Seat 5: kolaz03 (big blind) folded on the Turn


PokerStars Hand #161849514155:  Hold'em Limit ($3/$6 USD) - 2016/11/23 13:59:38 ET
Table 'Teucer' 6-max Seat #5 is the button
Seat 4: **Geka**555 ($105.72 in chips)
Seat 5: kolaz03 ($72 in chips)
kolaz03: posts small blind $1
**Geka**555: posts big blind $3
*** HOLE CARDS ***
kolaz03: raises $3 to $6
**Geka**555: calls $3
*** FLOP *** [7c Kd 3h]
**Geka**555: checks
kolaz03: bets $3
**Geka**555: calls $3
*** TURN *** [7c Kd 3h] [5s]
**Geka**555: checks
kolaz03: checks
*** RIVER *** [7c Kd 3h 5s] [4d]
**Geka**555: bets $6
kolaz03: calls $6
*** SHOW DOWN ***
**Geka**555: shows [Ad Ac] (a pair of Aces)
kolaz03: mucks hand
**Geka**555 collected $29.50 from pot
*** SUMMARY ***
Total pot $30 | Rake $0.50
Board [7c Kd 3h 5s 4d]
Seat 4: **Geka**555 (big blind) showed [Ad Ac] and won ($29.50) with a pair of Aces
Seat 5: kolaz03 (button) (small blind) mucked


PokerStars Hand #161849490790:  Hold'em Limit ($3/$6 USD) - 2016/11/23 13:59:06 ET
Table 'Teucer' 6-max Seat #5 is the button
Seat 4: **Geka**555 ($76.70 in chips)
Seat 5: kolaz03 ($73 in chips)
kolaz03: posts small blind $1
**Geka**555: posts big blind $3
*** HOLE CARDS ***
kolaz03: raises $3 to $6
**Geka**555: raises $3 to $9
kolaz03: calls $3
*** FLOP *** [2h 8d 4h]
**Geka**555: bets $3
kolaz03: calls $3
*** TURN *** [2h 8d 4h] [4s]
**Geka**555: bets $6
kolaz03: folds
Uncalled bet ($6) returned to **Geka**555
**Geka**555 collected $23.52 from pot
**Geka**555: doesn't show hand
*** SUMMARY ***
Total pot $24 | Rake $0.48
Board [2h 8d 4h 4s]
Seat 4: **Geka**555 (big blind) collected ($23.52)
Seat 5: kolaz03 (button) (small blind) folded on the Turn


PokerStars Hand #161849502082:  Hold'em Limit ($3/$6 USD) - 2016/11/23 13:59:22 ET
Table 'Teucer' 6-max Seat #4 is the button
Seat 4: **Geka**555 ($88.22 in chips)
Seat 5: kolaz03 ($72 in chips)
**Geka**555: posts small blind $1
kolaz03: posts big blind $3
*** HOLE CARDS ***
**Geka**555: raises $3 to $6
kolaz03: raises $3 to $9
**Geka**555: calls $3
*** FLOP *** [Kc 2d 5h]
kolaz03: bets $3
**Geka**555: calls $3
*** TURN *** [Kc 2d 5h] [3d]
kolaz03: bets $6
**Geka**555: calls $6
*** RIVER *** [Kc 2d 5h 3d] [7d]
kolaz03: checks
**Geka**555: bets $6
kolaz03: folds
Uncalled bet ($6) returned to **Geka**555
**Geka**555 collected $35.50 from pot
**Geka**555: doesn't show hand
*** SUMMARY ***
Total pot $36 | Rake $0.50
Board [Kc 2d 5h 3d 7d]
Seat 4: **Geka**555 (button) (small blind) collected ($35.50)
Seat 5: kolaz03 (big blind) folded on the River


PokerStars Hand #161849558288:  Hold'em Limit ($3/$6 USD) - 2016/11/23 14:00:37 ET
Table 'Teucer' 6-max Seat #5 is the button
Seat 4: **Geka**555 ($119.98 in chips)
Seat 5: kolaz03 ($72 in chips)
kolaz03: posts small blind $1
**Geka**555: posts big blind $3
*** HOLE CARDS ***
kolaz03: raises $3 to $6
**Geka**555: calls $3
*** FLOP *** [Qs 9h 6h]
**Geka**555: checks
kolaz03: bets $3
**Geka**555: calls $3
*** TURN *** [Qs 9h 6h] [7d]
**Geka**555: checks
kolaz03: bets $6
**Geka**555: folds
Uncalled bet ($6) returned to kolaz03
kolaz03 collected $17.64 from pot
kolaz03: doesn't show hand
*** SUMMARY ***
Total pot $18 | Rake $0.36
Board [Qs 9h 6h 7d]
Seat 4: **Geka**555 (big blind) folded on the Turn
Seat 5: kolaz03 (button) (small blind) collected ($17.64)


PokerStars Hand #161849540223:  Hold'em Limit ($3/$6 USD) - 2016/11/23 14:00:13 ET
Table 'Teucer' 6-max Seat #5 is the button
Seat 4: **Geka**555 ($117.22 in chips)
Seat 5: kolaz03 ($74.88 in chips)
kolaz03: posts small blind $1
**Geka**555: posts big blind $3
*** HOLE CARDS ***
kolaz03: raises $3 to $6
**Geka**555: folds
Uncalled bet ($3) returned to kolaz03
kolaz03 collected $6 from pot
kolaz03: doesn't show hand
*** SUMMARY ***
Total pot $6 | Rake $0
Seat 4: **Geka**555 (big blind) folded before Flop
Seat 5: kolaz03 (button) (small blind) collected ($6)


PokerStars Hand #161849533903:  Hold'em Limit ($3/$6 USD) - 2016/11/23 14:00:05 ET
Table 'Teucer' 6-max Seat #4 is the button
Seat 4: **Geka**555 ($120.22 in chips)
Seat 5: kolaz03 ($72 in chips)
**Geka**555: posts small blind $1
kolaz03: posts big blind $3
*** HOLE CARDS ***
**Geka**555: calls $2
kolaz03: checks
*** FLOP *** [2h 3c 5c]
kolaz03: bets $3
**Geka**555: folds
Uncalled bet ($3) returned to kolaz03
kolaz03 collected $5.88 from pot
kolaz03: doesn't show hand
*** SUMMARY ***
Total pot $6 | Rake $0.12
Board [2h 3c 5c]
Seat 4: **Geka**555 (button) (small blind) folded on the Flop
Seat 5: kolaz03 (big blind) collected ($5.88)


PokerStars Hand #161849544459:  Hold'em Limit ($3/$6 USD) - 2016/11/23 14:00:19 ET
Table 'Teucer' 6-max Seat #4 is the button
Seat 4: **Geka**555 ($114.22 in chips)
Seat 5: kolaz03 ($77.88 in chips)
**Geka**555: posts small blind $1
kolaz03: posts big blind $3
*** HOLE CARDS ***
**Geka**555: raises $3 to $6
kolaz03: calls $3
*** FLOP *** [Ts 9s 5d]
kolaz03: checks
**Geka**555: bets $3
kolaz03: folds
Uncalled bet ($3) returned to **Geka**555
**Geka**555 collected $11.76 from pot
**Geka**555: doesn't show hand
*** SUMMARY ***
Total pot $12 | Rake $0.24
Board [Ts 9s 5d]
Seat 4: **Geka**555 (button) (small blind) collected ($11.76)
Seat 5: kolaz03 (big blind) folded on the Flop


PokerStars Hand #161849606134:  Hold'em Limit ($3/$6 USD) - 2016/11/23 14:01:36 ET
Table 'Teucer' 6-max Seat #4 is the button
Seat 4: **Geka**555 ($83.98 in chips)
Seat 5: kolaz03 ($107.14 in chips)
**Geka**555: posts small blind $1
kolaz03: posts big blind $3
*** HOLE CARDS ***
**Geka**555: raises $3 to $6
Zubasa07 joins the table at seat #6
kolaz03: calls $3
*** FLOP *** [Tc 7s 7d]
kolaz03: checks
**Geka**555: bets $3
kolaz03: calls $3
*** TURN *** [Tc 7s 7d] [3h]
kolaz03: checks
**Geka**555: bets $6
kolaz03: calls $6
*** RIVER *** [Tc 7s 7d 3h] [9c]
kolaz03: checks
**Geka**555: bets $6
kolaz03: raises $6 to $12
**Geka**555: calls $6
*** SHOW DOWN ***
kolaz03: shows [8c Jh] (a straight, Seven to Jack)
**Geka**555: mucks hand
kolaz03 collected $53.50 from pot
*** SUMMARY ***
Total pot $54 | Rake $0.50
Board [Tc 7s 7d 3h 9c]
Seat 4: **Geka**555 (button) (small blind) mucked
Seat 5: kolaz03 (big blind) showed [8c Jh] and won ($53.50) with a straight, Seven to Jack


PokerStars Hand #161849594620:  Hold'em Limit ($3/$6 USD) - 2016/11/23 14:01:22 ET
Table 'Teucer' 6-max Seat #4 is the button
Seat 4: **Geka**555 ($87.98 in chips)
Seat 5: kolaz03 ($103.14 in chips)
**Geka**555: posts small blind $1
kolaz03: posts big blind $3
*** HOLE CARDS ***
**Geka**555: folds
Uncalled bet ($2) returned to kolaz03
kolaz03 collected $2 from pot
kolaz03: doesn't show hand
*** SUMMARY ***
Total pot $2 | Rake $0
Seat 4: **Geka**555 (button) (small blind) folded before Flop
Seat 5: kolaz03 (big blind) collected ($2)


PokerStars Hand #161849587551:  Hold'em Limit ($3/$6 USD) - 2016/11/23 14:01:13 ET
Table 'Teucer' 6-max Seat #5 is the button
Seat 4: **Geka**555 ($86.98 in chips)
Seat 5: kolaz03 ($104.14 in chips)
kolaz03: posts small blind $1
**Geka**555: posts big blind $3
*** HOLE CARDS ***
kolaz03: folds
Uncalled bet ($2) returned to **Geka**555
**Geka**555 collected $2 from pot
**Geka**555: doesn't show hand
*** SUMMARY ***
Total pot $2 | Rake $0
Seat 4: **Geka**555 (big blind) collected ($2)
Seat 5: kolaz03 (button) (small blind) folded before Flop


PokerStars Hand #161849567991:  Hold'em Limit ($3/$6 USD) - 2016/11/23 14:00:49 ET
Table 'Teucer' 6-max Seat #4 is the button
Seat 4: **Geka**555 ($110.98 in chips)
Seat 5: kolaz03 ($80.64 in chips)
**Geka**555: posts small blind $1
kolaz03: posts big blind $3
*** HOLE CARDS ***
**Geka**555: raises $3 to $6
kolaz03: raises $3 to $9
**Geka**555: calls $3
*** FLOP *** [7h Ks 8s]
kolaz03: bets $3
**Geka**555: calls $3
*** TURN *** [7h Ks 8s] [9s]
kolaz03: bets $6
**Geka**555: calls $6
*** RIVER *** [7h Ks 8s 9s] [Kh]
kolaz03: bets $6
**Geka**555: calls $6
*** SHOW DOWN ***
kolaz03: shows [Tc Td] (two pair, Kings and Tens)
**Geka**555: mucks hand
kolaz03 collected $47.50 from pot
*** SUMMARY ***
Total pot $48 | Rake $0.50
Board [7h Ks 8s 9s Kh]
Seat 4: **Geka**555 (button) (small blind) mucked
Seat 5: kolaz03 (big blind) showed [Tc Td] and won ($47.50) with two pair, Kings and Tens


PokerStars Hand #161849598815:  Hold'em Limit ($3/$6 USD) - 2016/11/23 14:01:27 ET
Table 'Teucer' 6-max Seat #5 is the button
Seat 4: **Geka**555 ($86.98 in chips)
Seat 5: kolaz03 ($104.14 in chips)
kolaz03: posts small blind $1
**Geka**555: posts big blind $3
*** HOLE CARDS ***
kolaz03: raises $3 to $6
**Geka**555: folds
Uncalled bet ($3) returned to kolaz03
kolaz03 collected $6 from pot
kolaz03: doesn't show hand
*** SUMMARY ***
Total pot $6 | Rake $0
Seat 4: **Geka**555 (big blind) folded before Flop
Seat 5: kolaz03 (button) (small blind) collected ($6)


