PokerStars Hand #149470760454:  Hold'em Limit ($3/$6 USD) - 2016/02/26 19:00:33 ET
Table 'Teucer II' 6-max Seat #4 is the button
Seat 1: NuTTyPP ($30 in chips)
Seat 4: AzureCaper ($72 in chips)
AzureCaper: posts small blind $1
NuTTyPP: posts big blind $3
*** HOLE CARDS ***
AzureCaper: raises $3 to $6
NuTTyPP: calls $3
*** FLOP *** [6c 7h 9s]
NuTTyPP: checks
AzureCaper: bets $3
NuTTyPP: calls $3
*** TURN *** [6c 7h 9s] [9h]
NuTTyPP: checks
AzureCaper: bets $6
NuTTyPP: calls $6
*** RIVER *** [6c 7h 9s 9h] [7c]
NuTTyPP: checks
AzureCaper: bets $6
NuTTyPP: folds
Uncalled bet ($6) returned to AzureCaper
AzureCaper collected $29.50 from pot
AzureCaper: doesn't show hand
*** SUMMARY ***
Total pot $30 | Rake $0.50
Board [6c 7h 9s 9h 7c]
Seat 1: NuTTyPP (big blind) folded on the River
Seat 4: AzureCaper (button) (small blind) collected ($29.50)


PokerStars Hand #149470801073:  Hold'em Limit ($3/$6 USD) - 2016/02/26 19:01:32 ET
Table 'Teucer II' 6-max Seat #1 is the button
Seat 1: NuTTyPP ($20.64 in chips)
Seat 4: AzureCaper ($80.38 in chips)
NuTTyPP: posts small blind $1
AzureCaper: posts big blind $3
*** HOLE CARDS ***
NuTTyPP: raises $3 to $6
AzureCaper: calls $3
*** FLOP *** [8c 8s 7c]
AzureCaper: checks
NuTTyPP: bets $3
AzureCaper: calls $3
*** TURN *** [8c 8s 7c] [Js]
AzureCaper: checks
NuTTyPP: bets $6
AzureCaper: calls $6
*** RIVER *** [8c 8s 7c Js] [Th]
AzureCaper: bets $6
NuTTyPP: calls $5.64 and is all-in
Uncalled bet ($0.36) returned to AzureCaper
*** SHOW DOWN ***
AzureCaper: shows [5d 9s] (a straight, Seven to Jack)
NuTTyPP: shows [7s Jh] (two pair, Jacks and Eights)
AzureCaper collected $40.78 from pot
*** SUMMARY ***
Total pot $41.28 | Rake $0.50
Board [8c 8s 7c Js Th]
Seat 1: NuTTyPP (button) (small blind) showed [7s Jh] and lost with two pair, Jacks and Eights
Seat 4: AzureCaper (big blind) showed [5d 9s] and won ($40.78) with a straight, Seven to Jack


PokerStars Hand #149470790849:  Hold'em Limit ($3/$6 USD) - 2016/02/26 19:01:18 ET
Table 'Teucer II' 6-max Seat #4 is the button
Seat 1: NuTTyPP ($12 in chips)
Seat 4: AzureCaper ($89.38 in chips)
AzureCaper: posts small blind $1
NuTTyPP: posts big blind $3
*** HOLE CARDS ***
AzureCaper: raises $3 to $6
NuTTyPP: raises $3 to $9
AzureCaper: calls $3
*** FLOP *** [3s Ks 3h]
NuTTyPP: bets $3 and is all-in
AzureCaper: folds
Uncalled bet ($3) returned to NuTTyPP
NuTTyPP collected $17.64 from pot
NuTTyPP: doesn't show hand
*** SUMMARY ***
Total pot $18 | Rake $0.36
Board [3s Ks 3h]
Seat 1: NuTTyPP (big blind) collected ($17.64)
Seat 4: AzureCaper (button) (small blind) folded on the Flop


PokerStars Hand #149470780599:  Hold'em Limit ($3/$6 USD) - 2016/02/26 19:01:03 ET
Table 'Teucer II' 6-max Seat #1 is the button
Seat 1: NuTTyPP ($15 in chips)
Seat 4: AzureCaper ($86.50 in chips)
NuTTyPP: posts small blind $1
AzureCaper: posts big blind $3
*** HOLE CARDS ***
NuTTyPP: calls $2
AzureCaper: checks
*** FLOP *** [2c 2d 2s]
AzureCaper: checks
NuTTyPP: checks
*** TURN *** [2c 2d 2s] [Js]
AzureCaper: checks
NuTTyPP: checks
*** RIVER *** [2c 2d 2s Js] [4s]
AzureCaper: checks
NuTTyPP: checks
*** SHOW DOWN ***
AzureCaper: shows [9c 3c] (three of a kind, Deuces)
NuTTyPP: mucks hand
AzureCaper collected $5.88 from pot
*** SUMMARY ***
Total pot $6 | Rake $0.12
Board [2c 2d 2s Js 4s]
Seat 1: NuTTyPP (button) (small blind) mucked
Seat 4: AzureCaper (big blind) showed [9c 3c] and won ($5.88) with three of a kind, Deuces


PokerStars Hand #149470862667:  Hold'em Limit ($3/$6 USD) - 2016/02/26 19:02:57 ET
Table 'Teucer II' 6-max Seat #1 is the button
Seat 1: NuTTyPP ($48.38 in chips)
Seat 2: BuzovaPro ($72 in chips)
NuTTyPP: posts small blind $1
BuzovaPro: posts big blind $3
*** HOLE CARDS ***
NuTTyPP: calls $2
BuzovaPro: checks
*** FLOP *** [4s Jh Kd]
BuzovaPro: bets $3
NuTTyPP: folds
Uncalled bet ($3) returned to BuzovaPro
BuzovaPro collected $5.88 from pot
BuzovaPro: doesn't show hand
*** SUMMARY ***
Total pot $6 | Rake $0.12
Board [4s Jh Kd]
Seat 1: NuTTyPP (button) (small blind) folded on the Flop
Seat 2: BuzovaPro (big blind) collected ($5.88)


PokerStars Hand #149470848941:  Hold'em Limit ($3/$6 USD) - 2016/02/26 19:02:39 ET
Table 'Teucer II' 6-max Seat #2 is the button
Seat 1: NuTTyPP ($33.88 in chips)
Seat 2: BuzovaPro ($72 in chips)
BuzovaPro: posts small blind $1
NuTTyPP: posts big blind $3
*** HOLE CARDS ***
BuzovaPro: raises $3 to $6
NuTTyPP: calls $3
*** FLOP *** [Td 5h 3c]
NuTTyPP: checks
BuzovaPro: bets $3
NuTTyPP: calls $3
*** TURN *** [Td 5h 3c] [Tc]
NuTTyPP: checks
BuzovaPro: checks
*** RIVER *** [Td 5h 3c Tc] [6d]
NuTTyPP: bets $6
BuzovaPro: calls $6
*** SHOW DOWN ***
NuTTyPP: shows [8c 8s] (two pair, Tens and Eights)
BuzovaPro: mucks hand
NuTTyPP collected $29.50 from pot
*** SUMMARY ***
Total pot $30 | Rake $0.50
Board [Td 5h 3c Tc 6d]
Seat 1: NuTTyPP (big blind) showed [8c 8s] and won ($29.50) with two pair, Tens and Eights
Seat 2: BuzovaPro (button) (small blind) mucked


PokerStars Hand #149470837889:  Hold'em Limit ($3/$6 USD) - 2016/02/26 19:02:23 ET
Table 'Teucer II' 6-max Seat #1 is the button
Seat 1: NuTTyPP ($31 in chips)
Seat 2: BuzovaPro ($72 in chips)
NuTTyPP: posts small blind $1
BuzovaPro: posts big blind $3
*** HOLE CARDS ***
NuTTyPP: calls $2
BuzovaPro: checks
*** FLOP *** [Kh 8s 3d]
BuzovaPro: checks
NuTTyPP: bets $3
BuzovaPro: folds
Uncalled bet ($3) returned to NuTTyPP
NuTTyPP collected $5.88 from pot
NuTTyPP: doesn't show hand
*** SUMMARY ***
Total pot $6 | Rake $0.12
Board [Kh 8s 3d]
Seat 1: NuTTyPP (button) (small blind) collected ($5.88)
Seat 2: BuzovaPro (big blind) folded on the Flop


PokerStars Hand #149470832744:  Hold'em Limit ($3/$6 USD) - 2016/02/26 19:02:16 ET
Table 'Teucer II' 6-max Seat #2 is the button
Seat 1: NuTTyPP ($30 in chips)
Seat 2: BuzovaPro ($72 in chips)
BuzovaPro: posts small blind $1
NuTTyPP: posts big blind $3
*** HOLE CARDS ***
BuzovaPro: folds
Uncalled bet ($2) returned to NuTTyPP
NuTTyPP collected $2 from pot
NuTTyPP: doesn't show hand
*** SUMMARY ***
Total pot $2 | Rake $0
Seat 1: NuTTyPP (big blind) collected ($2)
Seat 2: BuzovaPro (button) (small blind) folded before Flop


PokerStars Hand #149470897255:  Hold'em Limit ($3/$6 USD) - 2016/02/26 19:03:44 ET
Table 'Teucer II' 6-max Seat #2 is the button
Seat 1: NuTTyPP ($47.38 in chips)
Seat 2: BuzovaPro ($74.88 in chips)
BuzovaPro: posts small blind $1
NuTTyPP: posts big blind $3
*** HOLE CARDS ***
BuzovaPro: raises $3 to $6
NuTTyPP: calls $3
*** FLOP *** [2h Th Qs]
NuTTyPP: checks
BuzovaPro: bets $3
NuTTyPP: folds
Uncalled bet ($3) returned to BuzovaPro
BuzovaPro collected $11.76 from pot
BuzovaPro: doesn't show hand
*** SUMMARY ***
Total pot $12 | Rake $0.24
Board [2h Th Qs]
Seat 1: NuTTyPP (big blind) folded on the Flop
Seat 2: BuzovaPro (button) (small blind) collected ($11.76)


PokerStars Hand #149470886863:  Hold'em Limit ($3/$6 USD) - 2016/02/26 19:03:30 ET
Table 'Teucer II' 6-max Seat #1 is the button
Seat 1: NuTTyPP ($50.38 in chips)
Seat 2: BuzovaPro ($72 in chips)
NuTTyPP: posts small blind $1
BuzovaPro: posts big blind $3
*** HOLE CARDS ***
NuTTyPP: calls $2
BuzovaPro: checks
*** FLOP *** [Qc 6h 7d]
BuzovaPro: checks
NuTTyPP: checks
*** TURN *** [Qc 6h 7d] [Js]
BuzovaPro: bets $6
NuTTyPP: folds
Uncalled bet ($6) returned to BuzovaPro
BuzovaPro collected $5.88 from pot
BuzovaPro: doesn't show hand
*** SUMMARY ***
Total pot $6 | Rake $0.12
Board [Qc 6h 7d Js]
Seat 1: NuTTyPP (button) (small blind) folded on the Turn
Seat 2: BuzovaPro (big blind) collected ($5.88)


PokerStars Hand #149470883634:  Hold'em Limit ($3/$6 USD) - 2016/02/26 19:03:25 ET
Table 'Teucer II' 6-max Seat #2 is the button
Seat 1: NuTTyPP ($49.38 in chips)
Seat 2: BuzovaPro ($72 in chips)
BuzovaPro: posts small blind $1
NuTTyPP: posts big blind $3
*** HOLE CARDS ***
BuzovaPro: folds
Uncalled bet ($2) returned to NuTTyPP
NuTTyPP collected $2 from pot
NuTTyPP: doesn't show hand
*** SUMMARY ***
Total pot $2 | Rake $0
Seat 1: NuTTyPP (big blind) collected ($2)
Seat 2: BuzovaPro (button) (small blind) folded before Flop


PokerStars Hand #149470875161:  Hold'em Limit ($3/$6 USD) - 2016/02/26 19:03:14 ET
Table 'Teucer II' 6-max Seat #1 is the button
Seat 1: NuTTyPP ($46.38 in chips)
Seat 2: BuzovaPro ($73.88 in chips)
NuTTyPP: posts small blind $1
BuzovaPro: posts big blind $3
*** HOLE CARDS ***
NuTTyPP: raises $3 to $6
BuzovaPro: folds
Uncalled bet ($3) returned to NuTTyPP
NuTTyPP collected $6 from pot
NuTTyPP: doesn't show hand
*** SUMMARY ***
Total pot $6 | Rake $0
Seat 1: NuTTyPP (button) (small blind) collected ($6)
Seat 2: BuzovaPro (big blind) folded before Flop


PokerStars Hand #149470871212:  Hold'em Limit ($3/$6 USD) - 2016/02/26 19:03:09 ET
Table 'Teucer II' 6-max Seat #2 is the button
Seat 1: NuTTyPP ($45.38 in chips)
Seat 2: BuzovaPro ($74.88 in chips)
BuzovaPro: posts small blind $1
NuTTyPP: posts big blind $3
*** HOLE CARDS ***
BuzovaPro: folds
Uncalled bet ($2) returned to NuTTyPP
NuTTyPP collected $2 from pot
NuTTyPP: doesn't show hand
*** SUMMARY ***
Total pot $2 | Rake $0
Seat 1: NuTTyPP (big blind) collected ($2)
Seat 2: BuzovaPro (button) (small blind) folded before Flop


PokerStars Hand #149470919364:  Hold'em Limit ($3/$6 USD) - 2016/02/26 19:04:14 ET
Table 'Teucer II' 6-max Seat #2 is the button
Seat 1: NuTTyPP ($23.38 in chips)
Seat 2: BuzovaPro ($98.14 in chips)
BuzovaPro: posts small blind $1
NuTTyPP: posts big blind $3
*** HOLE CARDS ***
BuzovaPro: folds
Uncalled bet ($2) returned to NuTTyPP
NuTTyPP collected $2 from pot
NuTTyPP: doesn't show hand
*** SUMMARY ***
Total pot $2 | Rake $0
Seat 1: NuTTyPP (big blind) collected ($2)
Seat 2: BuzovaPro (button) (small blind) folded before Flop


PokerStars Hand #149470905393:  Hold'em Limit ($3/$6 USD) - 2016/02/26 19:03:55 ET
Table 'Teucer II' 6-max Seat #1 is the button
Seat 1: NuTTyPP ($41.38 in chips)
Seat 2: BuzovaPro ($80.64 in chips)
NuTTyPP: posts small blind $1
BuzovaPro: posts big blind $3
*** HOLE CARDS ***
NuTTyPP: raises $3 to $6
BuzovaPro: calls $3
*** FLOP *** [Kd 8c 9c]
BuzovaPro: checks
NuTTyPP: bets $3
BuzovaPro: raises $3 to $6
NuTTyPP: calls $3
*** TURN *** [Kd 8c 9c] [5d]
BuzovaPro: bets $6
NuTTyPP: calls $6
*** RIVER *** [Kd 8c 9c 5d] [2d]
BuzovaPro: bets $6
NuTTyPP: folds
Uncalled bet ($6) returned to BuzovaPro
BuzovaPro collected $35.50 from pot
BuzovaPro: doesn't show hand
*** SUMMARY ***
Total pot $36 | Rake $0.50
Board [Kd 8c 9c 5d 2d]
Seat 1: NuTTyPP (button) (small blind) folded on the River
Seat 2: BuzovaPro (big blind) collected ($35.50)


