PokerStars Hand #168969560288:  Hold'em Limit ($3/$6 USD) - 2017/04/13 5:26:50 ET
Table 'Teucer' 6-max Seat #4 is the button
Seat 1: Krazy90 ($152.19 in chips)
Seat 4: Rus29APX ($184.23 in chips)
Rus29APX: posts small blind $1
Krazy90: posts big blind $3
*** HOLE CARDS ***
Rus29APX: raises $3 to $6
iupeli joins the table at seat #3
Krazy90: calls $3
*** FLOP *** [4s 2s 2h]
Krazy90: checks
Rus29APX: checks
*** TURN *** [4s 2s 2h] [8d]
Krazy90: bets $6
Rus29APX: folds
Uncalled bet ($6) returned to Krazy90
Krazy90 collected $11.76 from pot
Krazy90: doesn't show hand
*** SUMMARY ***
Total pot $12 | Rake $0.24
Board [4s 2s 2h 8d]
Seat 1: Krazy90 (big blind) collected ($11.76)
Seat 4: Rus29APX (button) (small blind) folded on the Turn


PokerStars Hand #168970727803:  Hold'em Limit ($3/$6 USD) - 2017/04/13 6:15:47 ET
Table 'Teucer' 6-max Seat #2 is the button
Seat 1: Krazy90 ($253.64 in chips)
Seat 2: Donald ($58.46 in chips)
Donald: posts small blind $1
Krazy90: posts big blind $3
*** HOLE CARDS ***
Donald: folds
Uncalled bet ($2) returned to Krazy90
Krazy90 collected $2 from pot
Krazy90: doesn't show hand
*** SUMMARY ***
Total pot $2 | Rake $0
Seat 1: Krazy90 (big blind) collected ($2)
Seat 2: Donald (button) (small blind) folded before Flop


