PokerStars Hand #151479439978:  Hold'em Limit ($3/$6 USD) - 2016/04/05 14:39:10 ET
Table 'Teucer' 6-max Seat #4 is the button
Seat 3: TinaM206 ($78.53 in chips)
Seat 4: AzureCaper ($114.66 in chips)
AzureCaper: posts small blind $1
TinaM206: posts big blind $3
*** HOLE CARDS ***
AzureCaper: raises $3 to $6
TinaM206: calls $3
*** FLOP *** [Ah 5d 3d]
TinaM206: checks
AzureCaper: bets $3
TinaM206: calls $3
*** TURN *** [Ah 5d 3d] [8d]
TinaM206: bets $6
AzureCaper: calls $6
*** RIVER *** [Ah 5d 3d 8d] [Qc]
TinaM206: bets $6
AzureCaper: calls $6
*** SHOW DOWN ***
TinaM206: shows [Ac Jh] (a pair of Aces)
AzureCaper: mucks hand
TinaM206 collected $41.50 from pot
*** SUMMARY ***
Total pot $42 | Rake $0.50
Board [Ah 5d 3d 8d Qc]
Seat 3: TinaM206 (big blind) showed [Ac Jh] and won ($41.50) with a pair of Aces
Seat 4: AzureCaper (button) (small blind) mucked


PokerStars Hand #151479436222:  Hold'em Limit ($3/$6 USD) - 2016/04/05 14:39:06 ET
Table 'Teucer' 6-max Seat #3 is the button
Seat 3: TinaM206 ($79.53 in chips)
Seat 4: AzureCaper ($113.66 in chips)
TinaM206: posts small blind $1
AzureCaper: posts big blind $3
*** HOLE CARDS ***
TinaM206: folds
Uncalled bet ($2) returned to AzureCaper
AzureCaper collected $2 from pot
AzureCaper: doesn't show hand
*** SUMMARY ***
Total pot $2 | Rake $0
Seat 3: TinaM206 (button) (small blind) folded before Flop
Seat 4: AzureCaper (big blind) collected ($2)


PokerStars Hand #151479424140:  Hold'em Limit ($3/$6 USD) - 2016/04/05 14:38:52 ET
Table 'Teucer' 6-max Seat #4 is the button
Seat 3: TinaM206 ($88.53 in chips)
Seat 4: AzureCaper ($105.02 in chips)
AzureCaper: posts small blind $1
TinaM206: posts big blind $3
*** HOLE CARDS ***
AzureCaper: raises $3 to $6
TinaM206: calls $3
*** FLOP *** [Jc 4c 5c]
TinaM206: bets $3
AzureCaper: calls $3
*** TURN *** [Jc 4c 5c] [8d]
TinaM206: checks
AzureCaper: bets $6
TinaM206: folds
Uncalled bet ($6) returned to AzureCaper
AzureCaper collected $17.64 from pot
AzureCaper: doesn't show hand
*** SUMMARY ***
Total pot $18 | Rake $0.36
Board [Jc 4c 5c 8d]
Seat 3: TinaM206 (big blind) folded on the Turn
Seat 4: AzureCaper (button) (small blind) collected ($17.64)


PokerStars Hand #151479419782:  Hold'em Limit ($3/$6 USD) - 2016/04/05 14:38:47 ET
Table 'Teucer' 6-max Seat #3 is the button
Seat 3: TinaM206 ($89.53 in chips)
Seat 4: AzureCaper ($104.02 in chips)
TinaM206: posts small blind $1
AzureCaper: posts big blind $3
*** HOLE CARDS ***
TinaM206: folds
Uncalled bet ($2) returned to AzureCaper
AzureCaper collected $2 from pot
AzureCaper: doesn't show hand
*** SUMMARY ***
Total pot $2 | Rake $0
Seat 3: TinaM206 (button) (small blind) folded before Flop
Seat 4: AzureCaper (big blind) collected ($2)


PokerStars Hand #151479403357:  Hold'em Limit ($3/$6 USD) - 2016/04/05 14:38:29 ET
Table 'Teucer' 6-max Seat #4 is the button
Seat 3: TinaM206 ($110.53 in chips)
Seat 4: AzureCaper ($83.52 in chips)
AzureCaper: posts small blind $1
TinaM206: posts big blind $3
*** HOLE CARDS ***
AzureCaper: raises $3 to $6
TinaM206: calls $3
*** FLOP *** [Ad Th 2h]
TinaM206: checks
AzureCaper: bets $3
TinaM206: calls $3
*** TURN *** [Ad Th 2h] [Ac]
TinaM206: checks
AzureCaper: bets $6
TinaM206: calls $6
*** RIVER *** [Ad Th 2h Ac] [Kh]
TinaM206: checks
AzureCaper: bets $6
TinaM206: calls $6
*** SHOW DOWN ***
AzureCaper: shows [6d Ks] (two pair, Aces and Kings)
TinaM206: mucks hand
AzureCaper collected $41.50 from pot
*** SUMMARY ***
Total pot $42 | Rake $0.50
Board [Ad Th 2h Ac Kh]
Seat 3: TinaM206 (big blind) mucked
Seat 4: AzureCaper (button) (small blind) showed [6d Ks] and won ($41.50) with two pair, Aces and Kings


PokerStars Hand #151479503145:  Hold'em Limit ($3/$6 USD) - 2016/04/05 14:40:20 ET
Table 'Teucer' 6-max Seat #3 is the button
Seat 3: TinaM206 ($116.29 in chips)
Seat 4: AzureCaper ($75.42 in chips)
TinaM206: posts small blind $1
AzureCaper: posts big blind $3
*** HOLE CARDS ***
TinaM206: calls $2
AzureCaper: checks
*** FLOP *** [Qh 8h As]
AzureCaper: checks
TinaM206: bets $3
AzureCaper: folds
Uncalled bet ($3) returned to TinaM206
TinaM206 collected $5.88 from pot
*** SUMMARY ***
Total pot $6 | Rake $0.12
Board [Qh 8h As]
Seat 3: TinaM206 (button) (small blind) collected ($5.88)
Seat 4: AzureCaper (big blind) folded on the Flop


PokerStars Hand #151479497576:  Hold'em Limit ($3/$6 USD) - 2016/04/05 14:40:14 ET
Table 'Teucer' 6-max Seat #4 is the button
Seat 3: TinaM206 ($119.29 in chips)
Seat 4: AzureCaper ($72.42 in chips)
AzureCaper: posts small blind $1
TinaM206: posts big blind $3
*** HOLE CARDS ***
AzureCaper: raises $3 to $6
TinaM206: folds
Uncalled bet ($3) returned to AzureCaper
AzureCaper collected $6 from pot
AzureCaper: doesn't show hand
*** SUMMARY ***
Total pot $6 | Rake $0
Seat 3: TinaM206 (big blind) folded before Flop
Seat 4: AzureCaper (button) (small blind) collected ($6)


PokerStars Hand #151479483483:  Hold'em Limit ($3/$6 USD) - 2016/04/05 14:39:58 ET
Table 'Teucer' 6-max Seat #3 is the button
Seat 3: TinaM206 ($98.79 in chips)
Seat 4: AzureCaper ($93.42 in chips)
TinaM206: posts small blind $1
AzureCaper: posts big blind $3
*** HOLE CARDS ***
TinaM206: raises $3 to $6
AzureCaper: calls $3
*** FLOP *** [5s 7d 3h]
AzureCaper: bets $3
TinaM206: calls $3
*** TURN *** [5s 7d 3h] [Tc]
AzureCaper: bets $6
TinaM206: calls $6
*** RIVER *** [5s 7d 3h Tc] [4d]
AzureCaper: bets $6
TinaM206: calls $6
*** SHOW DOWN ***
AzureCaper: shows [Jc 7c] (a pair of Sevens)
TinaM206: shows [Ts 9h] (a pair of Tens)
TinaM206 collected $41.50 from pot
*** SUMMARY ***
Total pot $42 | Rake $0.50
Board [5s 7d 3h Tc 4d]
Seat 3: TinaM206 (button) (small blind) showed [Ts 9h] and won ($41.50) with a pair of Tens
Seat 4: AzureCaper (big blind) showed [Jc 7c] and lost with a pair of Sevens


PokerStars Hand #151479472466:  Hold'em Limit ($3/$6 USD) - 2016/04/05 14:39:46 ET
Table 'Teucer' 6-max Seat #4 is the button
Seat 3: TinaM206 ($104.79 in chips)
Seat 4: AzureCaper ($87.66 in chips)
AzureCaper: posts small blind $1
TinaM206: posts big blind $3
*** HOLE CARDS ***
AzureCaper: raises $3 to $6
TinaM206: calls $3
*** FLOP *** [Ac Kd 4c]
TinaM206: checks
AzureCaper: bets $3
TinaM206: folds
Uncalled bet ($3) returned to AzureCaper
AzureCaper collected $11.76 from pot
AzureCaper: doesn't show hand
*** SUMMARY ***
Total pot $12 | Rake $0.24
Board [Ac Kd 4c]
Seat 3: TinaM206 (big blind) folded on the Flop
Seat 4: AzureCaper (button) (small blind) collected ($11.76)


PokerStars Hand #151479454993:  Hold'em Limit ($3/$6 USD) - 2016/04/05 14:39:27 ET
Table 'Teucer' 6-max Seat #3 is the button
Seat 3: TinaM206 ($99.03 in chips)
Seat 4: AzureCaper ($93.66 in chips)
TinaM206: posts small blind $1
AzureCaper: posts big blind $3
*** HOLE CARDS ***
TinaM206: raises $3 to $6
AzureCaper: calls $3
*** FLOP *** [Qs 3s Qd]
AzureCaper: checks
TinaM206: checks
*** TURN *** [Qs 3s Qd] [7h]
AzureCaper: checks
TinaM206: bets $6
AzureCaper: folds
Uncalled bet ($6) returned to TinaM206
TinaM206 collected $11.76 from pot
*** SUMMARY ***
Total pot $12 | Rake $0.24
Board [Qs 3s Qd 7h]
Seat 3: TinaM206 (button) (small blind) collected ($11.76)
Seat 4: AzureCaper (big blind) folded on the Turn


PokerStars Hand #151479556729:  Hold'em Limit ($3/$6 USD) - 2016/04/05 14:41:20 ET
Table 'Teucer' 6-max Seat #4 is the button
Seat 3: TinaM206 ($123.55 in chips)
Seat 4: AzureCaper ($73 in chips)
AzureCaper: posts small blind $1
TinaM206: posts big blind $3
*** HOLE CARDS ***
AzureCaper: raises $3 to $6
TinaM206: calls $3
*** FLOP *** [Kd 6d 5c]
TinaM206: checks
AzureCaper: bets $3
TinaM206: calls $3
*** TURN *** [Kd 6d 5c] [Kh]
TinaM206: checks
AzureCaper: checks
*** RIVER *** [Kd 6d 5c Kh] [3s]
TinaM206: bets $6
AzureCaper: folds
Uncalled bet ($6) returned to TinaM206
TinaM206 collected $17.64 from pot
*** SUMMARY ***
Total pot $18 | Rake $0.36
Board [Kd 6d 5c Kh 3s]
Seat 3: TinaM206 (big blind) collected ($17.64)
Seat 4: AzureCaper (button) (small blind) folded on the River


PokerStars Hand #151479552483:  Hold'em Limit ($3/$6 USD) - 2016/04/05 14:41:15 ET
Table 'Teucer' 6-max Seat #3 is the button
Seat 3: TinaM206 ($124.55 in chips)
Seat 4: AzureCaper ($72 in chips)
TinaM206: posts small blind $1
AzureCaper: posts big blind $3
*** HOLE CARDS ***
TinaM206: folds
Uncalled bet ($2) returned to AzureCaper
AzureCaper collected $2 from pot
AzureCaper: doesn't show hand
*** SUMMARY ***
Total pot $2 | Rake $0
Seat 3: TinaM206 (button) (small blind) folded before Flop
Seat 4: AzureCaper (big blind) collected ($2)


PokerStars Hand #151479538435:  Hold'em Limit ($3/$6 USD) - 2016/04/05 14:41:00 ET
Table 'Teucer' 6-max Seat #4 is the button
Seat 3: TinaM206 ($101.05 in chips)
Seat 4: AzureCaper ($89.92 in chips)
AzureCaper: posts small blind $1
TinaM206: posts big blind $3
*** HOLE CARDS ***
AzureCaper: raises $3 to $6
TinaM206: raises $3 to $9
AzureCaper: calls $3
*** FLOP *** [9h Th 2c]
TinaM206: bets $3
AzureCaper: calls $3
*** TURN *** [9h Th 2c] [As]
TinaM206: bets $6
AzureCaper: calls $6
*** RIVER *** [9h Th 2c As] [8s]
TinaM206: bets $6
AzureCaper: calls $6
*** SHOW DOWN ***
TinaM206: shows [Qd Ad] (a pair of Aces)
AzureCaper: mucks hand
TinaM206 collected $47.50 from pot
*** SUMMARY ***
Total pot $48 | Rake $0.50
Board [9h Th 2c As 8s]
Seat 3: TinaM206 (big blind) showed [Qd Ad] and won ($47.50) with a pair of Aces
Seat 4: AzureCaper (button) (small blind) mucked


PokerStars Hand #151479529036:  Hold'em Limit ($3/$6 USD) - 2016/04/05 14:40:49 ET
Table 'Teucer' 6-max Seat #3 is the button
Seat 3: TinaM206 ($98.17 in chips)
Seat 4: AzureCaper ($92.92 in chips)
TinaM206: posts small blind $1
AzureCaper: posts big blind $3
*** HOLE CARDS ***
TinaM206: calls $2
AzureCaper: checks
*** FLOP *** [As Qc 3s]
AzureCaper: checks
TinaM206: bets $3
AzureCaper: folds
Uncalled bet ($3) returned to TinaM206
TinaM206 collected $5.88 from pot
*** SUMMARY ***
Total pot $6 | Rake $0.12
Board [As Qc 3s]
Seat 3: TinaM206 (button) (small blind) collected ($5.88)
Seat 4: AzureCaper (big blind) folded on the Flop


PokerStars Hand #151479512065:  Hold'em Limit ($3/$6 USD) - 2016/04/05 14:40:30 ET
Table 'Teucer' 6-max Seat #4 is the button
Seat 3: TinaM206 ($119.17 in chips)
Seat 4: AzureCaper ($72.42 in chips)
AzureCaper: posts small blind $1
TinaM206: posts big blind $3
*** HOLE CARDS ***
AzureCaper: raises $3 to $6
TinaM206: calls $3
*** FLOP *** [Jc Tc Qs]
TinaM206: bets $3
AzureCaper: calls $3
*** TURN *** [Jc Tc Qs] [6s]
TinaM206: checks
AzureCaper: bets $6
TinaM206: calls $6
*** RIVER *** [Jc Tc Qs 6s] [2c]
TinaM206: checks
AzureCaper: bets $6
TinaM206: calls $6
*** SHOW DOWN ***
AzureCaper: shows [8c 9h] (a straight, Eight to Queen)
TinaM206: mucks hand
AzureCaper collected $41.50 from pot
*** SUMMARY ***
Total pot $42 | Rake $0.50
Board [Jc Tc Qs 6s 2c]
Seat 3: TinaM206 (big blind) mucked
Seat 4: AzureCaper (button) (small blind) showed [8c 9h] and won ($41.50) with a straight, Eight to Queen


PokerStars Hand #151479586673:  Hold'em Limit ($3/$6 USD) - 2016/04/05 14:41:53 ET
Table 'Teucer' 6-max Seat #4 is the button
Seat 3: TinaM206 ($135.95 in chips)
Seat 4: AzureCaper ($73 in chips)
AzureCaper: posts small blind $1
TinaM206: posts big blind $3
*** HOLE CARDS ***
AzureCaper: raises $3 to $6
TinaM206: calls $3
*** FLOP *** [9h 5s 6s]
TinaM206: checks
AzureCaper: bets $3
TinaM206: calls $3
*** TURN *** [9h 5s 6s] [5c]
TinaM206: checks
AzureCaper: bets $6
TinaM206: calls $6
*** RIVER *** [9h 5s 6s 5c] [Jd]
TinaM206: checks
AzureCaper: bets $6
TinaM206: folds
Uncalled bet ($6) returned to AzureCaper
AzureCaper collected $29.50 from pot
AzureCaper: doesn't show hand
*** SUMMARY ***
Total pot $30 | Rake $0.50
Board [9h 5s 6s 5c Jd]
Seat 3: TinaM206 (big blind) folded on the River
Seat 4: AzureCaper (button) (small blind) collected ($29.50)


PokerStars Hand #151479582174:  Hold'em Limit ($3/$6 USD) - 2016/04/05 14:41:48 ET
Table 'Teucer' 6-max Seat #3 is the button
Seat 3: TinaM206 ($136.95 in chips)
Seat 4: AzureCaper ($72 in chips)
TinaM206: posts small blind $1
AzureCaper: posts big blind $3
*** HOLE CARDS ***
TinaM206: folds
Uncalled bet ($2) returned to AzureCaper
AzureCaper collected $2 from pot
AzureCaper: doesn't show hand
*** SUMMARY ***
Total pot $2 | Rake $0
Seat 3: TinaM206 (button) (small blind) folded before Flop
Seat 4: AzureCaper (big blind) collected ($2)


PokerStars Hand #151479573343:  Hold'em Limit ($3/$6 USD) - 2016/04/05 14:41:39 ET
Table 'Teucer' 6-max Seat #4 is the button
Seat 3: TinaM206 ($131.19 in chips)
Seat 4: AzureCaper ($73 in chips)
AzureCaper: posts small blind $1
TinaM206: posts big blind $3
*** HOLE CARDS ***
AzureCaper: raises $3 to $6
TinaM206: calls $3
*** FLOP *** [As 6d Ks]
TinaM206: bets $3
AzureCaper: folds
Uncalled bet ($3) returned to TinaM206
TinaM206 collected $11.76 from pot
*** SUMMARY ***
Total pot $12 | Rake $0.24
Board [As 6d Ks]
Seat 3: TinaM206 (big blind) collected ($11.76)
Seat 4: AzureCaper (button) (small blind) folded on the Flop


PokerStars Hand #151479568972:  Hold'em Limit ($3/$6 USD) - 2016/04/05 14:41:34 ET
Table 'Teucer' 6-max Seat #3 is the button
Seat 3: TinaM206 ($132.19 in chips)
Seat 4: AzureCaper ($72 in chips)
TinaM206: posts small blind $1
AzureCaper: posts big blind $3
*** HOLE CARDS ***
TinaM206: folds
Uncalled bet ($2) returned to AzureCaper
AzureCaper collected $2 from pot
AzureCaper: doesn't show hand
*** SUMMARY ***
Total pot $2 | Rake $0
Seat 3: TinaM206 (button) (small blind) folded before Flop
Seat 4: AzureCaper (big blind) collected ($2)


PokerStars Hand #151479673218:  Hold'em Limit ($3/$6 USD) - 2016/04/05 14:43:30 ET
Table 'Teucer' 6-max Seat #3 is the button
Seat 3: TinaM206 ($169.35 in chips)
Seat 4: AzureCaper ($77.76 in chips)
TinaM206: posts small blind $1
AzureCaper: posts big blind $3
*** HOLE CARDS ***
TinaM206: folds
Uncalled bet ($2) returned to AzureCaper
AzureCaper collected $2 from pot
AzureCaper: doesn't show hand
*** SUMMARY ***
Total pot $2 | Rake $0
Seat 3: TinaM206 (button) (small blind) folded before Flop
Seat 4: AzureCaper (big blind) collected ($2)


PokerStars Hand #151479661027:  Hold'em Limit ($3/$6 USD) - 2016/04/05 14:43:16 ET
Table 'Teucer' 6-max Seat #4 is the button
Seat 3: TinaM206 ($175.35 in chips)
Seat 4: AzureCaper ($72 in chips)
AzureCaper: posts small blind $1
TinaM206: posts big blind $3
*** HOLE CARDS ***
AzureCaper: raises $3 to $6
TinaM206: calls $3
*** FLOP *** [7h 5h 2d]
TinaM206: checks
AzureCaper: bets $3
TinaM206: folds
Uncalled bet ($3) returned to AzureCaper
AzureCaper collected $11.76 from pot
AzureCaper: doesn't show hand
*** SUMMARY ***
Total pot $12 | Rake $0.24
Board [7h 5h 2d]
Seat 3: TinaM206 (big blind) folded on the Flop
Seat 4: AzureCaper (button) (small blind) collected ($11.76)


PokerStars Hand #151479653646:  Hold'em Limit ($3/$6 USD) - 2016/04/05 14:43:08 ET
Table 'Teucer' 6-max Seat #3 is the button
Seat 3: TinaM206 ($169.59 in chips)
Seat 4: AzureCaper ($72 in chips)
TinaM206: posts small blind $1
AzureCaper: posts big blind $3
*** HOLE CARDS ***
TinaM206: raises $3 to $6
AzureCaper: calls $3
*** FLOP *** [5s 9s 9c]
AzureCaper: checks
TinaM206: bets $3
AzureCaper: folds
Uncalled bet ($3) returned to TinaM206
TinaM206 collected $11.76 from pot
*** SUMMARY ***
Total pot $12 | Rake $0.24
Board [5s 9s 9c]
Seat 3: TinaM206 (button) (small blind) collected ($11.76)
Seat 4: AzureCaper (big blind) folded on the Flop


PokerStars Hand #151479641629:  Hold'em Limit ($3/$6 USD) - 2016/04/05 14:42:54 ET
Table 'Teucer' 6-max Seat #4 is the button
Seat 3: TinaM206 ($152.09 in chips)
Seat 4: AzureCaper ($73 in chips)
AzureCaper: posts small blind $1
TinaM206: posts big blind $3
*** HOLE CARDS ***
AzureCaper: raises $3 to $6
TinaM206: calls $3
*** FLOP *** [Tc 3c 2d]
TinaM206: bets $3
AzureCaper: raises $3 to $6
TinaM206: calls $3
*** TURN *** [Tc 3c 2d] [2s]
TinaM206: checks
AzureCaper: bets $6
TinaM206: calls $6
*** RIVER *** [Tc 3c 2d 2s] [8s]
TinaM206: checks
AzureCaper: checks
*** SHOW DOWN ***
TinaM206: shows [9d 9s] (two pair, Nines and Deuces)
AzureCaper: mucks hand
TinaM206 collected $35.50 from pot
*** SUMMARY ***
Total pot $36 | Rake $0.50
Board [Tc 3c 2d 2s 8s]
Seat 3: TinaM206 (big blind) showed [9d 9s] and won ($35.50) with two pair, Nines and Deuces
Seat 4: AzureCaper (button) (small blind) mucked


PokerStars Hand #151479637477:  Hold'em Limit ($3/$6 USD) - 2016/04/05 14:42:50 ET
Table 'Teucer' 6-max Seat #3 is the button
Seat 3: TinaM206 ($153.09 in chips)
Seat 4: AzureCaper ($72 in chips)
TinaM206: posts small blind $1
AzureCaper: posts big blind $3
*** HOLE CARDS ***
TinaM206: folds
Uncalled bet ($2) returned to AzureCaper
AzureCaper collected $2 from pot
AzureCaper: doesn't show hand
*** SUMMARY ***
Total pot $2 | Rake $0
Seat 3: TinaM206 (button) (small blind) folded before Flop
Seat 4: AzureCaper (big blind) collected ($2)


PokerStars Hand #151479613381:  Hold'em Limit ($3/$6 USD) - 2016/04/05 14:42:23 ET
Table 'Teucer' 6-max Seat #3 is the button
Seat 3: TinaM206 ($120.95 in chips)
Seat 4: AzureCaper ($87.50 in chips)
TinaM206: posts small blind $1
AzureCaper: posts big blind $3
*** HOLE CARDS ***
TinaM206: raises $3 to $6
AzureCaper: raises $3 to $9
TinaM206: calls $3
*** FLOP *** [7h 3h 7s]
AzureCaper: bets $3
TinaM206: calls $3
*** TURN *** [7h 3h 7s] [Jc]
AzureCaper: bets $6
TinaM206: calls $6
*** RIVER *** [7h 3h 7s Jc] [7c]
AzureCaper: checks
TinaM206: bets $6
AzureCaper: calls $6
*** SHOW DOWN ***
TinaM206: shows [Jd 9s] (a full house, Sevens full of Jacks)
AzureCaper: mucks hand
TinaM206 collected $47.50 from pot
*** SUMMARY ***
Total pot $48 | Rake $0.50
Board [7h 3h 7s Jc 7c]
Seat 3: TinaM206 (button) (small blind) showed [Jd 9s] and won ($47.50) with a full house, Sevens full of Jacks
Seat 4: AzureCaper (big blind) mucked


PokerStars Hand #151479718670:  Hold'em Limit ($3/$6 USD) - 2016/04/05 14:44:20 ET
Table 'Teucer' 6-max Seat #4 is the button
Seat 3: TinaM206 ($138.35 in chips)
Seat 4: AzureCaper ($136.22 in chips)
AzureCaper: posts small blind $1
TinaM206: posts big blind $3
*** HOLE CARDS ***
AzureCaper: raises $3 to $6
TinaM206: calls $3
*** FLOP *** [Jh 5d 4h]
TinaM206: bets $3
AzureCaper: calls $3
*** TURN *** [Jh 5d 4h] [5s]
TinaM206: checks
AzureCaper: bets $6
TinaM206: folds
Uncalled bet ($6) returned to AzureCaper
AzureCaper collected $17.64 from pot
AzureCaper: doesn't show hand
*** SUMMARY ***
Total pot $18 | Rake $0.36
Board [Jh 5d 4h 5s]
Seat 3: TinaM206 (big blind) folded on the Turn
Seat 4: AzureCaper (button) (small blind) collected ($17.64)


PokerStars Hand #151479677153:  Hold'em Limit ($3/$6 USD) - 2016/04/05 14:43:34 ET
Table 'Teucer' 6-max Seat #4 is the button
Seat 3: TinaM206 ($168.35 in chips)
Seat 4: AzureCaper ($78.76 in chips)
AzureCaper: posts small blind $1
TinaM206: posts big blind $3
*** HOLE CARDS ***
AzureCaper: raises $3 to $6
TinaM206: calls $3
*** FLOP *** [8d 2h 2d]
TinaM206: checks
AzureCaper: bets $3
TinaM206: folds
Uncalled bet ($3) returned to AzureCaper
AzureCaper collected $11.76 from pot
AzureCaper: doesn't show hand
*** SUMMARY ***
Total pot $12 | Rake $0.24
Board [8d 2h 2d]
Seat 3: TinaM206 (big blind) folded on the Flop
Seat 4: AzureCaper (button) (small blind) collected ($11.76)


PokerStars Hand #151479685698:  Hold'em Limit ($3/$6 USD) - 2016/04/05 14:43:43 ET
Table 'Teucer' 6-max Seat #3 is the button
Seat 3: TinaM206 ($162.35 in chips)
Seat 4: AzureCaper ($84.52 in chips)
TinaM206: posts small blind $1
AzureCaper: posts big blind $3
*** HOLE CARDS ***
TinaM206: calls $2
AzureCaper: checks
*** FLOP *** [5s 3s 8c]
kabakoo joins the table at seat #6
AzureCaper: checks
TinaM206: bets $3
AzureCaper: calls $3
*** TURN *** [5s 3s 8c] [3h]
AzureCaper: checks
TinaM206: bets $6
AzureCaper: raises $6 to $12
TinaM206: calls $6
*** RIVER *** [5s 3s 8c 3h] [Qd]
AzureCaper: bets $6
TinaM206: calls $6
*** SHOW DOWN ***
AzureCaper: shows [3c Ts] (three of a kind, Threes)
TinaM206: mucks hand
AzureCaper collected $47.50 from pot
*** SUMMARY ***
Total pot $48 | Rake $0.50
Board [5s 3s 8c 3h Qd]
Seat 3: TinaM206 (button) (small blind) mucked
Seat 4: AzureCaper (big blind) showed [3c Ts] and won ($47.50) with three of a kind, Threes


PokerStars Hand #151479730786:  Hold'em Limit ($3/$6 USD) - 2016/04/05 14:44:34 ET
Table 'Teucer' 6-max Seat #3 is the button
Seat 3: TinaM206 ($129.35 in chips)
Seat 4: AzureCaper ($144.86 in chips)
TinaM206: posts small blind $1
AzureCaper: posts big blind $3
*** HOLE CARDS ***
Pelurile joins the table at seat #5
TinaM206: folds
Uncalled bet ($2) returned to AzureCaper
AzureCaper collected $2 from pot
AzureCaper: doesn't show hand
*** SUMMARY ***
Total pot $2 | Rake $0
Seat 3: TinaM206 (button) (small blind) folded before Flop
Seat 4: AzureCaper (big blind) collected ($2)


PokerStars Hand #151480790740:  Hold'em Limit ($3/$6 USD) - 2016/04/05 15:05:27 ET
Table 'Teucer' 6-max Seat #4 is the button
Seat 3: TinaM206 ($100 in chips)
Seat 4: AzureCaper ($147.04 in chips)
AzureCaper: posts small blind $1
TinaM206: posts big blind $3
*** HOLE CARDS ***
AzureCaper: folds
Uncalled bet ($2) returned to TinaM206
TinaM206 collected $2 from pot
*** SUMMARY ***
Total pot $2 | Rake $0
Seat 3: TinaM206 (big blind) collected ($2)
Seat 4: AzureCaper (button) (small blind) folded before Flop


PokerStars Hand #151480823640:  Hold'em Limit ($3/$6 USD) - 2016/04/05 15:06:02 ET
Table 'Teucer' 6-max Seat #4 is the button
Seat 3: TinaM206 ($98.88 in chips)
Seat 4: AzureCaper ($147.80 in chips)
AzureCaper: posts small blind $1
Pelurile was removed from the table for failing to post
TinaM206: posts big blind $3
*** HOLE CARDS ***
AzureCaper: folds
Uncalled bet ($2) returned to TinaM206
TinaM206 collected $2 from pot
*** SUMMARY ***
Total pot $2 | Rake $0
Seat 3: TinaM206 (big blind) collected ($2)
Seat 4: AzureCaper (button) (small blind) folded before Flop


PokerStars Hand #151480813985:  Hold'em Limit ($3/$6 USD) - 2016/04/05 15:05:52 ET
Table 'Teucer' 6-max Seat #3 is the button
Seat 3: TinaM206 ($104.88 in chips)
Seat 4: AzureCaper ($142.04 in chips)
TinaM206: posts small blind $1
AzureCaper: posts big blind $3
*** HOLE CARDS ***
TinaM206: calls $2
AzureCaper: raises $3 to $6
TinaM206: calls $3
*** FLOP *** [4h 4d 9h]
AzureCaper: bets $3
TinaM206: folds
Uncalled bet ($3) returned to AzureCaper
AzureCaper collected $11.76 from pot
AzureCaper: doesn't show hand
*** SUMMARY ***
Total pot $12 | Rake $0.24
Board [4h 4d 9h]
Seat 3: TinaM206 (button) (small blind) folded on the Flop
Seat 4: AzureCaper (big blind) collected ($11.76)


PokerStars Hand #151480809902:  Hold'em Limit ($3/$6 USD) - 2016/04/05 15:05:48 ET
Table 'Teucer' 6-max Seat #4 is the button
Seat 3: TinaM206 ($103.88 in chips)
Seat 4: AzureCaper ($143.04 in chips)
AzureCaper: posts small blind $1
TinaM206: posts big blind $3
*** HOLE CARDS ***
AzureCaper: folds
Uncalled bet ($2) returned to TinaM206
TinaM206 collected $2 from pot
*** SUMMARY ***
Total pot $2 | Rake $0
Seat 3: TinaM206 (big blind) collected ($2)
Seat 4: AzureCaper (button) (small blind) folded before Flop


PokerStars Hand #151480795819:  Hold'em Limit ($3/$6 USD) - 2016/04/05 15:05:32 ET
Table 'Teucer' 6-max Seat #3 is the button
Seat 3: TinaM206 ($101 in chips)
Seat 4: AzureCaper ($146.04 in chips)
TinaM206: posts small blind $1
AzureCaper: posts big blind $3
*** HOLE CARDS ***
vladal 888 leaves the table
TinaM206: calls $2
AzureCaper: checks
*** FLOP *** [Kd 2h 7d]
AzureCaper: checks
TinaM206: bets $3
AzureCaper: folds
Uncalled bet ($3) returned to TinaM206
TinaM206 collected $5.88 from pot
*** SUMMARY ***
Total pot $6 | Rake $0.12
Board [Kd 2h 7d]
Seat 3: TinaM206 (button) (small blind) collected ($5.88)
Seat 4: AzureCaper (big blind) folded on the Flop


PokerStars Hand #151480827862:  Hold'em Limit ($3/$6 USD) - 2016/04/05 15:06:07 ET
Table 'Teucer' 6-max Seat #3 is the button
Seat 3: TinaM206 ($99.88 in chips)
Seat 4: AzureCaper ($146.80 in chips)
TinaM206: posts small blind $1
AzureCaper: posts big blind $3
*** HOLE CARDS ***
TinaM206: calls $2
AzureCaper: checks
*** FLOP *** [Jh 4s 6h]
szczeros5 joins the table at seat #6
AzureCaper: checks
TinaM206: bets $3
AzureCaper: folds
Uncalled bet ($3) returned to TinaM206
TinaM206 collected $5.88 from pot
*** SUMMARY ***
Total pot $6 | Rake $0.12
Board [Jh 4s 6h]
Seat 3: TinaM206 (button) (small blind) collected ($5.88)
Seat 4: AzureCaper (big blind) folded on the Flop


