PokerStars Hand #155877886025:  Hold'em Limit ($3/$6 USD) - 2016/07/12 11:00:49 ET
Table 'Teucer' 6-max Seat #2 is the button
Seat 1: Slava1786 ($89.24 in chips)
Seat 2: B_loJkl ($129 in chips)
B_loJkl: posts small blind $1
TbIP-TbIP 88: is sitting out
Ale4o: is sitting out
Great_Kang: is sitting out
Slava1786: posts big blind $3
*** HOLE CARDS ***
Ale4o leaves the table
B_loJkl: folds
Uncalled bet ($2) returned to Slava1786
TbIP-TbIP 88 leaves the table
Slava1786 collected $2 from pot
Slava1786: doesn't show hand
*** SUMMARY ***
Total pot $2 | Rake $0
Seat 1: Slava1786 (big blind) collected ($2)
Seat 2: B_loJkl (button) (small blind) folded before Flop


PokerStars Hand #155877889324:  Hold'em Limit ($3/$6 USD) - 2016/07/12 11:00:55 ET
Table 'Teucer' 6-max Seat #1 is the button
Seat 1: Slava1786 ($90.24 in chips)
Seat 2: B_loJkl ($128 in chips)
Slava1786: posts small blind $1
B_loJkl: posts big blind $3
*** HOLE CARDS ***
Slava1786: calls $2
B_loJkl: checks
*** FLOP *** [8d Ah 2c]
B_loJkl: bets $3
Slava1786: folds
Uncalled bet ($3) returned to B_loJkl
B_loJkl collected $5.88 from pot
B_loJkl: doesn't show hand
*** SUMMARY ***
Total pot $6 | Rake $0.12
Board [8d Ah 2c]
Seat 1: Slava1786 (button) (small blind) folded on the Flop
Seat 2: B_loJkl (big blind) collected ($5.88)


PokerStars Hand #155877897366:  Hold'em Limit ($3/$6 USD) - 2016/07/12 11:01:10 ET
Table 'Teucer' 6-max Seat #2 is the button
Seat 1: Slava1786 ($87.24 in chips)
Seat 2: B_loJkl ($130.88 in chips)
B_loJkl: posts small blind $1
Slava1786: posts big blind $3
*** HOLE CARDS ***
B_loJkl: raises $3 to $6
Slava1786: calls $3
*** FLOP *** [7s Kc 4s]
Slava1786: bets $3
B_loJkl: calls $3
*** TURN *** [7s Kc 4s] [9s]
Slava1786: checks
B_loJkl: bets $6
Slava1786: calls $6
*** RIVER *** [7s Kc 4s 9s] [4c]
Slava1786: checks
B_loJkl: bets $6
Slava1786: folds
Uncalled bet ($6) returned to B_loJkl
B_loJkl collected $29.50 from pot
B_loJkl: doesn't show hand
*** SUMMARY ***
Total pot $30 | Rake $0.50
Board [7s Kc 4s 9s 4c]
Seat 1: Slava1786 (big blind) folded on the River
Seat 2: B_loJkl (button) (small blind) collected ($29.50)


PokerStars Hand #155877922428:  Hold'em Limit ($3/$6 USD) - 2016/07/12 11:01:55 ET
Table 'Teucer' 6-max Seat #1 is the button
Seat 1: Slava1786 ($72.24 in chips)
Seat 2: B_loJkl ($145.38 in chips)
Slava1786: posts small blind $1
B_loJkl: posts big blind $3
*** HOLE CARDS ***
Slava1786: calls $2
B_loJkl: raises $3 to $6
Slava1786: calls $3
*** FLOP *** [Kh Td Ac]
B_loJkl: bets $3
Slava1786: folds
Uncalled bet ($3) returned to B_loJkl
B_loJkl collected $11.76 from pot
B_loJkl: doesn't show hand
*** SUMMARY ***
Total pot $12 | Rake $0.24
Board [Kh Td Ac]
Seat 1: Slava1786 (button) (small blind) folded on the Flop
Seat 2: B_loJkl (big blind) collected ($11.76)


PokerStars Hand #155878045297:  Hold'em Limit ($3/$6 USD) - 2016/07/12 11:05:33 ET
Table 'Teucer' 6-max Seat #2 is the button
Seat 2: B_loJkl ($154.13 in chips)
Seat 6: Great_Kang ($134.35 in chips)
B_loJkl: posts small blind $1
Great_Kang: posts big blind $3
*** HOLE CARDS ***
B_loJkl: raises $3 to $6
Great_Kang: calls $3
*** FLOP *** [Jh Ks 4h]
Slava1786 leaves the table
Great_Kang: checks
B_loJkl: bets $3
Great_Kang: folds
Uncalled bet ($3) returned to B_loJkl
B_loJkl collected $11.76 from pot
B_loJkl: doesn't show hand
*** SUMMARY ***
Total pot $12 | Rake $0.24
Board [Jh Ks 4h]
Seat 2: B_loJkl (button) (small blind) collected ($11.76)
Seat 6: Great_Kang (big blind) folded on the Flop


