PokerStars Hand #172503842994:  Hold'em Limit ($3/$6 USD) - 2017/07/02 7:27:32 ET
Table 'Teutonia' 6-max Seat #3 is the button
Seat 3: Rus29APX ($120 in chips)
Seat 4: fwilliams007 ($103 in chips)
Rus29APX: posts small blind $1
fwilliams007: posts big blind $3
*** HOLE CARDS ***
Rus29APX: raises $3 to $6
fwilliams007: calls $3
*** FLOP *** [3s 5h 5d]
fwilliams007: checks
Rus29APX: bets $3
fwilliams007: folds
Uncalled bet ($3) returned to Rus29APX
Rus29APX collected $11.76 from pot
Rus29APX: doesn't show hand
*** SUMMARY ***
Total pot $12 | Rake $0.24
Board [3s 5h 5d]
Seat 3: Rus29APX (button) (small blind) collected ($11.76)
Seat 4: fwilliams007 (big blind) folded on the Flop


PokerStars Hand #172503871816:  Hold'em Limit ($3/$6 USD) - 2017/07/02 7:28:33 ET
Table 'Teutonia' 6-max Seat #3 is the button
Seat 3: Rus29APX ($104.76 in chips)
Seat 4: fwilliams007 ($117.50 in chips)
Rus29APX: posts small blind $1
fwilliams007: posts big blind $3
*** HOLE CARDS ***
Rus29APX: raises $3 to $6
fwilliams007: folds
Uncalled bet ($3) returned to Rus29APX
Rus29APX collected $6 from pot
Rus29APX: doesn't show hand
*** SUMMARY ***
Total pot $6 | Rake $0
Seat 3: Rus29APX (button) (small blind) collected ($6)
Seat 4: fwilliams007 (big blind) folded before Flop


PokerStars Hand #172503855389:  Hold'em Limit ($3/$6 USD) - 2017/07/02 7:27:58 ET
Table 'Teutonia' 6-max Seat #4 is the button
Seat 3: Rus29APX ($125.76 in chips)
Seat 4: fwilliams007 ($97 in chips)
fwilliams007: posts small blind $1
Rus29APX: posts big blind $3
*** HOLE CARDS ***
fwilliams007: raises $3 to $6
Rus29APX: calls $3
*** FLOP *** [2h 2d Qd]
Rus29APX: checks
fwilliams007: bets $3
Rus29APX: calls $3
*** TURN *** [2h 2d Qd] [5h]
Rus29APX: checks
fwilliams007: bets $6
Rus29APX: calls $6
*** RIVER *** [2h 2d Qd 5h] [6d]
Rus29APX: checks
fwilliams007: bets $6
Whatze Phuck joins the table at seat #5
Rus29APX: calls $6
*** SHOW DOWN ***
fwilliams007: shows [9s 9c] (two pair, Nines and Deuces)
Rus29APX: mucks hand
fwilliams007 collected $41.50 from pot
*** SUMMARY ***
Total pot $42 | Rake $0.50
Board [2h 2d Qd 5h 6d]
Seat 3: Rus29APX (big blind) mucked
Seat 4: fwilliams007 (button) (small blind) showed [9s 9c] and won ($41.50) with two pair, Nines and Deuces


