PokerStars Hand #169673836231:  Hold'em Limit ($3/$6 USD) - 2017/04/28 12:01:51 ET
Table 'Teutonia' 6-max Seat #3 is the button
Seat 3: kimevel1 ($96 in chips)
Seat 4: TbIP-TbIP 88 ($72 in chips)
kimevel1: posts small blind $1
TbIP-TbIP 88: posts big blind $3
*** HOLE CARDS ***
kimevel1: raises $3 to $6
vestimokrec joins the table at seat #5
TbIP-TbIP 88: folds
Uncalled bet ($3) returned to kimevel1
kimevel1 collected $6 from pot
kimevel1: doesn't show hand
*** SUMMARY ***
Total pot $6 | Rake $0
Seat 3: kimevel1 (button) (small blind) collected ($6)
Seat 4: TbIP-TbIP 88 (big blind) folded before Flop


PokerStars Hand #169674936020:  Hold'em Limit ($3/$6 USD) - 2017/04/28 12:29:13 ET
Table 'Teutonia' 6-max Seat #6 is the button
Seat 1: B_loJkl ($127.41 in chips)
Seat 6: conanboy ($46.68 in chips)
conanboy: posts small blind $1
B_loJkl: posts big blind $3
*** HOLE CARDS ***
conanboy: raises $3 to $6
B_loJkl: folds
Uncalled bet ($3) returned to conanboy
conanboy collected $6 from pot
conanboy: doesn't show hand
*** SUMMARY ***
Total pot $6 | Rake $0
Seat 1: B_loJkl (big blind) folded before Flop
Seat 6: conanboy (button) (small blind) collected ($6)


PokerStars Hand #169674909122:  Hold'em Limit ($3/$6 USD) - 2017/04/28 12:28:33 ET
Table 'Teutonia' 6-max Seat #1 is the button
Seat 1: B_loJkl ($151 in chips)
Seat 6: conanboy ($23.59 in chips)
B_loJkl: posts small blind $1
TbIP-TbIP 88: is sitting out
conanboy: posts big blind $3
*** HOLE CARDS ***
B_loJkl: raises $3 to $6
conanboy: calls $3
*** FLOP *** [Ac 4h 6s]
conanboy: checks
B_loJkl: bets $3
conanboy: raises $3 to $6
B_loJkl: calls $3
*** TURN *** [Ac 4h 6s] [5s]
conanboy: bets $6
B_loJkl: raises $6 to $12
conanboy: calls $5.59 and is all-in
Uncalled bet ($0.41) returned to B_loJkl
*** RIVER *** [Ac 4h 6s 5s] [Qh]
*** SHOW DOWN ***
conanboy: shows [7h 8c] (a straight, Four to Eight)
B_loJkl: shows [Ah 2d] (a pair of Aces)
conanboy collected $46.68 from pot
*** SUMMARY ***
Total pot $47.18 | Rake $0.50
Board [Ac 4h 6s 5s Qh]
Seat 1: B_loJkl (button) (small blind) showed [Ah 2d] and lost with a pair of Aces
Seat 6: conanboy (big blind) showed [7h 8c] and won ($46.68) with a straight, Four to Eight


PokerStars Hand #169676075440:  Hold'em Limit ($3/$6 USD) - 2017/04/28 12:57:26 ET
Table 'Teutonia' 6-max Seat #6 is the button
Seat 4: Qvidde ($108 in chips)
Seat 6: conanboy ($251.84 in chips)
conanboy: posts small blind $1
B_loJkl: is sitting out
Qvidde: posts big blind $3
*** HOLE CARDS ***
conanboy: raises $3 to $6
Qvidde: calls $3
*** FLOP *** [Qd Ad 4c]
Qvidde: checks
conanboy: bets $3
Qvidde: raises $3 to $6
conanboy: folds
Uncalled bet ($3) returned to Qvidde
Qvidde collected $17.64 from pot
Qvidde: doesn't show hand
*** SUMMARY ***
Total pot $18 | Rake $0.36
Board [Qd Ad 4c]
Seat 4: Qvidde (big blind) collected ($17.64)
Seat 6: conanboy (button) (small blind) folded on the Flop


PokerStars Hand #169676112148:  Hold'em Limit ($3/$6 USD) - 2017/04/28 12:58:29 ET
Table 'Teutonia' 6-max Seat #4 is the button
Seat 4: Qvidde ($116.64 in chips)
Seat 6: conanboy ($242.84 in chips)
Qvidde: posts small blind $1
conanboy: posts big blind $3
*** HOLE CARDS ***
B_loJkl leaves the table
Qvidde: raises $3 to $6
conanboy: calls $3
*** FLOP *** [Ah 9h 3h]
conanboy: checks
Qvidde: bets $3
conanboy: raises $3 to $6
TbIP-TbIP 88 joins the table at seat #1
Qvidde: calls $3
*** TURN *** [Ah 9h 3h] [7c]
conanboy: bets $6
Qvidde: calls $6
*** RIVER *** [Ah 9h 3h 7c] [Kh]
conanboy: bets $6
Qvidde: calls $6
*** SHOW DOWN ***
conanboy: shows [9d 6c] (a pair of Nines)
Qvidde: shows [Kd 3d] (two pair, Kings and Threes)
Qvidde collected $47.50 from pot
*** SUMMARY ***
Total pot $48 | Rake $0.50
Board [Ah 9h 3h 7c Kh]
Seat 4: Qvidde (button) (small blind) showed [Kd 3d] and won ($47.50) with two pair, Kings and Threes
Seat 6: conanboy (big blind) showed [9d 6c] and lost with a pair of Nines


PokerStars Hand #169682625969:  Hold'em Limit ($3/$6 USD) - 2017/04/28 15:22:50 ET
Table 'Teutonia' 6-max Seat #2 is the button
Seat 2: ToDaFelt ($146.59 in chips)
Seat 6: conanboy ($176.06 in chips)
ToDaFelt: posts small blind $1
Qvidde: is sitting out
conanboy: posts big blind $3
*** HOLE CARDS ***
Qvidde leaves the table
ToDaFelt: raises $3 to $6
conanboy: folds
Uncalled bet ($3) returned to ToDaFelt
ToDaFelt collected $6 from pot
ToDaFelt: doesn't show hand
*** SUMMARY ***
Total pot $6 | Rake $0
Seat 2: ToDaFelt (button) (small blind) collected ($6)
Seat 6: conanboy (big blind) folded before Flop


