PokerStars Hand #159494070591:  Hold'em Limit ($3/$6 USD) - 2016/10/04 23:43:02 ET
Table 'Teutonia' 6-max Seat #1 is the button
Seat 1: ChinaBoy420 ($239.30 in chips)
Seat 6: smellyrat777 ($190.75 in chips)
ChinaBoy420: posts small blind $1
HAL9QQQ: is sitting out
smellyrat777: posts big blind $3
*** HOLE CARDS ***
ChinaBoy420: folds
Uncalled bet ($2) returned to smellyrat777
smellyrat777 collected $2 from pot
smellyrat777: doesn't show hand
*** SUMMARY ***
Total pot $2 | Rake $0
Seat 1: ChinaBoy420 (button) (small blind) folded before Flop
Seat 6: smellyrat777 (big blind) collected ($2)


PokerStars Hand #159494071992:  Hold'em Limit ($3/$6 USD) - 2016/10/04 23:43:07 ET
Table 'Teutonia' 6-max Seat #6 is the button
Seat 1: ChinaBoy420 ($238.30 in chips)
Seat 6: smellyrat777 ($191.75 in chips)
smellyrat777: posts small blind $1
ChinaBoy420: posts big blind $3
*** HOLE CARDS ***
smellyrat777: folds
Uncalled bet ($2) returned to ChinaBoy420
ChinaBoy420 collected $2 from pot
ChinaBoy420: doesn't show hand
*** SUMMARY ***
Total pot $2 | Rake $0
Seat 1: ChinaBoy420 (big blind) collected ($2)
Seat 6: smellyrat777 (button) (small blind) folded before Flop


PokerStars Hand #159494080554:  Hold'em Limit ($3/$6 USD) - 2016/10/04 23:43:40 ET
Table 'Teutonia' 6-max Seat #6 is the button
Seat 1: ChinaBoy420 ($247.94 in chips)
Seat 6: smellyrat777 ($181.75 in chips)
smellyrat777: posts small blind $1
ChinaBoy420: posts big blind $3
*** HOLE CARDS ***
smellyrat777: folds
Uncalled bet ($2) returned to ChinaBoy420
ChinaBoy420 collected $2 from pot
ChinaBoy420: doesn't show hand
*** SUMMARY ***
Total pot $2 | Rake $0
Seat 1: ChinaBoy420 (big blind) collected ($2)
Seat 6: smellyrat777 (button) (small blind) folded before Flop


PokerStars Hand #159494073456:  Hold'em Limit ($3/$6 USD) - 2016/10/04 23:43:13 ET
Table 'Teutonia' 6-max Seat #1 is the button
Seat 1: ChinaBoy420 ($239.30 in chips)
Seat 6: smellyrat777 ($190.75 in chips)
ChinaBoy420: posts small blind $1
smellyrat777: posts big blind $3
*** HOLE CARDS ***
ChinaBoy420: raises $3 to $6
smellyrat777: calls $3
*** FLOP *** [Td 9c Kh]
smellyrat777: checks
ChinaBoy420: bets $3
smellyrat777: calls $3
*** TURN *** [Td 9c Kh] [Ac]
smellyrat777: checks
ChinaBoy420: checks
*** RIVER *** [Td 9c Kh Ac] [6d]
smellyrat777: checks
ChinaBoy420: bets $6
smellyrat777: folds
Uncalled bet ($6) returned to ChinaBoy420
ChinaBoy420 collected $17.64 from pot
*** SUMMARY ***
Total pot $18 | Rake $0.36
Board [Td 9c Kh Ac 6d]
Seat 1: ChinaBoy420 (button) (small blind) collected ($17.64)
Seat 6: smellyrat777 (big blind) folded on the River


