PokerStars Hand #170000733968:  Hold'em Limit ($3/$6 USD) - 2017/05/05 16:10:06 ET
Table 'Tezcatlipoca' 6-max Seat #5 is the button
Seat 1: Z435A791B ($163.66 in chips)
Seat 5: GoliafUa ($117 in chips)
GoliafUa: posts small blind $1
Z435A791B: posts big blind $3
*** HOLE CARDS ***
GoliafUa: raises $3 to $6
Z435A791B: calls $3
*** FLOP *** [Th 6d 2c]
Z435A791B: checks
GoliafUa: bets $3
Z435A791B: calls $3
*** TURN *** [Th 6d 2c] [3c]
Z435A791B: checks
GoliafUa: bets $6
Chessnok joins the table at seat #2
Z435A791B: calls $6
*** RIVER *** [Th 6d 2c 3c] [7d]
Z435A791B: checks
GoliafUa: bets $6
Z435A791B: folds
Uncalled bet ($6) returned to GoliafUa
GoliafUa collected $29.50 from pot
GoliafUa: doesn't show hand
*** SUMMARY ***
Total pot $30 | Rake $0.50
Board [Th 6d 2c 3c 7d]
Seat 1: Z435A791B (big blind) folded on the River
Seat 5: GoliafUa (button) (small blind) collected ($29.50)


PokerStars Hand #170000905254:  Hold'em Limit ($3/$6 USD) - 2017/05/05 16:13:22 ET
Table 'Tezcatlipoca' 6-max Seat #2 is the button
Seat 1: Z435A791B ($139.77 in chips)
Seat 2: Chessnok ($111.30 in chips)
Chessnok: posts small blind $1
GoliafUa: is sitting out
Z435A791B: posts big blind $3
*** HOLE CARDS ***
Chessnok: folds
Uncalled bet ($2) returned to Z435A791B
Z435A791B collected $2 from pot
Z435A791B: doesn't show hand
*** SUMMARY ***
Total pot $2 | Rake $0
Seat 1: Z435A791B (big blind) collected ($2)
Seat 2: Chessnok (button) (small blind) folded before Flop


PokerStars Hand #170000962582:  Hold'em Limit ($3/$6 USD) - 2017/05/05 16:14:28 ET
Table 'Tezcatlipoca' 6-max Seat #2 is the button
Seat 1: Z435A791B ($175.27 in chips)
Seat 2: Chessnok ($75.06 in chips)
Chessnok: posts small blind $1
Z435A791B: posts big blind $3
*** HOLE CARDS ***
Chessnok: raises $3 to $6
Z435A791B: calls $3
*** FLOP *** [7d Jc 6d]
Z435A791B: checks
Chessnok: bets $3
Z435A791B: calls $3
*** TURN *** [7d Jc 6d] [As]
Z435A791B: checks
Chessnok: checks
*** RIVER *** [7d Jc 6d As] [Kh]
Z435A791B: bets $6
Chessnok: calls $6
*** SHOW DOWN ***
Z435A791B: shows [7h 3s] (a pair of Sevens)
Chessnok: mucks hand
Z435A791B collected $29.50 from pot
*** SUMMARY ***
Total pot $30 | Rake $0.50
Board [7d Jc 6d As Kh]
Seat 1: Z435A791B (big blind) showed [7h 3s] and won ($29.50) with a pair of Sevens
Seat 2: Chessnok (button) (small blind) mucked


PokerStars Hand #170000910434:  Hold'em Limit ($3/$6 USD) - 2017/05/05 16:13:28 ET
Table 'Tezcatlipoca' 6-max Seat #1 is the button
Seat 1: Z435A791B ($140.77 in chips)
Seat 2: Chessnok ($110.30 in chips)
Z435A791B: posts small blind $1
Chessnok: posts big blind $3
*** HOLE CARDS ***
Z435A791B: raises $3 to $6
Chessnok: calls $3
*** FLOP *** [3d Th 7h]
Chessnok: checks
Z435A791B: bets $3
Chessnok: raises $3 to $6
Z435A791B: raises $3 to $9
Chessnok: raises $3 to $12
Betting is capped
Z435A791B: calls $3
*** TURN *** [3d Th 7h] [2d]
Chessnok: bets $6
Z435A791B: raises $6 to $12
Chessnok: raises $6 to $18
Z435A791B: calls $6
*** RIVER *** [3d Th 7h 2d] [9d]
Chessnok: bets $6
Z435A791B: calls $6
*** SHOW DOWN ***
Chessnok: shows [Ts 7c] (two pair, Tens and Sevens)
Z435A791B: shows [3s 3c] (three of a kind, Threes)
Z435A791B collected $83.50 from pot
*** SUMMARY ***
Total pot $84 | Rake $0.50
Board [3d Th 7h 2d 9d]
Seat 1: Z435A791B (button) (small blind) showed [3s 3c] and won ($83.50) with three of a kind, Threes
Seat 2: Chessnok (big blind) showed [Ts 7c] and lost with two pair, Tens and Sevens


PokerStars Hand #170000945512:  Hold'em Limit ($3/$6 USD) - 2017/05/05 16:14:08 ET
Table 'Tezcatlipoca' 6-max Seat #2 is the button
Seat 1: Z435A791B ($182.27 in chips)
Seat 2: Chessnok ($68.30 in chips)
Chessnok: posts small blind $1
Z435A791B: posts big blind $3
*** HOLE CARDS ***
Chessnok: raises $3 to $6
Z435A791B: calls $3
*** FLOP *** [2d 9c Tc]
Z435A791B: checks
Chessnok: bets $3
Z435A791B: folds
Uncalled bet ($3) returned to Chessnok
Chessnok collected $11.76 from pot
Chessnok: doesn't show hand
*** SUMMARY ***
Total pot $12 | Rake $0.24
Board [2d 9c Tc]
Seat 1: Z435A791B (big blind) folded on the Flop
Seat 2: Chessnok (button) (small blind) collected ($11.76)


PokerStars Hand #170000958424:  Hold'em Limit ($3/$6 USD) - 2017/05/05 16:14:23 ET
Table 'Tezcatlipoca' 6-max Seat #1 is the button
Seat 1: Z435A791B ($176.27 in chips)
Seat 2: Chessnok ($74.06 in chips)
Z435A791B: posts small blind $1
Chessnok: posts big blind $3
*** HOLE CARDS ***
Z435A791B: folds
Uncalled bet ($2) returned to Chessnok
Chessnok collected $2 from pot
Chessnok: doesn't show hand
*** SUMMARY ***
Total pot $2 | Rake $0
Seat 1: Z435A791B (button) (small blind) folded before Flop
Seat 2: Chessnok (big blind) collected ($2)


PokerStars Hand #170000998741:  Hold'em Limit ($3/$6 USD) - 2017/05/05 16:15:09 ET
Table 'Tezcatlipoca' 6-max Seat #2 is the button
Seat 1: Z435A791B ($150.77 in chips)
Seat 2: Chessnok ($98.56 in chips)
Chessnok: posts small blind $1
Z435A791B: posts big blind $3
*** HOLE CARDS ***
Chessnok: folds
Uncalled bet ($2) returned to Z435A791B
Z435A791B collected $2 from pot
*** SUMMARY ***
Total pot $2 | Rake $0
Seat 1: Z435A791B (big blind) collected ($2)
Seat 2: Chessnok (button) (small blind) folded before Flop


PokerStars Hand #170001010574:  Hold'em Limit ($3/$6 USD) - 2017/05/05 16:15:23 ET
Table 'Tezcatlipoca' 6-max Seat #2 is the button
Seat 1: Z435A791B ($145.77 in chips)
Seat 2: Chessnok ($103.32 in chips)
Chessnok: posts small blind $1
Z435A791B: posts big blind $3
*** HOLE CARDS ***
Chessnok: raises $3 to $6
Z435A791B: calls $3
*** FLOP *** [8s 9h Qh]
Z435A791B: checks
Chessnok: bets $3
Z435A791B: calls $3
*** TURN *** [8s 9h Qh] [2h]
Z435A791B: checks
Chessnok: bets $6
Z435A791B: folds
Uncalled bet ($6) returned to Chessnok
Chessnok collected $17.64 from pot
Chessnok: doesn't show hand
*** SUMMARY ***
Total pot $18 | Rake $0.36
Board [8s 9h Qh 2h]
Seat 1: Z435A791B (big blind) folded on the Turn
Seat 2: Chessnok (button) (small blind) collected ($17.64)


PokerStars Hand #170000977650:  Hold'em Limit ($3/$6 USD) - 2017/05/05 16:14:45 ET
Table 'Tezcatlipoca' 6-max Seat #1 is the button
Seat 1: Z435A791B ($189.77 in chips)
Seat 2: Chessnok ($60.06 in chips)
Z435A791B: posts small blind $1
Chessnok: posts big blind $3
*** HOLE CARDS ***
Z435A791B: calls $2
Chessnok: raises $3 to $6
Z435A791B: calls $3
*** FLOP *** [5h 4c Jd]
Chessnok: bets $3
Z435A791B: calls $3
*** TURN *** [5h 4c Jd] [3s]
Chessnok: bets $6
Z435A791B: calls $6
*** RIVER *** [5h 4c Jd 3s] [2d]
Chessnok: bets $6
Z435A791B: raises $6 to $12
Chessnok: raises $6 to $18
Z435A791B: raises $6 to $24
Betting is capped
Chessnok: calls $6
*** SHOW DOWN ***
Z435A791B: shows [Ah 4d] (a straight, Ace to Five)
Chessnok: shows [Qd 6s] (a straight, Deuce to Six)
Chessnok collected $77.50 from pot
*** SUMMARY ***
Total pot $78 | Rake $0.50
Board [5h 4c Jd 3s 2d]
Seat 1: Z435A791B (button) (small blind) showed [Ah 4d] and lost with a straight, Ace to Five
Seat 2: Chessnok (big blind) showed [Qd 6s] and won ($77.50) with a straight, Deuce to Six


PokerStars Hand #170001002237:  Hold'em Limit ($3/$6 USD) - 2017/05/05 16:15:13 ET
Table 'Tezcatlipoca' 6-max Seat #1 is the button
Seat 1: Z435A791B ($151.77 in chips)
Seat 2: Chessnok ($97.56 in chips)
Z435A791B: posts small blind $1
Chessnok: posts big blind $3
*** HOLE CARDS ***
Z435A791B: calls $2
Chessnok: raises $3 to $6
Z435A791B: calls $3
*** FLOP *** [5c Qd 9s]
Chessnok: bets $3
Z435A791B: folds
Uncalled bet ($3) returned to Chessnok
Chessnok collected $11.76 from pot
Chessnok: doesn't show hand
*** SUMMARY ***
Total pot $12 | Rake $0.24
Board [5c Qd 9s]
Seat 1: Z435A791B (button) (small blind) folded on the Flop
Seat 2: Chessnok (big blind) collected ($11.76)


PokerStars Hand #170001058425:  Hold'em Limit ($3/$6 USD) - 2017/05/05 16:16:17 ET
Table 'Tezcatlipoca' 6-max Seat #2 is the button
Seat 1: Z435A791B ($160.27 in chips)
Seat 2: Chessnok ($87.96 in chips)
Chessnok: posts small blind $1
Z435A791B: posts big blind $3
*** HOLE CARDS ***
hairy1961 joins the table at seat #4
Chessnok: folds
Uncalled bet ($2) returned to Z435A791B
Z435A791B collected $2 from pot
Z435A791B: doesn't show hand
*** SUMMARY ***
Total pot $2 | Rake $0
Seat 1: Z435A791B (big blind) collected ($2)
Seat 2: Chessnok (button) (small blind) folded before Flop


PokerStars Hand #170001027714:  Hold'em Limit ($3/$6 USD) - 2017/05/05 16:15:43 ET
Table 'Tezcatlipoca' 6-max Seat #1 is the button
Seat 1: Z435A791B ($136.77 in chips)
Seat 2: Chessnok ($111.96 in chips)
Z435A791B: posts small blind $1
Chessnok: posts big blind $3
*** HOLE CARDS ***
Z435A791B: calls $2
Chessnok: raises $3 to $6
Z435A791B: calls $3
*** FLOP *** [2s 9h 8h]
Chessnok: checks
Z435A791B: checks
*** TURN *** [2s 9h 8h] [5s]
Chessnok: checks
Z435A791B: bets $6
Chessnok: calls $6
*** RIVER *** [2s 9h 8h 5s] [7c]
Chessnok: bets $6
Z435A791B: raises $6 to $12
Chessnok: calls $6
*** SHOW DOWN ***
Z435A791B: shows [6d Tc] (a straight, Six to Ten)
Chessnok: mucks hand
Z435A791B collected $47.50 from pot
*** SUMMARY ***
Total pot $48 | Rake $0.50
Board [2s 9h 8h 5s 7c]
Seat 1: Z435A791B (button) (small blind) showed [6d Tc] and won ($47.50) with a straight, Six to Ten
Seat 2: Chessnok (big blind) mucked


PokerStars Hand #170001062893:  Hold'em Limit ($3/$6 USD) - 2017/05/05 16:16:22 ET
Table 'Tezcatlipoca' 6-max Seat #1 is the button
Seat 1: Z435A791B ($161.27 in chips)
Seat 2: Chessnok ($86.96 in chips)
Z435A791B: posts small blind $1
Chessnok: posts big blind $3
*** HOLE CARDS ***
Z435A791B: calls $2
Chessnok: checks
*** FLOP *** [4h 2s 9h]
Chessnok: checks
Z435A791B: bets $3
Chessnok: raises $3 to $6
Z435A791B: calls $3
*** TURN *** [4h 2s 9h] [Js]
Chessnok: bets $6
Z435A791B: calls $6
*** RIVER *** [4h 2s 9h Js] [4c]
Chessnok: bets $6
Z435A791B: calls $6
*** SHOW DOWN ***
Chessnok: shows [3c 5s] (a pair of Fours)
Z435A791B: shows [7s 9s] (two pair, Nines and Fours)
Z435A791B collected $41.50 from pot
*** SUMMARY ***
Total pot $42 | Rake $0.50
Board [4h 2s 9h Js 4c]
Seat 1: Z435A791B (button) (small blind) showed [7s 9s] and won ($41.50) with two pair, Nines and Fours
Seat 2: Chessnok (big blind) showed [3c 5s] and lost with a pair of Fours


PokerStars Hand #170003737466:  Hold'em Limit ($3/$6 USD) - 2017/05/05 17:09:08 ET
Table 'Tezcatlipoca' 6-max Seat #2 is the button
Seat 2: Chessnok ($270.81 in chips)
Seat 3: ZOGI ($67.19 in chips)
krossguard will be allowed to play after the button
zxkz will be allowed to play after the button
Chessnok: posts small blind $1
ZOGI: posts big blind $3
*** HOLE CARDS ***
zxkz leaves the table
Chessnok: raises $3 to $6
ZOGI: calls $3
*** FLOP *** [9d Th 4s]
ZOGI: checks
Chessnok: bets $3
ZOGI: folds
Uncalled bet ($3) returned to Chessnok
Chessnok collected $11.76 from pot
Chessnok: doesn't show hand
*** SUMMARY ***
Total pot $12 | Rake $0.24
Board [9d Th 4s]
Seat 2: Chessnok (button) (small blind) collected ($11.76)
Seat 3: ZOGI (big blind) folded on the Flop


PokerStars Hand #170004945890:  Hold'em Limit ($3/$6 USD) - 2017/05/05 17:32:11 ET
Table 'Tezcatlipoca' 6-max Seat #3 is the button
Seat 2: Chessnok ($316.92 in chips)
Seat 3: ZOGI ($35.59 in chips)
ZOGI: posts small blind $1
krossguard: is sitting out
Chessnok: posts big blind $3
*** HOLE CARDS ***
ZOGI: calls $2
Chessnok: raises $3 to $6
ZOGI: calls $3
*** FLOP *** [8h Tc 4c]
Chessnok: bets $3
ZOGI: raises $3 to $6
Chessnok: calls $3
*** TURN *** [8h Tc 4c] [2s]
Chessnok: bets $6
ZOGI: raises $6 to $12
Chessnok: calls $6
*** RIVER *** [8h Tc 4c 2s] [Kh]
Chessnok: checks
ZOGI: bets $6
Chessnok: folds
Uncalled bet ($6) returned to ZOGI
ZOGI collected $47.50 from pot
*** SUMMARY ***
Total pot $48 | Rake $0.50
Board [8h Tc 4c 2s Kh]
Seat 2: Chessnok (big blind) folded on the River
Seat 3: ZOGI (button) (small blind) collected ($47.50)


PokerStars Hand #170005028773:  Hold'em Limit ($3/$6 USD) - 2017/05/05 17:33:48 ET
Table 'Tezcatlipoca' 6-max Seat #3 is the button
Seat 2: Chessnok ($308.32 in chips)
Seat 3: ZOGI ($43.09 in chips)
ZOGI: posts small blind $1
Chessnok: posts big blind $3
*** HOLE CARDS ***
ZOGI: folds
Uncalled bet ($2) returned to Chessnok
Chessnok collected $2 from pot
Chessnok: doesn't show hand
*** SUMMARY ***
Total pot $2 | Rake $0
Seat 2: Chessnok (big blind) collected ($2)
Seat 3: ZOGI (button) (small blind) folded before Flop


PokerStars Hand #170005002996:  Hold'em Limit ($3/$6 USD) - 2017/05/05 17:33:18 ET
Table 'Tezcatlipoca' 6-max Seat #3 is the button
Seat 2: Chessnok ($298.68 in chips)
Seat 3: ZOGI ($53.09 in chips)
ZOGI: posts small blind $1
arocar was removed from the table for failing to post
Chessnok: posts big blind $3
*** HOLE CARDS ***
ZOGI: folds
Uncalled bet ($2) returned to Chessnok
Chessnok collected $2 from pot
Chessnok: doesn't show hand
*** SUMMARY ***
Total pot $2 | Rake $0
Seat 2: Chessnok (big blind) collected ($2)
Seat 3: ZOGI (button) (small blind) folded before Flop


PokerStars Hand #170004988431:  Hold'em Limit ($3/$6 USD) - 2017/05/05 17:33:01 ET
Table 'Tezcatlipoca' 6-max Seat #2 is the button
Seat 2: Chessnok ($292.92 in chips)
Seat 3: ZOGI ($59.09 in chips)
Chessnok: posts small blind $1
ZOGI: posts big blind $3
*** HOLE CARDS ***
Chessnok: raises $3 to $6
ZOGI: calls $3
*** FLOP *** [Kc 4d 5h]
ZOGI: checks
Chessnok: bets $3
ZOGI: folds
Uncalled bet ($3) returned to Chessnok
Chessnok collected $11.76 from pot
Chessnok: doesn't show hand
*** SUMMARY ***
Total pot $12 | Rake $0.24
Board [Kc 4d 5h]
Seat 2: Chessnok (button) (small blind) collected ($11.76)
Seat 3: ZOGI (big blind) folded on the Flop


PokerStars Hand #170005054003:  Hold'em Limit ($3/$6 USD) - 2017/05/05 17:34:18 ET
Table 'Tezcatlipoca' 6-max Seat #3 is the button
Seat 2: Chessnok ($317.96 in chips)
Seat 3: ZOGI ($33.09 in chips)
ZOGI: posts small blind $1
Chessnok: posts big blind $3
*** HOLE CARDS ***
ZOGI: calls $2
Chessnok: checks
*** FLOP *** [3s 6d 3h]
Chessnok: checks
ZOGI: checks
*** TURN *** [3s 6d 3h] [2s]
Chessnok: bets $6
ZOGI: folds
Uncalled bet ($6) returned to Chessnok
Chessnok collected $5.88 from pot
Chessnok: doesn't show hand
*** SUMMARY ***
Total pot $6 | Rake $0.12
Board [3s 6d 3h 2s]
Seat 2: Chessnok (big blind) collected ($5.88)
Seat 3: ZOGI (button) (small blind) folded on the Turn


PokerStars Hand #170005071188:  Hold'em Limit ($3/$6 USD) - 2017/05/05 17:34:39 ET
Table 'Tezcatlipoca' 6-max Seat #2 is the button
Seat 2: Chessnok ($320.84 in chips)
Seat 3: ZOGI ($30.09 in chips)
Chessnok: posts small blind $1
ZOGI: posts big blind $3
*** HOLE CARDS ***
Chessnok: raises $3 to $6
ZOGI: calls $3
*** FLOP *** [4d Jc Jh]
ZOGI: checks
Chessnok: bets $3
ZOGI: folds
Uncalled bet ($3) returned to Chessnok
Chessnok collected $11.76 from pot
Chessnok: doesn't show hand
*** SUMMARY ***
Total pot $12 | Rake $0.24
Board [4d Jc Jh]
Seat 2: Chessnok (button) (small blind) collected ($11.76)
Seat 3: ZOGI (big blind) folded on the Flop


PokerStars Hand #170005033864:  Hold'em Limit ($3/$6 USD) - 2017/05/05 17:33:54 ET
Table 'Tezcatlipoca' 6-max Seat #2 is the button
Seat 2: Chessnok ($309.32 in chips)
Seat 3: ZOGI ($42.09 in chips)
Chessnok: posts small blind $1
ZOGI: posts big blind $3
*** HOLE CARDS ***
Chessnok: raises $3 to $6
ZOGI: calls $3
*** FLOP *** [Th 7d 3h]
ZOGI: checks
Chessnok: bets $3
ZOGI: calls $3
*** TURN *** [Th 7d 3h] [3d]
ZOGI: checks
Chessnok: bets $6
ZOGI: folds
Uncalled bet ($6) returned to Chessnok
Chessnok collected $17.64 from pot
Chessnok: doesn't show hand
*** SUMMARY ***
Total pot $18 | Rake $0.36
Board [Th 7d 3h 3d]
Seat 2: Chessnok (button) (small blind) collected ($17.64)
Seat 3: ZOGI (big blind) folded on the Turn


PokerStars Hand #170005091902:  Hold'em Limit ($3/$6 USD) - 2017/05/05 17:35:03 ET
Table 'Tezcatlipoca' 6-max Seat #2 is the button
Seat 2: Chessnok ($327.60 in chips)
Seat 3: ZOGI ($23.09 in chips)
Chessnok: posts small blind $1
ZOGI: posts big blind $3
*** HOLE CARDS ***
Chessnok: folds
Uncalled bet ($2) returned to ZOGI
ZOGI collected $2 from pot
*** SUMMARY ***
Total pot $2 | Rake $0
Seat 2: Chessnok (button) (small blind) folded before Flop
Seat 3: ZOGI (big blind) collected ($2)


PokerStars Hand #170005087238:  Hold'em Limit ($3/$6 USD) - 2017/05/05 17:34:58 ET
Table 'Tezcatlipoca' 6-max Seat #3 is the button
Seat 2: Chessnok ($326.60 in chips)
Seat 3: ZOGI ($24.09 in chips)
ZOGI: posts small blind $1
NAV_SERGG was removed from the table for failing to post
Chessnok: posts big blind $3
*** HOLE CARDS ***
ZOGI: folds
Uncalled bet ($2) returned to Chessnok
Chessnok collected $2 from pot
Chessnok: doesn't show hand
*** SUMMARY ***
Total pot $2 | Rake $0
Seat 2: Chessnok (big blind) collected ($2)
Seat 3: ZOGI (button) (small blind) folded before Flop


PokerStars Hand #170005095252:  Hold'em Limit ($3/$6 USD) - 2017/05/05 17:35:07 ET
Table 'Tezcatlipoca' 6-max Seat #3 is the button
Seat 2: Chessnok ($326.60 in chips)
Seat 3: ZOGI ($24.09 in chips)
ZOGI: posts small blind $1
Chessnok: posts big blind $3
*** HOLE CARDS ***
ZOGI: raises $3 to $6
Chessnok: calls $3
*** FLOP *** [Kd Jh 2c]
Chessnok: checks
ZOGI: bets $3
Chessnok: folds
Uncalled bet ($3) returned to ZOGI
ZOGI collected $11.76 from pot
*** SUMMARY ***
Total pot $12 | Rake $0.24
Board [Kd Jh 2c]
Seat 2: Chessnok (big blind) folded on the Flop
Seat 3: ZOGI (button) (small blind) collected ($11.76)


PokerStars Hand #170005106384:  Hold'em Limit ($3/$6 USD) - 2017/05/05 17:35:21 ET
Table 'Tezcatlipoca' 6-max Seat #2 is the button
Seat 2: Chessnok ($320.60 in chips)
Seat 3: ZOGI ($29.85 in chips)
Chessnok: posts small blind $1
ZOGI: posts big blind $3
*** HOLE CARDS ***
Chessnok: raises $3 to $6
ZOGI: calls $3
*** FLOP *** [6s Ac 2s]
ZOGI: checks
Chessnok: bets $3
ZOGI: calls $3
*** TURN *** [6s Ac 2s] [2d]
ZOGI: checks
Chessnok: bets $6
ZOGI: folds
Uncalled bet ($6) returned to Chessnok
Chessnok collected $17.64 from pot
Chessnok: doesn't show hand
*** SUMMARY ***
Total pot $18 | Rake $0.36
Board [6s Ac 2s 2d]
Seat 2: Chessnok (button) (small blind) collected ($17.64)
Seat 3: ZOGI (big blind) folded on the Turn


PokerStars Hand #170005128188:  Hold'em Limit ($3/$6 USD) - 2017/05/05 17:35:47 ET
Table 'Tezcatlipoca' 6-max Seat #2 is the button
Seat 2: Chessnok ($326.24 in chips)
Seat 3: ZOGI ($23.85 in chips)
Chessnok: posts small blind $1
ZOGI: posts big blind $3
*** HOLE CARDS ***
Chessnok: folds
Uncalled bet ($2) returned to ZOGI
ZOGI collected $2 from pot
*** SUMMARY ***
Total pot $2 | Rake $0
Seat 2: Chessnok (button) (small blind) folded before Flop
Seat 3: ZOGI (big blind) collected ($2)


PokerStars Hand #170005121957:  Hold'em Limit ($3/$6 USD) - 2017/05/05 17:35:39 ET
Table 'Tezcatlipoca' 6-max Seat #3 is the button
Seat 2: Chessnok ($329.24 in chips)
Seat 3: ZOGI ($20.85 in chips)
ZOGI: posts small blind $1
Chessnok: posts big blind $3
*** HOLE CARDS ***
ZOGI: raises $3 to $6
Chessnok: folds
Uncalled bet ($3) returned to ZOGI
ZOGI collected $6 from pot
*** SUMMARY ***
Total pot $6 | Rake $0
Seat 2: Chessnok (big blind) folded before Flop
Seat 3: ZOGI (button) (small blind) collected ($6)


PokerStars Hand #170005137486:  Hold'em Limit ($3/$6 USD) - 2017/05/05 17:35:58 ET
Table 'Tezcatlipoca' 6-max Seat #3 is the button
Seat 2: Chessnok ($325.24 in chips)
Seat 3: ZOGI ($24.85 in chips)
ZOGI: posts small blind $1
Chessnok: posts big blind $3
*** HOLE CARDS ***
ZOGI: calls $2
Chessnok: raises $3 to $6
ZOGI: calls $3
*** FLOP *** [Qd Kc 6c]
Chessnok: bets $3
ZOGI: calls $3
*** TURN *** [Qd Kc 6c] [5c]
Chessnok: checks
ZOGI: bets $6
Chessnok: calls $6
*** RIVER *** [Qd Kc 6c 5c] [Kh]
Chessnok: bets $6
ZOGI: raises $3.85 to $9.85 and is all-in
Chessnok: calls $3.85
*** SHOW DOWN ***
ZOGI: shows [6h 9c] (two pair, Kings and Sixes)
Chessnok: shows [3d Kd] (three of a kind, Kings)
Chessnok collected $49.20 from pot
*** SUMMARY ***
Total pot $49.70 | Rake $0.50
Board [Qd Kc 6c 5c Kh]
Seat 2: Chessnok (big blind) showed [3d Kd] and won ($49.20) with three of a kind, Kings
Seat 3: ZOGI (button) (small blind) showed [6h 9c] and lost with two pair, Kings and Sixes


