PokerStars Hand #153712572992:  Hold'em Limit ($3/$6 USD) - 2016/05/22 22:33:57 ET
Table 'Tezcatlipoca' 6-max Seat #1 is the button
Seat 1: joha74 ($125.76 in chips)
Seat 6: barranqueiro ($54.36 in chips)
joha74: posts small blind $1
barranqueiro: posts big blind $3
*** HOLE CARDS ***
joha74: raises $3 to $6
barranqueiro: calls $3
*** FLOP *** [As 8d 5c]
barranqueiro: checks
joha74: bets $3
barranqueiro: raises $3 to $6
joha74: folds
Uncalled bet ($3) returned to barranqueiro
barranqueiro collected $17.64 from pot
barranqueiro: doesn't show hand
*** SUMMARY ***
Total pot $18 | Rake $0.36
Board [As 8d 5c]
Seat 1: joha74 (button) (small blind) folded on the Flop
Seat 6: barranqueiro (big blind) collected ($17.64)


PokerStars Hand #153712567981:  Hold'em Limit ($3/$6 USD) - 2016/05/22 22:33:42 ET
Table 'Tezcatlipoca' 6-max Seat #6 is the button
Seat 1: joha74 ($120 in chips)
Seat 6: barranqueiro ($60.36 in chips)
barranqueiro: posts small blind $1
joha74: posts big blind $3
*** HOLE CARDS ***
barranqueiro: calls $2
joha74: raises $3 to $6
barranqueiro: calls $3
*** FLOP *** [Kd 2s Td]
joha74: bets $3
barranqueiro: folds
Uncalled bet ($3) returned to joha74
joha74 collected $11.76 from pot
joha74: doesn't show hand
*** SUMMARY ***
Total pot $12 | Rake $0.24
Board [Kd 2s Td]
Seat 1: joha74 (big blind) collected ($11.76)
Seat 6: barranqueiro (button) (small blind) folded on the Flop


PokerStars Hand #153712565853:  Hold'em Limit ($3/$6 USD) - 2016/05/22 22:33:36 ET
Table 'Tezcatlipoca' 6-max Seat #1 is the button
Seat 1: joha74 ($121 in chips)
Seat 6: barranqueiro ($59.36 in chips)
joha74: posts small blind $1
barranqueiro: posts big blind $3
*** HOLE CARDS ***
joha74: folds
Uncalled bet ($2) returned to barranqueiro
barranqueiro collected $2 from pot
barranqueiro: doesn't show hand
*** SUMMARY ***
Total pot $2 | Rake $0
Seat 1: joha74 (button) (small blind) folded before Flop
Seat 6: barranqueiro (big blind) collected ($2)


PokerStars Hand #153712596372:  Hold'em Limit ($3/$6 USD) - 2016/05/22 22:35:05 ET
Table 'Tezcatlipoca' 6-max Seat #1 is the button
Seat 1: joha74 ($105.52 in chips)
Seat 6: barranqueiro ($73.40 in chips)
joha74: posts small blind $1
barranqueiro: posts big blind $3
*** HOLE CARDS ***
joha74: raises $3 to $6
barranqueiro: calls $3
*** FLOP *** [Jc 5h 4d]
barranqueiro: checks
joha74: bets $3
barranqueiro: folds
Uncalled bet ($3) returned to joha74
joha74 collected $11.76 from pot
joha74: doesn't show hand
*** SUMMARY ***
Total pot $12 | Rake $0.24
Board [Jc 5h 4d]
Seat 1: joha74 (button) (small blind) collected ($11.76)
Seat 6: barranqueiro (big blind) folded on the Flop


PokerStars Hand #153712588595:  Hold'em Limit ($3/$6 USD) - 2016/05/22 22:34:42 ET
Table 'Tezcatlipoca' 6-max Seat #1 is the button
Seat 1: joha74 ($113.52 in chips)
Seat 6: barranqueiro ($65.76 in chips)
BuzovaPro leaves the table
joha74: posts small blind $1
barranqueiro: posts big blind $3
*** HOLE CARDS ***
joha74: raises $3 to $6
barranqueiro: calls $3
*** FLOP *** [Ah 7c 6d]
barranqueiro: checks
joha74: bets $3
barranqueiro: calls $3
*** TURN *** [Ah 7c 6d] [Tc]
barranqueiro: checks
joha74: checks
*** RIVER *** [Ah 7c 6d Tc] [6c]
barranqueiro: checks
joha74: checks
*** SHOW DOWN ***
barranqueiro: shows [Td Kc] (two pair, Tens and Sixes)
joha74: mucks hand
barranqueiro collected $17.64 from pot
*** SUMMARY ***
Total pot $18 | Rake $0.36
Board [Ah 7c 6d Tc 6c]
Seat 1: joha74 (button) (small blind) mucked
Seat 6: barranqueiro (big blind) showed [Td Kc] and won ($17.64) with two pair, Tens and Sixes


PokerStars Hand #153712581390:  Hold'em Limit ($3/$6 USD) - 2016/05/22 22:34:21 ET
Table 'Tezcatlipoca' 6-max Seat #1 is the button
Seat 1: joha74 ($110.76 in chips)
Seat 6: barranqueiro ($68.76 in chips)
joha74: posts small blind $1
barranqueiro: posts big blind $3
*** HOLE CARDS ***
joha74: raises $3 to $6
barranqueiro: calls $3
*** FLOP *** [8c 5d 8h]
barranqueiro: checks
joha74: bets $3
barranqueiro: folds
Uncalled bet ($3) returned to joha74
joha74 collected $11.76 from pot
joha74: doesn't show hand
*** SUMMARY ***
Total pot $12 | Rake $0.24
Board [8c 5d 8h]
Seat 1: joha74 (button) (small blind) collected ($11.76)
Seat 6: barranqueiro (big blind) folded on the Flop


PokerStars Hand #153712577430:  Hold'em Limit ($3/$6 USD) - 2016/05/22 22:34:10 ET
Table 'Tezcatlipoca' 6-max Seat #6 is the button
Seat 1: joha74 ($116.76 in chips)
Seat 6: barranqueiro ($63 in chips)
barranqueiro: posts small blind $1
joha74: posts big blind $3
*** HOLE CARDS ***
barranqueiro: raises $3 to $6
joha74: calls $3
*** FLOP *** [9h Jc 3s]
joha74: checks
barranqueiro: bets $3
joha74: folds
Uncalled bet ($3) returned to barranqueiro
barranqueiro collected $11.76 from pot
barranqueiro: doesn't show hand
*** SUMMARY ***
Total pot $12 | Rake $0.24
Board [9h Jc 3s]
Seat 1: joha74 (big blind) folded on the Flop
Seat 6: barranqueiro (button) (small blind) collected ($11.76)


PokerStars Hand #153712615670:  Hold'em Limit ($3/$6 USD) - 2016/05/22 22:36:01 ET
Table 'Tezcatlipoca' 6-max Seat #1 is the button
Seat 1: joha74 ($134.54 in chips)
Seat 6: barranqueiro ($43.04 in chips)
joha74: posts small blind $1
barranqueiro: posts big blind $3
*** HOLE CARDS ***
joha74: raises $3 to $6
barranqueiro: raises $3 to $9
joha74: calls $3
*** FLOP *** [Ac Th 5d]
barranqueiro: bets $3
joha74: folds
Uncalled bet ($3) returned to barranqueiro
barranqueiro collected $17.64 from pot
barranqueiro: doesn't show hand
*** SUMMARY ***
Total pot $18 | Rake $0.36
Board [Ac Th 5d]
Seat 1: joha74 (button) (small blind) folded on the Flop
Seat 6: barranqueiro (big blind) collected ($17.64)


PokerStars Hand #153712610427:  Hold'em Limit ($3/$6 USD) - 2016/05/22 22:35:46 ET
Table 'Tezcatlipoca' 6-max Seat #6 is the button
Seat 1: joha74 ($143.54 in chips)
Seat 6: barranqueiro ($34.40 in chips)
barranqueiro: posts small blind $1
joha74: posts big blind $3
*** HOLE CARDS ***
barranqueiro: raises $3 to $6
joha74: calls $3
*** FLOP *** [5c 8h Jc]
joha74: checks
barranqueiro: bets $3
joha74: calls $3
*** TURN *** [5c 8h Jc] [Ac]
joha74: checks
barranqueiro: bets $6
joha74: folds
Uncalled bet ($6) returned to barranqueiro
barranqueiro collected $17.64 from pot
barranqueiro: doesn't show hand
*** SUMMARY ***
Total pot $18 | Rake $0.36
Board [5c 8h Jc Ac]
Seat 1: joha74 (big blind) folded on the Turn
Seat 6: barranqueiro (button) (small blind) collected ($17.64)


PokerStars Hand #153712606309:  Hold'em Limit ($3/$6 USD) - 2016/05/22 22:35:34 ET
Table 'Tezcatlipoca' 6-max Seat #1 is the button
Seat 1: joha74 ($137.78 in chips)
Seat 6: barranqueiro ($40.40 in chips)
joha74: posts small blind $1
barranqueiro: posts big blind $3
*** HOLE CARDS ***
joha74: raises $3 to $6
barranqueiro: calls $3
*** FLOP *** [8h 6s Ts]
barranqueiro: checks
joha74: bets $3
barranqueiro: folds
Uncalled bet ($3) returned to joha74
joha74 collected $11.76 from pot
joha74: doesn't show hand
*** SUMMARY ***
Total pot $12 | Rake $0.24
Board [8h 6s Ts]
Seat 1: joha74 (button) (small blind) collected ($11.76)
Seat 6: barranqueiro (big blind) folded on the Flop


PokerStars Hand #153712599738:  Hold'em Limit ($3/$6 USD) - 2016/05/22 22:35:15 ET
Table 'Tezcatlipoca' 6-max Seat #6 is the button
Seat 1: joha74 ($111.28 in chips)
Seat 6: barranqueiro ($67.40 in chips)
barranqueiro: posts small blind $1
joha74: posts big blind $3
*** HOLE CARDS ***
barranqueiro: calls $2
joha74: raises $3 to $6
barranqueiro: calls $3
*** FLOP *** [Qh 6d Ah]
joha74: bets $3
barranqueiro: calls $3
*** TURN *** [Qh 6d Ah] [9c]
joha74: bets $6
barranqueiro: raises $6 to $12
joha74: calls $6
*** RIVER *** [Qh 6d Ah 9c] [3h]
joha74: checks
barranqueiro: bets $6
joha74: calls $6
*** SHOW DOWN ***
barranqueiro: shows [7c Ad] (a pair of Aces)
joha74: shows [Tc Ac] (a pair of Aces - Queen+Ten kicker)
joha74 collected $53.50 from pot
*** SUMMARY ***
Total pot $54 | Rake $0.50
Board [Qh 6d Ah 9c 3h]
Seat 1: joha74 (big blind) showed [Tc Ac] and won ($53.50) with a pair of Aces
Seat 6: barranqueiro (button) (small blind) showed [7c Ad] and lost with a pair of Aces


PokerStars Hand #153712635852:  Hold'em Limit ($3/$6 USD) - 2016/05/22 22:36:49 ET
Table 'Tezcatlipoca' 6-max Seat #1 is the button
Seat 1: joha74 ($119.06 in chips)
Seat 6: barranqueiro ($57.18 in chips)
joha74: posts small blind $1
barranqueiro: posts big blind $3
*** HOLE CARDS ***
joha74: raises $3 to $6
barranqueiro: raises $3 to $9
joha74: calls $3
*** FLOP *** [8d Ts Kd]
barranqueiro: bets $3
joha74: calls $3
*** TURN *** [8d Ts Kd] [5h]
barranqueiro: bets $6
joha74: raises $6 to $12
barranqueiro: raises $6 to $18
joha74: calls $6
*** RIVER *** [8d Ts Kd 5h] [As]
barranqueiro: bets $6
joha74: calls $6
*** SHOW DOWN ***
barranqueiro: shows [Tc Th] (three of a kind, Tens)
joha74: mucks hand
barranqueiro collected $71.50 from pot
*** SUMMARY ***
Total pot $72 | Rake $0.50
Board [8d Ts Kd 5h As]
Seat 1: joha74 (button) (small blind) mucked
Seat 6: barranqueiro (big blind) showed [Tc Th] and won ($71.50) with three of a kind, Tens


PokerStars Hand #153712625558:  Hold'em Limit ($3/$6 USD) - 2016/05/22 22:36:30 ET
Table 'Tezcatlipoca' 6-max Seat #6 is the button
Seat 1: joha74 ($140.06 in chips)
Seat 6: barranqueiro ($36.68 in chips)
barranqueiro: posts small blind $1
joha74: posts big blind $3
*** HOLE CARDS ***
barranqueiro: raises $3 to $6
joha74: calls $3
*** FLOP *** [Js Qd 9s]
joha74: checks
barranqueiro: bets $3
joha74: calls $3
*** TURN *** [Js Qd 9s] [2c]
joha74: checks
barranqueiro: bets $6
joha74: calls $6
*** RIVER *** [Js Qd 9s 2c] [4h]
joha74: checks
barranqueiro: bets $6
joha74: calls $6
*** SHOW DOWN ***
barranqueiro: shows [Td Qc] (a pair of Queens)
joha74: mucks hand
barranqueiro collected $41.50 from pot
*** SUMMARY ***
Total pot $42 | Rake $0.50
Board [Js Qd 9s 2c 4h]
Seat 1: joha74 (big blind) mucked
Seat 6: barranqueiro (button) (small blind) showed [Td Qc] and won ($41.50) with a pair of Queens


PokerStars Hand #153712623570:  Hold'em Limit ($3/$6 USD) - 2016/05/22 22:36:24 ET
Table 'Tezcatlipoca' 6-max Seat #1 is the button
Seat 1: joha74 ($137.06 in chips)
Seat 6: barranqueiro ($39.68 in chips)
joha74: posts small blind $1
barranqueiro: posts big blind $3
*** HOLE CARDS ***
joha74: raises $3 to $6
barranqueiro: folds
Uncalled bet ($3) returned to joha74
joha74 collected $6 from pot
joha74: doesn't show hand
*** SUMMARY ***
Total pot $6 | Rake $0
Seat 1: joha74 (button) (small blind) collected ($6)
Seat 6: barranqueiro (big blind) folded before Flop


PokerStars Hand #153712618873:  Hold'em Limit ($3/$6 USD) - 2016/05/22 22:36:11 ET
Table 'Tezcatlipoca' 6-max Seat #6 is the button
Seat 1: joha74 ($125.54 in chips)
Seat 6: barranqueiro ($51.68 in chips)
barranqueiro: posts small blind $1
joha74: posts big blind $3
*** HOLE CARDS ***
barranqueiro: raises $3 to $6
joha74: raises $3 to $9
barranqueiro: calls $3
*** FLOP *** [7s 2s 7d]
joha74: bets $3
barranqueiro: calls $3
*** TURN *** [7s 2s 7d] [Qs]
joha74: bets $6
barranqueiro: folds
Uncalled bet ($6) returned to joha74
joha74 collected $23.52 from pot
joha74: doesn't show hand
*** SUMMARY ***
Total pot $24 | Rake $0.48
Board [7s 2s 7d Qs]
Seat 1: joha74 (big blind) collected ($23.52)
Seat 6: barranqueiro (button) (small blind) folded on the Turn


PokerStars Hand #153712649568:  Hold'em Limit ($3/$6 USD) - 2016/05/22 22:37:29 ET
Table 'Tezcatlipoca' 6-max Seat #1 is the button
Seat 1: joha74 ($106.56 in chips)
Seat 6: barranqueiro ($68.68 in chips)
joha74: posts small blind $1
barranqueiro: posts big blind $3
*** HOLE CARDS ***
joha74: raises $3 to $6
barranqueiro: folds
Uncalled bet ($3) returned to joha74
joha74 collected $6 from pot
joha74: doesn't show hand
*** SUMMARY ***
Total pot $6 | Rake $0
Seat 1: joha74 (button) (small blind) collected ($6)
Seat 6: barranqueiro (big blind) folded before Flop


PokerStars Hand #153712659258:  Hold'em Limit ($3/$6 USD) - 2016/05/22 22:37:58 ET
Table 'Tezcatlipoca' 6-max Seat #1 is the button
Seat 1: joha74 ($88.56 in chips)
Seat 6: barranqueiro ($86.18 in chips)
joha74: posts small blind $1
barranqueiro: posts big blind $3
*** HOLE CARDS ***
joha74: raises $3 to $6
barranqueiro: folds
Uncalled bet ($3) returned to joha74
joha74 collected $6 from pot
joha74: doesn't show hand
*** SUMMARY ***
Total pot $6 | Rake $0
Seat 1: joha74 (button) (small blind) collected ($6)
Seat 6: barranqueiro (big blind) folded before Flop


PokerStars Hand #153712651748:  Hold'em Limit ($3/$6 USD) - 2016/05/22 22:37:36 ET
Table 'Tezcatlipoca' 6-max Seat #6 is the button
Seat 1: joha74 ($109.56 in chips)
Seat 6: barranqueiro ($65.68 in chips)
barranqueiro: posts small blind $1
joha74: posts big blind $3
*** HOLE CARDS ***
barranqueiro: raises $3 to $6
joha74: raises $3 to $9
barranqueiro: calls $3
*** FLOP *** [8h 6d 4s]
joha74: bets $3
barranqueiro: raises $3 to $6
joha74: calls $3
*** TURN *** [8h 6d 4s] [Js]
joha74: checks
barranqueiro: bets $6
joha74: calls $6
*** RIVER *** [8h 6d 4s Js] [3c]
joha74: checks
barranqueiro: bets $6
joha74: folds
Uncalled bet ($6) returned to barranqueiro
barranqueiro collected $41.50 from pot
barranqueiro: doesn't show hand
*** SUMMARY ***
Total pot $42 | Rake $0.50
Board [8h 6d 4s Js 3c]
Seat 1: joha74 (big blind) folded on the River
Seat 6: barranqueiro (button) (small blind) collected ($41.50)


PokerStars Hand #153712663388:  Hold'em Limit ($3/$6 USD) - 2016/05/22 22:38:10 ET
Table 'Tezcatlipoca' 6-max Seat #1 is the button
Seat 1: joha74 ($92.56 in chips)
Seat 6: barranqueiro ($82.18 in chips)
joha74: posts small blind $1
barranqueiro: posts big blind $3
*** HOLE CARDS ***
joha74: raises $3 to $6
barranqueiro: folds
Uncalled bet ($3) returned to joha74
joha74 collected $6 from pot
joha74: doesn't show hand
*** SUMMARY ***
Total pot $6 | Rake $0
Seat 1: joha74 (button) (small blind) collected ($6)
Seat 6: barranqueiro (big blind) folded before Flop


PokerStars Hand #153712661551:  Hold'em Limit ($3/$6 USD) - 2016/05/22 22:38:05 ET
Table 'Tezcatlipoca' 6-max Seat #6 is the button
Seat 1: joha74 ($91.56 in chips)
Seat 6: barranqueiro ($83.18 in chips)
barranqueiro: posts small blind $1
joha74: posts big blind $3
*** HOLE CARDS ***
barranqueiro: folds
Uncalled bet ($2) returned to joha74
joha74 collected $2 from pot
joha74: doesn't show hand
*** SUMMARY ***
Total pot $2 | Rake $0
Seat 1: joha74 (big blind) collected ($2)
Seat 6: barranqueiro (button) (small blind) folded before Flop


PokerStars Hand #153712665445:  Hold'em Limit ($3/$6 USD) - 2016/05/22 22:38:16 ET
Table 'Tezcatlipoca' 6-max Seat #6 is the button
Seat 1: joha74 ($95.56 in chips)
Seat 6: barranqueiro ($79.18 in chips)
barranqueiro: posts small blind $1
joha74: posts big blind $3
*** HOLE CARDS ***
barranqueiro: raises $3 to $6
joha74: calls $3
*** FLOP *** [7c 8h 3s]
joha74: checks
barranqueiro: bets $3
joha74: raises $3 to $6
barranqueiro: folds
Uncalled bet ($3) returned to joha74
joha74 collected $17.64 from pot
joha74: doesn't show hand
*** SUMMARY ***
Total pot $18 | Rake $0.36
Board [7c 8h 3s]
Seat 1: joha74 (big blind) collected ($17.64)
Seat 6: barranqueiro (button) (small blind) folded on the Flop


PokerStars Hand #153712669030:  Hold'em Limit ($3/$6 USD) - 2016/05/22 22:38:27 ET
Table 'Tezcatlipoca' 6-max Seat #1 is the button
Seat 1: joha74 ($104.20 in chips)
Seat 6: barranqueiro ($70.18 in chips)
joha74: posts small blind $1
barranqueiro: posts big blind $3
*** HOLE CARDS ***
joha74: raises $3 to $6
barranqueiro: raises $3 to $9
joha74: calls $3
*** FLOP *** [4c 9c Ad]
barranqueiro: bets $3
joha74: calls $3
*** TURN *** [4c 9c Ad] [7d]
barranqueiro: bets $6
joha74: calls $6
*** RIVER *** [4c 9c Ad 7d] [9h]
barranqueiro: checks
joha74: bets $6
barranqueiro: calls $6
*** SHOW DOWN ***
joha74: shows [6s As] (two pair, Aces and Nines)
barranqueiro: mucks hand
joha74 collected $47.50 from pot
*** SUMMARY ***
Total pot $48 | Rake $0.50
Board [4c 9c Ad 7d 9h]
Seat 1: joha74 (button) (small blind) showed [6s As] and won ($47.50) with two pair, Aces and Nines
Seat 6: barranqueiro (big blind) mucked


PokerStars Hand #153712678136:  Hold'em Limit ($3/$6 USD) - 2016/05/22 22:38:55 ET
Table 'Tezcatlipoca' 6-max Seat #6 is the button
Seat 1: joha74 ($127.70 in chips)
Seat 6: barranqueiro ($46.18 in chips)
barranqueiro: posts small blind $1
joha74: posts big blind $3
*** HOLE CARDS ***
barranqueiro: folds
Uncalled bet ($2) returned to joha74
joha74 collected $2 from pot
joha74: doesn't show hand
*** SUMMARY ***
Total pot $2 | Rake $0
Seat 1: joha74 (big blind) collected ($2)
Seat 6: barranqueiro (button) (small blind) folded before Flop


PokerStars Hand #153712680089:  Hold'em Limit ($3/$6 USD) - 2016/05/22 22:39:00 ET
Table 'Tezcatlipoca' 6-max Seat #1 is the button
Seat 1: joha74 ($128.70 in chips)
Seat 6: barranqueiro ($45.18 in chips)
joha74: posts small blind $1
barranqueiro: posts big blind $3
*** HOLE CARDS ***
joha74: raises $3 to $6
barranqueiro: calls $3
*** FLOP *** [3d 4c 4d]
barranqueiro: checks
joha74: bets $3
barranqueiro: calls $3
*** TURN *** [3d 4c 4d] [5s]
barranqueiro: checks
joha74: bets $6
barranqueiro: raises $6 to $12
joha74: folds
Uncalled bet ($6) returned to barranqueiro
barranqueiro collected $29.50 from pot
barranqueiro: doesn't show hand
*** SUMMARY ***
Total pot $30 | Rake $0.50
Board [3d 4c 4d 5s]
Seat 1: joha74 (button) (small blind) folded on the Turn
Seat 6: barranqueiro (big blind) collected ($29.50)


PokerStars Hand #153712685885:  Hold'em Limit ($3/$6 USD) - 2016/05/22 22:39:18 ET
Table 'Tezcatlipoca' 6-max Seat #6 is the button
Seat 1: joha74 ($113.70 in chips)
Seat 6: barranqueiro ($59.68 in chips)
barranqueiro: posts small blind $1
joha74: posts big blind $3
*** HOLE CARDS ***
barranqueiro: raises $3 to $6
joha74: calls $3
*** FLOP *** [Td 4h 4d]
joha74: checks
barranqueiro: bets $3
joha74: calls $3
*** TURN *** [Td 4h 4d] [9c]
joha74: checks
barranqueiro: bets $6
joha74: raises $6 to $12
barranqueiro: calls $6
*** RIVER *** [Td 4h 4d 9c] [Tc]
joha74: bets $6
barranqueiro: calls $6
*** SHOW DOWN ***
joha74: shows [4c Jd] (a full house, Fours full of Tens)
barranqueiro: mucks hand
joha74 collected $53.50 from pot
*** SUMMARY ***
Total pot $54 | Rake $0.50
Board [Td 4h 4d 9c Tc]
Seat 1: joha74 (big blind) showed [4c Jd] and won ($53.50) with a full house, Fours full of Tens
Seat 6: barranqueiro (button) (small blind) mucked


PokerStars Hand #153712693168:  Hold'em Limit ($3/$6 USD) - 2016/05/22 22:39:39 ET
Table 'Tezcatlipoca' 6-max Seat #1 is the button
Seat 1: joha74 ($140.20 in chips)
Seat 6: barranqueiro ($32.68 in chips)
joha74: posts small blind $1
barranqueiro: posts big blind $3
*** HOLE CARDS ***
joha74: raises $3 to $6
barranqueiro: calls $3
*** FLOP *** [2h Jh Jc]
barranqueiro: checks
joha74: bets $3
barranqueiro: calls $3
*** TURN *** [2h Jh Jc] [Ac]
barranqueiro: checks
joha74: checks
*** RIVER *** [2h Jh Jc Ac] [Qh]
barranqueiro: checks
joha74: checks
*** SHOW DOWN ***
barranqueiro: shows [3c Kc] (a pair of Jacks)
joha74: shows [Kd 8c] (a pair of Jacks)
barranqueiro collected $8.82 from pot
joha74 collected $8.82 from pot
*** SUMMARY ***
Total pot $18 | Rake $0.36
Board [2h Jh Jc Ac Qh]
Seat 1: joha74 (button) (small blind) showed [Kd 8c] and won ($8.82) with a pair of Jacks
Seat 6: barranqueiro (big blind) showed [3c Kc] and won ($8.82) with a pair of Jacks


PokerStars Hand #153712700652:  Hold'em Limit ($3/$6 USD) - 2016/05/22 22:40:02 ET
Table 'Tezcatlipoca' 6-max Seat #6 is the button
Seat 1: joha74 ($140.02 in chips)
Seat 6: barranqueiro ($32.50 in chips)
barranqueiro: posts small blind $1
joha74: posts big blind $3
*** HOLE CARDS ***
barranqueiro: raises $3 to $6
joha74: calls $3
*** FLOP *** [8c 3c 8h]
joha74: checks
barranqueiro: bets $3
joha74: raises $3 to $6
barranqueiro: folds
Uncalled bet ($3) returned to joha74
joha74 collected $17.64 from pot
joha74: doesn't show hand
*** SUMMARY ***
Total pot $18 | Rake $0.36
Board [8c 3c 8h]
Seat 1: joha74 (big blind) collected ($17.64)
Seat 6: barranqueiro (button) (small blind) folded on the Flop


PokerStars Hand #153712739177:  Hold'em Limit ($3/$6 USD) - 2016/05/22 22:41:57 ET
Table 'Tezcatlipoca' 6-max Seat #1 is the button
Seat 1: joha74 ($120 in chips)
Seat 6: anetkaapro ($120 in chips)
joha74: posts small blind $1
anetkaapro: posts big blind $3
*** HOLE CARDS ***
joha74: raises $3 to $6
anetkaapro: raises $3 to $9
joha74: calls $3
*** FLOP *** [9d 3h 3c]
anetkaapro: bets $3
joha74: calls $3
*** TURN *** [9d 3h 3c] [5s]
anetkaapro: checks
joha74: bets $6
anetkaapro: folds
Uncalled bet ($6) returned to joha74
joha74 collected $23.52 from pot
joha74: doesn't show hand
*** SUMMARY ***
Total pot $24 | Rake $0.48
Board [9d 3h 3c 5s]
Seat 1: joha74 (button) (small blind) collected ($23.52)
Seat 6: anetkaapro (big blind) folded on the Turn


PokerStars Hand #153716086619:  Hold'em Limit ($3/$6 USD) - 2016/05/23 2:14:56 ET
Table 'Tezcatlipoca' 6-max Seat #6 is the button
Seat 4: Agrotait ($66 in chips)
Seat 6: 19woody58 ($118 in chips)
19woody58: posts small blind $1
Agrotait: posts big blind $3
*** HOLE CARDS ***
19woody58: raises $3 to $6
Agrotait: folds
Uncalled bet ($3) returned to 19woody58
19woody58 collected $6 from pot
*** SUMMARY ***
Total pot $6 | Rake $0
Seat 4: Agrotait (big blind) folded before Flop
Seat 6: 19woody58 (button) (small blind) collected ($6)


PokerStars Hand #153716071029:  Hold'em Limit ($3/$6 USD) - 2016/05/23 2:13:50 ET
Table 'Tezcatlipoca' 6-max Seat #4 is the button
Seat 4: Agrotait ($72 in chips)
Seat 6: 19woody58 ($112.24 in chips)
Agrotait: posts small blind $1
19woody58: posts big blind $3
*** HOLE CARDS ***
Agrotait: raises $3 to $6
19woody58: calls $3
*** FLOP *** [6h Th 3s]
19woody58: checks
Agrotait: checks
*** TURN *** [6h Th 3s] [Qs]
19woody58: bets $6
Agrotait: folds
Uncalled bet ($6) returned to 19woody58
19woody58 collected $11.76 from pot
*** SUMMARY ***
Total pot $12 | Rake $0.24
Board [6h Th 3s Qs]
Seat 4: Agrotait (button) (small blind) folded on the Turn
Seat 6: 19woody58 (big blind) collected ($11.76)


PokerStars Hand #153716082083:  Hold'em Limit ($3/$6 USD) - 2016/05/23 2:14:37 ET
Table 'Tezcatlipoca' 6-max Seat #6 is the button
Seat 4: Agrotait ($66 in chips)
Seat 6: 19woody58 ($118 in chips)
19woody58: posts small blind $1
Agrotait: posts big blind $3
*** HOLE CARDS ***
19woody58: raises $3 to $6
Agrotait: folds
Uncalled bet ($3) returned to 19woody58
19woody58 collected $6 from pot
*** SUMMARY ***
Total pot $6 | Rake $0
Seat 4: Agrotait (big blind) folded before Flop
Seat 6: 19woody58 (button) (small blind) collected ($6)


PokerStars Hand #153716084219:  Hold'em Limit ($3/$6 USD) - 2016/05/23 2:14:46 ET
Table 'Tezcatlipoca' 6-max Seat #4 is the button
Seat 4: Agrotait ($63 in chips)
Seat 6: 19woody58 ($121 in chips)
Agrotait: posts small blind $1
19woody58: posts big blind $3
*** HOLE CARDS ***
Agrotait: raises $3 to $6
19woody58: folds
Uncalled bet ($3) returned to Agrotait
Agrotait collected $6 from pot
Agrotait: doesn't show hand
*** SUMMARY ***
Total pot $6 | Rake $0
Seat 4: Agrotait (button) (small blind) collected ($6)
Seat 6: 19woody58 (big blind) folded before Flop


PokerStars Hand #153716093004:  Hold'em Limit ($3/$6 USD) - 2016/05/23 2:15:23 ET
Table 'Tezcatlipoca' 6-max Seat #6 is the button
Seat 4: Agrotait ($66 in chips)
Seat 6: 19woody58 ($118 in chips)
19woody58: posts small blind $1
Agrotait: posts big blind $3
*** HOLE CARDS ***
19woody58: folds
Uncalled bet ($2) returned to Agrotait
Agrotait collected $2 from pot
Agrotait: doesn't show hand
*** SUMMARY ***
Total pot $2 | Rake $0
Seat 4: Agrotait (big blind) collected ($2)
Seat 6: 19woody58 (button) (small blind) folded before Flop


PokerStars Hand #153716090182:  Hold'em Limit ($3/$6 USD) - 2016/05/23 2:15:11 ET
Table 'Tezcatlipoca' 6-max Seat #4 is the button
Seat 4: Agrotait ($63 in chips)
Seat 6: 19woody58 ($121 in chips)
Agrotait: posts small blind $1
19woody58: posts big blind $3
*** HOLE CARDS ***
Agrotait: raises $3 to $6
19woody58: folds
Uncalled bet ($3) returned to Agrotait
Agrotait collected $6 from pot
Agrotait: doesn't show hand
*** SUMMARY ***
Total pot $6 | Rake $0
Seat 4: Agrotait (button) (small blind) collected ($6)
Seat 6: 19woody58 (big blind) folded before Flop


PokerStars Hand #153716104786:  Hold'em Limit ($3/$6 USD) - 2016/05/23 2:16:12 ET
Table 'Tezcatlipoca' 6-max Seat #6 is the button
Seat 4: Agrotait ($66.75 in chips)
Seat 6: 19woody58 ($116.75 in chips)
19woody58: posts small blind $1
Agrotait: posts big blind $3
*** HOLE CARDS ***
19woody58: folds
Uncalled bet ($2) returned to Agrotait
Agrotait collected $2 from pot
Agrotait: doesn't show hand
*** SUMMARY ***
Total pot $2 | Rake $0
Seat 4: Agrotait (big blind) collected ($2)
Seat 6: 19woody58 (button) (small blind) folded before Flop


PokerStars Hand #153716094520:  Hold'em Limit ($3/$6 USD) - 2016/05/23 2:15:29 ET
Table 'Tezcatlipoca' 6-max Seat #4 is the button
Seat 4: Agrotait ($67 in chips)
Seat 6: 19woody58 ($117 in chips)
Agrotait: posts small blind $1
19woody58: posts big blind $3
*** HOLE CARDS ***
Agrotait: raises $3 to $6
19woody58: calls $3
*** FLOP *** [4h Kc Ac]
19woody58: checks
Agrotait: bets $3
19woody58: calls $3
*** TURN *** [4h Kc Ac] [8d]
19woody58: checks
Agrotait: bets $6
19woody58: calls $6
*** RIVER *** [4h Kc Ac 8d] [9d]
19woody58: checks
Agrotait: checks
*** SHOW DOWN ***
19woody58: shows [6h Kd] (a pair of Kings)
Agrotait: shows [6c Kh] (a pair of Kings)
19woody58 collected $14.75 from pot
Agrotait collected $14.75 from pot
*** SUMMARY ***
Total pot $30 | Rake $0.50
Board [4h Kc Ac 8d 9d]
Seat 4: Agrotait (button) (small blind) showed [6c Kh] and won ($14.75) with a pair of Kings
Seat 6: 19woody58 (big blind) showed [6h Kd] and won ($14.75) with a pair of Kings


PokerStars Hand #153716106406:  Hold'em Limit ($3/$6 USD) - 2016/05/23 2:16:19 ET
Table 'Tezcatlipoca' 6-max Seat #4 is the button
Seat 4: Agrotait ($67.75 in chips)
Seat 6: 19woody58 ($115.75 in chips)
Agrotait: posts small blind $1
19woody58: posts big blind $3
*** HOLE CARDS ***
Agrotait: raises $3 to $6
19woody58: calls $3
*** FLOP *** [4d 8d 9d]
19woody58: checks
Agrotait: bets $3
19woody58: calls $3
*** TURN *** [4d 8d 9d] [As]
19woody58: checks
Agrotait: bets $6
19woody58: calls $6
*** RIVER *** [4d 8d 9d As] [Tc]
19woody58: checks
Agrotait: checks
*** SHOW DOWN ***
19woody58: shows [Td Th] (three of a kind, Tens)
Agrotait: mucks hand
19woody58 collected $29.50 from pot
*** SUMMARY ***
Total pot $30 | Rake $0.50
Board [4d 8d 9d As Tc]
Seat 4: Agrotait (button) (small blind) mucked
Seat 6: 19woody58 (big blind) showed [Td Th] and won ($29.50) with three of a kind, Tens


PokerStars Hand #153716129469:  Hold'em Limit ($3/$6 USD) - 2016/05/23 2:17:56 ET
Table 'Tezcatlipoca' 6-max Seat #4 is the button
Seat 4: Agrotait ($66 in chips)
Seat 6: 19woody58 ($136.01 in chips)
Agrotait: posts small blind $1
19woody58: posts big blind $3
*** HOLE CARDS ***
Agrotait: raises $3 to $6
19woody58: folds
Uncalled bet ($3) returned to Agrotait
Agrotait collected $6 from pot
Agrotait: doesn't show hand
*** SUMMARY ***
Total pot $6 | Rake $0
Seat 4: Agrotait (button) (small blind) collected ($6)
Seat 6: 19woody58 (big blind) folded before Flop


PokerStars Hand #153716120375:  Hold'em Limit ($3/$6 USD) - 2016/05/23 2:17:18 ET
Table 'Tezcatlipoca' 6-max Seat #6 is the button
Seat 4: Agrotait ($72 in chips)
Seat 6: 19woody58 ($130.25 in chips)
19woody58: posts small blind $1
Agrotait: posts big blind $3
*** HOLE CARDS ***
19woody58: raises $3 to $6
Agrotait: calls $3
*** FLOP *** [As 4h 7c]
Agrotait: checks
19woody58: bets $3
Agrotait: folds
Uncalled bet ($3) returned to 19woody58
joha74 joins the table at seat #3
19woody58 collected $11.76 from pot
*** SUMMARY ***
Total pot $12 | Rake $0.24
Board [As 4h 7c]
Seat 4: Agrotait (big blind) folded on the Flop
Seat 6: 19woody58 (button) (small blind) collected ($11.76)


PokerStars Hand #153716409059:  Hold'em Limit ($3/$6 USD) - 2016/05/23 2:37:19 ET
Table 'Tezcatlipoca' 6-max Seat #4 is the button
Seat 1: Nirelle ($62.39 in chips)
Seat 4: Agrotait ($80.99 in chips)
Agrotait: posts small blind $1
Nirelle: posts big blind $3
*** HOLE CARDS ***
Agrotait: raises $3 to $6
Nirelle: folds
Uncalled bet ($3) returned to Agrotait
Agrotait collected $6 from pot
Agrotait: doesn't show hand
*** SUMMARY ***
Total pot $6 | Rake $0
Seat 1: Nirelle (big blind) folded before Flop
Seat 4: Agrotait (button) (small blind) collected ($6)


PokerStars Hand #153716411694:  Hold'em Limit ($3/$6 USD) - 2016/05/23 2:37:30 ET
Table 'Tezcatlipoca' 6-max Seat #1 is the button
Seat 1: Nirelle ($59.39 in chips)
Seat 4: Agrotait ($83.99 in chips)
Nirelle: posts small blind $1
Agrotait: posts big blind $3
*** HOLE CARDS ***
Nirelle: folds
Uncalled bet ($2) returned to Agrotait
Agrotait collected $2 from pot
Agrotait: doesn't show hand
*** SUMMARY ***
Total pot $2 | Rake $0
Seat 1: Nirelle (button) (small blind) folded before Flop
Seat 4: Agrotait (big blind) collected ($2)


PokerStars Hand #153716406219:  Hold'em Limit ($3/$6 USD) - 2016/05/23 2:37:07 ET
Table 'Tezcatlipoca' 6-max Seat #1 is the button
Seat 1: Nirelle ($63.39 in chips)
Seat 4: Agrotait ($79.99 in chips)
Nirelle: posts small blind $1
kitchikarpov: is sitting out
Agrotait: posts big blind $3
*** HOLE CARDS ***
kitchikarpov leaves the table
Nirelle: folds
Uncalled bet ($2) returned to Agrotait
Agrotait collected $2 from pot
Agrotait: doesn't show hand
*** SUMMARY ***
Total pot $2 | Rake $0
Seat 1: Nirelle (button) (small blind) folded before Flop
Seat 4: Agrotait (big blind) collected ($2)


PokerStars Hand #153716414820:  Hold'em Limit ($3/$6 USD) - 2016/05/23 2:37:43 ET
Table 'Tezcatlipoca' 6-max Seat #4 is the button
Seat 1: Nirelle ($58.39 in chips)
Seat 4: Agrotait ($84.99 in chips)
Agrotait: posts small blind $1
Nirelle: posts big blind $3
*** HOLE CARDS ***
Agrotait: raises $3 to $6
Nirelle: calls $3
*** FLOP *** [5h 3s 6s]
Nirelle: checks
Agrotait: bets $3
Nirelle: calls $3
*** TURN *** [5h 3s 6s] [5s]
Nirelle: checks
Agrotait: bets $6
Nirelle: raises $6 to $12
Agrotait: calls $6
*** RIVER *** [5h 3s 6s 5s] [3h]
Nirelle: bets $6
Iceman1203 joins the table at seat #2
Agrotait: folds
Uncalled bet ($6) returned to Nirelle
Nirelle collected $41.50 from pot
Nirelle: doesn't show hand
*** SUMMARY ***
Total pot $42 | Rake $0.50
Board [5h 3s 6s 5s 3h]
Seat 1: Nirelle (big blind) collected ($41.50)
Seat 4: Agrotait (button) (small blind) folded on the River


PokerStars Hand #153716451055:  Hold'em Limit ($3/$6 USD) - 2016/05/23 2:40:12 ET
Table 'Tezcatlipoca' 6-max Seat #1 is the button
Seat 1: Nirelle ($83.32 in chips)
Seat 4: Agrotait ($71 in chips)
Nirelle: posts small blind $1
Iceman1203: is sitting out
Agrotait: posts big blind $3
*** HOLE CARDS ***
Nirelle: folds
Uncalled bet ($2) returned to Agrotait
Iceman1203 leaves the table
Agrotait collected $2 from pot
Agrotait: doesn't show hand
*** SUMMARY ***
Total pot $2 | Rake $0
Seat 1: Nirelle (button) (small blind) folded before Flop
Seat 4: Agrotait (big blind) collected ($2)


