PokerStars Hand #155298574275:  Hold'em Limit ($3/$6 USD) - 2016/06/28 8:50:25 ET
Table 'Thabit' 6-max Seat #3 is the button
Seat 3: sawel888 ($48.82 in chips)
Seat 4: VolkovDmitri ($120 in chips)
sawel888: posts small blind $1
VolkovDmitri: posts big blind $3
*** HOLE CARDS ***
sawel888: raises $3 to $6
VolkovDmitri: calls $3
*** FLOP *** [5s 2d 6s]
VolkovDmitri: checks
sawel888: bets $3
VolkovDmitri: calls $3
*** TURN *** [5s 2d 6s] [8h]
VolkovDmitri: checks
sawel888: bets $6
VolkovDmitri: folds
Uncalled bet ($6) returned to sawel888
sawel888 collected $17.64 from pot
sawel888: doesn't show hand
*** SUMMARY ***
Total pot $18 | Rake $0.36
Board [5s 2d 6s 8h]
Seat 3: sawel888 (button) (small blind) collected ($17.64)
Seat 4: VolkovDmitri (big blind) folded on the Turn


PokerStars Hand #155298595217:  Hold'em Limit ($3/$6 USD) - 2016/06/28 8:51:10 ET
Table 'Thabit' 6-max Seat #4 is the button
Seat 3: sawel888 ($57.46 in chips)
Seat 4: VolkovDmitri ($120 in chips)
VolkovDmitri: posts small blind $1
sawel888: posts big blind $3
*** HOLE CARDS ***
VolkovDmitri: raises $3 to $6
sawel888: calls $3
*** FLOP *** [Js 2d Ac]
sawel888: checks
VolkovDmitri: checks
*** TURN *** [Js 2d Ac] [Jd]
sawel888: bets $6
VolkovDmitri: calls $6
*** RIVER *** [Js 2d Ac Jd] [9c]
sawel888: bets $6
VolkovDmitri: raises $6 to $12
sawel888: folds
Uncalled bet ($6) returned to VolkovDmitri
VolkovDmitri collected $35.50 from pot
VolkovDmitri: doesn't show hand
*** SUMMARY ***
Total pot $36 | Rake $0.50
Board [Js 2d Ac Jd 9c]
Seat 3: sawel888 (big blind) folded on the River
Seat 4: VolkovDmitri (button) (small blind) collected ($35.50)


PokerStars Hand #155298616823:  Hold'em Limit ($3/$6 USD) - 2016/06/28 8:51:55 ET
Table 'Thabit' 6-max Seat #3 is the button
Seat 3: sawel888 ($39.46 in chips)
Seat 4: VolkovDmitri ($137.50 in chips)
sawel888: posts small blind $1
VolkovDmitri: posts big blind $3
*** HOLE CARDS ***
sawel888: raises $3 to $6
VolkovDmitri: calls $3
*** FLOP *** [Qd Qh 3c]
VolkovDmitri: checks
sawel888: bets $3
VolkovDmitri: calls $3
*** TURN *** [Qd Qh 3c] [6c]
VolkovDmitri: checks
sawel888: bets $6
VolkovDmitri: calls $6
*** RIVER *** [Qd Qh 3c 6c] [9h]
VolkovDmitri: checks
sawel888: bets $6
VolkovDmitri: folds
Uncalled bet ($6) returned to sawel888
sawel888 collected $29.50 from pot
sawel888: doesn't show hand
*** SUMMARY ***
Total pot $30 | Rake $0.50
Board [Qd Qh 3c 6c 9h]
Seat 3: sawel888 (button) (small blind) collected ($29.50)
Seat 4: VolkovDmitri (big blind) folded on the River


PokerStars Hand #155298629538:  Hold'em Limit ($3/$6 USD) - 2016/06/28 8:52:21 ET
Table 'Thabit' 6-max Seat #4 is the button
Seat 3: sawel888 ($53.96 in chips)
Seat 4: VolkovDmitri ($122.50 in chips)
VolkovDmitri: posts small blind $1
sawel888: posts big blind $3
*** HOLE CARDS ***
VolkovDmitri: raises $3 to $6
sawel888: calls $3
*** FLOP *** [Ah Ts Qh]
sawel888: checks
VolkovDmitri: bets $3
sawel888: folds
Uncalled bet ($3) returned to VolkovDmitri
VolkovDmitri collected $11.76 from pot
VolkovDmitri: doesn't show hand
*** SUMMARY ***
Total pot $12 | Rake $0.24
Board [Ah Ts Qh]
Seat 3: sawel888 (big blind) folded on the Flop
Seat 4: VolkovDmitri (button) (small blind) collected ($11.76)


PokerStars Hand #155298639986:  Hold'em Limit ($3/$6 USD) - 2016/06/28 8:52:43 ET
Table 'Thabit' 6-max Seat #3 is the button
Seat 3: sawel888 ($47.96 in chips)
Seat 4: VolkovDmitri ($128.26 in chips)
sawel888: posts small blind $1
VolkovDmitri: posts big blind $3
*** HOLE CARDS ***
sawel888: folds
Uncalled bet ($2) returned to VolkovDmitri
VolkovDmitri collected $2 from pot
VolkovDmitri: doesn't show hand
*** SUMMARY ***
Total pot $2 | Rake $0
Seat 3: sawel888 (button) (small blind) folded before Flop
Seat 4: VolkovDmitri (big blind) collected ($2)


PokerStars Hand #155298660103:  Hold'em Limit ($3/$6 USD) - 2016/06/28 8:53:25 ET
Table 'Thabit' 6-max Seat #3 is the button
Seat 3: sawel888 ($13.96 in chips)
Seat 4: VolkovDmitri ($161.76 in chips)
sawel888: posts small blind $1
VolkovDmitri: posts big blind $3
*** HOLE CARDS ***
sawel888: folds
Uncalled bet ($2) returned to VolkovDmitri
VolkovDmitri collected $2 from pot
VolkovDmitri: doesn't show hand
*** SUMMARY ***
Total pot $2 | Rake $0
Seat 3: sawel888 (button) (small blind) folded before Flop
Seat 4: VolkovDmitri (big blind) collected ($2)


PokerStars Hand #155298642624:  Hold'em Limit ($3/$6 USD) - 2016/06/28 8:52:48 ET
Table 'Thabit' 6-max Seat #4 is the button
Seat 3: sawel888 ($46.96 in chips)
Seat 4: VolkovDmitri ($129.26 in chips)
VolkovDmitri: posts small blind $1
sawel888: posts big blind $3
*** HOLE CARDS ***
VolkovDmitri: raises $3 to $6
sawel888: raises $3 to $9
VolkovDmitri: raises $3 to $12
Betting is capped
sawel888: calls $3
*** FLOP *** [3c 5c Ad]
sawel888: checks
VolkovDmitri: bets $3
sawel888: calls $3
*** TURN *** [3c 5c Ad] [9c]
sawel888: checks
VolkovDmitri: bets $6
sawel888: calls $6
*** RIVER *** [3c 5c Ad 9c] [Kd]
sawel888: bets $6
VolkovDmitri: raises $6 to $12
sawel888: calls $6
*** SHOW DOWN ***
VolkovDmitri: shows [Kc Ah] (two pair, Aces and Kings)
sawel888: mucks hand
VolkovDmitri collected $65.50 from pot
*** SUMMARY ***
Total pot $66 | Rake $0.50
Board [3c 5c Ad 9c Kd]
Seat 3: sawel888 (big blind) mucked
Seat 4: VolkovDmitri (button) (small blind) showed [Kc Ah] and won ($65.50) with two pair, Aces and Kings


PokerStars Hand #155298662786:  Hold'em Limit ($3/$6 USD) - 2016/06/28 8:53:31 ET
Table 'Thabit' 6-max Seat #4 is the button
Seat 3: sawel888 ($12.96 in chips)
Seat 4: VolkovDmitri ($162.76 in chips)
VolkovDmitri: posts small blind $1
sawel888: posts big blind $3
*** HOLE CARDS ***
VolkovDmitri: raises $3 to $6
sawel888: calls $3
*** FLOP *** [Td Jd 9s]
sawel888: bets $3
VolkovDmitri: calls $3
*** TURN *** [Td Jd 9s] [Kc]
sawel888: bets $3.96 and is all-in
VolkovDmitri: calls $3.96
*** RIVER *** [Td Jd 9s Kc] [4s]
*** SHOW DOWN ***
sawel888: shows [5d 8s] (high card King)
VolkovDmitri: shows [3c Qh] (a straight, Nine to King)
VolkovDmitri collected $25.42 from pot
*** SUMMARY ***
Total pot $25.92 | Rake $0.50
Board [Td Jd 9s Kc 4s]
Seat 3: sawel888 (big blind) showed [5d 8s] and lost with high card King
Seat 4: VolkovDmitri (button) (small blind) showed [3c Qh] and won ($25.42) with a straight, Nine to King


PokerStars Hand #155298895294:  Hold'em Limit ($3/$6 USD) - 2016/06/28 9:02:20 ET
Table 'Thabit' 6-max Seat #3 is the button
Seat 3: tomte999 ($73 in chips)
Seat 4: Molson848 ($37.64 in chips)
tomte999: posts small blind $1
Molson848: posts big blind $3
*** HOLE CARDS ***
tomte999: raises $3 to $6
Molson848: calls $3
*** FLOP *** [6d 8s 5s]
Molson848: checks
tomte999: bets $3
Molson848: calls $3
*** TURN *** [6d 8s 5s] [Jc]
Molson848: bets $6
tomte999: raises $6 to $12
Molson848: calls $6
*** RIVER *** [6d 8s 5s Jc] [6h]
Molson848: bets $6
tomte999: raises $6 to $12
Molson848: folds
Uncalled bet ($6) returned to tomte999
tomte999 collected $53.50 from pot
tomte999: doesn't show hand
*** SUMMARY ***
Total pot $54 | Rake $0.50
Board [6d 8s 5s Jc 6h]
Seat 3: tomte999 (button) (small blind) collected ($53.50)
Seat 4: Molson848 (big blind) folded on the River


PokerStars Hand #155298892147:  Hold'em Limit ($3/$6 USD) - 2016/06/28 9:02:13 ET
Table 'Thabit' 6-max Seat #4 is the button
Seat 3: tomte999 ($72 in chips)
Seat 4: Molson848 ($38.64 in chips)
Molson848: posts small blind $1
tomte999: posts big blind $3
*** HOLE CARDS ***
Molson848: folds
Uncalled bet ($2) returned to tomte999
tomte999 collected $2 from pot
tomte999: doesn't show hand
*** SUMMARY ***
Total pot $2 | Rake $0
Seat 3: tomte999 (big blind) collected ($2)
Seat 4: Molson848 (button) (small blind) folded before Flop


PokerStars Hand #155298883755:  Hold'em Limit ($3/$6 USD) - 2016/06/28 9:01:56 ET
Table 'Thabit' 6-max Seat #3 is the button
Seat 3: tomte999 ($72 in chips)
Seat 4: Molson848 ($30 in chips)
tomte999: posts small blind $1
Molson848: posts big blind $3
*** HOLE CARDS ***
tomte999: raises $3 to $6
Molson848: raises $3 to $9
tomte999: calls $3
*** FLOP *** [Qh 3c 9s]
Molson848: bets $3
tomte999: folds
Uncalled bet ($3) returned to Molson848
Molson848 collected $17.64 from pot
Molson848: doesn't show hand
*** SUMMARY ***
Total pot $18 | Rake $0.36
Board [Qh 3c 9s]
Seat 3: tomte999 (button) (small blind) folded on the Flop
Seat 4: Molson848 (big blind) collected ($17.64)


PokerStars Hand #155298923157:  Hold'em Limit ($3/$6 USD) - 2016/06/28 9:03:17 ET
Table 'Thabit' 6-max Seat #4 is the button
Seat 3: tomte999 ($105.05 in chips)
Seat 4: Molson848 ($4.42 in chips)
Molson848: posts small blind $1
tomte999: posts big blind $3
*** HOLE CARDS ***
Molson848: raises $1.42 to $4.42 and is all-in
tomte999: calls $1.42
*** FLOP *** [5s Kc Jd]
*** TURN *** [5s Kc Jd] [9c]
*** RIVER *** [5s Kc Jd 9c] [7d]
*** SHOW DOWN ***
tomte999: shows [Ts 5h] (a pair of Fives)
Molson848: shows [Qh 2s] (high card King)
tomte999 collected $8.66 from pot
*** SUMMARY ***
Total pot $8.84 | Rake $0.18
Board [5s Kc Jd 9c 7d]
Seat 3: tomte999 (big blind) showed [Ts 5h] and won ($8.66) with a pair of Fives
Seat 4: Molson848 (button) (small blind) showed [Qh 2s] and lost with high card King


PokerStars Hand #155298915877:  Hold'em Limit ($3/$6 USD) - 2016/06/28 9:03:02 ET
Table 'Thabit' 6-max Seat #3 is the button
Seat 3: tomte999 ($99.29 in chips)
Seat 4: Molson848 ($10.42 in chips)
tomte999: posts small blind $1
Molson848: posts big blind $3
*** HOLE CARDS ***
tomte999: raises $3 to $6
Molson848: calls $3
*** FLOP *** [Kc 2h Ts]
Molson848: checks
tomte999: bets $3
Molson848: folds
Uncalled bet ($3) returned to tomte999
tomte999 collected $11.76 from pot
tomte999: doesn't show hand
*** SUMMARY ***
Total pot $12 | Rake $0.24
Board [Kc 2h Ts]
Seat 3: tomte999 (button) (small blind) collected ($11.76)
Seat 4: Molson848 (big blind) folded on the Flop


PokerStars Hand #155298907558:  Hold'em Limit ($3/$6 USD) - 2016/06/28 9:02:45 ET
Table 'Thabit' 6-max Seat #4 is the button
Seat 3: tomte999 ($99.50 in chips)
Seat 4: Molson848 ($10.64 in chips)
Molson848: posts small blind $1
tomte999: posts big blind $3
*** HOLE CARDS ***
Molson848: raises $3 to $6
tomte999: raises $3 to $9
Molson848: raises $1.64 to $10.64 and is all-in
Betting is capped
tomte999: calls $1.64
*** FLOP *** [7d 3s Qs]
*** TURN *** [7d 3s Qs] [Qc]
*** RIVER *** [7d 3s Qs Qc] [3c]
*** SHOW DOWN ***
tomte999: shows [8h Ad] (two pair, Queens and Threes)
Molson848: shows [Ac Ks] (two pair, Queens and Threes)
tomte999 collected $10.43 from pot
Molson848 collected $10.42 from pot
*** SUMMARY ***
Total pot $21.28 | Rake $0.43
Board [7d 3s Qs Qc 3c]
Seat 3: tomte999 (big blind) showed [8h Ad] and won ($10.43) with two pair, Queens and Threes
Seat 4: Molson848 (button) (small blind) showed [Ac Ks] and won ($10.42) with two pair, Queens and Threes


PokerStars Hand #155300404411:  Hold'em Limit ($3/$6 USD) - 2016/06/28 9:50:35 ET
Table 'Thabit' 6-max Seat #2 is the button
Seat 2: Molson848 ($138.67 in chips)
Seat 3: tomte999 ($79.37 in chips)
Molson848: posts small blind $1
tomte999: posts big blind $3
*** HOLE CARDS ***
Molson848: raises $3 to $6
tomte999: folds
Uncalled bet ($3) returned to Molson848
Molson848 collected $6 from pot
Molson848: doesn't show hand
*** SUMMARY ***
Total pot $6 | Rake $0
Seat 2: Molson848 (button) (small blind) collected ($6)
Seat 3: tomte999 (big blind) folded before Flop


PokerStars Hand #155300399701:  Hold'em Limit ($3/$6 USD) - 2016/06/28 9:50:26 ET
Table 'Thabit' 6-max Seat #3 is the button
Seat 2: Molson848 ($137.67 in chips)
Seat 3: tomte999 ($80.37 in chips)
tomte999: posts small blind $1
Mordnilap: is sitting out
ABATAPP: is sitting out
Molson848: posts big blind $3
*** HOLE CARDS ***
tomte999: folds
Uncalled bet ($2) returned to Molson848
Molson848 collected $2 from pot
Molson848: doesn't show hand
*** SUMMARY ***
Total pot $2 | Rake $0
Seat 2: Molson848 (big blind) collected ($2)
Seat 3: tomte999 (button) (small blind) folded before Flop


PokerStars Hand #155300409334:  Hold'em Limit ($3/$6 USD) - 2016/06/28 9:50:45 ET
Table 'Thabit' 6-max Seat #3 is the button
Seat 2: Molson848 ($141.67 in chips)
Seat 3: tomte999 ($76.37 in chips)
tomte999: posts small blind $1
Molson848: posts big blind $3
*** HOLE CARDS ***
tomte999: raises $3 to $6
Molson848: raises $3 to $9
tomte999: calls $3
*** FLOP *** [Kc 7d Jd]
Molson848: bets $3
tomte999: folds
Uncalled bet ($3) returned to Molson848
Molson848 collected $17.64 from pot
Molson848: doesn't show hand
*** SUMMARY ***
Total pot $18 | Rake $0.36
Board [Kc 7d Jd]
Seat 2: Molson848 (big blind) collected ($17.64)
Seat 3: tomte999 (button) (small blind) folded on the Flop


PokerStars Hand #155300424804:  Hold'em Limit ($3/$6 USD) - 2016/06/28 9:51:15 ET
Table 'Thabit' 6-max Seat #2 is the button
Seat 2: Molson848 ($150.31 in chips)
Seat 3: tomte999 ($72 in chips)
Molson848: posts small blind $1
tomte999: posts big blind $3
*** HOLE CARDS ***
Molson848: raises $3 to $6
tomte999: calls $3
*** FLOP *** [Th 4c Qs]
tomte999: checks
Molson848: bets $3
tomte999: raises $3 to $6
Molson848: calls $3
*** TURN *** [Th 4c Qs] [7c]
tomte999: bets $6
Molson848: calls $6
*** RIVER *** [Th 4c Qs 7c] [Ah]
tomte999: bets $6
Molson848: raises $6 to $12
tomte999: raises $6 to $18
Molson848: raises $6 to $24
Betting is capped
tomte999: calls $6
*** SHOW DOWN ***
Molson848: shows [4h As] (two pair, Aces and Fours)
tomte999: mucks hand
Molson848 collected $83.50 from pot
*** SUMMARY ***
Total pot $84 | Rake $0.50
Board [Th 4c Qs 7c Ah]
Seat 2: Molson848 (button) (small blind) showed [4h As] and won ($83.50) with two pair, Aces and Fours
Seat 3: tomte999 (big blind) mucked


PokerStars Hand #155300447675:  Hold'em Limit ($3/$6 USD) - 2016/06/28 9:51:59 ET
Table 'Thabit' 6-max Seat #2 is the button
Seat 2: Molson848 ($203.33 in chips)
Seat 3: tomte999 ($72 in chips)
Molson848: posts small blind $1
tomte999: posts big blind $3
*** HOLE CARDS ***
Molson848: folds
Uncalled bet ($2) returned to tomte999
tomte999 collected $2 from pot
tomte999: doesn't show hand
*** SUMMARY ***
Total pot $2 | Rake $0
Seat 2: Molson848 (button) (small blind) folded before Flop
Seat 3: tomte999 (big blind) collected ($2)


PokerStars Hand #155300439622:  Hold'em Limit ($3/$6 USD) - 2016/06/28 9:51:43 ET
Table 'Thabit' 6-max Seat #3 is the button
Seat 2: Molson848 ($191.81 in chips)
Seat 3: tomte999 ($72 in chips)
tomte999: posts small blind $1
Molson848: posts big blind $3
*** HOLE CARDS ***
tomte999: raises $3 to $6
Molson848: raises $3 to $9
tomte999: calls $3
*** FLOP *** [5h Ah 9d]
Molson848: bets $3
tomte999: calls $3
*** TURN *** [5h Ah 9d] [As]
Molson848: bets $6
ABATAPP leaves the table
tomte999: folds
Uncalled bet ($6) returned to Molson848
Molson848 collected $23.52 from pot
Molson848: doesn't show hand
*** SUMMARY ***
Total pot $24 | Rake $0.48
Board [5h Ah 9d As]
Seat 2: Molson848 (big blind) collected ($23.52)
Seat 3: tomte999 (button) (small blind) folded on the Turn


PokerStars Hand #155300450245:  Hold'em Limit ($3/$6 USD) - 2016/06/28 9:52:04 ET
Table 'Thabit' 6-max Seat #3 is the button
Seat 2: Molson848 ($202.33 in chips)
Seat 3: tomte999 ($73 in chips)
tomte999: posts small blind $1
Doom_LordII was removed from the table for failing to post
Molson848: posts big blind $3
*** HOLE CARDS ***
tomte999: raises $3 to $6
Molson848: calls $3
*** FLOP *** [6d Th Ks]
Ale4o joins the table at seat #4
Molson848: checks
tomte999: bets $3
Molson848: calls $3
*** TURN *** [6d Th Ks] [As]
Molson848: checks
tomte999: checks
*** RIVER *** [6d Th Ks As] [7c]
Molson848: bets $6
tomte999: calls $6
*** SHOW DOWN ***
Molson848: shows [Ad 6s] (two pair, Aces and Sixes)
tomte999: mucks hand
Molson848 collected $29.50 from pot
*** SUMMARY ***
Total pot $30 | Rake $0.50
Board [6d Th Ks As 7c]
Seat 2: Molson848 (big blind) showed [Ad 6s] and won ($29.50) with two pair, Aces and Sixes
Seat 3: tomte999 (button) (small blind) mucked


PokerStars Hand #155300460134:  Hold'em Limit ($3/$6 USD) - 2016/06/28 9:52:23 ET
Table 'Thabit' 6-max Seat #2 is the button
Seat 2: Molson848 ($216.83 in chips)
Seat 3: tomte999 ($72 in chips)
Molson848: posts small blind $1
tomte999: posts big blind $3
*** HOLE CARDS ***
Molson848: folds
Uncalled bet ($2) returned to tomte999
tomte999 collected $2 from pot
tomte999: doesn't show hand
*** SUMMARY ***
Total pot $2 | Rake $0
Seat 2: Molson848 (button) (small blind) folded before Flop
Seat 3: tomte999 (big blind) collected ($2)


PokerStars Hand #155300462721:  Hold'em Limit ($3/$6 USD) - 2016/06/28 9:52:28 ET
Table 'Thabit' 6-max Seat #3 is the button
Seat 2: Molson848 ($215.83 in chips)
Seat 3: tomte999 ($73 in chips)
tomte999: posts small blind $1
marcesat was removed from the table for failing to post
Molson848: posts big blind $3
*** HOLE CARDS ***
tomte999: raises $3 to $6
Molson848: calls $3
*** FLOP *** [Ad 8c Kd]
Molson848: checks
tomte999: bets $3
Molson848: calls $3
*** TURN *** [Ad 8c Kd] [2c]
Molson848: checks
tomte999: bets $6
Molson848: calls $6
*** RIVER *** [Ad 8c Kd 2c] [2h]
Molson848: checks
tomte999: checks
*** SHOW DOWN ***
Molson848: shows [Jd 5d] (a pair of Deuces)
tomte999: shows [4d 8h] (two pair, Eights and Deuces)
tomte999 collected $29.50 from pot
*** SUMMARY ***
Total pot $30 | Rake $0.50
Board [Ad 8c Kd 2c 2h]
Seat 2: Molson848 (big blind) showed [Jd 5d] and lost with a pair of Deuces
Seat 3: tomte999 (button) (small blind) showed [4d 8h] and won ($29.50) with two pair, Eights and Deuces


PokerStars Hand #155300471370:  Hold'em Limit ($3/$6 USD) - 2016/06/28 9:52:44 ET
Table 'Thabit' 6-max Seat #2 is the button
Seat 2: Molson848 ($200.83 in chips)
Seat 3: tomte999 ($87.50 in chips)
Molson848: posts small blind $1
tomte999: posts big blind $3
*** HOLE CARDS ***
Molson848: raises $3 to $6
tomte999: calls $3
*** FLOP *** [Kh 3d 2s]
tomte999: checks
Molson848: bets $3
tomte999: folds
Uncalled bet ($3) returned to Molson848
Molson848 collected $11.76 from pot
Molson848: doesn't show hand
*** SUMMARY ***
Total pot $12 | Rake $0.24
Board [Kh 3d 2s]
Seat 2: Molson848 (button) (small blind) collected ($11.76)
Seat 3: tomte999 (big blind) folded on the Flop


PokerStars Hand #155300476400:  Hold'em Limit ($3/$6 USD) - 2016/06/28 9:52:54 ET
Table 'Thabit' 6-max Seat #3 is the button
Seat 2: Molson848 ($206.59 in chips)
Seat 3: tomte999 ($81.50 in chips)
tomte999: posts small blind $1
Mordnilap was removed from the table for failing to post
Molson848: posts big blind $3
*** HOLE CARDS ***
tomte999: raises $3 to $6
Molson848: raises $3 to $9
tomte999: calls $3
*** FLOP *** [5d Ks 8s]
Molson848: bets $3
tomte999: calls $3
*** TURN *** [5d Ks 8s] [As]
Molson848: bets $6
tomte999: calls $6
*** RIVER *** [5d Ks 8s As] [3c]
Molson848: bets $6
tomte999: calls $6
*** SHOW DOWN ***
Molson848: shows [Kh Ts] (a pair of Kings)
tomte999: mucks hand
Molson848 collected $47.50 from pot
*** SUMMARY ***
Total pot $48 | Rake $0.50
Board [5d Ks 8s As 3c]
Seat 2: Molson848 (big blind) showed [Kh Ts] and won ($47.50) with a pair of Kings
Seat 3: tomte999 (button) (small blind) mucked


PokerStars Hand #155300485871:  Hold'em Limit ($3/$6 USD) - 2016/06/28 9:53:12 ET
Table 'Thabit' 6-max Seat #2 is the button
Seat 2: Molson848 ($230.09 in chips)
Seat 3: tomte999 ($72 in chips)
Molson848: posts small blind $1
tomte999: posts big blind $3
*** HOLE CARDS ***
Mordnilap joins the table at seat #5
Molson848: raises $3 to $6
tomte999: calls $3
*** FLOP *** [Ts 7s 3d]
tomte999: checks
Molson848: bets $3
tomte999: raises $3 to $6
Molson848: raises $3 to $9
tomte999: raises $3 to $12
Betting is capped
Molson848: calls $3
*** TURN *** [Ts 7s 3d] [6h]
tomte999: bets $6
Molson848: raises $6 to $12
tomte999: calls $6
*** RIVER *** [Ts 7s 3d 6h] [Qs]
tomte999: checks
Molson848: bets $6
tomte999: calls $6
*** SHOW DOWN ***
Molson848: shows [Td As] (a pair of Tens)
tomte999: mucks hand
Molson848 collected $71.50 from pot
*** SUMMARY ***
Total pot $72 | Rake $0.50
Board [Ts 7s 3d 6h Qs]
Seat 2: Molson848 (button) (small blind) showed [Td As] and won ($71.50) with a pair of Tens
Seat 3: tomte999 (big blind) mucked


PokerStars Hand #155301316905:  Hold'em Limit ($3/$6 USD) - 2016/06/28 10:19:42 ET
Table 'Thabit' 6-max Seat #4 is the button
Seat 3: tomte999 ($125.21 in chips)
Seat 4: sokol-max-PS ($120.04 in chips)
sokol-max-PS: posts small blind $1
tomte999: posts big blind $3
*** HOLE CARDS ***
sokol-max-PS: raises $3 to $6
tomte999: calls $3
*** FLOP *** [7h 7s Td]
tomte999: checks
sokol-max-PS: bets $3
tomte999: raises $3 to $6
sokol-max-PS: calls $3
*** TURN *** [7h 7s Td] [Tc]
tomte999: bets $6
sokol-max-PS: folds
Uncalled bet ($6) returned to tomte999
tomte999 collected $23.52 from pot
tomte999: doesn't show hand
*** SUMMARY ***
Total pot $24 | Rake $0.48
Board [7h 7s Td Tc]
Seat 3: tomte999 (big blind) collected ($23.52)
Seat 4: sokol-max-PS (button) (small blind) folded on the Turn


PokerStars Hand #155301337592:  Hold'em Limit ($3/$6 USD) - 2016/06/28 10:20:22 ET
Table 'Thabit' 6-max Seat #3 is the button
Seat 3: tomte999 ($136.73 in chips)
Seat 4: sokol-max-PS ($108.04 in chips)
tomte999: posts small blind $1
sokol-max-PS: posts big blind $3
*** HOLE CARDS ***
tomte999: folds
Uncalled bet ($2) returned to sokol-max-PS
sokol-max-PS collected $2 from pot
sokol-max-PS: doesn't show hand
*** SUMMARY ***
Total pot $2 | Rake $0
Seat 3: tomte999 (button) (small blind) folded before Flop
Seat 4: sokol-max-PS (big blind) collected ($2)


