PokerStars Hand #156588470114:  Hold'em Limit ($3/$6 USD) - 2016/07/29 8:40:50 ET
Table 'Thais II' 6-max Seat #4 is the button
Seat 4: Agrotait ($72 in chips)
Seat 5: moveoverover ($72 in chips)
Agrotait: posts small blind $1
moveoverover: posts big blind $3
*** HOLE CARDS ***
Agrotait: raises $3 to $6
moveoverover: folds
Uncalled bet ($3) returned to Agrotait
Agrotait collected $6 from pot
Agrotait: doesn't show hand
*** SUMMARY ***
Total pot $6 | Rake $0
Seat 4: Agrotait (button) (small blind) collected ($6)
Seat 5: moveoverover (big blind) folded before Flop


PokerStars Hand #156588478525:  Hold'em Limit ($3/$6 USD) - 2016/07/29 8:41:07 ET
Table 'Thais II' 6-max Seat #5 is the button
Seat 4: Agrotait ($75 in chips)
Seat 5: moveoverover ($69 in chips)
moveoverover: posts small blind $1
Agrotait: posts big blind $3
*** HOLE CARDS ***
moveoverover: raises $3 to $6
Agrotait: calls $3
*** FLOP *** [Qd Ks Qc]
Agrotait: checks
moveoverover: bets $3
belik555 joins the table at seat #6
Agrotait: raises $3 to $6
moveoverover: calls $3
*** TURN *** [Qd Ks Qc] [5h]
Agrotait: bets $6
moveoverover: calls $6
*** RIVER *** [Qd Ks Qc 5h] [8c]
Agrotait: bets $6
moveoverover: raises $6 to $12
Agrotait: folds
Uncalled bet ($6) returned to moveoverover
moveoverover collected $47.50 from pot
*** SUMMARY ***
Total pot $48 | Rake $0.50
Board [Qd Ks Qc 5h 8c]
Seat 4: Agrotait (big blind) folded on the River
Seat 5: moveoverover (button) (small blind) collected ($47.50)


PokerStars Hand #156588497212:  Hold'em Limit ($3/$6 USD) - 2016/07/29 8:41:45 ET
Table 'Thais II' 6-max Seat #4 is the button
Seat 4: Agrotait ($72 in chips)
Seat 5: moveoverover ($92.50 in chips)
Agrotait: posts small blind $1
moveoverover: posts big blind $3
*** HOLE CARDS ***
Agrotait: raises $3 to $6
moveoverover: folds
Uncalled bet ($3) returned to Agrotait
Agrotait collected $6 from pot
Agrotait: doesn't show hand
*** SUMMARY ***
Total pot $6 | Rake $0
Seat 4: Agrotait (button) (small blind) collected ($6)
Seat 5: moveoverover (big blind) folded before Flop


