PokerStars Hand #166945600754:  Hold'em Limit ($3/$6 USD) - 2017/03/01 7:43:29 ET
Table 'Thais' 10-max Seat #10 is the button
Seat 6: Agrotait ($72 in chips)
Seat 10: Whitty29 ($120 in chips)
Whitty29: posts small blind $1
Agrotait: posts big blind $3
*** HOLE CARDS ***
Whitty29: calls $2
Agrotait: checks
*** FLOP *** [Ad 3c 7c]
Agrotait: bets $3
Whitty29: folds
Uncalled bet ($3) returned to Agrotait
Agrotait collected $5.88 from pot
Agrotait: doesn't show hand
*** SUMMARY ***
Total pot $6 | Rake $0.12
Board [Ad 3c 7c]
Seat 6: Agrotait (big blind) collected ($5.88)
Seat 10: Whitty29 (button) (small blind) folded on the Flop


PokerStars Hand #166945621581:  Hold'em Limit ($3/$6 USD) - 2017/03/01 7:44:09 ET
Table 'Thais' 10-max Seat #10 is the button
Seat 6: Agrotait ($83.52 in chips)
Seat 10: Whitty29 ($108 in chips)
Whitty29: posts small blind $1
Agrotait: posts big blind $3
*** HOLE CARDS ***
Whitty29: folds
Uncalled bet ($2) returned to Agrotait
Agrotait collected $2 from pot
Agrotait: doesn't show hand
*** SUMMARY ***
Total pot $2 | Rake $0
Seat 6: Agrotait (big blind) collected ($2)
Seat 10: Whitty29 (button) (small blind) folded before Flop


PokerStars Hand #166945611180:  Hold'em Limit ($3/$6 USD) - 2017/03/01 7:43:49 ET
Table 'Thais' 10-max Seat #6 is the button
Seat 6: Agrotait ($74.88 in chips)
Seat 10: Whitty29 ($117 in chips)
Agrotait: posts small blind $1
Whitty29: posts big blind $3
*** HOLE CARDS ***
Agrotait: raises $3 to $6
Whitty29: calls $3
*** FLOP *** [Kd 8d Qs]
Whitty29: checks
Agrotait: bets $3
Whitty29: calls $3
*** TURN *** [Kd 8d Qs] [As]
Whitty29: checks
Agrotait: bets $6
Whitty29: folds
Uncalled bet ($6) returned to Agrotait
Agrotait collected $17.64 from pot
Agrotait: doesn't show hand
*** SUMMARY ***
Total pot $18 | Rake $0.36
Board [Kd 8d Qs As]
Seat 6: Agrotait (button) (small blind) collected ($17.64)
Seat 10: Whitty29 (big blind) folded on the Turn


PokerStars Hand #166945624202:  Hold'em Limit ($3/$6 USD) - 2017/03/01 7:44:14 ET
Table 'Thais' 10-max Seat #6 is the button
Seat 6: Agrotait ($84.52 in chips)
Seat 10: Whitty29 ($107 in chips)
Agrotait: posts small blind $1
Whitty29: posts big blind $3
*** HOLE CARDS ***
Agrotait: raises $3 to $6
Whitty29: calls $3
*** FLOP *** [Kd 3c Kc]
Whitty29: bets $3
Agrotait: calls $3
*** TURN *** [Kd 3c Kc] [Qd]
Whitty29: bets $6
Agrotait: calls $6
*** RIVER *** [Kd 3c Kc Qd] [5d]
Whitty29: bets $6
Agrotait: calls $6
*** SHOW DOWN ***
Whitty29: shows [4s 8d] (a pair of Kings)
Agrotait: shows [Qh Tc] (two pair, Kings and Queens)
Agrotait collected $41.50 from pot
*** SUMMARY ***
Total pot $42 | Rake $0.50
Board [Kd 3c Kc Qd 5d]
Seat 6: Agrotait (button) (small blind) showed [Qh Tc] and won ($41.50) with two pair, Kings and Queens
Seat 10: Whitty29 (big blind) showed [4s 8d] and lost with a pair of Kings


PokerStars Hand #166945638412:  Hold'em Limit ($3/$6 USD) - 2017/03/01 7:44:41 ET
Table 'Thais' 10-max Seat #10 is the button
Seat 6: Agrotait ($105.02 in chips)
Seat 10: Whitty29 ($86 in chips)
Whitty29: posts small blind $1
Agrotait: posts big blind $3
*** HOLE CARDS ***
Whitty29: calls $2
Agrotait: checks
*** FLOP *** [Td 9h 8h]
Agrotait: bets $3
Whitty29: folds
Uncalled bet ($3) returned to Agrotait
B_loJkl joins the table at seat #1
Agrotait collected $5.88 from pot
Agrotait: doesn't show hand
*** SUMMARY ***
Total pot $6 | Rake $0.12
Board [Td 9h 8h]
Seat 6: Agrotait (big blind) collected ($5.88)
Seat 10: Whitty29 (button) (small blind) folded on the Flop


PokerStars Hand #166945646197:  Hold'em Limit ($3/$6 USD) - 2017/03/01 7:44:55 ET
Table 'Thais' 10-max Seat #6 is the button
Seat 6: Agrotait ($107.90 in chips)
Seat 10: Whitty29 ($83 in chips)
Agrotait: posts small blind $1
Whitty29: posts big blind $3
*** HOLE CARDS ***
Agrotait: folds
Uncalled bet ($2) returned to Whitty29
Whitty29 collected $2 from pot
*** SUMMARY ***
Total pot $2 | Rake $0
Seat 6: Agrotait (button) (small blind) folded before Flop
Seat 10: Whitty29 (big blind) collected ($2)


PokerStars Hand #166946015737:  Hold'em Limit ($3/$6 USD) - 2017/03/01 7:56:36 ET
Table 'Thais' 10-max Seat #10 is the button
Seat 1: B_loJkl ($150.74 in chips)
Seat 10: Whitty29 ($435.47 in chips)
Whitty29: posts small blind $1
B_loJkl: posts big blind $3
*** HOLE CARDS ***
Whitty29: folds
Uncalled bet ($2) returned to B_loJkl
B_loJkl collected $2 from pot
B_loJkl: doesn't show hand
*** SUMMARY ***
Total pot $2 | Rake $0
Seat 1: B_loJkl (big blind) collected ($2)
Seat 10: Whitty29 (button) (small blind) folded before Flop


PokerStars Hand #166946007187:  Hold'em Limit ($3/$6 USD) - 2017/03/01 7:56:18 ET
Table 'Thais' 10-max Seat #1 is the button
Seat 1: B_loJkl ($159.74 in chips)
Seat 10: Whitty29 ($426.83 in chips)
B_loJkl: posts small blind $1
Whitty29: posts big blind $3
*** HOLE CARDS ***
B_loJkl: raises $3 to $6
Whitty29: calls $3
*** FLOP *** [Js 3d 2h]
Agrotait leaves the table
Whitty29: checks
B_loJkl: bets $3
Whitty29: calls $3
*** TURN *** [Js 3d 2h] [Qh]
Whitty29: checks
B_loJkl: checks
*** RIVER *** [Js 3d 2h Qh] [Qd]
Whitty29: bets $6
B_loJkl: folds
Uncalled bet ($6) returned to Whitty29
Whitty29 collected $17.64 from pot
*** SUMMARY ***
Total pot $18 | Rake $0.36
Board [Js 3d 2h Qh Qd]
Seat 1: B_loJkl (button) (small blind) folded on the River
Seat 10: Whitty29 (big blind) collected ($17.64)


PokerStars Hand #166946004791:  Hold'em Limit ($3/$6 USD) - 2017/03/01 7:56:13 ET
Table 'Thais' 10-max Seat #10 is the button
Seat 1: B_loJkl ($158.74 in chips)
Seat 10: Whitty29 ($427.83 in chips)
Whitty29: posts small blind $1
B_loJkl: posts big blind $3
*** HOLE CARDS ***
Whitty29: folds
Uncalled bet ($2) returned to B_loJkl
B_loJkl collected $2 from pot
B_loJkl: doesn't show hand
*** SUMMARY ***
Total pot $2 | Rake $0
Seat 1: B_loJkl (big blind) collected ($2)
Seat 10: Whitty29 (button) (small blind) folded before Flop


PokerStars Hand #166945998622:  Hold'em Limit ($3/$6 USD) - 2017/03/01 7:56:00 ET
Table 'Thais' 10-max Seat #1 is the button
Seat 1: B_loJkl ($152.98 in chips)
Seat 10: Whitty29 ($433.83 in chips)
B_loJkl: posts small blind $1
Agrotait: is sitting out
Whitty29: posts big blind $3
*** HOLE CARDS ***
B_loJkl: raises $3 to $6
Whitty29: calls $3
*** FLOP *** [Kh 2d As]
Whitty29: checks
B_loJkl: bets $3
Whitty29: folds
Uncalled bet ($3) returned to B_loJkl
B_loJkl collected $11.76 from pot
B_loJkl: doesn't show hand
*** SUMMARY ***
Total pot $12 | Rake $0.24
Board [Kh 2d As]
Seat 1: B_loJkl (button) (small blind) collected ($11.76)
Seat 10: Whitty29 (big blind) folded on the Flop


PokerStars Hand #166946037985:  Hold'em Limit ($3/$6 USD) - 2017/03/01 7:57:22 ET
Table 'Thais' 10-max Seat #10 is the button
Seat 1: B_loJkl ($127.50 in chips)
Seat 10: Whitty29 ($457.97 in chips)
Whitty29: posts small blind $1
B_loJkl: posts big blind $3
*** HOLE CARDS ***
Whitty29: raises $3 to $6
B_loJkl: folds
Uncalled bet ($3) returned to Whitty29
Whitty29 collected $6 from pot
*** SUMMARY ***
Total pot $6 | Rake $0
Seat 1: B_loJkl (big blind) folded before Flop
Seat 10: Whitty29 (button) (small blind) collected ($6)


PokerStars Hand #166946029289:  Hold'em Limit ($3/$6 USD) - 2017/03/01 7:57:04 ET
Table 'Thais' 10-max Seat #1 is the button
Seat 1: B_loJkl ($154.50 in chips)
Seat 10: Whitty29 ($431.47 in chips)
B_loJkl: posts small blind $1
Whitty29: posts big blind $3
*** HOLE CARDS ***
B_loJkl: raises $3 to $6
Whitty29: calls $3
*** FLOP *** [Qc 4c 7d]
Whitty29: bets $3
B_loJkl: calls $3
*** TURN *** [Qc 4c 7d] [2s]
Whitty29: bets $6
B_loJkl: raises $6 to $12
Whitty29: calls $6
*** RIVER *** [Qc 4c 7d 2s] [3h]
Whitty29: checks
B_loJkl: bets $6
Whitty29: calls $6
*** SHOW DOWN ***
B_loJkl: shows [Qs 2d] (two pair, Queens and Deuces)
Whitty29: shows [Qd 7c] (two pair, Queens and Sevens)
Whitty29 collected $53.50 from pot
*** SUMMARY ***
Total pot $54 | Rake $0.50
Board [Qc 4c 7d 2s 3h]
Seat 1: B_loJkl (button) (small blind) showed [Qs 2d] and lost with two pair, Queens and Deuces
Seat 10: Whitty29 (big blind) showed [Qd 7c] and won ($53.50) with two pair, Queens and Sevens


PokerStars Hand #166946026061:  Hold'em Limit ($3/$6 USD) - 2017/03/01 7:56:57 ET
Table 'Thais' 10-max Seat #10 is the button
Seat 1: B_loJkl ($157.50 in chips)
Seat 10: Whitty29 ($428.47 in chips)
Whitty29: posts small blind $1
B_loJkl: posts big blind $3
*** HOLE CARDS ***
Whitty29: raises $3 to $6
B_loJkl: folds
Uncalled bet ($3) returned to Whitty29
Whitty29 collected $6 from pot
*** SUMMARY ***
Total pot $6 | Rake $0
Seat 1: B_loJkl (big blind) folded before Flop
Seat 10: Whitty29 (button) (small blind) collected ($6)


PokerStars Hand #166946018473:  Hold'em Limit ($3/$6 USD) - 2017/03/01 7:56:42 ET
Table 'Thais' 10-max Seat #1 is the button
Seat 1: B_loJkl ($151.74 in chips)
Seat 10: Whitty29 ($434.47 in chips)
B_loJkl: posts small blind $1
Whitty29: posts big blind $3
*** HOLE CARDS ***
B_loJkl: raises $3 to $6
Whitty29: calls $3
*** FLOP *** [6s 8d 5c]
Whitty29: checks
B_loJkl: checks
*** TURN *** [6s 8d 5c] [Qs]
Whitty29: checks
B_loJkl: bets $6
Whitty29: folds
Uncalled bet ($6) returned to B_loJkl
B_loJkl collected $11.76 from pot
B_loJkl: doesn't show hand
*** SUMMARY ***
Total pot $12 | Rake $0.24
Board [6s 8d 5c Qs]
Seat 1: B_loJkl (button) (small blind) collected ($11.76)
Seat 10: Whitty29 (big blind) folded on the Turn


PokerStars Hand #166946065766:  Hold'em Limit ($3/$6 USD) - 2017/03/01 7:58:20 ET
Table 'Thais' 10-max Seat #10 is the button
Seat 1: B_loJkl ($133.14 in chips)
Seat 10: Whitty29 ($451.97 in chips)
Whitty29: posts small blind $1
B_loJkl: posts big blind $3
*** HOLE CARDS ***
Whitty29: calls $2
B_loJkl: raises $3 to $6
Whitty29: calls $3
*** FLOP *** [Jd 7h 9d]
B_loJkl: bets $3
Whitty29: calls $3
*** TURN *** [Jd 7h 9d] [Jc]
B_loJkl: bets $6
Whitty29: folds
Uncalled bet ($6) returned to B_loJkl
B_loJkl collected $17.64 from pot
B_loJkl: doesn't show hand
*** SUMMARY ***
Total pot $18 | Rake $0.36
Board [Jd 7h 9d Jc]
Seat 1: B_loJkl (big blind) collected ($17.64)
Seat 10: Whitty29 (button) (small blind) folded on the Turn


PokerStars Hand #166946093586:  Hold'em Limit ($3/$6 USD) - 2017/03/01 7:59:18 ET
Table 'Thais' 10-max Seat #10 is the button
Seat 1: B_loJkl ($120.78 in chips)
Seat 10: Whitty29 ($463.47 in chips)
Whitty29: posts small blind $1
B_loJkl: posts big blind $3
*** HOLE CARDS ***
Whitty29: folds
Uncalled bet ($2) returned to B_loJkl
B_loJkl collected $2 from pot
B_loJkl: doesn't show hand
*** SUMMARY ***
Total pot $2 | Rake $0
Seat 1: B_loJkl (big blind) collected ($2)
Seat 10: Whitty29 (button) (small blind) folded before Flop


PokerStars Hand #166946078978:  Hold'em Limit ($3/$6 USD) - 2017/03/01 7:58:47 ET
Table 'Thais' 10-max Seat #1 is the button
Seat 1: B_loJkl ($141.78 in chips)
Seat 10: Whitty29 ($442.97 in chips)
B_loJkl: posts small blind $1
Whitty29: posts big blind $3
*** HOLE CARDS ***
B_loJkl: raises $3 to $6
Whitty29: calls $3
*** FLOP *** [6h 4c Ks]
Whitty29: checks
B_loJkl: bets $3
Whitty29: calls $3
*** TURN *** [6h 4c Ks] [9d]
Whitty29: checks
B_loJkl: bets $6
Whitty29: calls $6
*** RIVER *** [6h 4c Ks 9d] [5c]
Whitty29: checks
B_loJkl: bets $6
Whitty29: calls $6
*** SHOW DOWN ***
B_loJkl: shows [Jh Js] (a pair of Jacks)
Whitty29: shows [Kd 4s] (two pair, Kings and Fours)
Whitty29 collected $41.50 from pot
*** SUMMARY ***
Total pot $42 | Rake $0.50
Board [6h 4c Ks 9d 5c]
Seat 1: B_loJkl (button) (small blind) showed [Jh Js] and lost with a pair of Jacks
Seat 10: Whitty29 (big blind) showed [Kd 4s] and won ($41.50) with two pair, Kings and Fours


PokerStars Hand #166946127466:  Hold'em Limit ($3/$6 USD) - 2017/03/01 8:00:27 ET
Table 'Thais' 10-max Seat #10 is the button
Seat 1: B_loJkl ($103.60 in chips)
Seat 10: Whitty29 ($479.57 in chips)
Whitty29: posts small blind $1
B_loJkl: posts big blind $3
*** HOLE CARDS ***
Whitty29: calls $2
B_loJkl: raises $3 to $6
Whitty29: calls $3
*** FLOP *** [Jc 9d 5h]
B_loJkl: bets $3
Whitty29: calls $3
*** TURN *** [Jc 9d 5h] [3h]
B_loJkl: bets $6
Whitty29: calls $6
*** RIVER *** [Jc 9d 5h 3h] [Kd]
B_loJkl: bets $6
Whitty29: calls $6
*** SHOW DOWN ***
B_loJkl: shows [Qd 9h] (a pair of Nines)
Whitty29: shows [Kh 7h] (a pair of Kings)
Whitty29 collected $41.50 from pot
*** SUMMARY ***
Total pot $42 | Rake $0.50
Board [Jc 9d 5h 3h Kd]
Seat 1: B_loJkl (big blind) showed [Qd 9h] and lost with a pair of Nines
Seat 10: Whitty29 (button) (small blind) showed [Kh 7h] and won ($41.50) with a pair of Kings


PokerStars Hand #166946120736:  Hold'em Limit ($3/$6 USD) - 2017/03/01 8:00:13 ET
Table 'Thais' 10-max Seat #1 is the button
Seat 1: B_loJkl ($112.60 in chips)
Seat 10: Whitty29 ($470.93 in chips)
B_loJkl: posts small blind $1
Whitty29: posts big blind $3
*** HOLE CARDS ***
B_loJkl: raises $3 to $6
Whitty29: calls $3
*** FLOP *** [Jh Th 2d]
Whitty29: checks
B_loJkl: bets $3
Whitty29: calls $3
*** TURN *** [Jh Th 2d] [Ts]
Whitty29: checks
B_loJkl: checks
*** RIVER *** [Jh Th 2d Ts] [2s]
Whitty29: bets $6
B_loJkl: folds
Uncalled bet ($6) returned to Whitty29
Whitty29 collected $17.64 from pot
*** SUMMARY ***
Total pot $18 | Rake $0.36
Board [Jh Th 2d Ts 2s]
Seat 1: B_loJkl (button) (small blind) folded on the River
Seat 10: Whitty29 (big blind) collected ($17.64)


PokerStars Hand #166946111563:  Hold'em Limit ($3/$6 USD) - 2017/03/01 7:59:55 ET
Table 'Thais' 10-max Seat #10 is the button
Seat 1: B_loJkl ($121.60 in chips)
Seat 10: Whitty29 ($462.29 in chips)
Whitty29: posts small blind $1
B_loJkl: posts big blind $3
*** HOLE CARDS ***
Whitty29: raises $3 to $6
B_loJkl: calls $3
*** FLOP *** [3h 4c 3d]
B_loJkl: checks
Whitty29: bets $3
B_loJkl: calls $3
*** TURN *** [3h 4c 3d] [9s]
B_loJkl: checks
Whitty29: checks
*** RIVER *** [3h 4c 3d 9s] [2h]
B_loJkl: checks
Whitty29: bets $6
B_loJkl: folds
Uncalled bet ($6) returned to Whitty29
Whitty29 collected $17.64 from pot
*** SUMMARY ***
Total pot $18 | Rake $0.36
Board [3h 4c 3d 9s 2h]
Seat 1: B_loJkl (big blind) folded on the River
Seat 10: Whitty29 (button) (small blind) collected ($17.64)


PokerStars Hand #166946099469:  Hold'em Limit ($3/$6 USD) - 2017/03/01 7:59:30 ET
Table 'Thais' 10-max Seat #1 is the button
Seat 1: B_loJkl ($121.78 in chips)
Seat 10: Whitty29 ($462.47 in chips)
B_loJkl: posts small blind $1
Whitty29: posts big blind $3
*** HOLE CARDS ***
B_loJkl: raises $3 to $6
Whitty29: calls $3
*** FLOP *** [Kc Qs Js]
Whitty29: checks
B_loJkl: bets $3
Whitty29: calls $3
*** TURN *** [Kc Qs Js] [8d]
Whitty29: checks
B_loJkl: checks
*** RIVER *** [Kc Qs Js 8d] [5c]
Whitty29: checks
B_loJkl: checks
*** SHOW DOWN ***
Whitty29: shows [3h As] (high card Ace)
B_loJkl: shows [Ah 4c] (high card Ace)
Whitty29 collected $8.82 from pot
B_loJkl collected $8.82 from pot
*** SUMMARY ***
Total pot $18 | Rake $0.36
Board [Kc Qs Js 8d 5c]
Seat 1: B_loJkl (button) (small blind) showed [Ah 4c] and won ($8.82) with high card Ace
Seat 10: Whitty29 (big blind) showed [3h As] and won ($8.82) with high card Ace


PokerStars Hand #166946167455:  Hold'em Limit ($3/$6 USD) - 2017/03/01 8:01:43 ET
Table 'Thais' 10-max Seat #1 is the button
Seat 1: B_loJkl ($80.10 in chips)
Seat 10: Whitty29 ($501.57 in chips)
B_loJkl: posts small blind $1
Whitty29: posts big blind $3
*** HOLE CARDS ***
B_loJkl: raises $3 to $6
Whitty29: folds
Uncalled bet ($3) returned to B_loJkl
B_loJkl collected $6 from pot
B_loJkl: doesn't show hand
*** SUMMARY ***
Total pot $6 | Rake $0
Seat 1: B_loJkl (button) (small blind) collected ($6)
Seat 10: Whitty29 (big blind) folded before Flop


PokerStars Hand #166946164540:  Hold'em Limit ($3/$6 USD) - 2017/03/01 8:01:38 ET
Table 'Thais' 10-max Seat #10 is the button
Seat 1: B_loJkl ($79.10 in chips)
Seat 10: Whitty29 ($502.57 in chips)
Whitty29: posts small blind $1
B_loJkl: posts big blind $3
*** HOLE CARDS ***
Whitty29: folds
Uncalled bet ($2) returned to B_loJkl
B_loJkl collected $2 from pot
B_loJkl: doesn't show hand
*** SUMMARY ***
Total pot $2 | Rake $0
Seat 1: B_loJkl (big blind) collected ($2)
Seat 10: Whitty29 (button) (small blind) folded before Flop


PokerStars Hand #166946153821:  Hold'em Limit ($3/$6 USD) - 2017/03/01 8:01:18 ET
Table 'Thais' 10-max Seat #1 is the button
Seat 1: B_loJkl ($94.10 in chips)
Seat 10: Whitty29 ($488.07 in chips)
B_loJkl: posts small blind $1
Whitty29: posts big blind $3
*** HOLE CARDS ***
B_loJkl: raises $3 to $6
Whitty29: calls $3
*** FLOP *** [3h Kc 6s]
Whitty29: checks
B_loJkl: bets $3
Whitty29: calls $3
*** TURN *** [3h Kc 6s] [Ac]
Whitty29: checks
B_loJkl: bets $6
Whitty29: raises $6 to $12
B_loJkl: folds
Uncalled bet ($6) returned to Whitty29
Whitty29 collected $29.50 from pot
*** SUMMARY ***
Total pot $30 | Rake $0.50
Board [3h Kc 6s Ac]
Seat 1: B_loJkl (button) (small blind) folded on the Turn
Seat 10: Whitty29 (big blind) collected ($29.50)


PokerStars Hand #166946151146:  Hold'em Limit ($3/$6 USD) - 2017/03/01 8:01:13 ET
Table 'Thais' 10-max Seat #10 is the button
Seat 1: B_loJkl ($97.10 in chips)
Seat 10: Whitty29 ($485.07 in chips)
Whitty29: posts small blind $1
B_loJkl: posts big blind $3
*** HOLE CARDS ***
Whitty29: raises $3 to $6
B_loJkl: folds
Uncalled bet ($3) returned to Whitty29
Whitty29 collected $6 from pot
*** SUMMARY ***
Total pot $6 | Rake $0
Seat 1: B_loJkl (big blind) folded before Flop
Seat 10: Whitty29 (button) (small blind) collected ($6)


PokerStars Hand #166946139832:  Hold'em Limit ($3/$6 USD) - 2017/03/01 8:00:51 ET
Table 'Thais' 10-max Seat #1 is the button
Seat 1: B_loJkl ($82.60 in chips)
Seat 10: Whitty29 ($500.07 in chips)
B_loJkl: posts small blind $1
Whitty29: posts big blind $3
*** HOLE CARDS ***
B_loJkl: raises $3 to $6
Whitty29: calls $3
*** FLOP *** [Kd Jh 4h]
Whitty29: checks
B_loJkl: bets $3
Whitty29: calls $3
*** TURN *** [Kd Jh 4h] [Qh]
Whitty29: checks
B_loJkl: bets $6
Whitty29: calls $6
*** RIVER *** [Kd Jh 4h Qh] [6h]
Whitty29: checks
B_loJkl: bets $6
Whitty29: folds
Uncalled bet ($6) returned to B_loJkl
B_loJkl collected $29.50 from pot
B_loJkl: doesn't show hand
*** SUMMARY ***
Total pot $30 | Rake $0.50
Board [Kd Jh 4h Qh 6h]
Seat 1: B_loJkl (button) (small blind) collected ($29.50)
Seat 10: Whitty29 (big blind) folded on the River


PokerStars Hand #166946200329:  Hold'em Limit ($3/$6 USD) - 2017/03/01 8:02:43 ET
Table 'Thais' 10-max Seat #1 is the button
Seat 1: B_loJkl ($104.60 in chips)
Seat 10: Whitty29 ($476.57 in chips)
B_loJkl: posts small blind $1
Whitty29: posts big blind $3
*** HOLE CARDS ***
B_loJkl: raises $3 to $6
Whitty29: folds
Uncalled bet ($3) returned to B_loJkl
B_loJkl collected $6 from pot
B_loJkl: doesn't show hand
*** SUMMARY ***
Total pot $6 | Rake $0
Seat 1: B_loJkl (button) (small blind) collected ($6)
Seat 10: Whitty29 (big blind) folded before Flop


PokerStars Hand #166946195438:  Hold'em Limit ($3/$6 USD) - 2017/03/01 8:02:34 ET
Table 'Thais' 10-max Seat #10 is the button
Seat 1: B_loJkl ($107.60 in chips)
Seat 10: Whitty29 ($473.57 in chips)
Whitty29: posts small blind $1
B_loJkl: posts big blind $3
*** HOLE CARDS ***
Whitty29: raises $3 to $6
B_loJkl: folds
Uncalled bet ($3) returned to Whitty29
Whitty29 collected $6 from pot
*** SUMMARY ***
Total pot $6 | Rake $0
Seat 1: B_loJkl (big blind) folded before Flop
Seat 10: Whitty29 (button) (small blind) collected ($6)


PokerStars Hand #166946174951:  Hold'em Limit ($3/$6 USD) - 2017/03/01 8:01:57 ET
Table 'Thais' 10-max Seat #1 is the button
Seat 1: B_loJkl ($84.10 in chips)
Seat 10: Whitty29 ($497.57 in chips)
B_loJkl: posts small blind $1
Whitty29: posts big blind $3
*** HOLE CARDS ***
B_loJkl: raises $3 to $6
Whitty29: raises $3 to $9
B_loJkl: calls $3
*** FLOP *** [6d Tc 4d]
Whitty29: bets $3
B_loJkl: calls $3
*** TURN *** [6d Tc 4d] [Jh]
Whitty29: checks
B_loJkl: bets $6
Whitty29: calls $6
*** RIVER *** [6d Tc 4d Jh] [3d]
Whitty29: checks
B_loJkl: bets $6
Whitty29: calls $6
*** SHOW DOWN ***
B_loJkl: shows [6c Td] (two pair, Tens and Sixes)
Whitty29: mucks hand
B_loJkl collected $47.50 from pot
*** SUMMARY ***
Total pot $48 | Rake $0.50
Board [6d Tc 4d Jh 3d]
Seat 1: B_loJkl (button) (small blind) showed [6c Td] and won ($47.50) with two pair, Tens and Sixes
Seat 10: Whitty29 (big blind) mucked


PokerStars Hand #166946172270:  Hold'em Limit ($3/$6 USD) - 2017/03/01 8:01:52 ET
Table 'Thais' 10-max Seat #10 is the button
Seat 1: B_loJkl ($83.10 in chips)
Seat 10: Whitty29 ($498.57 in chips)
Whitty29: posts small blind $1
B_loJkl: posts big blind $3
*** HOLE CARDS ***
Whitty29: folds
Uncalled bet ($2) returned to B_loJkl
B_loJkl collected $2 from pot
B_loJkl: doesn't show hand
*** SUMMARY ***
Total pot $2 | Rake $0
Seat 1: B_loJkl (big blind) collected ($2)
Seat 10: Whitty29 (button) (small blind) folded before Flop


PokerStars Hand #166946219570:  Hold'em Limit ($3/$6 USD) - 2017/03/01 8:03:18 ET
Table 'Thais' 10-max Seat #10 is the button
Seat 1: B_loJkl ($99.60 in chips)
Seat 10: Whitty29 ($481.21 in chips)
Whitty29: posts small blind $1
B_loJkl: posts big blind $3
*** HOLE CARDS ***
Whitty29: folds
Uncalled bet ($2) returned to B_loJkl
B_loJkl collected $2 from pot
B_loJkl: doesn't show hand
*** SUMMARY ***
Total pot $2 | Rake $0
Seat 1: B_loJkl (big blind) collected ($2)
Seat 10: Whitty29 (button) (small blind) folded before Flop


PokerStars Hand #166946206234:  Hold'em Limit ($3/$6 USD) - 2017/03/01 8:02:54 ET
Table 'Thais' 10-max Seat #1 is the button
Seat 1: B_loJkl ($108.60 in chips)
Seat 10: Whitty29 ($472.57 in chips)
B_loJkl: posts small blind $1
Whitty29: posts big blind $3
*** HOLE CARDS ***
B_loJkl: raises $3 to $6
Whitty29: calls $3
*** FLOP *** [3c Ad Kc]
Whitty29: checks
B_loJkl: bets $3
Whitty29: calls $3
*** TURN *** [3c Ad Kc] [8h]
Whitty29: checks
B_loJkl: checks
*** RIVER *** [3c Ad Kc 8h] [Qh]
Whitty29: bets $6
B_loJkl: folds
Uncalled bet ($6) returned to Whitty29
Whitty29 collected $17.64 from pot
*** SUMMARY ***
Total pot $18 | Rake $0.36
Board [3c Ad Kc 8h Qh]
Seat 1: B_loJkl (button) (small blind) folded on the River
Seat 10: Whitty29 (big blind) collected ($17.64)


PokerStars Hand #166946203468:  Hold'em Limit ($3/$6 USD) - 2017/03/01 8:02:49 ET
Table 'Thais' 10-max Seat #10 is the button
Seat 1: B_loJkl ($107.60 in chips)
Seat 10: Whitty29 ($473.57 in chips)
Whitty29: posts small blind $1
B_loJkl: posts big blind $3
*** HOLE CARDS ***
Whitty29: folds
Uncalled bet ($2) returned to B_loJkl
B_loJkl collected $2 from pot
B_loJkl: doesn't show hand
*** SUMMARY ***
Total pot $2 | Rake $0
Seat 1: B_loJkl (big blind) collected ($2)
Seat 10: Whitty29 (button) (small blind) folded before Flop


PokerStars Hand #166946242422:  Hold'em Limit ($3/$6 USD) - 2017/03/01 8:03:59 ET
Table 'Thais' 10-max Seat #10 is the button
Seat 1: B_loJkl ($91.60 in chips)
Seat 10: Whitty29 ($488.85 in chips)
Whitty29: posts small blind $1
B_loJkl: posts big blind $3
*** HOLE CARDS ***
Whitty29: folds
Uncalled bet ($2) returned to B_loJkl
B_loJkl collected $2 from pot
B_loJkl: doesn't show hand
*** SUMMARY ***
Total pot $2 | Rake $0
Seat 1: B_loJkl (big blind) collected ($2)
Seat 10: Whitty29 (button) (small blind) folded before Flop


PokerStars Hand #166946222456:  Hold'em Limit ($3/$6 USD) - 2017/03/01 8:03:23 ET
Table 'Thais' 10-max Seat #1 is the button
Seat 1: B_loJkl ($100.60 in chips)
Seat 10: Whitty29 ($480.21 in chips)
B_loJkl: posts small blind $1
Whitty29: posts big blind $3
*** HOLE CARDS ***
B_loJkl: raises $3 to $6
Whitty29: calls $3
*** FLOP *** [Td 7d Js]
Whitty29: checks
B_loJkl: bets $3
Whitty29: calls $3
*** TURN *** [Td 7d Js] [Qs]
Whitty29: checks
B_loJkl: checks
*** RIVER *** [Td 7d Js Qs] [2h]
Whitty29: checks
B_loJkl: checks
*** SHOW DOWN ***
Whitty29: shows [Ad 4c] (high card Ace)
B_loJkl: mucks hand
Whitty29 collected $17.64 from pot
*** SUMMARY ***
Total pot $18 | Rake $0.36
Board [Td 7d Js Qs 2h]
Seat 1: B_loJkl (button) (small blind) mucked
Seat 10: Whitty29 (big blind) showed [Ad 4c] and won ($17.64) with high card Ace


PokerStars Hand #166946245569:  Hold'em Limit ($3/$6 USD) - 2017/03/01 8:04:05 ET
Table 'Thais' 10-max Seat #1 is the button
Seat 1: B_loJkl ($92.60 in chips)
Seat 10: Whitty29 ($487.85 in chips)
B_loJkl: posts small blind $1
Whitty29: posts big blind $3
*** HOLE CARDS ***
B_loJkl: raises $3 to $6
Whitty29: calls $3
*** FLOP *** [Tc Js Jc]
Whitty29: checks
B_loJkl: checks
*** TURN *** [Tc Js Jc] [2s]
Whitty29: bets $6
B_loJkl: raises $6 to $12
Whitty29: calls $6
*** RIVER *** [Tc Js Jc 2s] [3h]
Whitty29: checks
B_loJkl: checks
*** SHOW DOWN ***
Whitty29: shows [9c Kc] (a pair of Jacks)
B_loJkl: shows [Qs 2d] (two pair, Jacks and Deuces)
B_loJkl collected $35.50 from pot
*** SUMMARY ***
Total pot $36 | Rake $0.50
Board [Tc Js Jc 2s 3h]
Seat 1: B_loJkl (button) (small blind) showed [Qs 2d] and won ($35.50) with two pair, Jacks and Deuces
Seat 10: Whitty29 (big blind) showed [9c Kc] and lost with a pair of Jacks


PokerStars Hand #166946264372:  Hold'em Limit ($3/$6 USD) - 2017/03/01 8:04:27 ET
Table 'Thais' 10-max Seat #10 is the button
Seat 1: B_loJkl ($110.10 in chips)
Seat 10: Whitty29 ($469.85 in chips)
Whitty29: posts small blind $1
B_loJkl: posts big blind $3
*** HOLE CARDS ***
Whitty29: raises $3 to $6
B_loJkl: calls $3
*** FLOP *** [Ah 3h Js]
B_loJkl: checks
Whitty29: bets $3
B_loJkl: folds
Uncalled bet ($3) returned to Whitty29
Whitty29 collected $11.76 from pot
*** SUMMARY ***
Total pot $12 | Rake $0.24
Board [Ah 3h Js]
Seat 1: B_loJkl (big blind) folded on the Flop
Seat 10: Whitty29 (button) (small blind) collected ($11.76)


PokerStars Hand #166946274103:  Hold'em Limit ($3/$6 USD) - 2017/03/01 8:04:44 ET
Table 'Thais' 10-max Seat #1 is the button
Seat 1: B_loJkl ($104.10 in chips)
Seat 10: Whitty29 ($475.61 in chips)
B_loJkl: posts small blind $1
Whitty29: posts big blind $3
*** HOLE CARDS ***
B_loJkl: raises $3 to $6
Whitty29: calls $3
*** FLOP *** [8d 5s Ac]
Whitty29: checks
B_loJkl: bets $3
Whitty29: calls $3
*** TURN *** [8d 5s Ac] [Qh]
Whitty29: checks
B_loJkl: checks
*** RIVER *** [8d 5s Ac Qh] [Jc]
Whitty29: bets $6
B_loJkl: folds
Uncalled bet ($6) returned to Whitty29
Whitty29 collected $17.64 from pot
*** SUMMARY ***
Total pot $18 | Rake $0.36
Board [8d 5s Ac Qh Jc]
Seat 1: B_loJkl (button) (small blind) folded on the River
Seat 10: Whitty29 (big blind) collected ($17.64)


PokerStars Hand #166946283211:  Hold'em Limit ($3/$6 USD) - 2017/03/01 8:05:01 ET
Table 'Thais' 10-max Seat #10 is the button
Seat 1: B_loJkl ($95.10 in chips)
Seat 10: Whitty29 ($484.25 in chips)
Whitty29: posts small blind $1
B_loJkl: posts big blind $3
*** HOLE CARDS ***
Whitty29: calls $2
B_loJkl: checks
*** FLOP *** [Ad 2c 8s]
B_loJkl: checks
Whitty29: checks
*** TURN *** [Ad 2c 8s] [4s]
B_loJkl: bets $6
Whitty29: folds
Uncalled bet ($6) returned to B_loJkl
B_loJkl collected $5.88 from pot
B_loJkl: doesn't show hand
*** SUMMARY ***
Total pot $6 | Rake $0.12
Board [Ad 2c 8s 4s]
Seat 1: B_loJkl (big blind) collected ($5.88)
Seat 10: Whitty29 (button) (small blind) folded on the Turn


PokerStars Hand #166946289815:  Hold'em Limit ($3/$6 USD) - 2017/03/01 8:05:12 ET
Table 'Thais' 10-max Seat #1 is the button
Seat 1: B_loJkl ($97.98 in chips)
Seat 10: Whitty29 ($481.25 in chips)
B_loJkl: posts small blind $1
Whitty29: posts big blind $3
*** HOLE CARDS ***
B_loJkl: raises $3 to $6
Whitty29: folds
Uncalled bet ($3) returned to B_loJkl
B_loJkl collected $6 from pot
B_loJkl: doesn't show hand
*** SUMMARY ***
Total pot $6 | Rake $0
Seat 1: B_loJkl (button) (small blind) collected ($6)
Seat 10: Whitty29 (big blind) folded before Flop


PokerStars Hand #166946304059:  Hold'em Limit ($3/$6 USD) - 2017/03/01 8:05:38 ET
Table 'Thais' 10-max Seat #1 is the button
Seat 1: B_loJkl ($105.98 in chips)
Seat 10: Whitty29 ($473.25 in chips)
B_loJkl: posts small blind $1
Whitty29: posts big blind $3
*** HOLE CARDS ***
B_loJkl: raises $3 to $6
Whitty29: calls $3
*** FLOP *** [6d 6s 2s]
Whitty29: checks
B_loJkl: checks
*** TURN *** [6d 6s 2s] [Ks]
Whitty29: checks
B_loJkl: bets $6
Whitty29: folds
Uncalled bet ($6) returned to B_loJkl
B_loJkl collected $11.76 from pot
B_loJkl: doesn't show hand
*** SUMMARY ***
Total pot $12 | Rake $0.24
Board [6d 6s 2s Ks]
Seat 1: B_loJkl (button) (small blind) collected ($11.76)
Seat 10: Whitty29 (big blind) folded on the Turn


PokerStars Hand #166946301199:  Hold'em Limit ($3/$6 USD) - 2017/03/01 8:05:33 ET
Table 'Thais' 10-max Seat #10 is the button
Seat 1: B_loJkl ($104.98 in chips)
Seat 10: Whitty29 ($474.25 in chips)
Whitty29: posts small blind $1
B_loJkl: posts big blind $3
*** HOLE CARDS ***
Whitty29: folds
Uncalled bet ($2) returned to B_loJkl
B_loJkl collected $2 from pot
B_loJkl: doesn't show hand
*** SUMMARY ***
Total pot $2 | Rake $0
Seat 1: B_loJkl (big blind) collected ($2)
Seat 10: Whitty29 (button) (small blind) folded before Flop


PokerStars Hand #166946296915:  Hold'em Limit ($3/$6 USD) - 2017/03/01 8:05:25 ET
Table 'Thais' 10-max Seat #1 is the button
Seat 1: B_loJkl ($101.98 in chips)
Seat 10: Whitty29 ($477.25 in chips)
B_loJkl: posts small blind $1
Whitty29: posts big blind $3
*** HOLE CARDS ***
B_loJkl: raises $3 to $6
Whitty29: folds
Uncalled bet ($3) returned to B_loJkl
B_loJkl collected $6 from pot
B_loJkl: doesn't show hand
*** SUMMARY ***
Total pot $6 | Rake $0
Seat 1: B_loJkl (button) (small blind) collected ($6)
Seat 10: Whitty29 (big blind) folded before Flop


PokerStars Hand #166946319380:  Hold'em Limit ($3/$6 USD) - 2017/03/01 8:06:06 ET
Table 'Thais' 10-max Seat #1 is the button
Seat 1: B_loJkl ($108.74 in chips)
Seat 10: Whitty29 ($470.13 in chips)
B_loJkl: posts small blind $1
Whitty29: posts big blind $3
*** HOLE CARDS ***
B_loJkl: raises $3 to $6
Whitty29: raises $3 to $9
B_loJkl: calls $3
*** FLOP *** [Qc 7h 5h]
Whitty29: bets $3
B_loJkl: calls $3
*** TURN *** [Qc 7h 5h] [Kd]
Whitty29: checks
B_loJkl: checks
*** RIVER *** [Qc 7h 5h Kd] [8h]
Whitty29: bets $6
B_loJkl: calls $6
*** SHOW DOWN ***
Whitty29: shows [Td Ah] (high card Ace)
B_loJkl: shows [2s Qd] (a pair of Queens)
B_loJkl collected $35.50 from pot
*** SUMMARY ***
Total pot $36 | Rake $0.50
Board [Qc 7h 5h Kd 8h]
Seat 1: B_loJkl (button) (small blind) showed [2s Qd] and won ($35.50) with a pair of Queens
Seat 10: Whitty29 (big blind) showed [Td Ah] and lost with high card Ace


PokerStars Hand #166946329106:  Hold'em Limit ($3/$6 USD) - 2017/03/01 8:06:24 ET
Table 'Thais' 10-max Seat #10 is the button
Seat 1: B_loJkl ($126.24 in chips)
Seat 10: Whitty29 ($452.13 in chips)
Whitty29: posts small blind $1
B_loJkl: posts big blind $3
*** HOLE CARDS ***
Whitty29: calls $2
B_loJkl: raises $3 to $6
Whitty29: calls $3
*** FLOP *** [6c 2h Kc]
B_loJkl: bets $3
Whitty29: calls $3
*** TURN *** [6c 2h Kc] [Jh]
B_loJkl: checks
Whitty29: checks
*** RIVER *** [6c 2h Kc Jh] [Qc]
B_loJkl: checks
Whitty29: checks
*** SHOW DOWN ***
B_loJkl: shows [3d Ad] (high card Ace)
Whitty29: shows [8s 6h] (a pair of Sixes)
Whitty29 collected $17.64 from pot
*** SUMMARY ***
Total pot $18 | Rake $0.36
Board [6c 2h Kc Jh Qc]
Seat 1: B_loJkl (big blind) showed [3d Ad] and lost with high card Ace
Seat 10: Whitty29 (button) (small blind) showed [8s 6h] and won ($17.64) with a pair of Sixes


PokerStars Hand #166946382499:  Hold'em Limit ($3/$6 USD) - 2017/03/01 8:08:00 ET
Table 'Thais' 10-max Seat #1 is the button
Seat 1: B_loJkl ($87.24 in chips)
Seat 10: Whitty29 ($489.79 in chips)
B_loJkl: posts small blind $1
Whitty29: posts big blind $3
*** HOLE CARDS ***
B_loJkl: raises $3 to $6
Whitty29: folds
Uncalled bet ($3) returned to B_loJkl
B_loJkl collected $6 from pot
B_loJkl: doesn't show hand
*** SUMMARY ***
Total pot $6 | Rake $0
Seat 1: B_loJkl (button) (small blind) collected ($6)
Seat 10: Whitty29 (big blind) folded before Flop


PokerStars Hand #166946369625:  Hold'em Limit ($3/$6 USD) - 2017/03/01 8:07:37 ET
Table 'Thais' 10-max Seat #10 is the button
Seat 1: B_loJkl ($105.24 in chips)
Seat 10: Whitty29 ($472.29 in chips)
Whitty29: posts small blind $1
B_loJkl: posts big blind $3
*** HOLE CARDS ***
Whitty29: calls $2
B_loJkl: checks
*** FLOP *** [5c 7c 3s]
B_loJkl: bets $3
Whitty29: calls $3
*** TURN *** [5c 7c 3s] [Td]
B_loJkl: bets $6
Whitty29: calls $6
*** RIVER *** [5c 7c 3s Td] [7s]
B_loJkl: checks
Whitty29: bets $6
B_loJkl: calls $6
*** SHOW DOWN ***
Whitty29: shows [Js 7d] (three of a kind, Sevens)
B_loJkl: mucks hand
Whitty29 collected $35.50 from pot
*** SUMMARY ***
Total pot $36 | Rake $0.50
Board [5c 7c 3s Td 7s]
Seat 1: B_loJkl (big blind) mucked
Seat 10: Whitty29 (button) (small blind) showed [Js 7d] and won ($35.50) with three of a kind, Sevens


PokerStars Hand #166946347721:  Hold'em Limit ($3/$6 USD) - 2017/03/01 8:06:57 ET
Table 'Thais' 10-max Seat #1 is the button
Seat 1: B_loJkl ($117.24 in chips)
Seat 10: Whitty29 ($460.77 in chips)
B_loJkl: posts small blind $1
Whitty29: posts big blind $3
*** HOLE CARDS ***
B_loJkl: raises $3 to $6
Whitty29: raises $3 to $9
B_loJkl: calls $3
*** FLOP *** [5c Qs 2s]
Whitty29: bets $3
B_loJkl: calls $3
*** TURN *** [5c Qs 2s] [9h]
Whitty29: bets $6
B_loJkl: folds
Uncalled bet ($6) returned to Whitty29
Whitty29 collected $23.52 from pot
*** SUMMARY ***
Total pot $24 | Rake $0.48
Board [5c Qs 2s 9h]
Seat 1: B_loJkl (button) (small blind) folded on the Turn
Seat 10: Whitty29 (big blind) collected ($23.52)


