PokerStars Hand #150898677909:  Hold'em Limit ($3/$6 USD) - 2016/03/25 8:24:16 ET
Table 'Thalia III' 6-max Seat #3 is the button
Seat 3: fugu82 ($93 in chips)
Seat 4: VolkovDmitri ($146.14 in chips)
fugu82: posts small blind $1
VolkovDmitri: posts big blind $3
*** HOLE CARDS ***
fugu82: raises $3 to $6
VolkovDmitri: folds
Uncalled bet ($3) returned to fugu82
fugu82 collected $6 from pot
*** SUMMARY ***
Total pot $6 | Rake $0
Seat 3: fugu82 (button) (small blind) collected ($6)
Seat 4: VolkovDmitri (big blind) folded before Flop


PokerStars Hand #150898663323:  Hold'em Limit ($3/$6 USD) - 2016/03/25 8:23:51 ET
Table 'Thalia III' 6-max Seat #4 is the button
Seat 3: fugu82 ($111 in chips)
Seat 4: VolkovDmitri ($128.64 in chips)
VolkovDmitri: posts small blind $1
fugu82: posts big blind $3
*** HOLE CARDS ***
VolkovDmitri: raises $3 to $6
fugu82: calls $3
*** FLOP *** [Kh Ac 2c]
fugu82: checks
B_loJkl joins the table at seat #5
VolkovDmitri: checks
*** TURN *** [Kh Ac 2c] [Jd]
fugu82: bets $6
VolkovDmitri: calls $6
*** RIVER *** [Kh Ac 2c Jd] [8h]
fugu82: checks
VolkovDmitri: bets $6
fugu82: calls $6
*** SHOW DOWN ***
VolkovDmitri: shows [3s Kd] (a pair of Kings)
fugu82: mucks hand
VolkovDmitri collected $35.50 from pot
*** SUMMARY ***
Total pot $36 | Rake $0.50
Board [Kh Ac 2c Jd 8h]
Seat 3: fugu82 (big blind) mucked
Seat 4: VolkovDmitri (button) (small blind) showed [3s Kd] and won ($35.50) with a pair of Kings


PokerStars Hand #150899443505:  Hold'em Limit ($3/$6 USD) - 2016/03/25 8:45:41 ET
Table 'Thalia III' 6-max Seat #3 is the button
Seat 1: gazzzzzza ($70.61 in chips)
Seat 3: fugu82 ($355.81 in chips)
fugu82: posts small blind $1
B_loJkl: is sitting out
gazzzzzza: posts big blind $3
*** HOLE CARDS ***
fugu82: raises $3 to $6
B_loJkl leaves the table
gazzzzzza: folds
Uncalled bet ($3) returned to fugu82
fugu82 collected $6 from pot
*** SUMMARY ***
Total pot $6 | Rake $0
Seat 1: gazzzzzza (big blind) folded before Flop
Seat 3: fugu82 (button) (small blind) collected ($6)


PokerStars Hand #150899448588:  Hold'em Limit ($3/$6 USD) - 2016/03/25 8:45:49 ET
Table 'Thalia III' 6-max Seat #1 is the button
Seat 1: gazzzzzza ($67.61 in chips)
Seat 3: fugu82 ($358.81 in chips)
gazzzzzza: posts small blind $1
B_loJkl joins the table at seat #4
fugu82: posts big blind $3
*** HOLE CARDS ***
gazzzzzza: raises $3 to $6
fugu82: raises $3 to $9
gazzzzzza: calls $3
*** FLOP *** [Ks 3d Qd]
fugu82: bets $3
gazzzzzza: folds
Uncalled bet ($3) returned to fugu82
fugu82 collected $17.64 from pot
*** SUMMARY ***
Total pot $18 | Rake $0.36
Board [Ks 3d Qd]
Seat 1: gazzzzzza (button) (small blind) folded on the Flop
Seat 3: fugu82 (big blind) collected ($17.64)


PokerStars Hand #150899469657:  Hold'em Limit ($3/$6 USD) - 2016/03/25 8:46:23 ET
Table 'Thalia III' 6-max Seat #4 is the button
Seat 3: fugu82 ($370.45 in chips)
Seat 4: B_loJkl ($147 in chips)
B_loJkl: posts small blind $1
gazzzzzza: is sitting out
fugu82: posts big blind $3
*** HOLE CARDS ***
B_loJkl: raises $3 to $6
fugu82: calls $3
*** FLOP *** [3d Ks 7c]
fugu82: checks
B_loJkl: bets $3
fugu82: raises $3 to $6
B_loJkl: calls $3
*** TURN *** [3d Ks 7c] [8h]
fugu82: bets $6
B_loJkl: calls $6
*** RIVER *** [3d Ks 7c 8h] [7h]
fugu82: bets $6
B_loJkl: folds
Uncalled bet ($6) returned to fugu82
fugu82 collected $35.50 from pot
*** SUMMARY ***
Total pot $36 | Rake $0.50
Board [3d Ks 7c 8h 7h]
Seat 3: fugu82 (big blind) collected ($35.50)
Seat 4: B_loJkl (button) (small blind) folded on the River


PokerStars Hand #150899483792:  Hold'em Limit ($3/$6 USD) - 2016/03/25 8:46:47 ET
Table 'Thalia III' 6-max Seat #4 is the button
Seat 3: fugu82 ($386.95 in chips)
Seat 4: B_loJkl ($130 in chips)
B_loJkl: posts small blind $1
fugu82: posts big blind $3
*** HOLE CARDS ***
B_loJkl: folds
Uncalled bet ($2) returned to fugu82
fugu82 collected $2 from pot
*** SUMMARY ***
Total pot $2 | Rake $0
Seat 3: fugu82 (big blind) collected ($2)
Seat 4: B_loJkl (button) (small blind) folded before Flop


PokerStars Hand #150899480855:  Hold'em Limit ($3/$6 USD) - 2016/03/25 8:46:42 ET
Table 'Thalia III' 6-max Seat #3 is the button
Seat 3: fugu82 ($387.95 in chips)
Seat 4: B_loJkl ($129 in chips)
fugu82: posts small blind $1
B_loJkl: posts big blind $3
*** HOLE CARDS ***
fugu82: folds
Uncalled bet ($2) returned to B_loJkl
B_loJkl collected $2 from pot
B_loJkl: doesn't show hand
*** SUMMARY ***
Total pot $2 | Rake $0
Seat 3: fugu82 (button) (small blind) folded before Flop
Seat 4: B_loJkl (big blind) collected ($2)


PokerStars Hand #150899487067:  Hold'em Limit ($3/$6 USD) - 2016/03/25 8:46:52 ET
Table 'Thalia III' 6-max Seat #3 is the button
Seat 3: fugu82 ($387.95 in chips)
Seat 4: B_loJkl ($129 in chips)
fugu82: posts small blind $1
B_loJkl: posts big blind $3
*** HOLE CARDS ***
fugu82: folds
Uncalled bet ($2) returned to B_loJkl
B_loJkl collected $2 from pot
B_loJkl: doesn't show hand
*** SUMMARY ***
Total pot $2 | Rake $0
Seat 3: fugu82 (button) (small blind) folded before Flop
Seat 4: B_loJkl (big blind) collected ($2)


PokerStars Hand #150899489641:  Hold'em Limit ($3/$6 USD) - 2016/03/25 8:46:56 ET
Table 'Thalia III' 6-max Seat #4 is the button
Seat 3: fugu82 ($386.95 in chips)
Seat 4: B_loJkl ($130 in chips)
B_loJkl: posts small blind $1
fugu82: posts big blind $3
*** HOLE CARDS ***
B_loJkl: raises $3 to $6
gazzzzzza leaves the table
fugu82: calls $3
*** FLOP *** [5s Jh 6h]
fugu82: checks
B_loJkl: bets $3
fugu82: calls $3
*** TURN *** [5s Jh 6h] [Qh]
fugu82: checks
B_loJkl: checks
*** RIVER *** [5s Jh 6h Qh] [4h]
fugu82: checks
B_loJkl: bets $6
fugu82: calls $6
*** SHOW DOWN ***
B_loJkl: shows [8h Ts] (a flush, Queen high)
fugu82: mucks hand
B_loJkl collected $29.50 from pot
*** SUMMARY ***
Total pot $30 | Rake $0.50
Board [5s Jh 6h Qh 4h]
Seat 3: fugu82 (big blind) mucked
Seat 4: B_loJkl (button) (small blind) showed [8h Ts] and won ($29.50) with a flush, Queen high


PokerStars Hand #150899500679:  Hold'em Limit ($3/$6 USD) - 2016/03/25 8:47:15 ET
Table 'Thalia III' 6-max Seat #3 is the button
Seat 3: fugu82 ($371.95 in chips)
Seat 4: B_loJkl ($144.50 in chips)
fugu82: posts small blind $1
B_loJkl: posts big blind $3
*** HOLE CARDS ***
fugu82: raises $3 to $6
B_loJkl: calls $3
*** FLOP *** [5d Jd Jh]
B_loJkl: checks
fugu82: bets $3
B_loJkl: raises $3 to $6
fugu82: calls $3
*** TURN *** [5d Jd Jh] [2c]
B_loJkl: bets $6
fugu82: calls $6
*** RIVER *** [5d Jd Jh 2c] [4s]
B_loJkl: bets $6
fugu82: calls $6
*** SHOW DOWN ***
B_loJkl: shows [5h Ts] (two pair, Jacks and Fives)
fugu82: shows [Qh Ad] (a pair of Jacks)
B_loJkl collected $47.50 from pot
*** SUMMARY ***
Total pot $48 | Rake $0.50
Board [5d Jd Jh 2c 4s]
Seat 3: fugu82 (button) (small blind) showed [Qh Ad] and lost with a pair of Jacks
Seat 4: B_loJkl (big blind) showed [5h Ts] and won ($47.50) with two pair, Jacks and Fives


PokerStars Hand #150899526748:  Hold'em Limit ($3/$6 USD) - 2016/03/25 8:47:58 ET
Table 'Thalia III' 6-max Seat #3 is the button
Seat 3: fugu82 ($338.95 in chips)
Seat 4: B_loJkl ($176.64 in chips)
fugu82: posts small blind $1
B_loJkl: posts big blind $3
*** HOLE CARDS ***
fugu82: folds
Uncalled bet ($2) returned to B_loJkl
B_loJkl collected $2 from pot
B_loJkl: doesn't show hand
*** SUMMARY ***
Total pot $2 | Rake $0
Seat 3: fugu82 (button) (small blind) folded before Flop
Seat 4: B_loJkl (big blind) collected ($2)


PokerStars Hand #150899515021:  Hold'em Limit ($3/$6 USD) - 2016/03/25 8:47:38 ET
Table 'Thalia III' 6-max Seat #4 is the button
Seat 3: fugu82 ($347.95 in chips)
Seat 4: B_loJkl ($168 in chips)
B_loJkl: posts small blind $1
fugu82: posts big blind $3
*** HOLE CARDS ***
B_loJkl: raises $3 to $6
fugu82: calls $3
*** FLOP *** [5c 4c 4d]
fugu82: checks
B_loJkl: bets $3
fugu82: calls $3
*** TURN *** [5c 4c 4d] [9h]
fugu82: checks
B_loJkl: bets $6
fugu82: folds
Uncalled bet ($6) returned to B_loJkl
B_loJkl collected $17.64 from pot
B_loJkl: doesn't show hand
*** SUMMARY ***
Total pot $18 | Rake $0.36
Board [5c 4c 4d 9h]
Seat 3: fugu82 (big blind) folded on the Turn
Seat 4: B_loJkl (button) (small blind) collected ($17.64)


PokerStars Hand #150899529362:  Hold'em Limit ($3/$6 USD) - 2016/03/25 8:48:02 ET
Table 'Thalia III' 6-max Seat #4 is the button
Seat 3: fugu82 ($337.95 in chips)
Seat 4: B_loJkl ($177.64 in chips)
B_loJkl: posts small blind $1
fugu82: posts big blind $3
*** HOLE CARDS ***
B_loJkl: raises $3 to $6
fugu82: calls $3
*** FLOP *** [Tc Ac 8s]
fugu82: checks
B_loJkl: bets $3
fugu82: folds
Uncalled bet ($3) returned to B_loJkl
B_loJkl collected $11.76 from pot
B_loJkl: doesn't show hand
*** SUMMARY ***
Total pot $12 | Rake $0.24
Board [Tc Ac 8s]
Seat 3: fugu82 (big blind) folded on the Flop
Seat 4: B_loJkl (button) (small blind) collected ($11.76)


PokerStars Hand #150899536750:  Hold'em Limit ($3/$6 USD) - 2016/03/25 8:48:14 ET
Table 'Thalia III' 6-max Seat #3 is the button
Seat 3: fugu82 ($331.95 in chips)
Seat 4: B_loJkl ($183.40 in chips)
fugu82: posts small blind $1
B_loJkl: posts big blind $3
*** HOLE CARDS ***
fugu82: raises $3 to $6
B_loJkl: calls $3
*** FLOP *** [4d 5h Kh]
B_loJkl: checks
fugu82: bets $3
B_loJkl: calls $3
*** TURN *** [4d 5h Kh] [4h]
B_loJkl: checks
fugu82: checks
*** RIVER *** [4d 5h Kh 4h] [Td]
B_loJkl: checks
fugu82: checks
*** SHOW DOWN ***
B_loJkl: shows [Qc Js] (a pair of Fours)
fugu82: mucks hand
B_loJkl collected $17.64 from pot
*** SUMMARY ***
Total pot $18 | Rake $0.36
Board [4d 5h Kh 4h Td]
Seat 3: fugu82 (button) (small blind) mucked
Seat 4: B_loJkl (big blind) showed [Qc Js] and won ($17.64) with a pair of Fours


PokerStars Hand #150899547527:  Hold'em Limit ($3/$6 USD) - 2016/03/25 8:48:32 ET
Table 'Thalia III' 6-max Seat #4 is the button
Seat 3: fugu82 ($322.95 in chips)
Seat 4: B_loJkl ($192.04 in chips)
B_loJkl: posts small blind $1
fugu82: posts big blind $3
*** HOLE CARDS ***
B_loJkl: raises $3 to $6
fugu82: calls $3
*** FLOP *** [2c 9c 6s]
fugu82: checks
B_loJkl: bets $3
fugu82: calls $3
*** TURN *** [2c 9c 6s] [Qc]
fugu82: checks
B_loJkl: bets $6
fugu82: folds
Uncalled bet ($6) returned to B_loJkl
B_loJkl collected $17.64 from pot
B_loJkl: doesn't show hand
*** SUMMARY ***
Total pot $18 | Rake $0.36
Board [2c 9c 6s Qc]
Seat 3: fugu82 (big blind) folded on the Turn
Seat 4: B_loJkl (button) (small blind) collected ($17.64)


PokerStars Hand #150899556184:  Hold'em Limit ($3/$6 USD) - 2016/03/25 8:48:47 ET
Table 'Thalia III' 6-max Seat #3 is the button
Seat 3: fugu82 ($313.95 in chips)
Seat 4: B_loJkl ($200.68 in chips)
fugu82: posts small blind $1
B_loJkl: posts big blind $3
*** HOLE CARDS ***
fugu82: raises $3 to $6
B_loJkl: calls $3
*** FLOP *** [Jc Kh Qs]
B_loJkl: checks
fugu82: bets $3
B_loJkl: calls $3
*** TURN *** [Jc Kh Qs] [Qd]
B_loJkl: checks
fugu82: bets $6
B_loJkl: folds
Uncalled bet ($6) returned to fugu82
fugu82 collected $17.64 from pot
fugu82: shows [Th Ah] (a straight, Ten to Ace)
*** SUMMARY ***
Total pot $18 | Rake $0.36
Board [Jc Kh Qs Qd]
Seat 3: fugu82 (button) (small blind) collected ($17.64)
Seat 4: B_loJkl (big blind) folded on the Turn


PokerStars Hand #150899573144:  Hold'em Limit ($3/$6 USD) - 2016/03/25 8:49:15 ET
Table 'Thalia III' 6-max Seat #4 is the button
Seat 3: fugu82 ($322.59 in chips)
Seat 4: B_loJkl ($191.68 in chips)
B_loJkl: posts small blind $1
fugu82: posts big blind $3
*** HOLE CARDS ***
B_loJkl: folds
Uncalled bet ($2) returned to fugu82
fugu82 collected $2 from pot
*** SUMMARY ***
Total pot $2 | Rake $0
Seat 3: fugu82 (big blind) collected ($2)
Seat 4: B_loJkl (button) (small blind) folded before Flop


PokerStars Hand #150899579645:  Hold'em Limit ($3/$6 USD) - 2016/03/25 8:49:25 ET
Table 'Thalia III' 6-max Seat #3 is the button
Seat 3: fugu82 ($323.59 in chips)
Seat 4: B_loJkl ($190.68 in chips)
fugu82: posts small blind $1
B_loJkl: posts big blind $3
*** HOLE CARDS ***
fugu82: raises $3 to $6
B_loJkl: calls $3
*** FLOP *** [Qc Qh Jd]
B_loJkl: checks
fugu82: bets $3
B_loJkl: folds
Uncalled bet ($3) returned to fugu82
fugu82 collected $11.76 from pot
*** SUMMARY ***
Total pot $12 | Rake $0.24
Board [Qc Qh Jd]
Seat 3: fugu82 (button) (small blind) collected ($11.76)
Seat 4: B_loJkl (big blind) folded on the Flop


PokerStars Hand #150899597356:  Hold'em Limit ($3/$6 USD) - 2016/03/25 8:49:55 ET
Table 'Thalia III' 6-max Seat #3 is the button
Seat 3: fugu82 ($346.85 in chips)
Seat 4: B_loJkl ($166.68 in chips)
fugu82: posts small blind $1
B_loJkl: posts big blind $3
*** HOLE CARDS ***
fugu82: raises $3 to $6
B_loJkl: calls $3
*** FLOP *** [Ah 8h 3d]
B_loJkl: checks
fugu82: bets $3
B_loJkl: calls $3
*** TURN *** [Ah 8h 3d] [Kd]
B_loJkl: checks
fugu82: bets $6
B_loJkl: raises $6 to $12
fugu82: calls $6
*** RIVER *** [Ah 8h 3d Kd] [Qc]
B_loJkl: bets $6
fugu82: calls $6
*** SHOW DOWN ***
B_loJkl: shows [3h Kc] (two pair, Kings and Threes)
fugu82: mucks hand
B_loJkl collected $53.50 from pot
*** SUMMARY ***
Total pot $54 | Rake $0.50
Board [Ah 8h 3d Kd Qc]
Seat 3: fugu82 (button) (small blind) mucked
Seat 4: B_loJkl (big blind) showed [3h Kc] and won ($53.50) with two pair, Kings and Threes


PokerStars Hand #150899622085:  Hold'em Limit ($3/$6 USD) - 2016/03/25 8:50:35 ET
Table 'Thalia III' 6-max Seat #3 is the button
Seat 3: fugu82 ($337.35 in chips)
Seat 4: B_loJkl ($175.18 in chips)
fugu82: posts small blind $1
B_loJkl: posts big blind $3
*** HOLE CARDS ***
fugu82: folds
Uncalled bet ($2) returned to B_loJkl
B_loJkl collected $2 from pot
B_loJkl: doesn't show hand
*** SUMMARY ***
Total pot $2 | Rake $0
Seat 3: fugu82 (button) (small blind) folded before Flop
Seat 4: B_loJkl (big blind) collected ($2)


PokerStars Hand #150899608773:  Hold'em Limit ($3/$6 USD) - 2016/03/25 8:50:14 ET
Table 'Thalia III' 6-max Seat #4 is the button
Seat 3: fugu82 ($319.85 in chips)
Seat 4: B_loJkl ($193.18 in chips)
B_loJkl: posts small blind $1
fugu82: posts big blind $3
*** HOLE CARDS ***
B_loJkl: raises $3 to $6
fugu82: calls $3
*** FLOP *** [8s 3s Tc]
fugu82: checks
B_loJkl: bets $3
fugu82: raises $3 to $6
B_loJkl: calls $3
*** TURN *** [8s 3s Tc] [7h]
fugu82: bets $6
B_loJkl: calls $6
*** RIVER *** [8s 3s Tc 7h] [Qh]
fugu82: bets $6
B_loJkl: folds
Uncalled bet ($6) returned to fugu82
fugu82 collected $35.50 from pot
*** SUMMARY ***
Total pot $36 | Rake $0.50
Board [8s 3s Tc 7h Qh]
Seat 3: fugu82 (big blind) collected ($35.50)
Seat 4: B_loJkl (button) (small blind) folded on the River


PokerStars Hand #150899587013:  Hold'em Limit ($3/$6 USD) - 2016/03/25 8:49:38 ET
Table 'Thalia III' 6-max Seat #4 is the button
Seat 3: fugu82 ($329.35 in chips)
Seat 4: B_loJkl ($184.68 in chips)
B_loJkl: posts small blind $1
fugu82: posts big blind $3
*** HOLE CARDS ***
B_loJkl: raises $3 to $6
fugu82: calls $3
*** FLOP *** [5c Th 4s]
fugu82: checks
B_loJkl: bets $3
fugu82: raises $3 to $6
B_loJkl: calls $3
*** TURN *** [5c Th 4s] [2c]
fugu82: bets $6
B_loJkl: calls $6
*** RIVER *** [5c Th 4s 2c] [Ks]
fugu82: bets $6
B_loJkl: folds
Uncalled bet ($6) returned to fugu82
fugu82 collected $35.50 from pot
*** SUMMARY ***
Total pot $36 | Rake $0.50
Board [5c Th 4s 2c Ks]
Seat 3: fugu82 (big blind) collected ($35.50)
Seat 4: B_loJkl (button) (small blind) folded on the River


PokerStars Hand #150899643536:  Hold'em Limit ($3/$6 USD) - 2016/03/25 8:51:11 ET
Table 'Thalia III' 6-max Seat #3 is the button
Seat 3: fugu82 ($323.35 in chips)
Seat 4: B_loJkl ($188.70 in chips)
fugu82: posts small blind $1
B_loJkl: posts big blind $3
*** HOLE CARDS ***
fugu82: raises $3 to $6
B_loJkl: calls $3
*** FLOP *** [4c 4d 3c]
B_loJkl: checks
fugu82: bets $3
B_loJkl: calls $3
*** TURN *** [4c 4d 3c] [2c]
B_loJkl: checks
fugu82: bets $6
B_loJkl: calls $6
*** RIVER *** [4c 4d 3c 2c] [3s]
B_loJkl: checks
fugu82: checks
*** SHOW DOWN ***
B_loJkl: shows [Kh Qc] (two pair, Fours and Threes)
fugu82: shows [Ah Kd] (two pair, Fours and Threes - Ace kicker)
fugu82 collected $29.50 from pot
*** SUMMARY ***
Total pot $30 | Rake $0.50
Board [4c 4d 3c 2c 3s]
Seat 3: fugu82 (button) (small blind) showed [Ah Kd] and won ($29.50) with two pair, Fours and Threes
Seat 4: B_loJkl (big blind) showed [Kh Qc] and lost with two pair, Fours and Threes


PokerStars Hand #150899636109:  Hold'em Limit ($3/$6 USD) - 2016/03/25 8:50:59 ET
Table 'Thalia III' 6-max Seat #4 is the button
Seat 3: fugu82 ($329.35 in chips)
Seat 4: B_loJkl ($182.94 in chips)
B_loJkl: posts small blind $1
fugu82: posts big blind $3
*** HOLE CARDS ***
B_loJkl: raises $3 to $6
fugu82: calls $3
*** FLOP *** [Qs Kd 7c]
fugu82: checks
B_loJkl: bets $3
fugu82: folds
Uncalled bet ($3) returned to B_loJkl
B_loJkl collected $11.76 from pot
B_loJkl: doesn't show hand
*** SUMMARY ***
Total pot $12 | Rake $0.24
Board [Qs Kd 7c]
Seat 3: fugu82 (big blind) folded on the Flop
Seat 4: B_loJkl (button) (small blind) collected ($11.76)


PokerStars Hand #150899632509:  Hold'em Limit ($3/$6 USD) - 2016/03/25 8:50:53 ET
Table 'Thalia III' 6-max Seat #3 is the button
Seat 3: fugu82 ($330.35 in chips)
Seat 4: B_loJkl ($181.94 in chips)
fugu82: posts small blind $1
B_loJkl: posts big blind $3
*** HOLE CARDS ***
fugu82: folds
Uncalled bet ($2) returned to B_loJkl
B_loJkl collected $2 from pot
B_loJkl: doesn't show hand
*** SUMMARY ***
Total pot $2 | Rake $0
Seat 3: fugu82 (button) (small blind) folded before Flop
Seat 4: B_loJkl (big blind) collected ($2)


PokerStars Hand #150899625170:  Hold'em Limit ($3/$6 USD) - 2016/03/25 8:50:40 ET
Table 'Thalia III' 6-max Seat #4 is the button
Seat 3: fugu82 ($336.35 in chips)
Seat 4: B_loJkl ($176.18 in chips)
B_loJkl: posts small blind $1
fugu82: posts big blind $3
*** HOLE CARDS ***
B_loJkl: raises $3 to $6
fugu82: calls $3
*** FLOP *** [2s 9s 9c]
fugu82: checks
B_loJkl: checks
*** TURN *** [2s 9s 9c] [3c]
fugu82: checks
B_loJkl: bets $6
fugu82: folds
Uncalled bet ($6) returned to B_loJkl
B_loJkl collected $11.76 from pot
B_loJkl: doesn't show hand
*** SUMMARY ***
Total pot $12 | Rake $0.24
Board [2s 9s 9c 3c]
Seat 3: fugu82 (big blind) folded on the Turn
Seat 4: B_loJkl (button) (small blind) collected ($11.76)


PokerStars Hand #150899663737:  Hold'em Limit ($3/$6 USD) - 2016/03/25 8:51:44 ET
Table 'Thalia III' 6-max Seat #3 is the button
Seat 3: fugu82 ($361.35 in chips)
Seat 4: B_loJkl ($149.70 in chips)
fugu82: posts small blind $1
B_loJkl: posts big blind $3
*** HOLE CARDS ***
fugu82: raises $3 to $6
B_loJkl: calls $3
*** FLOP *** [7s 3h 9c]
B_loJkl: checks
fugu82: bets $3
B_loJkl: calls $3
*** TURN *** [7s 3h 9c] [Th]
B_loJkl: checks
fugu82: bets $6
B_loJkl: folds
Uncalled bet ($6) returned to fugu82
fugu82 collected $17.64 from pot
*** SUMMARY ***
Total pot $18 | Rake $0.36
Board [7s 3h 9c Th]
Seat 3: fugu82 (button) (small blind) collected ($17.64)
Seat 4: B_loJkl (big blind) folded on the Turn


PokerStars Hand #150899654102:  Hold'em Limit ($3/$6 USD) - 2016/03/25 8:51:29 ET
Table 'Thalia III' 6-max Seat #4 is the button
Seat 3: fugu82 ($337.85 in chips)
Seat 4: B_loJkl ($173.70 in chips)
B_loJkl: posts small blind $1
fugu82: posts big blind $3
*** HOLE CARDS ***
B_loJkl: raises $3 to $6
fugu82: calls $3
*** FLOP *** [2h Kh 4c]
fugu82: checks
B_loJkl: bets $3
fugu82: raises $3 to $6
B_loJkl: calls $3
*** TURN *** [2h Kh 4c] [Kd]
fugu82: bets $6
B_loJkl: calls $6
*** RIVER *** [2h Kh 4c Kd] [As]
fugu82: bets $6
B_loJkl: calls $6
*** SHOW DOWN ***
fugu82: shows [Ks 2s] (a full house, Kings full of Deuces)
B_loJkl: mucks hand
fugu82 collected $47.50 from pot
*** SUMMARY ***
Total pot $48 | Rake $0.50
Board [2h Kh 4c Kd As]
Seat 3: fugu82 (big blind) showed [Ks 2s] and won ($47.50) with a full house, Kings full of Deuces
Seat 4: B_loJkl (button) (small blind) mucked


PokerStars Hand #150899731740:  Hold'em Limit ($3/$6 USD) - 2016/03/25 8:53:37 ET
Table 'Thalia III' 6-max Seat #3 is the button
Seat 3: fugu82 ($371.49 in chips)
Seat 4: B_loJkl ($138.20 in chips)
fugu82: posts small blind $1
B_loJkl: posts big blind $3
*** HOLE CARDS ***
fugu82: folds
Uncalled bet ($2) returned to B_loJkl
B_loJkl collected $2 from pot
B_loJkl: doesn't show hand
*** SUMMARY ***
Total pot $2 | Rake $0
Seat 3: fugu82 (button) (small blind) folded before Flop
Seat 4: B_loJkl (big blind) collected ($2)


PokerStars Hand #150899712781:  Hold'em Limit ($3/$6 USD) - 2016/03/25 8:53:06 ET
Table 'Thalia III' 6-max Seat #4 is the button
Seat 3: fugu82 ($386.49 in chips)
Seat 4: B_loJkl ($123.70 in chips)
B_loJkl: posts small blind $1
fugu82: posts big blind $3
*** HOLE CARDS ***
B_loJkl: raises $3 to $6
fugu82: calls $3
*** FLOP *** [7h 4h 9h]
fugu82: checks
B_loJkl: bets $3
fugu82: calls $3
*** TURN *** [7h 4h 9h] [Qc]
fugu82: checks
B_loJkl: bets $6
fugu82: calls $6
*** RIVER *** [7h 4h 9h Qc] [3c]
fugu82: checks
B_loJkl: checks
*** SHOW DOWN ***
fugu82: shows [4s Kd] (a pair of Fours)
B_loJkl: shows [7d 6s] (a pair of Sevens)
B_loJkl collected $29.50 from pot
*** SUMMARY ***
Total pot $30 | Rake $0.50
Board [7h 4h 9h Qc 3c]
Seat 3: fugu82 (big blind) showed [4s Kd] and lost with a pair of Fours
Seat 4: B_loJkl (button) (small blind) showed [7d 6s] and won ($29.50) with a pair of Sevens


PokerStars Hand #150899709947:  Hold'em Limit ($3/$6 USD) - 2016/03/25 8:53:01 ET
Table 'Thalia III' 6-max Seat #3 is the button
Seat 3: fugu82 ($387.49 in chips)
Seat 4: B_loJkl ($122.70 in chips)
fugu82: posts small blind $1
B_loJkl: posts big blind $3
*** HOLE CARDS ***
fugu82: folds
Uncalled bet ($2) returned to B_loJkl
B_loJkl collected $2 from pot
B_loJkl: doesn't show hand
*** SUMMARY ***
Total pot $2 | Rake $0
Seat 3: fugu82 (button) (small blind) folded before Flop
Seat 4: B_loJkl (big blind) collected ($2)


PokerStars Hand #150899690139:  Hold'em Limit ($3/$6 USD) - 2016/03/25 8:52:28 ET
Table 'Thalia III' 6-max Seat #4 is the button
Seat 3: fugu82 ($369.99 in chips)
Seat 4: B_loJkl ($140.70 in chips)
B_loJkl: posts small blind $1
fugu82: posts big blind $3
*** HOLE CARDS ***
B_loJkl: raises $3 to $6
fugu82: raises $3 to $9
B_loJkl: calls $3
*** FLOP *** [5h 9s 8h]
fugu82: bets $3
B_loJkl: calls $3
*** TURN *** [5h 9s 8h] [Ac]
fugu82: bets $6
B_loJkl: calls $6
*** RIVER *** [5h 9s 8h Ac] [Kh]
fugu82: bets $6
B_loJkl: folds
Uncalled bet ($6) returned to fugu82
fugu82 collected $35.50 from pot
*** SUMMARY ***
Total pot $36 | Rake $0.50
Board [5h 9s 8h Ac Kh]
Seat 3: fugu82 (big blind) collected ($35.50)
Seat 4: B_loJkl (button) (small blind) folded on the River


PokerStars Hand #150899743764:  Hold'em Limit ($3/$6 USD) - 2016/03/25 8:53:56 ET
Table 'Thalia III' 6-max Seat #4 is the button
Seat 3: fugu82 ($370.49 in chips)
Seat 4: B_loJkl ($139.20 in chips)
B_loJkl: posts small blind $1
fugu82: posts big blind $3
*** HOLE CARDS ***
B_loJkl: raises $3 to $6
fugu82: calls $3
*** FLOP *** [6c 9d 7d]
fugu82: checks
B_loJkl: bets $3
fugu82: raises $3 to $6
B_loJkl: calls $3
*** TURN *** [6c 9d 7d] [Kc]
fugu82: bets $6
B_loJkl: raises $6 to $12
fugu82: calls $6
*** RIVER *** [6c 9d 7d Kc] [4c]
fugu82: checks
B_loJkl: bets $6
fugu82: calls $6
*** SHOW DOWN ***
B_loJkl: shows [Kh 9c] (two pair, Kings and Nines)
fugu82: shows [Ac 9s] (a pair of Nines)
B_loJkl collected $59.50 from pot
*** SUMMARY ***
Total pot $60 | Rake $0.50
Board [6c 9d 7d Kc 4c]
Seat 3: fugu82 (big blind) showed [Ac 9s] and lost with a pair of Nines
Seat 4: B_loJkl (button) (small blind) showed [Kh 9c] and won ($59.50) with two pair, Kings and Nines


PokerStars Hand #150899741036:  Hold'em Limit ($3/$6 USD) - 2016/03/25 8:53:52 ET
Table 'Thalia III' 6-max Seat #3 is the button
Seat 3: fugu82 ($371.49 in chips)
Seat 4: B_loJkl ($138.20 in chips)
fugu82: posts small blind $1
B_loJkl: posts big blind $3
*** HOLE CARDS ***
fugu82: folds
Uncalled bet ($2) returned to B_loJkl
B_loJkl collected $2 from pot
B_loJkl: doesn't show hand
*** SUMMARY ***
Total pot $2 | Rake $0
Seat 3: fugu82 (button) (small blind) folded before Flop
Seat 4: B_loJkl (big blind) collected ($2)


PokerStars Hand #150899734468:  Hold'em Limit ($3/$6 USD) - 2016/03/25 8:53:41 ET
Table 'Thalia III' 6-max Seat #4 is the button
Seat 3: fugu82 ($370.49 in chips)
Seat 4: B_loJkl ($139.20 in chips)
B_loJkl: posts small blind $1
fugu82: posts big blind $3
*** HOLE CARDS ***
B_loJkl: folds
Uncalled bet ($2) returned to fugu82
fugu82 collected $2 from pot
*** SUMMARY ***
Total pot $2 | Rake $0
Seat 3: fugu82 (big blind) collected ($2)
Seat 4: B_loJkl (button) (small blind) folded before Flop


PokerStars Hand #150899800331:  Hold'em Limit ($3/$6 USD) - 2016/03/25 8:55:31 ET
Table 'Thalia III' 6-max Seat #3 is the button
Seat 3: fugu82 ($339.29 in chips)
Seat 4: B_loJkl ($168.20 in chips)
fugu82: posts small blind $1
B_loJkl: posts big blind $3
*** HOLE CARDS ***
fugu82: raises $3 to $6
B_loJkl: calls $3
*** FLOP *** [4s Ah Js]
B_loJkl: checks
fugu82: bets $3
B_loJkl: raises $3 to $6
fugu82: folds
Uncalled bet ($3) returned to B_loJkl
B_loJkl collected $17.64 from pot
B_loJkl: doesn't show hand
*** SUMMARY ***
Total pot $18 | Rake $0.36
Board [4s Ah Js]
Seat 3: fugu82 (button) (small blind) folded on the Flop
Seat 4: B_loJkl (big blind) collected ($17.64)


PokerStars Hand #150899794959:  Hold'em Limit ($3/$6 USD) - 2016/03/25 8:55:21 ET
Table 'Thalia III' 6-max Seat #4 is the button
Seat 3: fugu82 ($330.65 in chips)
Seat 4: B_loJkl ($177.20 in chips)
B_loJkl: posts small blind $1
fugu82: posts big blind $3
*** HOLE CARDS ***
B_loJkl: raises $3 to $6
fugu82: calls $3
*** FLOP *** [3s Tc Qh]
fugu82: checks
B_loJkl: bets $3
fugu82: raises $3 to $6
B_loJkl: folds
Uncalled bet ($3) returned to fugu82
fugu82 collected $17.64 from pot
*** SUMMARY ***
Total pot $18 | Rake $0.36
Board [3s Tc Qh]
Seat 3: fugu82 (big blind) collected ($17.64)
Seat 4: B_loJkl (button) (small blind) folded on the Flop


PokerStars Hand #150899782219:  Hold'em Limit ($3/$6 USD) - 2016/03/25 8:54:59 ET
Table 'Thalia III' 6-max Seat #3 is the button
Seat 3: fugu82 ($322.01 in chips)
Seat 4: B_loJkl ($186.20 in chips)
fugu82: posts small blind $1
B_loJkl: posts big blind $3
*** HOLE CARDS ***
fugu82: raises $3 to $6
B_loJkl: calls $3
*** FLOP *** [2d 8s 5s]
B_loJkl: checks
fugu82: bets $3
B_loJkl: calls $3
*** TURN *** [2d 8s 5s] [Kd]
B_loJkl: checks
fugu82: bets $6
B_loJkl: folds
Uncalled bet ($6) returned to fugu82
fugu82 collected $17.64 from pot
*** SUMMARY ***
Total pot $18 | Rake $0.36
Board [2d 8s 5s Kd]
Seat 3: fugu82 (button) (small blind) collected ($17.64)
Seat 4: B_loJkl (big blind) folded on the Turn


PokerStars Hand #150899773972:  Hold'em Limit ($3/$6 USD) - 2016/03/25 8:54:46 ET
Table 'Thalia III' 6-max Seat #4 is the button
Seat 3: fugu82 ($310.49 in chips)
Seat 4: B_loJkl ($198.20 in chips)
B_loJkl: posts small blind $1
fugu82: posts big blind $3
*** HOLE CARDS ***
B_loJkl: raises $3 to $6
fugu82: raises $3 to $9
B_loJkl: calls $3
*** FLOP *** [2h Js 5h]
fugu82: bets $3
B_loJkl: calls $3
*** TURN *** [2h Js 5h] [Qh]
fugu82: bets $6
B_loJkl: folds
Uncalled bet ($6) returned to fugu82
fugu82 collected $23.52 from pot
*** SUMMARY ***
Total pot $24 | Rake $0.48
Board [2h Js 5h Qh]
Seat 3: fugu82 (big blind) collected ($23.52)
Seat 4: B_loJkl (button) (small blind) folded on the Turn


PokerStars Hand #150899760162:  Hold'em Limit ($3/$6 USD) - 2016/03/25 8:54:23 ET
Table 'Thalia III' 6-max Seat #3 is the button
Seat 3: fugu82 ($340.49 in chips)
Seat 4: B_loJkl ($168.70 in chips)
fugu82: posts small blind $1
B_loJkl: posts big blind $3
*** HOLE CARDS ***
fugu82: raises $3 to $6
B_loJkl: raises $3 to $9
fugu82: calls $3
*** FLOP *** [7s 8c Jc]
B_loJkl: bets $3
fugu82: raises $3 to $6
B_loJkl: raises $3 to $9
fugu82: calls $3
*** TURN *** [7s 8c Jc] [6s]
B_loJkl: bets $6
fugu82: calls $6
*** RIVER *** [7s 8c Jc 6s] [Qs]
B_loJkl: bets $6
fugu82: calls $6
*** SHOW DOWN ***
B_loJkl: shows [8s 8h] (three of a kind, Eights)
fugu82: mucks hand
B_loJkl collected $59.50 from pot
*** SUMMARY ***
Total pot $60 | Rake $0.50
Board [7s 8c Jc 6s Qs]
Seat 3: fugu82 (button) (small blind) mucked
Seat 4: B_loJkl (big blind) showed [8s 8h] and won ($59.50) with three of a kind, Eights


PokerStars Hand #150899812850:  Hold'em Limit ($3/$6 USD) - 2016/03/25 8:55:55 ET
Table 'Thalia III' 6-max Seat #3 is the button
Seat 3: fugu82 ($338.93 in chips)
Seat 4: B_loJkl ($167.84 in chips)
fugu82: posts small blind $1
B_loJkl: posts big blind $3
*** HOLE CARDS ***
fugu82: raises $3 to $6
B_loJkl: calls $3
*** FLOP *** [7c 9h 2s]
B_loJkl: checks
fugu82: bets $3
B_loJkl: calls $3
*** TURN *** [7c 9h 2s] [Ts]
B_loJkl: checks
fugu82: checks
*** RIVER *** [7c 9h 2s Ts] [Jc]
B_loJkl: bets $6
fugu82: folds
Uncalled bet ($6) returned to B_loJkl
B_loJkl collected $17.64 from pot
B_loJkl: doesn't show hand
*** SUMMARY ***
Total pot $18 | Rake $0.36
Board [7c 9h 2s Ts Jc]
Seat 3: fugu82 (button) (small blind) folded on the River
Seat 4: B_loJkl (big blind) collected ($17.64)


PokerStars Hand #150899805597:  Hold'em Limit ($3/$6 USD) - 2016/03/25 8:55:41 ET
Table 'Thalia III' 6-max Seat #4 is the button
Seat 3: fugu82 ($330.29 in chips)
Seat 4: B_loJkl ($176.84 in chips)
B_loJkl: posts small blind $1
fugu82: posts big blind $3
*** HOLE CARDS ***
B_loJkl: raises $3 to $6
fugu82: raises $3 to $9
B_loJkl: calls $3
*** FLOP *** [Kc As 3h]
fugu82: bets $3
B_loJkl: folds
Uncalled bet ($3) returned to fugu82
gazzzzzza joins the table at seat #5
fugu82 collected $17.64 from pot
*** SUMMARY ***
Total pot $18 | Rake $0.36
Board [Kc As 3h]
Seat 3: fugu82 (big blind) collected ($17.64)
Seat 4: B_loJkl (button) (small blind) folded on the Flop


PokerStars Hand #150911305279:  Hold'em Limit ($3/$6 USD) - 2016/03/25 13:13:45 ET
Table 'Thalia III' 6-max Seat #4 is the button
Seat 4: Bunkerparty ($187.14 in chips)
Seat 5: Great_Kang ($166.12 in chips)
Bunkerparty: posts small blind $1
Great_Kang: posts big blind $3
*** HOLE CARDS ***
Bunkerparty: calls $2
Great_Kang: checks
*** FLOP *** [6h 7h 5s]
Great_Kang: bets $3
Bunkerparty: folds
Uncalled bet ($3) returned to Great_Kang
Great_Kang collected $5.88 from pot
Great_Kang: doesn't show hand
*** SUMMARY ***
Total pot $6 | Rake $0.12
Board [6h 7h 5s]
Seat 4: Bunkerparty (button) (small blind) folded on the Flop
Seat 5: Great_Kang (big blind) collected ($5.88)


PokerStars Hand #150911292902:  Hold'em Limit ($3/$6 USD) - 2016/03/25 13:13:31 ET
Table 'Thalia III' 6-max Seat #5 is the button
Seat 4: Bunkerparty ($193.14 in chips)
Seat 5: Great_Kang ($160.36 in chips)
Great_Kang: posts small blind $1
Bunkerparty: posts big blind $3
*** HOLE CARDS ***
Great_Kang: raises $3 to $6
livenuncut leaves the table
Bunkerparty: calls $3
*** FLOP *** [5s 3h 3c]
Bunkerparty: checks
Great_Kang: bets $3
Bunkerparty: folds
Uncalled bet ($3) returned to Great_Kang
Great_Kang collected $11.76 from pot
Great_Kang: doesn't show hand
*** SUMMARY ***
Total pot $12 | Rake $0.24
Board [5s 3h 3c]
Seat 4: Bunkerparty (big blind) folded on the Flop
Seat 5: Great_Kang (button) (small blind) collected ($11.76)


PokerStars Hand #150911326937:  Hold'em Limit ($3/$6 USD) - 2016/03/25 13:14:10 ET
Table 'Thalia III' 6-max Seat #5 is the button
Seat 4: Bunkerparty ($184.14 in chips)
Seat 5: Great_Kang ($169 in chips)
Great_Kang: posts small blind $1
Bunkerparty: posts big blind $3
*** HOLE CARDS ***
Great_Kang: raises $3 to $6
Bunkerparty: folds
Uncalled bet ($3) returned to Great_Kang
Great_Kang collected $6 from pot
Great_Kang: doesn't show hand
*** SUMMARY ***
Total pot $6 | Rake $0
Seat 4: Bunkerparty (big blind) folded before Flop
Seat 5: Great_Kang (button) (small blind) collected ($6)


PokerStars Hand #150911334415:  Hold'em Limit ($3/$6 USD) - 2016/03/25 13:14:19 ET
Table 'Thalia III' 6-max Seat #4 is the button
Seat 4: Bunkerparty ($181.14 in chips)
Seat 5: Great_Kang ($172 in chips)
Bunkerparty: posts small blind $1
Great_Kang: posts big blind $3
*** HOLE CARDS ***
Bunkerparty: raises $3 to $6
Great_Kang: raises $3 to $9
Bunkerparty: calls $3
*** FLOP *** [5h As 4h]
Great_Kang: bets $3
Bunkerparty: calls $3
*** TURN *** [5h As 4h] [Kd]
Great_Kang: bets $6
Bunkerparty: raises $6 to $12
Great_Kang: folds
Uncalled bet ($6) returned to Bunkerparty
Bunkerparty collected $35.50 from pot
Bunkerparty: doesn't show hand
*** SUMMARY ***
Total pot $36 | Rake $0.50
Board [5h As 4h Kd]
Seat 4: Bunkerparty (button) (small blind) collected ($35.50)
Seat 5: Great_Kang (big blind) folded on the Turn


PokerStars Hand #150911355629:  Hold'em Limit ($3/$6 USD) - 2016/03/25 13:14:44 ET
Table 'Thalia III' 6-max Seat #5 is the button
Seat 4: Bunkerparty ($198.64 in chips)
Seat 5: Great_Kang ($154 in chips)
Great_Kang: posts small blind $1
Bunkerparty: posts big blind $3
*** HOLE CARDS ***
Great_Kang: raises $3 to $6
Bunkerparty: raises $3 to $9
Great_Kang: raises $3 to $12
Betting is capped
Bunkerparty: calls $3
*** FLOP *** [3s 6c 7h]
Bunkerparty: checks
Great_Kang: bets $3
Bunkerparty: calls $3
*** TURN *** [3s 6c 7h] [8d]
Bunkerparty: checks
Great_Kang: checks
*** RIVER *** [3s 6c 7h 8d] [3d]
Bunkerparty: bets $6
Great_Kang: calls $6
*** SHOW DOWN ***
Bunkerparty: shows [9d Td] (a straight, Six to Ten)
Great_Kang: mucks hand
Bunkerparty collected $41.50 from pot
*** SUMMARY ***
Total pot $42 | Rake $0.50
Board [3s 6c 7h 8d 3d]
Seat 4: Bunkerparty (big blind) showed [9d Td] and won ($41.50) with a straight, Six to Ten
Seat 5: Great_Kang (button) (small blind) mucked


PokerStars Hand #150911391041:  Hold'em Limit ($3/$6 USD) - 2016/03/25 13:15:24 ET
Table 'Thalia III' 6-max Seat #4 is the button
Seat 4: Bunkerparty ($219.14 in chips)
Seat 5: Great_Kang ($133 in chips)
Bunkerparty: posts small blind $1
Great_Kang: posts big blind $3
*** HOLE CARDS ***
Bunkerparty: raises $3 to $6
Great_Kang: calls $3
*** FLOP *** [2d Tc 6d]
Great_Kang: checks
Bunkerparty: checks
*** TURN *** [2d Tc 6d] [Th]
Great_Kang: bets $6
Bunkerparty: folds
Uncalled bet ($6) returned to Great_Kang
Great_Kang collected $11.76 from pot
Great_Kang: doesn't show hand
*** SUMMARY ***
Total pot $12 | Rake $0.24
Board [2d Tc 6d Th]
Seat 4: Bunkerparty (button) (small blind) folded on the Turn
Seat 5: Great_Kang (big blind) collected ($11.76)


PokerStars Hand #150911765014:  Hold'em Limit ($3/$6 USD) - 2016/03/25 13:22:28 ET
Table 'Thalia III' 6-max Seat #4 is the button
Seat 3: cyco14 ($125.76 in chips)
Seat 4: KidTaxMan ($54 in chips)
KidTaxMan: posts small blind $1
cyco14: posts big blind $3
*** HOLE CARDS ***
KidTaxMan: raises $3 to $6
cyco14: calls $3
*** FLOP *** [8s 3c 8h]
cyco14: bets $3
KidTaxMan: calls $3
*** TURN *** [8s 3c 8h] [6d]
cyco14: bets $6
KidTaxMan: raises $6 to $12
cyco14: calls $6
*** RIVER *** [8s 3c 8h 6d] [7d]
cyco14: checks
KidTaxMan: bets $6
cyco14: calls $6
*** SHOW DOWN ***
KidTaxMan: shows [7c 9s] (two pair, Eights and Sevens)
cyco14: mucks hand
KidTaxMan collected $53.50 from pot
*** SUMMARY ***
Total pot $54 | Rake $0.50
Board [8s 3c 8h 6d 7d]
Seat 3: cyco14 (big blind) mucked
Seat 4: KidTaxMan (button) (small blind) showed [7c 9s] and won ($53.50) with two pair, Eights and Sevens


PokerStars Hand #150911843512:  Hold'em Limit ($3/$6 USD) - 2016/03/25 13:23:58 ET
Table 'Thalia III' 6-max Seat #3 is the button
Seat 3: cyco14 ($112.26 in chips)
Seat 4: KidTaxMan ($66.14 in chips)
cyco14: posts small blind $1
KidTaxMan: posts big blind $3
*** HOLE CARDS ***
cyco14: raises $3 to $6
KidTaxMan: calls $3
*** FLOP *** [4d 8s Ts]
KidTaxMan: checks
cyco14: checks
*** TURN *** [4d 8s Ts] [2s]
perten joins the table at seat #5
KidTaxMan: checks
cyco14: bets $6
KidTaxMan: folds
Uncalled bet ($6) returned to cyco14
cyco14 collected $11.76 from pot
*** SUMMARY ***
Total pot $12 | Rake $0.24
Board [4d 8s Ts 2s]
Seat 3: cyco14 (button) (small blind) collected ($11.76)
Seat 4: KidTaxMan (big blind) folded on the Turn


PokerStars Hand #150911839108:  Hold'em Limit ($3/$6 USD) - 2016/03/25 13:23:53 ET
Table 'Thalia III' 6-max Seat #4 is the button
Seat 3: cyco14 ($111.26 in chips)
Seat 4: KidTaxMan ($67.14 in chips)
KidTaxMan: posts small blind $1
cyco14: posts big blind $3
*** HOLE CARDS ***
KidTaxMan: folds
Uncalled bet ($2) returned to cyco14
cyco14 collected $2 from pot
*** SUMMARY ***
Total pot $2 | Rake $0
Seat 3: cyco14 (big blind) collected ($2)
Seat 4: KidTaxMan (button) (small blind) folded before Flop


PokerStars Hand #150911819387:  Hold'em Limit ($3/$6 USD) - 2016/03/25 13:23:31 ET
Table 'Thalia III' 6-max Seat #3 is the button
Seat 3: cyco14 ($120.26 in chips)
Seat 4: KidTaxMan ($58.50 in chips)
cyco14: posts small blind $1
KidTaxMan: posts big blind $3
*** HOLE CARDS ***
cyco14: raises $3 to $6
KidTaxMan: calls $3
*** FLOP *** [9c 2d 6s]
KidTaxMan: checks
cyco14: bets $3
KidTaxMan: calls $3
*** TURN *** [9c 2d 6s] [Ad]
KidTaxMan: checks
cyco14: checks
*** RIVER *** [9c 2d 6s Ad] [8h]
KidTaxMan: bets $6
cyco14: folds
Uncalled bet ($6) returned to KidTaxMan
KidTaxMan collected $17.64 from pot
*** SUMMARY ***
Total pot $18 | Rake $0.36
Board [9c 2d 6s Ad 8h]
Seat 3: cyco14 (button) (small blind) folded on the River
Seat 4: KidTaxMan (big blind) collected ($17.64)


PokerStars Hand #150911814795:  Hold'em Limit ($3/$6 USD) - 2016/03/25 13:23:26 ET
Table 'Thalia III' 6-max Seat #4 is the button
Seat 3: cyco14 ($119.26 in chips)
Seat 4: KidTaxMan ($59.50 in chips)
KidTaxMan: posts small blind $1
cyco14: posts big blind $3
*** HOLE CARDS ***
KidTaxMan: folds
Uncalled bet ($2) returned to cyco14
cyco14 collected $2 from pot
*** SUMMARY ***
Total pot $2 | Rake $0
Seat 3: cyco14 (big blind) collected ($2)
Seat 4: KidTaxMan (button) (small blind) folded before Flop


PokerStars Hand #150911786529:  Hold'em Limit ($3/$6 USD) - 2016/03/25 13:22:53 ET
Table 'Thalia III' 6-max Seat #3 is the button
Seat 3: cyco14 ($98.76 in chips)
Seat 4: KidTaxMan ($80.50 in chips)
cyco14: posts small blind $1
KidTaxMan: posts big blind $3
*** HOLE CARDS ***
cyco14: raises $3 to $6
KidTaxMan: calls $3
*** FLOP *** [6s 5h 3s]
KidTaxMan: checks
cyco14: bets $3
KidTaxMan: calls $3
*** TURN *** [6s 5h 3s] [9s]
KidTaxMan: bets $6
cyco14: raises $6 to $12
KidTaxMan: calls $6
*** RIVER *** [6s 5h 3s 9s] [Ad]
KidTaxMan: checks
cyco14: checks
*** SHOW DOWN ***
KidTaxMan: shows [Ts 7d] (high card Ace)
cyco14: shows [8d 6d] (a pair of Sixes)
cyco14 collected $41.50 from pot
*** SUMMARY ***
Total pot $42 | Rake $0.50
Board [6s 5h 3s 9s Ad]
Seat 3: cyco14 (button) (small blind) showed [8d 6d] and won ($41.50) with a pair of Sixes
Seat 4: KidTaxMan (big blind) showed [Ts 7d] and lost with high card Ace


PokerStars Hand #150913427399:  Hold'em Limit ($3/$6 USD) - 2016/03/25 13:54:00 ET
Table 'Thalia III' 6-max Seat #4 is the button
Seat 4: KidTaxMan ($293.30 in chips)
Seat 5: SmellyToes4u ($80.29 in chips)
KidTaxMan: posts small blind $1
SmellyToes4u: posts big blind $3
*** HOLE CARDS ***
KidTaxMan: raises $3 to $6
SmellyToes4u: calls $3
*** FLOP *** [Jc 8c Ah]
SmellyToes4u: checks
KidTaxMan: bets $3
SmellyToes4u: calls $3
*** TURN *** [Jc 8c Ah] [8d]
SmellyToes4u: checks
KidTaxMan: checks
*** RIVER *** [Jc 8c Ah 8d] [Ts]
SmellyToes4u: checks
KidTaxMan: checks
*** SHOW DOWN ***
SmellyToes4u: shows [3d Kc] (a pair of Eights)
Zubasa07 leaves the table
KidTaxMan: mucks hand
SmellyToes4u collected $17.64 from pot
*** SUMMARY ***
Total pot $18 | Rake $0.36
Board [Jc 8c Ah 8d Ts]
Seat 4: KidTaxMan (button) (small blind) mucked
Seat 5: SmellyToes4u (big blind) showed [3d Kc] and won ($17.64) with a pair of Eights


PokerStars Hand #150913406183:  Hold'em Limit ($3/$6 USD) - 2016/03/25 13:53:36 ET
Table 'Thalia III' 6-max Seat #5 is the button
Seat 4: KidTaxMan ($292.30 in chips)
Seat 5: SmellyToes4u ($81.29 in chips)
SmellyToes4u: posts small blind $1
bellababy: is sitting out
Zubasa07: is sitting out
Ale4o: is sitting out
KidTaxMan: posts big blind $3
*** HOLE CARDS ***
SmellyToes4u: folds
Uncalled bet ($2) returned to KidTaxMan
KidTaxMan collected $2 from pot
*** SUMMARY ***
Total pot $2 | Rake $0
Seat 4: KidTaxMan (big blind) collected ($2)
Seat 5: SmellyToes4u (button) (small blind) folded before Flop


PokerStars Hand #150913470243:  Hold'em Limit ($3/$6 USD) - 2016/03/25 13:54:49 ET
Table 'Thalia III' 6-max Seat #4 is the button
Seat 4: KidTaxMan ($298.80 in chips)
Seat 5: SmellyToes4u ($73.93 in chips)
KidTaxMan: posts small blind $1
SmellyToes4u: posts big blind $3
*** HOLE CARDS ***
KidTaxMan: folds
Uncalled bet ($2) returned to SmellyToes4u
SmellyToes4u collected $2 from pot
SmellyToes4u: doesn't show hand
*** SUMMARY ***
Total pot $2 | Rake $0
Seat 4: KidTaxMan (button) (small blind) folded before Flop
Seat 5: SmellyToes4u (big blind) collected ($2)


PokerStars Hand #150913451942:  Hold'em Limit ($3/$6 USD) - 2016/03/25 13:54:28 ET
Table 'Thalia III' 6-max Seat #5 is the button
Seat 4: KidTaxMan ($284.30 in chips)
Seat 5: SmellyToes4u ($88.93 in chips)
SmellyToes4u: posts small blind $1
KidTaxMan: posts big blind $3
*** HOLE CARDS ***
SmellyToes4u: raises $3 to $6
KidTaxMan: calls $3
*** FLOP *** [6d 5s Jd]
KidTaxMan: checks
SmellyToes4u: bets $3
KidTaxMan: calls $3
*** TURN *** [6d 5s Jd] [Tc]
KidTaxMan: checks
SmellyToes4u: bets $6
KidTaxMan: calls $6
*** RIVER *** [6d 5s Jd Tc] [7s]
KidTaxMan: checks
SmellyToes4u: checks
*** SHOW DOWN ***
KidTaxMan: shows [4c 5d] (a pair of Fives)
SmellyToes4u: mucks hand
KidTaxMan collected $29.50 from pot
*** SUMMARY ***
Total pot $30 | Rake $0.50
Board [6d 5s Jd Tc 7s]
Seat 4: KidTaxMan (big blind) showed [4c 5d] and won ($29.50) with a pair of Fives
Seat 5: SmellyToes4u (button) (small blind) mucked


PokerStars Hand #150913995294:  Hold'em Limit ($3/$6 USD) - 2016/03/25 14:05:57 ET
Table 'Thalia III' 6-max Seat #6 is the button
Seat 4: KidTaxMan ($372.56 in chips)
Seat 6: Ale4o ($89.41 in chips)
Ale4o: posts small blind $1
KidTaxMan: posts big blind $3
*** HOLE CARDS ***
Ale4o: folds
Uncalled bet ($2) returned to KidTaxMan
KidTaxMan collected $2 from pot
*** SUMMARY ***
Total pot $2 | Rake $0
Seat 4: KidTaxMan (big blind) collected ($2)
Seat 6: Ale4o (button) (small blind) folded before Flop


PokerStars Hand #150913989692:  Hold'em Limit ($3/$6 USD) - 2016/03/25 14:05:51 ET
Table 'Thalia III' 6-max Seat #4 is the button
Seat 4: KidTaxMan ($369.56 in chips)
Seat 6: Ale4o ($92.41 in chips)
KidTaxMan: posts small blind $1
Ale4o: posts big blind $3
*** HOLE CARDS ***
KidTaxMan: raises $3 to $6
Ale4o: folds
Uncalled bet ($3) returned to KidTaxMan
KidTaxMan collected $6 from pot
*** SUMMARY ***
Total pot $6 | Rake $0
Seat 4: KidTaxMan (button) (small blind) collected ($6)
Seat 6: Ale4o (big blind) folded before Flop


PokerStars Hand #150913999835:  Hold'em Limit ($3/$6 USD) - 2016/03/25 14:06:02 ET
Table 'Thalia III' 6-max Seat #4 is the button
Seat 4: KidTaxMan ($373.56 in chips)
Seat 6: Ale4o ($88.41 in chips)
KidTaxMan: posts small blind $1
Ale4o: posts big blind $3
*** HOLE CARDS ***
KidTaxMan: calls $2
Ale4o: checks
*** FLOP *** [6d Td 5c]
Ale4o: checks
KidTaxMan: checks
*** TURN *** [6d Td 5c] [Ac]
Ale4o: checks
KidTaxMan: bets $6
Ale4o: folds
Uncalled bet ($6) returned to KidTaxMan
KidTaxMan collected $5.88 from pot
*** SUMMARY ***
Total pot $6 | Rake $0.12
Board [6d Td 5c Ac]
Seat 4: KidTaxMan (button) (small blind) collected ($5.88)
Seat 6: Ale4o (big blind) folded on the Turn


PokerStars Hand #150914031863:  Hold'em Limit ($3/$6 USD) - 2016/03/25 14:06:38 ET
Table 'Thalia III' 6-max Seat #4 is the button
Seat 4: KidTaxMan ($370.44 in chips)
Seat 6: Ale4o ($91.17 in chips)
KidTaxMan: posts small blind $1
Ale4o: posts big blind $3
*** HOLE CARDS ***
KidTaxMan: folds
Uncalled bet ($2) returned to Ale4o
Ale4o collected $2 from pot
Ale4o: doesn't show hand
*** SUMMARY ***
Total pot $2 | Rake $0
Seat 4: KidTaxMan (button) (small blind) folded before Flop
Seat 6: Ale4o (big blind) collected ($2)


PokerStars Hand #150914013672:  Hold'em Limit ($3/$6 USD) - 2016/03/25 14:06:18 ET
Table 'Thalia III' 6-max Seat #6 is the button
Seat 4: KidTaxMan ($376.44 in chips)
Seat 6: Ale4o ($85.41 in chips)
Ale4o: posts small blind $1
KidTaxMan: posts big blind $3
*** HOLE CARDS ***
Ale4o: raises $3 to $6
KidTaxMan: calls $3
*** FLOP *** [7d 6h 6d]
KidTaxMan: checks
Ale4o: checks
*** TURN *** [7d 6h 6d] [Jd]
KidTaxMan: checks
Ale4o: bets $6
KidTaxMan: folds
Uncalled bet ($6) returned to Ale4o
Ale4o collected $11.76 from pot
Ale4o: doesn't show hand
*** SUMMARY ***
Total pot $12 | Rake $0.24
Board [7d 6h 6d Jd]
Seat 4: KidTaxMan (big blind) folded on the Turn
Seat 6: Ale4o (button) (small blind) collected ($11.76)


PokerStars Hand #150914036225:  Hold'em Limit ($3/$6 USD) - 2016/03/25 14:06:43 ET
Table 'Thalia III' 6-max Seat #6 is the button
Seat 4: KidTaxMan ($369.44 in chips)
Seat 6: Ale4o ($92.17 in chips)
Ale4o: posts small blind $1
KidTaxMan: posts big blind $3
*** HOLE CARDS ***
Ale4o: raises $3 to $6
KidTaxMan: calls $3
*** FLOP *** [9s Js 5d]
KidTaxMan: checks
Ale4o: bets $3
KidTaxMan: calls $3
*** TURN *** [9s Js 5d] [Kh]
KidTaxMan: checks
Ale4o: bets $6
KidTaxMan: raises $6 to $12
Ale4o: folds
Uncalled bet ($6) returned to KidTaxMan
KidTaxMan collected $29.50 from pot
*** SUMMARY ***
Total pot $30 | Rake $0.50
Board [9s Js 5d Kh]
Seat 4: KidTaxMan (big blind) collected ($29.50)
Seat 6: Ale4o (button) (small blind) folded on the Turn


PokerStars Hand #150914055012:  Hold'em Limit ($3/$6 USD) - 2016/03/25 14:07:05 ET
Table 'Thalia III' 6-max Seat #4 is the button
Seat 4: KidTaxMan ($383.94 in chips)
Seat 6: Ale4o ($77.17 in chips)
KidTaxMan: posts small blind $1
Ale4o: posts big blind $3
*** HOLE CARDS ***
KidTaxMan: raises $3 to $6
Ale4o: calls $3
*** FLOP *** [Js As Qd]
Ale4o: checks
KidTaxMan: bets $3
Ale4o: calls $3
*** TURN *** [Js As Qd] [9h]
Ale4o: checks
KidTaxMan: bets $6
Ale4o: calls $6
*** RIVER *** [Js As Qd 9h] [5c]
Ale4o: checks
KidTaxMan: checks
*** SHOW DOWN ***
Ale4o: shows [Jh 4h] (a pair of Jacks)
KidTaxMan: shows [Qh Td] (a pair of Queens)
KidTaxMan collected $29.50 from pot
*** SUMMARY ***
Total pot $30 | Rake $0.50
Board [Js As Qd 9h 5c]
Seat 4: KidTaxMan (button) (small blind) showed [Qh Td] and won ($29.50) with a pair of Queens
Seat 6: Ale4o (big blind) showed [Jh 4h] and lost with a pair of Jacks


PokerStars Hand #150914070570:  Hold'em Limit ($3/$6 USD) - 2016/03/25 14:07:22 ET
Table 'Thalia III' 6-max Seat #6 is the button
Seat 4: KidTaxMan ($398.44 in chips)
Seat 6: Ale4o ($62.17 in chips)
Ale4o: posts small blind $1
KidTaxMan: posts big blind $3
*** HOLE CARDS ***
Ale4o: raises $3 to $6
KidTaxMan: calls $3
*** FLOP *** [5c 7d Ks]
KidTaxMan: checks
Ale4o: checks
*** TURN *** [5c 7d Ks] [Qh]
KidTaxMan: bets $6
Ale4o: raises $6 to $12
KidTaxMan: calls $6
*** RIVER *** [5c 7d Ks Qh] [6h]
dwergbiesjes joins the table at seat #3
KidTaxMan: checks
Ale4o: bets $6
KidTaxMan: calls $6
*** SHOW DOWN ***
Ale4o: shows [7c 7h] (three of a kind, Sevens)
KidTaxMan: mucks hand
Ale4o collected $47.50 from pot
*** SUMMARY ***
Total pot $48 | Rake $0.50
Board [5c 7d Ks Qh 6h]
Seat 4: KidTaxMan (big blind) mucked
Seat 6: Ale4o (button) (small blind) showed [7c 7h] and won ($47.50) with three of a kind, Sevens


PokerStars Hand #150914090505:  Hold'em Limit ($3/$6 USD) - 2016/03/25 14:07:45 ET
Table 'Thalia III' 6-max Seat #4 is the button
Seat 4: KidTaxMan ($374.44 in chips)
Seat 6: Ale4o ($85.67 in chips)
KidTaxMan: posts small blind $1
Ale4o: posts big blind $3
*** HOLE CARDS ***
KidTaxMan: raises $3 to $6
Ale4o: calls $3
*** FLOP *** [Jh 9s 4c]
Ale4o: checks
KidTaxMan: bets $3
Ale4o: calls $3
*** TURN *** [Jh 9s 4c] [Qh]
Ale4o: checks
KidTaxMan: bets $6
Ale4o: calls $6
*** RIVER *** [Jh 9s 4c Qh] [8c]
Ale4o: checks
KidTaxMan: checks
*** SHOW DOWN ***
Ale4o: shows [Js Ad] (a pair of Jacks)
KidTaxMan: shows [Qc 6c] (a pair of Queens)
KidTaxMan collected $29.50 from pot
*** SUMMARY ***
Total pot $30 | Rake $0.50
Board [Jh 9s 4c Qh 8c]
Seat 4: KidTaxMan (button) (small blind) showed [Qc 6c] and won ($29.50) with a pair of Queens
Seat 6: Ale4o (big blind) showed [Js Ad] and lost with a pair of Jacks


PokerStars Hand #150914205263:  Hold'em Limit ($3/$6 USD) - 2016/03/25 14:09:54 ET
Table 'Thalia III' 6-max Seat #4 is the button
Seat 4: KidTaxMan ($389.81 in chips)
Seat 6: Ale4o ($102.33 in chips)
KidTaxMan: posts small blind $1
Ale4o: posts big blind $3
*** HOLE CARDS ***
KidTaxMan: raises $3 to $6
dwergbiesjes leaves the table
Ale4o: calls $3
*** FLOP *** [Kc 6d 4d]
Ale4o: checks
KidTaxMan: bets $3
Ale4o: calls $3
*** TURN *** [Kc 6d 4d] [5s]
Ale4o: checks
KidTaxMan: bets $6
Ale4o: raises $6 to $12
KidTaxMan: calls $6
*** RIVER *** [Kc 6d 4d 5s] [Ts]
Ale4o: bets $6
KidTaxMan: calls $6
*** SHOW DOWN ***
Ale4o: shows [8c 7c] (a straight, Four to Eight)
KidTaxMan: mucks hand
Ale4o collected $53.50 from pot
*** SUMMARY ***
Total pot $54 | Rake $0.50
Board [Kc 6d 4d 5s Ts]
Seat 4: KidTaxMan (button) (small blind) mucked
Seat 6: Ale4o (big blind) showed [8c 7c] and won ($53.50) with a straight, Four to Eight


PokerStars Hand #150914263281:  Hold'em Limit ($3/$6 USD) - 2016/03/25 14:10:59 ET
Table 'Thalia III' 6-max Seat #4 is the button
Seat 4: KidTaxMan ($383.31 in chips)
Seat 6: Ale4o ($107.83 in chips)
KidTaxMan: posts small blind $1
Ale4o: posts big blind $3
*** HOLE CARDS ***
KidTaxMan: folds
Uncalled bet ($2) returned to Ale4o
Ale4o collected $2 from pot
Ale4o: doesn't show hand
*** SUMMARY ***
Total pot $2 | Rake $0
Seat 4: KidTaxMan (button) (small blind) folded before Flop
Seat 6: Ale4o (big blind) collected ($2)


PokerStars Hand #150914226028:  Hold'em Limit ($3/$6 USD) - 2016/03/25 14:10:17 ET
Table 'Thalia III' 6-max Seat #6 is the button
Seat 4: KidTaxMan ($362.81 in chips)
Seat 6: Ale4o ($128.83 in chips)
Ale4o: posts small blind $1
KidTaxMan: posts big blind $3
*** HOLE CARDS ***
Ale4o: raises $3 to $6
KidTaxMan: calls $3
*** FLOP *** [Ts 5c 2h]
KidTaxMan: checks
Ale4o: bets $3
KidTaxMan: calls $3
*** TURN *** [Ts 5c 2h] [6d]
KidTaxMan: checks
Ale4o: checks
*** RIVER *** [Ts 5c 2h 6d] [Kd]
KidTaxMan: bets $6
Ale4o: raises $6 to $12
KidTaxMan: raises $6 to $18
Ale4o: folds
Uncalled bet ($6) returned to KidTaxMan
KidTaxMan collected $41.50 from pot
*** SUMMARY ***
Total pot $42 | Rake $0.50
Board [Ts 5c 2h 6d Kd]
Seat 4: KidTaxMan (big blind) collected ($41.50)
Seat 6: Ale4o (button) (small blind) folded on the River


PokerStars Hand #150914267502:  Hold'em Limit ($3/$6 USD) - 2016/03/25 14:11:04 ET
Table 'Thalia III' 6-max Seat #6 is the button
Seat 4: KidTaxMan ($382.31 in chips)
Seat 6: Ale4o ($108.83 in chips)
Ale4o: posts small blind $1
KidTaxMan: posts big blind $3
*** HOLE CARDS ***
Ale4o: raises $3 to $6
KidTaxMan: raises $3 to $9
Ale4o: calls $3
*** FLOP *** [Qd 4h Td]
KidTaxMan: bets $3
Ale4o: calls $3
*** TURN *** [Qd 4h Td] [3d]
KidTaxMan: bets $6
Ale4o: calls $6
*** RIVER *** [Qd 4h Td 3d] [2c]
KidTaxMan: bets $6
Ale4o: calls $6
*** SHOW DOWN ***
KidTaxMan: shows [Ks Kd] (a pair of Kings)
Ale4o: mucks hand
KidTaxMan collected $47.50 from pot
*** SUMMARY ***
Total pot $48 | Rake $0.50
Board [Qd 4h Td 3d 2c]
Seat 4: KidTaxMan (big blind) showed [Ks Kd] and won ($47.50) with a pair of Kings
Seat 6: Ale4o (button) (small blind) mucked


PokerStars Hand #150914283547:  Hold'em Limit ($3/$6 USD) - 2016/03/25 14:11:22 ET
Table 'Thalia III' 6-max Seat #4 is the button
Seat 4: KidTaxMan ($405.81 in chips)
Seat 6: Ale4o ($84.83 in chips)
KidTaxMan: posts small blind $1
Ale4o: posts big blind $3
*** HOLE CARDS ***
KidTaxMan: raises $3 to $6
Ale4o: calls $3
*** FLOP *** [7s 7c 4s]
Ale4o: checks
KidTaxMan: bets $3
Ale4o: calls $3
*** TURN *** [7s 7c 4s] [Qs]
Ale4o: checks
KidTaxMan: bets $6
Ale4o: raises $6 to $12
KidTaxMan: folds
Uncalled bet ($6) returned to Ale4o
Ale4o collected $29.50 from pot
Ale4o: doesn't show hand
*** SUMMARY ***
Total pot $30 | Rake $0.50
Board [7s 7c 4s Qs]
Seat 4: KidTaxMan (button) (small blind) folded on the Turn
Seat 6: Ale4o (big blind) collected ($29.50)


PokerStars Hand #150914310069:  Hold'em Limit ($3/$6 USD) - 2016/03/25 14:11:51 ET
Table 'Thalia III' 6-max Seat #4 is the button
Seat 4: KidTaxMan ($381.81 in chips)
Seat 6: Ale4o ($107.97 in chips)
KidTaxMan: posts small blind $1
Ale4o: posts big blind $3
*** HOLE CARDS ***
KidTaxMan: folds
Uncalled bet ($2) returned to Ale4o
Ale4o collected $2 from pot
Ale4o: doesn't show hand
*** SUMMARY ***
Total pot $2 | Rake $0
Seat 4: KidTaxMan (button) (small blind) folded before Flop
Seat 6: Ale4o (big blind) collected ($2)


PokerStars Hand #150914297422:  Hold'em Limit ($3/$6 USD) - 2016/03/25 14:11:37 ET
Table 'Thalia III' 6-max Seat #6 is the button
Seat 4: KidTaxMan ($390.81 in chips)
Seat 6: Ale4o ($99.33 in chips)
Ale4o: posts small blind $1
KidTaxMan: posts big blind $3
*** HOLE CARDS ***
Ale4o: raises $3 to $6
KidTaxMan: calls $3
*** FLOP *** [2s 8d 8s]
KidTaxMan: checks
Ale4o: bets $3
KidTaxMan: calls $3
*** TURN *** [2s 8d 8s] [Th]
KidTaxMan: checks
Ale4o: bets $6
KidTaxMan: folds
Uncalled bet ($6) returned to Ale4o
Ale4o collected $17.64 from pot
Ale4o: doesn't show hand
*** SUMMARY ***
Total pot $18 | Rake $0.36
Board [2s 8d 8s Th]
Seat 4: KidTaxMan (big blind) folded on the Turn
Seat 6: Ale4o (button) (small blind) collected ($17.64)


