PokerStars Hand #155209982611:  Hold'em Limit ($3/$6 USD) - 2016/06/26 4:24:36 ET
Table 'Thalassa' 6-max Seat #4 is the button
Seat 4: tomte999 ($72 in chips)
Seat 6: Profitables ($32 in chips)
tomte999: posts small blind $1
Profitables: posts big blind $3
*** HOLE CARDS ***
tomte999: raises $3 to $6
Profitables: calls $3
*** FLOP *** [Ac 3s 7c]
Profitables: checks
tomte999: bets $3
Profitables: raises $3 to $6
tomte999: folds
Uncalled bet ($3) returned to Profitables
Profitables collected $17.64 from pot
Profitables: doesn't show hand
*** SUMMARY ***
Total pot $18 | Rake $0.36
Board [Ac 3s 7c]
Seat 4: tomte999 (button) (small blind) folded on the Flop
Seat 6: Profitables (big blind) collected ($17.64)


PokerStars Hand #155209987027:  Hold'em Limit ($3/$6 USD) - 2016/06/26 4:24:50 ET
Table 'Thalassa' 6-max Seat #6 is the button
Seat 4: tomte999 ($72 in chips)
Seat 6: Profitables ($40.64 in chips)
Profitables: posts small blind $1
tomte999: posts big blind $3
*** HOLE CARDS ***
Profitables: raises $3 to $6
tomte999: calls $3
*** FLOP *** [7c 8c 2c]
tomte999: checks
Profitables: bets $3
tomte999: calls $3
*** TURN *** [7c 8c 2c] [5h]
tomte999: checks
Profitables: bets $6
tomte999: calls $6
*** RIVER *** [7c 8c 2c 5h] [8d]
tomte999: checks
Profitables: checks
*** SHOW DOWN ***
tomte999: shows [5c Qd] (two pair, Eights and Fives)
Profitables: mucks hand
tomte999 collected $29.50 from pot
*** SUMMARY ***
Total pot $30 | Rake $0.50
Board [7c 8c 2c 5h 8d]
Seat 4: tomte999 (big blind) showed [5c Qd] and won ($29.50) with two pair, Eights and Fives
Seat 6: Profitables (button) (small blind) mucked


PokerStars Hand #155210005221:  Hold'em Limit ($3/$6 USD) - 2016/06/26 4:25:46 ET
Table 'Thalassa' 6-max Seat #4 is the button
Seat 4: tomte999 ($86.14 in chips)
Seat 6: Profitables ($25.28 in chips)
tomte999: posts small blind $1
Profitables: posts big blind $3
*** HOLE CARDS ***
tomte999: raises $3 to $6
Profitables: calls $3
*** FLOP *** [2s 9h 8c]
Profitables: checks
tomte999: bets $3
Profitables: calls $3
*** TURN *** [2s 9h 8c] [7d]
Profitables: checks
tomte999: checks
*** RIVER *** [2s 9h 8c 7d] [Js]
Profitables: bets $6
tomte999: raises $6 to $12
Profitables: calls $6
*** SHOW DOWN ***
tomte999: shows [As Th] (a straight, Seven to Jack)
Profitables: mucks hand
tomte999 collected $41.50 from pot
*** SUMMARY ***
Total pot $42 | Rake $0.50
Board [2s 9h 8c 7d Js]
Seat 4: tomte999 (button) (small blind) showed [As Th] and won ($41.50) with a straight, Seven to Jack
Seat 6: Profitables (big blind) mucked


PokerStars Hand #155209993637:  Hold'em Limit ($3/$6 USD) - 2016/06/26 4:25:10 ET
Table 'Thalassa' 6-max Seat #4 is the button
Seat 4: tomte999 ($86.50 in chips)
Seat 6: Profitables ($25.64 in chips)
tomte999: posts small blind $1
Profitables: posts big blind $3
*** HOLE CARDS ***
tomte999: raises $3 to $6
Profitables: calls $3
*** FLOP *** [7d 2h Qc]
Profitables: checks
tomte999: bets $3
Profitables: calls $3
*** TURN *** [7d 2h Qc] [8d]
Profitables: checks
tomte999: checks
*** RIVER *** [7d 2h Qc 8d] [8h]
Profitables: bets $6
tomte999: folds
Uncalled bet ($6) returned to Profitables
Profitables collected $17.64 from pot
Profitables: doesn't show hand
*** SUMMARY ***
Total pot $18 | Rake $0.36
Board [7d 2h Qc 8d 8h]
Seat 4: tomte999 (button) (small blind) folded on the River
Seat 6: Profitables (big blind) collected ($17.64)


PokerStars Hand #155210002484:  Hold'em Limit ($3/$6 USD) - 2016/06/26 4:25:37 ET
Table 'Thalassa' 6-max Seat #6 is the button
Seat 4: tomte999 ($77.50 in chips)
Seat 6: Profitables ($34.28 in chips)
Profitables: posts small blind $1
tomte999: posts big blind $3
*** HOLE CARDS ***
Profitables: raises $3 to $6
tomte999: raises $3 to $9
Profitables: calls $3
*** FLOP *** [4c Ah 4s]
tomte999: bets $3
Profitables: folds
Uncalled bet ($3) returned to tomte999
tomte999 collected $17.64 from pot
tomte999: doesn't show hand
*** SUMMARY ***
Total pot $18 | Rake $0.36
Board [4c Ah 4s]
Seat 4: tomte999 (big blind) collected ($17.64)
Seat 6: Profitables (button) (small blind) folded on the Flop


PokerStars Hand #155210016482:  Hold'em Limit ($3/$6 USD) - 2016/06/26 4:26:20 ET
Table 'Thalassa' 6-max Seat #4 is the button
Seat 4: tomte999 ($102.36 in chips)
Seat 6: Profitables ($8.39 in chips)
tomte999: posts small blind $1
Profitables: posts big blind $3
*** HOLE CARDS ***
tomte999: folds
Uncalled bet ($2) returned to Profitables
Profitables collected $2 from pot
Profitables: doesn't show hand
*** SUMMARY ***
Total pot $2 | Rake $0
Seat 4: tomte999 (button) (small blind) folded before Flop
Seat 6: Profitables (big blind) collected ($2)


PokerStars Hand #155210010951:  Hold'em Limit ($3/$6 USD) - 2016/06/26 4:26:03 ET
Table 'Thalassa' 6-max Seat #6 is the button
Seat 4: tomte999 ($106.64 in chips)
Seat 6: Profitables ($4.28 in chips)
Profitables: posts small blind $1
tomte999: posts big blind $3
*** HOLE CARDS ***
Profitables: raises $1.28 to $4.28 and is all-in
tomte999: calls $1.28
*** FLOP *** [4s 8c 2c]
*** TURN *** [4s 8c 2c] [Jc]
*** RIVER *** [4s 8c 2c Jc] [3d]
*** SHOW DOWN ***
tomte999: shows [Qd Tc] (high card Queen)
Profitables: shows [9s Jd] (a pair of Jacks)
Profitables collected $8.39 from pot
*** SUMMARY ***
Total pot $8.56 | Rake $0.17
Board [4s 8c 2c Jc 3d]
Seat 4: tomte999 (big blind) showed [Qd Tc] and lost with high card Queen
Seat 6: Profitables (button) (small blind) showed [9s Jd] and won ($8.39) with a pair of Jacks


PokerStars Hand #155210019412:  Hold'em Limit ($3/$6 USD) - 2016/06/26 4:26:29 ET
Table 'Thalassa' 6-max Seat #4 is the button
Seat 4: tomte999 ($102.36 in chips)
Seat 6: Profitables ($8.39 in chips)
tomte999: posts small blind $1
Profitables: posts big blind $3
*** HOLE CARDS ***
tomte999: raises $3 to $6
Profitables: raises $2.39 to $8.39 and is all-in
tomte999: calls $2.39
*** FLOP *** [9s 5s 2h]
*** TURN *** [9s 5s 2h] [Ac]
*** RIVER *** [9s 5s 2h Ac] [Ah]
*** SHOW DOWN ***
Profitables: shows [Qd Th] (a pair of Aces)
tomte999: shows [4h Jc] (a pair of Aces - lower kicker)
Profitables collected $16.44 from pot
*** SUMMARY ***
Total pot $16.78 | Rake $0.34
Board [9s 5s 2h Ac Ah]
Seat 4: tomte999 (button) (small blind) showed [4h Jc] and lost with a pair of Aces
Seat 6: Profitables (big blind) showed [Qd Th] and won ($16.44) with a pair of Aces


PokerStars Hand #155210025255:  Hold'em Limit ($3/$6 USD) - 2016/06/26 4:26:47 ET
Table 'Thalassa' 6-max Seat #4 is the button
Seat 4: tomte999 ($94.97 in chips)
Seat 6: Profitables ($15.44 in chips)
tomte999: posts small blind $1
Profitables: posts big blind $3
*** HOLE CARDS ***
tomte999: raises $3 to $6
Profitables: calls $3
*** FLOP *** [8d 6d Td]
Profitables: bets $3
tomte999: folds
Uncalled bet ($3) returned to Profitables
Profitables collected $11.76 from pot
Profitables: doesn't show hand
*** SUMMARY ***
Total pot $12 | Rake $0.24
Board [8d 6d Td]
Seat 4: tomte999 (button) (small blind) folded on the Flop
Seat 6: Profitables (big blind) collected ($11.76)


PokerStars Hand #155210023824:  Hold'em Limit ($3/$6 USD) - 2016/06/26 4:26:42 ET
Table 'Thalassa' 6-max Seat #6 is the button
Seat 4: tomte999 ($93.97 in chips)
Seat 6: Profitables ($16.44 in chips)
Profitables: posts small blind $1
tomte999: posts big blind $3
*** HOLE CARDS ***
Profitables: folds
Uncalled bet ($2) returned to tomte999
tomte999 collected $2 from pot
tomte999: doesn't show hand
*** SUMMARY ***
Total pot $2 | Rake $0
Seat 4: tomte999 (big blind) collected ($2)
Seat 6: Profitables (button) (small blind) folded before Flop


PokerStars Hand #155210028140:  Hold'em Limit ($3/$6 USD) - 2016/06/26 4:26:56 ET
Table 'Thalassa' 6-max Seat #6 is the button
Seat 4: tomte999 ($88.97 in chips)
Seat 6: Profitables ($21.20 in chips)
Profitables: posts small blind $1
tomte999: posts big blind $3
*** HOLE CARDS ***
Profitables: raises $3 to $6
tomte999: calls $3
*** FLOP *** [2d 2c 2s]
tomte999: checks
Profitables: bets $3
tomte999: folds
Uncalled bet ($3) returned to Profitables
Profitables collected $11.76 from pot
Profitables: doesn't show hand
*** SUMMARY ***
Total pot $12 | Rake $0.24
Board [2d 2c 2s]
Seat 4: tomte999 (big blind) folded on the Flop
Seat 6: Profitables (button) (small blind) collected ($11.76)


PokerStars Hand #155210017926:  Hold'em Limit ($3/$6 USD) - 2016/06/26 4:26:24 ET
Table 'Thalassa' 6-max Seat #6 is the button
Seat 4: tomte999 ($101.36 in chips)
Seat 6: Profitables ($9.39 in chips)
Profitables: posts small blind $1
tomte999: posts big blind $3
*** HOLE CARDS ***
Profitables: folds
Uncalled bet ($2) returned to tomte999
tomte999 collected $2 from pot
tomte999: doesn't show hand
*** SUMMARY ***
Total pot $2 | Rake $0
Seat 4: tomte999 (big blind) collected ($2)
Seat 6: Profitables (button) (small blind) folded before Flop


PokerStars Hand #155210051249:  Hold'em Limit ($3/$6 USD) - 2016/06/26 4:28:05 ET
Table 'Thalassa' 6-max Seat #4 is the button
Seat 4: tomte999 ($109.07 in chips)
Seat 6: Profitables ($33 in chips)
tomte999: posts small blind $1
Profitables: posts big blind $3
*** HOLE CARDS ***
tomte999: folds
Uncalled bet ($2) returned to Profitables
Profitables collected $2 from pot
Profitables: doesn't show hand
*** SUMMARY ***
Total pot $2 | Rake $0
Seat 4: tomte999 (button) (small blind) folded before Flop
Seat 6: Profitables (big blind) collected ($2)


PokerStars Hand #155210031253:  Hold'em Limit ($3/$6 USD) - 2016/06/26 4:27:05 ET
Table 'Thalassa' 6-max Seat #4 is the button
Seat 4: tomte999 ($82.97 in chips)
Seat 6: Profitables ($26.96 in chips)
tomte999: posts small blind $1
Profitables: posts big blind $3
*** HOLE CARDS ***
tomte999: raises $3 to $6
Profitables: calls $3
*** FLOP *** [4h 2s 7h]
Profitables: checks
tomte999: bets $3
Profitables: calls $3
*** TURN *** [4h 2s 7h] [3s]
Profitables: checks
tomte999: bets $6
Profitables: folds
Uncalled bet ($6) returned to tomte999
tomte999 collected $17.64 from pot
tomte999: doesn't show hand
*** SUMMARY ***
Total pot $18 | Rake $0.36
Board [4h 2s 7h 3s]
Seat 4: tomte999 (button) (small blind) collected ($17.64)
Seat 6: Profitables (big blind) folded on the Turn


PokerStars Hand #155210035336:  Hold'em Limit ($3/$6 USD) - 2016/06/26 4:27:17 ET
Table 'Thalassa' 6-max Seat #6 is the button
Seat 4: tomte999 ($91.61 in chips)
Seat 6: Profitables ($17.96 in chips)
Profitables: posts small blind $1
tomte999: posts big blind $3
*** HOLE CARDS ***
Profitables: raises $3 to $6
tomte999: calls $3
*** FLOP *** [Kd 8s 7d]
tomte999: checks
Profitables: bets $3
tomte999: raises $3 to $6
Profitables: raises $3 to $9
tomte999: raises $3 to $12
Betting is capped
Profitables: calls $2.96 and is all-in
Uncalled bet ($0.04) returned to tomte999
*** TURN *** [Kd 8s 7d] [Td]
*** RIVER *** [Kd 8s 7d Td] [2c]
*** SHOW DOWN ***
tomte999: shows [Qd 8c] (a pair of Eights)
Profitables: shows [As 3s] (high card Ace)
tomte999 collected $35.42 from pot
*** SUMMARY ***
Total pot $35.92 | Rake $0.50
Board [Kd 8s 7d Td 2c]
Seat 4: tomte999 (big blind) showed [Qd 8c] and won ($35.42) with a pair of Eights
Seat 6: Profitables (button) (small blind) showed [As 3s] and lost with high card Ace


PokerStars Hand #155210053667:  Hold'em Limit ($3/$6 USD) - 2016/06/26 4:28:12 ET
Table 'Thalassa' 6-max Seat #6 is the button
Seat 4: tomte999 ($108.07 in chips)
Seat 6: Profitables ($34 in chips)
Profitables: posts small blind $1
tomte999: posts big blind $3
*** HOLE CARDS ***
Profitables: raises $3 to $6
tomte999: calls $3
*** FLOP *** [6d 8c Ts]
tomte999: checks
Profitables: bets $3
tomte999: calls $3
*** TURN *** [6d 8c Ts] [Qh]
tomte999: checks
Profitables: bets $6
tomte999: calls $6
*** RIVER *** [6d 8c Ts Qh] [5s]
tomte999: checks
Profitables: bets $6
tomte999: calls $6
*** SHOW DOWN ***
Profitables: shows [9s Td] (a pair of Tens)
tomte999: mucks hand
Profitables collected $41.50 from pot
*** SUMMARY ***
Total pot $42 | Rake $0.50
Board [6d 8c Ts Qh 5s]
Seat 4: tomte999 (big blind) mucked
Seat 6: Profitables (button) (small blind) showed [9s Td] and won ($41.50) with a pair of Tens


PokerStars Hand #155210064092:  Hold'em Limit ($3/$6 USD) - 2016/06/26 4:28:44 ET
Table 'Thalassa' 6-max Seat #4 is the button
Seat 4: tomte999 ($87.07 in chips)
Seat 6: Profitables ($54.50 in chips)
tomte999: posts small blind $1
Profitables: posts big blind $3
*** HOLE CARDS ***
tomte999: raises $3 to $6
Profitables: calls $3
*** FLOP *** [3h 2c 3c]
Profitables: checks
tomte999: bets $3
Profitables: calls $3
*** TURN *** [3h 2c 3c] [8c]
Profitables: checks
tomte999: checks
*** RIVER *** [3h 2c 3c 8c] [Td]
Profitables: bets $6
tomte999: calls $6
*** SHOW DOWN ***
Profitables: shows [4s Ts] (two pair, Tens and Threes)
tomte999: mucks hand
Profitables collected $29.50 from pot
*** SUMMARY ***
Total pot $30 | Rake $0.50
Board [3h 2c 3c 8c Td]
Seat 4: tomte999 (button) (small blind) mucked
Seat 6: Profitables (big blind) showed [4s Ts] and won ($29.50) with two pair, Tens and Threes


PokerStars Hand #155210070032:  Hold'em Limit ($3/$6 USD) - 2016/06/26 4:29:02 ET
Table 'Thalassa' 6-max Seat #6 is the button
Seat 4: tomte999 ($72.07 in chips)
Seat 6: Profitables ($69 in chips)
Profitables: posts small blind $1
tomte999: posts big blind $3
*** HOLE CARDS ***
Profitables: raises $3 to $6
tomte999: folds
Uncalled bet ($3) returned to Profitables
Profitables collected $6 from pot
Profitables: doesn't show hand
*** SUMMARY ***
Total pot $6 | Rake $0
Seat 4: tomte999 (big blind) folded before Flop
Seat 6: Profitables (button) (small blind) collected ($6)


PokerStars Hand #155210071744:  Hold'em Limit ($3/$6 USD) - 2016/06/26 4:29:07 ET
Table 'Thalassa' 6-max Seat #4 is the button
Seat 4: tomte999 ($72 in chips)
Seat 6: Profitables ($72 in chips)
tomte999: posts small blind $1
Profitables: posts big blind $3
*** HOLE CARDS ***
tomte999: raises $3 to $6
Profitables: calls $3
*** FLOP *** [5h Jc Jh]
Profitables: checks
tomte999: bets $3
Profitables: calls $3
*** TURN *** [5h Jc Jh] [6s]
Profitables: checks
tomte999: bets $6
Profitables: raises $6 to $12
tomte999: calls $6
*** RIVER *** [5h Jc Jh 6s] [As]
Profitables: bets $6
tomte999: calls $6
*** SHOW DOWN ***
Profitables: shows [6d Qs] (two pair, Jacks and Sixes)
tomte999: shows [7h 7d] (two pair, Jacks and Sevens)
tomte999 collected $53.50 from pot
*** SUMMARY ***
Total pot $54 | Rake $0.50
Board [5h Jc Jh 6s As]
Seat 4: tomte999 (button) (small blind) showed [7h 7d] and won ($53.50) with two pair, Jacks and Sevens
Seat 6: Profitables (big blind) showed [6d Qs] and lost with two pair, Jacks and Sixes


PokerStars Hand #155210087662:  Hold'em Limit ($3/$6 USD) - 2016/06/26 4:29:55 ET
Table 'Thalassa' 6-max Seat #6 is the button
Seat 4: tomte999 ($104 in chips)
Seat 6: Profitables ($38.64 in chips)
Profitables: posts small blind $1
tomte999: posts big blind $3
*** HOLE CARDS ***
Profitables: raises $3 to $6
tomte999: folds
Uncalled bet ($3) returned to Profitables
Profitables collected $6 from pot
Profitables: doesn't show hand
*** SUMMARY ***
Total pot $6 | Rake $0
Seat 4: tomte999 (big blind) folded before Flop
Seat 6: Profitables (button) (small blind) collected ($6)


PokerStars Hand #155210083883:  Hold'em Limit ($3/$6 USD) - 2016/06/26 4:29:44 ET
Table 'Thalassa' 6-max Seat #4 is the button
Seat 4: tomte999 ($113 in chips)
Seat 6: Profitables ($30 in chips)
tomte999: posts small blind $1
Profitables: posts big blind $3
*** HOLE CARDS ***
tomte999: raises $3 to $6
Profitables: calls $3
*** FLOP *** [Qs 2s 9s]
Profitables: checks
tomte999: bets $3
Profitables: raises $3 to $6
tomte999: folds
Uncalled bet ($3) returned to Profitables
Profitables collected $17.64 from pot
Profitables: doesn't show hand
*** SUMMARY ***
Total pot $18 | Rake $0.36
Board [Qs 2s 9s]
Seat 4: tomte999 (button) (small blind) folded on the Flop
Seat 6: Profitables (big blind) collected ($17.64)


PokerStars Hand #155210076453:  Hold'em Limit ($3/$6 USD) - 2016/06/26 4:29:21 ET
Table 'Thalassa' 6-max Seat #6 is the button
Seat 4: tomte999 ($98.50 in chips)
Seat 6: Profitables ($45 in chips)
Profitables: posts small blind $1
tomte999: posts big blind $3
*** HOLE CARDS ***
Profitables: raises $3 to $6
tomte999: calls $3
*** FLOP *** [3s Kc 2s]
tomte999: checks
Profitables: bets $3
tomte999: calls $3
*** TURN *** [3s Kc 2s] [Jc]
tomte999: checks
Profitables: bets $6
tomte999: calls $6
*** RIVER *** [3s Kc 2s Jc] [Js]
tomte999: checks
Profitables: checks
*** SHOW DOWN ***
tomte999: shows [Qh 2h] (two pair, Jacks and Deuces)
Profitables: mucks hand
tomte999 collected $29.50 from pot
*** SUMMARY ***
Total pot $30 | Rake $0.50
Board [3s Kc 2s Jc Js]
Seat 4: tomte999 (big blind) showed [Qh 2h] and won ($29.50) with two pair, Jacks and Deuces
Seat 6: Profitables (button) (small blind) mucked


PokerStars Hand #155210104650:  Hold'em Limit ($3/$6 USD) - 2016/06/26 4:30:47 ET
Table 'Thalassa' 6-max Seat #6 is the button
Seat 4: tomte999 ($91.64 in chips)
Seat 6: Profitables ($49.92 in chips)
Profitables: posts small blind $1
tomte999: posts big blind $3
*** HOLE CARDS ***
Profitables: raises $3 to $6
tomte999: calls $3
*** FLOP *** [2d As 2h]
tomte999: checks
Profitables: bets $3
tomte999: calls $3
*** TURN *** [2d As 2h] [7d]
tomte999: checks
Profitables: bets $6
tomte999: calls $6
*** RIVER *** [2d As 2h 7d] [7s]
tomte999: checks
Profitables: checks
*** SHOW DOWN ***
tomte999: shows [4d Ad] (two pair, Aces and Sevens)
Profitables: mucks hand
tomte999 collected $29.50 from pot
*** SUMMARY ***
Total pot $30 | Rake $0.50
Board [2d As 2h 7d 7s]
Seat 4: tomte999 (big blind) showed [4d Ad] and won ($29.50) with two pair, Aces and Sevens
Seat 6: Profitables (button) (small blind) mucked


PokerStars Hand #155210089266:  Hold'em Limit ($3/$6 USD) - 2016/06/26 4:30:00 ET
Table 'Thalassa' 6-max Seat #4 is the button
Seat 4: tomte999 ($101 in chips)
Seat 6: Profitables ($41.64 in chips)
tomte999: posts small blind $1
Profitables: posts big blind $3
*** HOLE CARDS ***
tomte999: raises $3 to $6
Profitables: calls $3
*** FLOP *** [8c 6h 7h]
Profitables: checks
tomte999: checks
*** TURN *** [8c 6h 7h] [Ad]
Profitables: checks
tomte999: bets $6
Profitables: calls $6
*** RIVER *** [8c 6h 7h Ad] [Kh]
Profitables: checks
tomte999: checks
*** SHOW DOWN ***
Profitables: shows [8s Th] (a pair of Eights)
tomte999: mucks hand
Profitables collected $23.52 from pot
*** SUMMARY ***
Total pot $24 | Rake $0.48
Board [8c 6h 7h Ad Kh]
Seat 4: tomte999 (button) (small blind) mucked
Seat 6: Profitables (big blind) showed [8s Th] and won ($23.52) with a pair of Eights


PokerStars Hand #155210094385:  Hold'em Limit ($3/$6 USD) - 2016/06/26 4:30:15 ET
Table 'Thalassa' 6-max Seat #6 is the button
Seat 4: tomte999 ($89 in chips)
Seat 6: Profitables ($53.16 in chips)
Profitables: posts small blind $1
tomte999: posts big blind $3
*** HOLE CARDS ***
Profitables: raises $3 to $6
tomte999: calls $3
*** FLOP *** [9d Ts 9c]
tomte999: checks
Profitables: bets $3
tomte999: folds
Uncalled bet ($3) returned to Profitables
Profitables collected $11.76 from pot
Profitables: doesn't show hand
*** SUMMARY ***
Total pot $12 | Rake $0.24
Board [9d Ts 9c]
Seat 4: tomte999 (big blind) folded on the Flop
Seat 6: Profitables (button) (small blind) collected ($11.76)


PokerStars Hand #155210098242:  Hold'em Limit ($3/$6 USD) - 2016/06/26 4:30:27 ET
Table 'Thalassa' 6-max Seat #4 is the button
Seat 4: tomte999 ($83 in chips)
Seat 6: Profitables ($58.92 in chips)
tomte999: posts small blind $1
Profitables: posts big blind $3
*** HOLE CARDS ***
tomte999: raises $3 to $6
Profitables: calls $3
*** FLOP *** [5h 8d 8h]
Profitables: checks
tomte999: bets $3
Profitables: calls $3
*** TURN *** [5h 8d 8h] [6h]
Profitables: checks
tomte999: bets $6
Profitables: folds
Uncalled bet ($6) returned to tomte999
tomte999 collected $17.64 from pot
tomte999: doesn't show hand
*** SUMMARY ***
Total pot $18 | Rake $0.36
Board [5h 8d 8h 6h]
Seat 4: tomte999 (button) (small blind) collected ($17.64)
Seat 6: Profitables (big blind) folded on the Turn


PokerStars Hand #155210117664:  Hold'em Limit ($3/$6 USD) - 2016/06/26 4:31:26 ET
Table 'Thalassa' 6-max Seat #6 is the button
Seat 4: tomte999 ($82.14 in chips)
Seat 6: Profitables ($58.42 in chips)
Profitables: posts small blind $1
tomte999: posts big blind $3
*** HOLE CARDS ***
Profitables: raises $3 to $6
tomte999: raises $3 to $9
Profitables: calls $3
*** FLOP *** [Ah 8s 4d]
tomte999: bets $3
Profitables: calls $3
*** TURN *** [Ah 8s 4d] [5h]
tomte999: bets $6
Profitables: calls $6
*** RIVER *** [Ah 8s 4d 5h] [As]
tomte999: bets $6
Profitables: calls $6
*** SHOW DOWN ***
tomte999: shows [Ad Th] (three of a kind, Aces)
Profitables: mucks hand
tomte999 collected $47.50 from pot
*** SUMMARY ***
Total pot $48 | Rake $0.50
Board [Ah 8s 4d 5h As]
Seat 4: tomte999 (big blind) showed [Ad Th] and won ($47.50) with three of a kind, Aces
Seat 6: Profitables (button) (small blind) mucked


PokerStars Hand #155210111215:  Hold'em Limit ($3/$6 USD) - 2016/06/26 4:31:06 ET
Table 'Thalassa' 6-max Seat #4 is the button
Seat 4: tomte999 ($106.14 in chips)
Seat 6: Profitables ($34.92 in chips)
tomte999: posts small blind $1
Profitables: posts big blind $3
*** HOLE CARDS ***
tomte999: raises $3 to $6
Profitables: calls $3
*** FLOP *** [4c 6c 9s]
Profitables: checks
tomte999: bets $3
Profitables: raises $3 to $6
tomte999: calls $3
*** TURN *** [4c 6c 9s] [Ah]
Profitables: bets $6
tomte999: calls $6
*** RIVER *** [4c 6c 9s Ah] [Jd]
Profitables: bets $6
tomte999: calls $6
*** SHOW DOWN ***
Profitables: shows [Js 9d] (two pair, Jacks and Nines)
tomte999: mucks hand
Profitables collected $47.50 from pot
*** SUMMARY ***
Total pot $48 | Rake $0.50
Board [4c 6c 9s Ah Jd]
Seat 4: tomte999 (button) (small blind) mucked
Seat 6: Profitables (big blind) showed [Js 9d] and won ($47.50) with two pair, Jacks and Nines


PokerStars Hand #155210125728:  Hold'em Limit ($3/$6 USD) - 2016/06/26 4:31:50 ET
Table 'Thalassa' 6-max Seat #4 is the button
Seat 4: tomte999 ($105.64 in chips)
Seat 6: Profitables ($34.42 in chips)
tomte999: posts small blind $1
Profitables: posts big blind $3
*** HOLE CARDS ***
tomte999: raises $3 to $6
Profitables: calls $3
*** FLOP *** [8d 4s 4c]
Profitables: checks
tomte999: bets $3
Profitables: calls $3
*** TURN *** [8d 4s 4c] [7h]
Profitables: checks
tomte999: checks
*** RIVER *** [8d 4s 4c 7h] [Kh]
Profitables: bets $6
tomte999: raises $6 to $12
Profitables: folds
Uncalled bet ($6) returned to tomte999
tomte999 collected $29.50 from pot
tomte999: doesn't show hand
*** SUMMARY ***
Total pot $30 | Rake $0.50
Board [8d 4s 4c 7h Kh]
Seat 4: tomte999 (button) (small blind) collected ($29.50)
Seat 6: Profitables (big blind) folded on the River


PokerStars Hand #155210132172:  Hold'em Limit ($3/$6 USD) - 2016/06/26 4:32:09 ET
Table 'Thalassa' 6-max Seat #6 is the button
Seat 4: tomte999 ($120.14 in chips)
Seat 6: Profitables ($19.42 in chips)
Profitables: posts small blind $1
tomte999: posts big blind $3
*** HOLE CARDS ***
Profitables: raises $3 to $6
tomte999: calls $3
*** FLOP *** [7s 6h 9c]
tomte999: checks
Profitables: bets $3
tomte999: calls $3
*** TURN *** [7s 6h 9c] [3s]
tomte999: checks
Profitables: bets $6
tomte999: raises $6 to $12
Profitables: calls $4.42 and is all-in
Uncalled bet ($1.58) returned to tomte999
*** RIVER *** [7s 6h 9c 3s] [Kd]
*** SHOW DOWN ***
tomte999: shows [3c 3d] (three of a kind, Threes)
Profitables: shows [Kh Tc] (a pair of Kings)
tomte999 collected $38.34 from pot
Profitables leaves the table
*** SUMMARY ***
Total pot $38.84 | Rake $0.50
Board [7s 6h 9c 3s Kd]
Seat 4: tomte999 (big blind) showed [3c 3d] and won ($38.34) with three of a kind, Threes
Seat 6: Profitables (button) (small blind) showed [Kh Tc] and lost with a pair of Kings


PokerStars Hand #155210158612:  Hold'em Limit ($3/$6 USD) - 2016/06/26 4:33:28 ET
Table 'Thalassa' 6-max Seat #4 is the button
Seat 4: tomte999 ($139.06 in chips)
Seat 6: Profitables ($32 in chips)
tomte999: posts small blind $1
Profitables: posts big blind $3
*** HOLE CARDS ***
tomte999: raises $3 to $6
Profitables: calls $3
*** FLOP *** [8s 4d Js]
Profitables: checks
tomte999: checks
*** TURN *** [8s 4d Js] [3d]
Profitables: checks
tomte999: bets $6
Profitables: folds
Uncalled bet ($6) returned to tomte999
WubboJR joins the table at seat #3
tomte999 collected $11.76 from pot
tomte999: doesn't show hand
*** SUMMARY ***
Total pot $12 | Rake $0.24
Board [8s 4d Js 3d]
Seat 4: tomte999 (button) (small blind) collected ($11.76)
Seat 6: Profitables (big blind) folded on the Turn


PokerStars Hand #155210342355:  Hold'em Limit ($3/$6 USD) - 2016/06/26 4:42:05 ET
Table 'Thalassa' 6-max Seat #6 is the button
Seat 4: tomte999 ($126.26 in chips)
Seat 6: Profitables ($163.35 in chips)
Profitables: posts small blind $1
tomte999: posts big blind $3
*** HOLE CARDS ***
Profitables: raises $3 to $6
WubboJR is disconnected
tomte999: calls $3
*** FLOP *** [Qh 4s As]
tomte999: checks
Profitables: bets $3
tomte999: raises $3 to $6
Profitables: folds
Uncalled bet ($3) returned to tomte999
tomte999 collected $17.64 from pot
tomte999: doesn't show hand
*** SUMMARY ***
Total pot $18 | Rake $0.36
Board [Qh 4s As]
Seat 4: tomte999 (big blind) collected ($17.64)
Seat 6: Profitables (button) (small blind) folded on the Flop


PokerStars Hand #155210353702:  Hold'em Limit ($3/$6 USD) - 2016/06/26 4:42:39 ET
Table 'Thalassa' 6-max Seat #6 is the button
Seat 4: tomte999 ($125.90 in chips)
Seat 6: Profitables ($162.99 in chips)
Profitables: posts small blind $1
tomte999: posts big blind $3
*** HOLE CARDS ***
Profitables: folds
Uncalled bet ($2) returned to tomte999
tomte999 collected $2 from pot
tomte999: doesn't show hand
*** SUMMARY ***
Total pot $2 | Rake $0
Seat 4: tomte999 (big blind) collected ($2)
Seat 6: Profitables (button) (small blind) folded before Flop


PokerStars Hand #155210347414:  Hold'em Limit ($3/$6 USD) - 2016/06/26 4:42:20 ET
Table 'Thalassa' 6-max Seat #4 is the button
Seat 4: tomte999 ($134.90 in chips)
Seat 6: Profitables ($154.35 in chips)
tomte999: posts small blind $1
Profitables: posts big blind $3
*** HOLE CARDS ***
tomte999: raises $3 to $6
Profitables: calls $3
*** FLOP *** [3d Jc 8h]
Profitables: checks
tomte999: bets $3
Profitables: calls $3
*** TURN *** [3d Jc 8h] [9d]
Profitables: checks
tomte999: checks
*** RIVER *** [3d Jc 8h 9d] [5h]
Profitables: bets $6
tomte999: folds
Uncalled bet ($6) returned to Profitables
Profitables collected $17.64 from pot
Profitables: doesn't show hand
*** SUMMARY ***
Total pot $18 | Rake $0.36
Board [3d Jc 8h 9d 5h]
Seat 4: tomte999 (button) (small blind) folded on the River
Seat 6: Profitables (big blind) collected ($17.64)


PokerStars Hand #155210364067:  Hold'em Limit ($3/$6 USD) - 2016/06/26 4:43:09 ET
Table 'Thalassa' 6-max Seat #4 is the button
Seat 4: tomte999 ($111.90 in chips)
Seat 6: Profitables ($176.39 in chips)
tomte999: posts small blind $1
Profitables: posts big blind $3
*** HOLE CARDS ***
tomte999: folds
Uncalled bet ($2) returned to Profitables
Profitables collected $2 from pot
Profitables: doesn't show hand
*** SUMMARY ***
Total pot $2 | Rake $0
Seat 4: tomte999 (button) (small blind) folded before Flop
Seat 6: Profitables (big blind) collected ($2)


PokerStars Hand #155210360504:  Hold'em Limit ($3/$6 USD) - 2016/06/26 4:42:59 ET
Table 'Thalassa' 6-max Seat #6 is the button
Seat 4: tomte999 ($117.90 in chips)
Seat 6: Profitables ($170.63 in chips)
Profitables: posts small blind $1
tomte999: posts big blind $3
*** HOLE CARDS ***
Profitables: raises $3 to $6
tomte999: calls $3
*** FLOP *** [Jh Ks Td]
tomte999: checks
Profitables: bets $3
tomte999: folds
Uncalled bet ($3) returned to Profitables
Profitables collected $11.76 from pot
Profitables: doesn't show hand
*** SUMMARY ***
Total pot $12 | Rake $0.24
Board [Jh Ks Td]
Seat 4: tomte999 (big blind) folded on the Flop
Seat 6: Profitables (button) (small blind) collected ($11.76)


PokerStars Hand #155210355165:  Hold'em Limit ($3/$6 USD) - 2016/06/26 4:42:43 ET
Table 'Thalassa' 6-max Seat #4 is the button
Seat 4: tomte999 ($126.90 in chips)
Seat 6: Profitables ($161.99 in chips)
tomte999: posts small blind $1
Profitables: posts big blind $3
*** HOLE CARDS ***
tomte999: raises $3 to $6
Profitables: calls $3
*** FLOP *** [Kh 9s Ah]
Profitables: checks
tomte999: bets $3
Profitables: raises $3 to $6
tomte999: folds
Uncalled bet ($3) returned to Profitables
Profitables collected $17.64 from pot
Profitables: doesn't show hand
*** SUMMARY ***
Total pot $18 | Rake $0.36
Board [Kh 9s Ah]
Seat 4: tomte999 (button) (small blind) folded on the Flop
Seat 6: Profitables (big blind) collected ($17.64)


PokerStars Hand #155210365762:  Hold'em Limit ($3/$6 USD) - 2016/06/26 4:43:14 ET
Table 'Thalassa' 6-max Seat #6 is the button
Seat 4: tomte999 ($110.90 in chips)
Seat 6: Profitables ($177.39 in chips)
Profitables: posts small blind $1
tomte999: posts big blind $3
*** HOLE CARDS ***
Profitables: raises $3 to $6
tomte999: calls $3
*** FLOP *** [2h Jc 5h]
tomte999: checks
Profitables: bets $3
niknazar joins the table at seat #2
tomte999: folds
Uncalled bet ($3) returned to Profitables
Profitables collected $11.76 from pot
Profitables: doesn't show hand
*** SUMMARY ***
Total pot $12 | Rake $0.24
Board [2h Jc 5h]
Seat 4: tomte999 (big blind) folded on the Flop
Seat 6: Profitables (button) (small blind) collected ($11.76)


PokerStars Hand #155210376211:  Hold'em Limit ($3/$6 USD) - 2016/06/26 4:43:44 ET
Table 'Thalassa' 6-max Seat #4 is the button
Seat 4: tomte999 ($104.90 in chips)
Seat 6: Profitables ($183.15 in chips)
tomte999: posts small blind $1
Profitables: posts big blind $3
*** HOLE CARDS ***
tomte999: raises $3 to $6
Profitables: calls $3
*** FLOP *** [8h 2c 7d]
Profitables: checks
tomte999: bets $3
Profitables: raises $3 to $6
tomte999: calls $3
*** TURN *** [8h 2c 7d] [Qc]
Profitables: checks
tomte999: checks
*** RIVER *** [8h 2c 7d Qc] [Ac]
Profitables: checks
tomte999: checks
*** SHOW DOWN ***
Profitables: shows [7c 6d] (a pair of Sevens)
tomte999: mucks hand
Profitables collected $23.52 from pot
*** SUMMARY ***
Total pot $24 | Rake $0.48
Board [8h 2c 7d Qc Ac]
Seat 4: tomte999 (button) (small blind) mucked
Seat 6: Profitables (big blind) showed [7c 6d] and won ($23.52) with a pair of Sevens


PokerStars Hand #155211934518:  Hold'em Limit ($3/$6 USD) - 2016/06/26 5:53:06 ET
Table 'Thalassa' 6-max Seat #3 is the button
Seat 3: eirivi ($204.08 in chips)
Seat 5: Murrrr_@T ($62.25 in chips)
eirivi: posts small blind $1
tomte999: is sitting out
Murrrr_@T: posts big blind $3
*** HOLE CARDS ***
eirivi: folds
Uncalled bet ($2) returned to Murrrr_@T
Murrrr_@T collected $2 from pot
Murrrr_@T: doesn't show hand
*** SUMMARY ***
Total pot $2 | Rake $0
Seat 3: eirivi (button) (small blind) folded before Flop
Seat 5: Murrrr_@T (big blind) collected ($2)


PokerStars Hand #155211947386:  Hold'em Limit ($3/$6 USD) - 2016/06/26 5:53:38 ET
Table 'Thalassa' 6-max Seat #3 is the button
Seat 3: eirivi ($214.60 in chips)
Seat 5: Murrrr_@T ($51.25 in chips)
eirivi: posts small blind $1
Murrrr_@T: posts big blind $3
*** HOLE CARDS ***
eirivi: folds
Uncalled bet ($2) returned to Murrrr_@T
Murrrr_@T collected $2 from pot
Murrrr_@T: doesn't show hand
*** SUMMARY ***
Total pot $2 | Rake $0
Seat 3: eirivi (button) (small blind) folded before Flop
Seat 5: Murrrr_@T (big blind) collected ($2)


PokerStars Hand #155211936414:  Hold'em Limit ($3/$6 USD) - 2016/06/26 5:53:11 ET
Table 'Thalassa' 6-max Seat #5 is the button
Seat 3: eirivi ($203.08 in chips)
Seat 5: Murrrr_@T ($63.25 in chips)
Murrrr_@T: posts small blind $1
eirivi: posts big blind $3
*** HOLE CARDS ***
Murrrr_@T: raises $3 to $6
eirivi: calls $3
*** FLOP *** [3d 4c 2d]
eirivi: checks
TbIP-TbIP 88 leaves the table
Murrrr_@T: bets $3
eirivi: raises $3 to $6
Murrrr_@T: calls $3
*** TURN *** [3d 4c 2d] [9c]
eirivi: bets $6
Murrrr_@T: folds
Uncalled bet ($6) returned to eirivi
eirivi collected $23.52 from pot
eirivi: doesn't show hand
*** SUMMARY ***
Total pot $24 | Rake $0.48
Board [3d 4c 2d 9c]
Seat 3: eirivi (big blind) collected ($23.52)
Seat 5: Murrrr_@T (button) (small blind) folded on the Turn


