PokerStars Hand #156835534828:  Hold'em Limit ($3/$6 USD) - 2016/08/03 20:46:23 ET
Table 'Thalia' 6-max Seat #3 is the button
Seat 3: KingYang2008 ($120 in chips)
Seat 5: Pandakey ($120 in chips)
KingYang2008: posts small blind $1
Pandakey: posts big blind $3
*** HOLE CARDS ***
KingYang2008: raises $3 to $6
Pandakey: calls $3
*** FLOP *** [8h Ts 9d]
Pandakey: checks
KingYang2008: bets $3
Pandakey: raises $3 to $6
KingYang2008: calls $3
*** TURN *** [8h Ts 9d] [5d]
Pandakey: bets $6
KingYang2008: calls $6
*** RIVER *** [8h Ts 9d 5d] [Ks]
Pandakey: bets $6
KingYang2008: folds
Uncalled bet ($6) returned to Pandakey
Pandakey collected $35.50 from pot
Pandakey: doesn't show hand
*** SUMMARY ***
Total pot $36 | Rake $0.50
Board [8h Ts 9d 5d Ks]
Seat 3: KingYang2008 (button) (small blind) folded on the River
Seat 5: Pandakey (big blind) collected ($35.50)


PokerStars Hand #156835551641:  Hold'em Limit ($3/$6 USD) - 2016/08/03 20:47:02 ET
Table 'Thalia' 6-max Seat #3 is the button
Seat 3: KingYang2008 ($96 in chips)
Seat 5: Pandakey ($143.26 in chips)
KingYang2008: posts small blind $1
Pandakey: posts big blind $3
*** HOLE CARDS ***
KingYang2008: raises $3 to $6
Pandakey: calls $3
*** FLOP *** [4h 9h Qs]
Pandakey: checks
KingYang2008: bets $3
Pandakey: raises $3 to $6
KingYang2008: calls $3
*** TURN *** [4h 9h Qs] [8c]
Pandakey: bets $6
KingYang2008: calls $6
*** RIVER *** [4h 9h Qs 8c] [6d]
Pandakey: bets $6
KingYang2008: raises $6 to $12
Pandakey: calls $6
*** SHOW DOWN ***
KingYang2008: shows [Th 7h] (a straight, Six to Ten)
Pandakey: mucks hand
KingYang2008 collected $59.50 from pot
*** SUMMARY ***
Total pot $60 | Rake $0.50
Board [4h 9h Qs 8c 6d]
Seat 3: KingYang2008 (button) (small blind) showed [Th 7h] and won ($59.50) with a straight, Six to Ten
Seat 5: Pandakey (big blind) mucked


PokerStars Hand #156835547257:  Hold'em Limit ($3/$6 USD) - 2016/08/03 20:46:52 ET
Table 'Thalia' 6-max Seat #5 is the button
Seat 3: KingYang2008 ($102 in chips)
Seat 5: Pandakey ($137.50 in chips)
Pandakey: posts small blind $1
KingYang2008: posts big blind $3
*** HOLE CARDS ***
Pandakey: raises $3 to $6
KingYang2008: calls $3
*** FLOP *** [3c Jd 4d]
KingYang2008: checks
Pandakey: bets $3
KingYang2008: folds
Uncalled bet ($3) returned to Pandakey
Pandakey collected $11.76 from pot
Pandakey: doesn't show hand
*** SUMMARY ***
Total pot $12 | Rake $0.24
Board [3c Jd 4d]
Seat 3: KingYang2008 (big blind) folded on the Flop
Seat 5: Pandakey (button) (small blind) collected ($11.76)


PokerStars Hand #156835592443:  Hold'em Limit ($3/$6 USD) - 2016/08/03 20:48:17 ET
Table 'Thalia' 6-max Seat #3 is the button
Seat 3: KingYang2008 ($137.02 in chips)
Seat 5: Pandakey ($101.26 in chips)
KingYang2008: posts small blind $1
Pandakey: posts big blind $3
*** HOLE CARDS ***
KingYang2008: folds
Uncalled bet ($2) returned to Pandakey
Pandakey collected $2 from pot
Pandakey: doesn't show hand
*** SUMMARY ***
Total pot $2 | Rake $0
Seat 3: KingYang2008 (button) (small blind) folded before Flop
Seat 5: Pandakey (big blind) collected ($2)


PokerStars Hand #156835578354:  Hold'em Limit ($3/$6 USD) - 2016/08/03 20:47:44 ET
Table 'Thalia' 6-max Seat #5 is the button
Seat 3: KingYang2008 ($125.50 in chips)
Seat 5: Pandakey ($113.26 in chips)
Pandakey: posts small blind $1
KingYang2008: posts big blind $3
*** HOLE CARDS ***
Pandakey: raises $3 to $6
KingYang2008: raises $3 to $9
Pandakey: calls $3
*** FLOP *** [Qs Ad 8d]
KingYang2008: bets $3
Pandakey: calls $3
*** TURN *** [Qs Ad 8d] [Qd]
KingYang2008: bets $6
Pandakey: folds
Uncalled bet ($6) returned to KingYang2008
KingYang2008 collected $23.52 from pot
KingYang2008: doesn't show hand
*** SUMMARY ***
Total pot $24 | Rake $0.48
Board [Qs Ad 8d Qd]
Seat 3: KingYang2008 (big blind) collected ($23.52)
Seat 5: Pandakey (button) (small blind) folded on the Turn


PokerStars Hand #156835594254:  Hold'em Limit ($3/$6 USD) - 2016/08/03 20:48:21 ET
Table 'Thalia' 6-max Seat #5 is the button
Seat 3: KingYang2008 ($136.02 in chips)
Seat 5: Pandakey ($102.26 in chips)
Pandakey: posts small blind $1
KingYang2008: posts big blind $3
*** HOLE CARDS ***
Pandakey: raises $3 to $6
Masqb joins the table at seat #4
KingYang2008: calls $3
*** FLOP *** [4c Kc Th]
KingYang2008: checks
Pandakey: bets $3
KingYang2008: calls $3
*** TURN *** [4c Kc Th] [6s]
KingYang2008: checks
Pandakey: bets $6
KingYang2008: folds
Uncalled bet ($6) returned to Pandakey
Pandakey collected $17.64 from pot
Pandakey: doesn't show hand
*** SUMMARY ***
Total pot $18 | Rake $0.36
Board [4c Kc Th 6s]
Seat 3: KingYang2008 (big blind) folded on the Turn
Seat 5: Pandakey (button) (small blind) collected ($17.64)


PokerStars Hand #156835681406:  Hold'em Limit ($3/$6 USD) - 2016/08/03 20:51:49 ET
Table 'Thalia' 6-max Seat #4 is the button
Seat 3: KingYang2008 ($91.76 in chips)
Seat 4: Masqb ($134.58 in chips)
Masqb: posts small blind $1
Pandakey: is sitting out
KingYang2008: posts big blind $3
*** HOLE CARDS ***
Masqb: raises $3 to $6
KingYang2008: raises $3 to $9
Masqb: calls $3
*** FLOP *** [Jh 9d Kh]
KingYang2008: bets $3
Masqb: calls $3
*** TURN *** [Jh 9d Kh] [6d]
KingYang2008: bets $6
Masqb: calls $6
*** RIVER *** [Jh 9d Kh 6d] [3h]
KingYang2008: checks
Masqb: bets $6
KingYang2008: folds
Uncalled bet ($6) returned to Masqb
Masqb collected $35.50 from pot
Masqb: doesn't show hand
*** SUMMARY ***
Total pot $36 | Rake $0.50
Board [Jh 9d Kh 6d 3h]
Seat 3: KingYang2008 (big blind) folded on the River
Seat 4: Masqb (button) (small blind) collected ($35.50)


PokerStars Hand #156835700063:  Hold'em Limit ($3/$6 USD) - 2016/08/03 20:52:34 ET
Table 'Thalia' 6-max Seat #3 is the button
Seat 3: KingYang2008 ($84.28 in chips)
Seat 4: Masqb ($141.08 in chips)
KingYang2008: posts small blind $1
Masqb: posts big blind $3
*** HOLE CARDS ***
KingYang2008: raises $3 to $6
Masqb: raises $3 to $9
KingYang2008: calls $3
*** FLOP *** [7h Ah 2d]
Masqb: bets $3
KingYang2008: folds
Uncalled bet ($3) returned to Masqb
Masqb collected $17.64 from pot
Masqb: doesn't show hand
*** SUMMARY ***
Total pot $18 | Rake $0.36
Board [7h Ah 2d]
Seat 3: KingYang2008 (button) (small blind) folded on the Flop
Seat 4: Masqb (big blind) collected ($17.64)


PokerStars Hand #156835692791:  Hold'em Limit ($3/$6 USD) - 2016/08/03 20:52:16 ET
Table 'Thalia' 6-max Seat #4 is the button
Seat 3: KingYang2008 ($72.76 in chips)
Seat 4: Masqb ($153.08 in chips)
Masqb: posts small blind $1
KingYang2008: posts big blind $3
*** HOLE CARDS ***
Masqb: raises $3 to $6
KingYang2008: raises $3 to $9
Masqb: calls $3
*** FLOP *** [3d 6d Ks]
KingYang2008: bets $3
Masqb: calls $3
*** TURN *** [3d 6d Ks] [Jc]
KingYang2008: bets $6
Masqb: folds
Uncalled bet ($6) returned to KingYang2008
KingYang2008 collected $23.52 from pot
KingYang2008: doesn't show hand
*** SUMMARY ***
Total pot $24 | Rake $0.48
Board [3d 6d Ks Jc]
Seat 3: KingYang2008 (big blind) collected ($23.52)
Seat 4: Masqb (button) (small blind) folded on the Turn


PokerStars Hand #156835691031:  Hold'em Limit ($3/$6 USD) - 2016/08/03 20:52:12 ET
Table 'Thalia' 6-max Seat #3 is the button
Seat 3: KingYang2008 ($73.76 in chips)
Seat 4: Masqb ($152.08 in chips)
KingYang2008: posts small blind $1
Masqb: posts big blind $3
*** HOLE CARDS ***
KingYang2008: folds
Uncalled bet ($2) returned to Masqb
Masqb collected $2 from pot
Masqb: doesn't show hand
*** SUMMARY ***
Total pot $2 | Rake $0
Seat 3: KingYang2008 (button) (small blind) folded before Flop
Seat 4: Masqb (big blind) collected ($2)


PokerStars Hand #156835704883:  Hold'em Limit ($3/$6 USD) - 2016/08/03 20:52:45 ET
Table 'Thalia' 6-max Seat #4 is the button
Seat 3: KingYang2008 ($75.28 in chips)
Seat 4: Masqb ($149.72 in chips)
Masqb: posts small blind $1
KingYang2008: posts big blind $3
*** HOLE CARDS ***
Masqb: raises $3 to $6
KingYang2008: folds
Uncalled bet ($3) returned to Masqb
Masqb collected $6 from pot
Masqb: doesn't show hand
*** SUMMARY ***
Total pot $6 | Rake $0
Seat 3: KingYang2008 (big blind) folded before Flop
Seat 4: Masqb (button) (small blind) collected ($6)


PokerStars Hand #156835720225:  Hold'em Limit ($3/$6 USD) - 2016/08/03 20:53:22 ET
Table 'Thalia' 6-max Seat #3 is the button
Seat 3: KingYang2008 ($83.80 in chips)
Seat 4: Masqb ($140.72 in chips)
KingYang2008: posts small blind $1
Masqb: posts big blind $3
*** HOLE CARDS ***
KingYang2008: raises $3 to $6
Masqb: calls $3
*** FLOP *** [Qs 5d 6h]
Masqb: checks
KingYang2008: checks
*** TURN *** [Qs 5d 6h] [8d]
Masqb: bets $6
KingYang2008: folds
Uncalled bet ($6) returned to Masqb
Masqb collected $11.76 from pot
Masqb: doesn't show hand
*** SUMMARY ***
Total pot $12 | Rake $0.24
Board [Qs 5d 6h 8d]
Seat 3: KingYang2008 (button) (small blind) folded on the Turn
Seat 4: Masqb (big blind) collected ($11.76)


PokerStars Hand #156835707441:  Hold'em Limit ($3/$6 USD) - 2016/08/03 20:52:51 ET
Table 'Thalia' 6-max Seat #3 is the button
Seat 3: KingYang2008 ($72.28 in chips)
Seat 4: Masqb ($152.72 in chips)
KingYang2008: posts small blind $1
Masqb: posts big blind $3
*** HOLE CARDS ***
KingYang2008: raises $3 to $6
Masqb: calls $3
*** FLOP *** [2d Ks 2h]
Masqb: checks
KingYang2008: checks
*** TURN *** [2d Ks 2h] [6h]
Masqb: checks
KingYang2008: bets $6
Masqb: folds
Uncalled bet ($6) returned to KingYang2008
KingYang2008 collected $11.76 from pot
KingYang2008: doesn't show hand
*** SUMMARY ***
Total pot $12 | Rake $0.24
Board [2d Ks 2h 6h]
Seat 3: KingYang2008 (button) (small blind) collected ($11.76)
Seat 4: Masqb (big blind) folded on the Turn


PokerStars Hand #156835714909:  Hold'em Limit ($3/$6 USD) - 2016/08/03 20:53:09 ET
Table 'Thalia' 6-max Seat #4 is the button
Seat 3: KingYang2008 ($78.04 in chips)
Seat 4: Masqb ($146.72 in chips)
Masqb: posts small blind $1
KingYang2008: posts big blind $3
*** HOLE CARDS ***
Masqb: raises $3 to $6
KingYang2008: calls $3
*** FLOP *** [3s 4c Th]
KingYang2008: bets $3
Masqb: folds
Uncalled bet ($3) returned to KingYang2008
KingYang2008 collected $11.76 from pot
KingYang2008: doesn't show hand
*** SUMMARY ***
Total pot $12 | Rake $0.24
Board [3s 4c Th]
Seat 3: KingYang2008 (big blind) collected ($11.76)
Seat 4: Masqb (button) (small blind) folded on the Flop


PokerStars Hand #156835744737:  Hold'em Limit ($3/$6 USD) - 2016/08/03 20:54:21 ET
Table 'Thalia' 6-max Seat #3 is the button
Seat 3: KingYang2008 ($75.80 in chips)
Seat 4: Masqb ($148.24 in chips)
KingYang2008: posts small blind $1
Masqb: posts big blind $3
*** HOLE CARDS ***
KingYang2008: raises $3 to $6
Masqb: folds
Uncalled bet ($3) returned to KingYang2008
KingYang2008 collected $6 from pot
KingYang2008: doesn't show hand
*** SUMMARY ***
Total pot $6 | Rake $0
Seat 3: KingYang2008 (button) (small blind) collected ($6)
Seat 4: Masqb (big blind) folded before Flop


PokerStars Hand #156835742532:  Hold'em Limit ($3/$6 USD) - 2016/08/03 20:54:15 ET
Table 'Thalia' 6-max Seat #4 is the button
Seat 3: KingYang2008 ($74.80 in chips)
Seat 4: Masqb ($149.24 in chips)
Masqb: posts small blind $1
KingYang2008: posts big blind $3
*** HOLE CARDS ***
Masqb: folds
Uncalled bet ($2) returned to KingYang2008
KingYang2008 collected $2 from pot
KingYang2008: doesn't show hand
*** SUMMARY ***
Total pot $2 | Rake $0
Seat 3: KingYang2008 (big blind) collected ($2)
Seat 4: Masqb (button) (small blind) folded before Flop


PokerStars Hand #156835740066:  Hold'em Limit ($3/$6 USD) - 2016/08/03 20:54:09 ET
Table 'Thalia' 6-max Seat #3 is the button
Seat 3: KingYang2008 ($71.80 in chips)
Seat 4: Masqb ($152.24 in chips)
KingYang2008: posts small blind $1
Masqb: posts big blind $3
*** HOLE CARDS ***
KingYang2008: raises $3 to $6
Masqb: folds
Uncalled bet ($3) returned to KingYang2008
KingYang2008 collected $6 from pot
KingYang2008: doesn't show hand
*** SUMMARY ***
Total pot $6 | Rake $0
Seat 3: KingYang2008 (button) (small blind) collected ($6)
Seat 4: Masqb (big blind) folded before Flop


PokerStars Hand #156835729323:  Hold'em Limit ($3/$6 USD) - 2016/08/03 20:53:43 ET
Table 'Thalia' 6-max Seat #4 is the button
Seat 3: KingYang2008 ($77.80 in chips)
Seat 4: Masqb ($146.48 in chips)
Masqb: posts small blind $1
KingYang2008: posts big blind $3
*** HOLE CARDS ***
Masqb: raises $3 to $6
KingYang2008: calls $3
*** FLOP *** [Kd 5s 9h]
KingYang2008: checks
Masqb: bets $3
KingYang2008: folds
Uncalled bet ($3) returned to Masqb
Masqb collected $11.76 from pot
Masqb: doesn't show hand
*** SUMMARY ***
Total pot $12 | Rake $0.24
Board [Kd 5s 9h]
Seat 3: KingYang2008 (big blind) folded on the Flop
Seat 4: Masqb (button) (small blind) collected ($11.76)


PokerStars Hand #156835755869:  Hold'em Limit ($3/$6 USD) - 2016/08/03 20:54:48 ET
Table 'Thalia' 6-max Seat #3 is the button
Seat 3: KingYang2008 ($66.80 in chips)
Seat 4: Masqb ($156.76 in chips)
KingYang2008: posts small blind $1
Masqb: posts big blind $3
*** HOLE CARDS ***
KingYang2008: raises $3 to $6
Masqb: calls $3
*** FLOP *** [Ah 8c 3s]
Masqb: checks
KingYang2008: checks
*** TURN *** [Ah 8c 3s] [Kh]
Masqb: bets $6
KingYang2008: folds
Uncalled bet ($6) returned to Masqb
Masqb collected $11.76 from pot
Masqb: doesn't show hand
*** SUMMARY ***
Total pot $12 | Rake $0.24
Board [Ah 8c 3s Kh]
Seat 3: KingYang2008 (button) (small blind) folded on the Turn
Seat 4: Masqb (big blind) collected ($11.76)


PokerStars Hand #156835762453:  Hold'em Limit ($3/$6 USD) - 2016/08/03 20:55:04 ET
Table 'Thalia' 6-max Seat #4 is the button
Seat 3: KingYang2008 ($60.80 in chips)
Seat 4: Masqb ($162.52 in chips)
Masqb: posts small blind $1
KingYang2008: posts big blind $3
*** HOLE CARDS ***
Masqb: raises $3 to $6
KingYang2008: calls $3
*** FLOP *** [Ts Tc 8s]
KingYang2008: checks
Masqb: bets $3
KingYang2008: calls $3
*** TURN *** [Ts Tc 8s] [Kd]
KingYang2008: checks
Masqb: checks
*** RIVER *** [Ts Tc 8s Kd] [2h]
KingYang2008: bets $6
Masqb: folds
Uncalled bet ($6) returned to KingYang2008
KingYang2008 collected $17.64 from pot
KingYang2008: doesn't show hand
*** SUMMARY ***
Total pot $18 | Rake $0.36
Board [Ts Tc 8s Kd 2h]
Seat 3: KingYang2008 (big blind) collected ($17.64)
Seat 4: Masqb (button) (small blind) folded on the River


PokerStars Hand #156835746870:  Hold'em Limit ($3/$6 USD) - 2016/08/03 20:54:26 ET
Table 'Thalia' 6-max Seat #4 is the button
Seat 3: KingYang2008 ($78.80 in chips)
Seat 4: Masqb ($145.24 in chips)
Masqb: posts small blind $1
KingYang2008: posts big blind $3
*** HOLE CARDS ***
Masqb: raises $3 to $6
KingYang2008: raises $3 to $9
Masqb: calls $3
*** FLOP *** [8h 9d 5h]
KingYang2008: bets $3
Masqb: calls $3
*** TURN *** [8h 9d 5h] [6h]
KingYang2008: checks
Masqb: bets $6
KingYang2008: folds
Uncalled bet ($6) returned to Masqb
Masqb collected $23.52 from pot
Masqb: doesn't show hand
*** SUMMARY ***
Total pot $24 | Rake $0.48
Board [8h 9d 5h 6h]
Seat 3: KingYang2008 (big blind) folded on the Turn
Seat 4: Masqb (button) (small blind) collected ($23.52)


PokerStars Hand #156835780353:  Hold'em Limit ($3/$6 USD) - 2016/08/03 20:55:54 ET
Table 'Thalia' 6-max Seat #4 is the button
Seat 3: KingYang2008 ($54.44 in chips)
Seat 4: Masqb ($168.02 in chips)
Masqb: posts small blind $1
KingYang2008: posts big blind $3
*** HOLE CARDS ***
Masqb: raises $3 to $6
KingYang2008: calls $3
*** FLOP *** [3s Qh 7s]
KingYang2008: checks
Masqb: bets $3
KingYang2008: calls $3
*** TURN *** [3s Qh 7s] [9d]
KingYang2008: checks
Masqb: checks
*** RIVER *** [3s Qh 7s 9d] [5h]
KingYang2008: checks
Masqb: checks
*** SHOW DOWN ***
KingYang2008: shows [Ah 4d] (high card Ace)
Masqb: mucks hand
KingYang2008 collected $17.64 from pot
*** SUMMARY ***
Total pot $18 | Rake $0.36
Board [3s Qh 7s 9d 5h]
Seat 3: KingYang2008 (big blind) showed [Ah 4d] and won ($17.64) with high card Ace
Seat 4: Masqb (button) (small blind) mucked


PokerStars Hand #156835770567:  Hold'em Limit ($3/$6 USD) - 2016/08/03 20:55:26 ET
Table 'Thalia' 6-max Seat #3 is the button
Seat 3: KingYang2008 ($69.44 in chips)
Seat 4: Masqb ($153.52 in chips)
KingYang2008: posts small blind $1
Masqb: posts big blind $3
*** HOLE CARDS ***
KingYang2008: raises $3 to $6
Masqb: raises $3 to $9
KingYang2008: raises $3 to $12
Betting is capped
Masqb: calls $3
*** FLOP *** [3s Kh Jh]
Masqb: checks
KingYang2008: bets $3
Masqb: calls $3
*** TURN *** [3s Kh Jh] [8h]
Masqb: checks
KingYang2008: checks
*** RIVER *** [3s Kh Jh 8h] [Ac]
Masqb: bets $6
KingYang2008: folds
Uncalled bet ($6) returned to Masqb
Masqb collected $29.50 from pot
Masqb: doesn't show hand
*** SUMMARY ***
Total pot $30 | Rake $0.50
Board [3s Kh Jh 8h Ac]
Seat 3: KingYang2008 (button) (small blind) folded on the River
Seat 4: Masqb (big blind) collected ($29.50)


PokerStars Hand #156835809031:  Hold'em Limit ($3/$6 USD) - 2016/08/03 20:57:16 ET
Table 'Thalia' 6-max Seat #4 is the button
Seat 3: KingYang2008 ($74.60 in chips)
Seat 4: Masqb ($147.02 in chips)
Masqb: posts small blind $1
KingYang2008: posts big blind $3
*** HOLE CARDS ***
Masqb: raises $3 to $6
KingYang2008: calls $3
*** FLOP *** [7s Ah Tc]
KingYang2008: checks
Masqb: bets $3
KingYang2008: folds
Uncalled bet ($3) returned to Masqb
Masqb collected $11.76 from pot
Masqb: doesn't show hand
*** SUMMARY ***
Total pot $12 | Rake $0.24
Board [7s Ah Tc]
Seat 3: KingYang2008 (big blind) folded on the Flop
Seat 4: Masqb (button) (small blind) collected ($11.76)


PokerStars Hand #156835807384:  Hold'em Limit ($3/$6 USD) - 2016/08/03 20:57:12 ET
Table 'Thalia' 6-max Seat #3 is the button
Seat 3: KingYang2008 ($75.60 in chips)
Seat 4: Masqb ($146.02 in chips)
KingYang2008: posts small blind $1
Masqb: posts big blind $3
*** HOLE CARDS ***
KingYang2008: folds
Uncalled bet ($2) returned to Masqb
Masqb collected $2 from pot
Masqb: doesn't show hand
*** SUMMARY ***
Total pot $2 | Rake $0
Seat 3: KingYang2008 (button) (small blind) folded before Flop
Seat 4: Masqb (big blind) collected ($2)


PokerStars Hand #156835804711:  Hold'em Limit ($3/$6 USD) - 2016/08/03 20:57:04 ET
Table 'Thalia' 6-max Seat #4 is the button
Seat 3: KingYang2008 ($74.60 in chips)
Seat 4: Masqb ($147.02 in chips)
Masqb: posts small blind $1
KingYang2008: posts big blind $3
*** HOLE CARDS ***
Masqb: folds
Uncalled bet ($2) returned to KingYang2008
KingYang2008 collected $2 from pot
KingYang2008: doesn't show hand
*** SUMMARY ***
Total pot $2 | Rake $0
Seat 3: KingYang2008 (big blind) collected ($2)
Seat 4: Masqb (button) (small blind) folded before Flop


PokerStars Hand #156835789753:  Hold'em Limit ($3/$6 USD) - 2016/08/03 20:56:21 ET
Table 'Thalia' 6-max Seat #3 is the button
Seat 3: KingYang2008 ($63.08 in chips)
Seat 4: Masqb ($159.02 in chips)
KingYang2008: posts small blind $1
Masqb: posts big blind $3
*** HOLE CARDS ***
KingYang2008: raises $3 to $6
Masqb: calls $3
*** FLOP *** [9c 2h 6s]
Masqb: checks
KingYang2008: checks
*** TURN *** [9c 2h 6s] [2d]
Masqb: bets $6
KingYang2008: calls $6
*** RIVER *** [9c 2h 6s 2d] [Kd]
Masqb: checks
KingYang2008: checks
*** SHOW DOWN ***
Masqb: shows [7d 8h] (a pair of Deuces)
KingYang2008: shows [Js Tc] (a pair of Deuces - King+Jack kicker)
KingYang2008 collected $23.52 from pot
*** SUMMARY ***
Total pot $24 | Rake $0.48
Board [9c 2h 6s 2d Kd]
Seat 3: KingYang2008 (button) (small blind) showed [Js Tc] and won ($23.52) with a pair of Deuces
Seat 4: Masqb (big blind) showed [7d 8h] and lost with a pair of Deuces


PokerStars Hand #156835814936:  Hold'em Limit ($3/$6 USD) - 2016/08/03 20:57:33 ET
Table 'Thalia' 6-max Seat #3 is the button
Seat 3: KingYang2008 ($68.60 in chips)
Seat 4: Masqb ($152.78 in chips)
KingYang2008: posts small blind $1
Masqb: posts big blind $3
*** HOLE CARDS ***
KingYang2008: raises $3 to $6
Masqb: raises $3 to $9
KingYang2008: calls $3
*** FLOP *** [Ac 2s 7h]
Masqb: bets $3
KingYang2008: calls $3
*** TURN *** [Ac 2s 7h] [7d]
Masqb: checks
KingYang2008: bets $6
Masqb: calls $6
*** RIVER *** [Ac 2s 7h 7d] [5s]
Masqb: checks
KingYang2008: bets $6
Masqb: calls $6
*** SHOW DOWN ***
KingYang2008: shows [7s 8c] (three of a kind, Sevens)
Masqb: mucks hand
KingYang2008 collected $47.50 from pot
*** SUMMARY ***
Total pot $48 | Rake $0.50
Board [Ac 2s 7h 7d 5s]
Seat 3: KingYang2008 (button) (small blind) showed [7s 8c] and won ($47.50) with three of a kind, Sevens
Seat 4: Masqb (big blind) mucked


PokerStars Hand #156835828171:  Hold'em Limit ($3/$6 USD) - 2016/08/03 20:58:11 ET
Table 'Thalia' 6-max Seat #4 is the button
Seat 3: KingYang2008 ($92.10 in chips)
Seat 4: Masqb ($128.78 in chips)
Masqb: posts small blind $1
KingYang2008: posts big blind $3
*** HOLE CARDS ***
Masqb: raises $3 to $6
KingYang2008: calls $3
*** FLOP *** [5c Ts Jh]
KingYang2008: checks
Masqb: bets $3
KingYang2008: calls $3
*** TURN *** [5c Ts Jh] [6s]
KingYang2008: checks
Masqb: checks
*** RIVER *** [5c Ts Jh 6s] [2s]
KingYang2008: checks
Masqb: checks
*** SHOW DOWN ***
KingYang2008: shows [Qs 8h] (high card Queen)
Masqb: shows [5h 8s] (a pair of Fives)
Masqb collected $17.64 from pot
*** SUMMARY ***
Total pot $18 | Rake $0.36
Board [5c Ts Jh 6s 2s]
Seat 3: KingYang2008 (big blind) showed [Qs 8h] and lost with high card Queen
Seat 4: Masqb (button) (small blind) showed [5h 8s] and won ($17.64) with a pair of Fives


PokerStars Hand #156835839507:  Hold'em Limit ($3/$6 USD) - 2016/08/03 20:58:44 ET
Table 'Thalia' 6-max Seat #3 is the button
Seat 3: KingYang2008 ($83.10 in chips)
Seat 4: Masqb ($137.42 in chips)
KingYang2008: posts small blind $1
Masqb: posts big blind $3
*** HOLE CARDS ***
KingYang2008: raises $3 to $6
Masqb: raises $3 to $9
KingYang2008: calls $3
*** FLOP *** [Kh 9c Tc]
Masqb: bets $3
KingYang2008: calls $3
*** TURN *** [Kh 9c Tc] [9d]
Masqb: checks
KingYang2008: bets $6
Masqb: folds
Uncalled bet ($6) returned to KingYang2008
KingYang2008 collected $23.52 from pot
KingYang2008: doesn't show hand
*** SUMMARY ***
Total pot $24 | Rake $0.48
Board [Kh 9c Tc 9d]
Seat 3: KingYang2008 (button) (small blind) collected ($23.52)
Seat 4: Masqb (big blind) folded on the Turn


PokerStars Hand #156835850140:  Hold'em Limit ($3/$6 USD) - 2016/08/03 20:59:14 ET
Table 'Thalia' 6-max Seat #4 is the button
Seat 3: KingYang2008 ($94.62 in chips)
Seat 4: Masqb ($125.42 in chips)
Masqb: posts small blind $1
KingYang2008: posts big blind $3
*** HOLE CARDS ***
Masqb: raises $3 to $6
KingYang2008: calls $3
*** FLOP *** [5d Qd Ks]
KingYang2008: checks
Masqb: checks
*** TURN *** [5d Qd Ks] [9s]
KingYang2008: bets $6
Masqb: raises $6 to $12
KingYang2008: calls $6
*** RIVER *** [5d Qd Ks 9s] [8c]
KingYang2008: checks
Masqb: bets $6
KingYang2008: calls $6
*** SHOW DOWN ***
Masqb: shows [Kc 3c] (a pair of Kings)
KingYang2008: mucks hand
Masqb collected $47.50 from pot
*** SUMMARY ***
Total pot $48 | Rake $0.50
Board [5d Qd Ks 9s 8c]
Seat 3: KingYang2008 (big blind) mucked
Seat 4: Masqb (button) (small blind) showed [Kc 3c] and won ($47.50) with a pair of Kings


PokerStars Hand #156835860661:  Hold'em Limit ($3/$6 USD) - 2016/08/03 20:59:44 ET
Table 'Thalia' 6-max Seat #3 is the button
Seat 3: KingYang2008 ($70.62 in chips)
Seat 4: Masqb ($148.92 in chips)
KingYang2008: posts small blind $1
Masqb: posts big blind $3
*** HOLE CARDS ***
KingYang2008: raises $3 to $6
Masqb: raises $3 to $9
KingYang2008: calls $3
*** FLOP *** [Jc Ad 4h]
Masqb: bets $3
KingYang2008: calls $3
*** TURN *** [Jc Ad 4h] [8s]
Masqb: checks
KingYang2008: bets $6
Zooshark joins the table at seat #2
Masqb: calls $6
*** RIVER *** [Jc Ad 4h 8s] [Ks]
Masqb: checks
KingYang2008: checks
*** SHOW DOWN ***
Masqb: shows [9c 9d] (a pair of Nines)
KingYang2008: mucks hand
Masqb collected $35.50 from pot
*** SUMMARY ***
Total pot $36 | Rake $0.50
Board [Jc Ad 4h 8s Ks]
Seat 3: KingYang2008 (button) (small blind) mucked
Seat 4: Masqb (big blind) showed [9c 9d] and won ($35.50) with a pair of Nines


PokerStars Hand #156835948409:  Hold'em Limit ($3/$6 USD) - 2016/08/03 21:03:31 ET
Table 'Thalia' 6-max Seat #4 is the button
Seat 2: Zooshark ($152.21 in chips)
Seat 4: Masqb ($161.68 in chips)
Masqb: posts small blind $1
Zooshark: posts big blind $3
*** HOLE CARDS ***
Masqb: folds
Uncalled bet ($2) returned to Zooshark
Zooshark collected $2 from pot
Zooshark: doesn't show hand
*** SUMMARY ***
Total pot $2 | Rake $0
Seat 2: Zooshark (big blind) collected ($2)
Seat 4: Masqb (button) (small blind) folded before Flop


PokerStars Hand #156835934848:  Hold'em Limit ($3/$6 USD) - 2016/08/03 21:02:57 ET
Table 'Thalia' 6-max Seat #2 is the button
Seat 2: Zooshark ($131.71 in chips)
Seat 4: Masqb ($182.68 in chips)
KingYang2008 leaves the table
Zooshark: posts small blind $1
Masqb: posts big blind $3
*** HOLE CARDS ***
Zooshark: raises $3 to $6
Masqb: raises $3 to $9
Zooshark: calls $3
*** FLOP *** [7s Qc Kc]
Masqb: bets $3
Zooshark: raises $3 to $6
Masqb: calls $3
*** TURN *** [7s Qc Kc] [4h]
Masqb: checks
Zooshark: checks
*** RIVER *** [7s Qc Kc 4h] [5h]
Masqb: checks
Zooshark: bets $6
Masqb: calls $6
*** SHOW DOWN ***
Zooshark: shows [Qh Jc] (a pair of Queens)
Masqb: mucks hand
Zooshark collected $41.50 from pot
*** SUMMARY ***
Total pot $42 | Rake $0.50
Board [7s Qc Kc 4h 5h]
Seat 2: Zooshark (button) (small blind) showed [Qh Jc] and won ($41.50) with a pair of Queens
Seat 4: Masqb (big blind) mucked


PokerStars Hand #156835958856:  Hold'em Limit ($3/$6 USD) - 2016/08/03 21:03:57 ET
Table 'Thalia' 6-max Seat #2 is the button
Seat 2: Zooshark ($155.97 in chips)
Seat 4: Masqb ($157.68 in chips)
Zooshark: posts small blind $1
Masqb: posts big blind $3
*** HOLE CARDS ***
Zooshark: raises $3 to $6
Masqb: calls $3
*** FLOP *** [Kd Ad 3s]
Masqb: checks
Zooshark: bets $3
Masqb: raises $3 to $6
Zooshark: calls $3
*** TURN *** [Kd Ad 3s] [Qd]
Masqb: bets $6
Zooshark: folds
Uncalled bet ($6) returned to Masqb
Masqb collected $23.52 from pot
Masqb: doesn't show hand
*** SUMMARY ***
Total pot $24 | Rake $0.48
Board [Kd Ad 3s Qd]
Seat 2: Zooshark (button) (small blind) folded on the Turn
Seat 4: Masqb (big blind) collected ($23.52)


PokerStars Hand #156835956154:  Hold'em Limit ($3/$6 USD) - 2016/08/03 21:03:50 ET
Table 'Thalia' 6-max Seat #4 is the button
Seat 2: Zooshark ($158.97 in chips)
Seat 4: Masqb ($154.68 in chips)
Masqb: posts small blind $1
Zooshark: posts big blind $3
*** HOLE CARDS ***
Masqb: raises $3 to $6
Zooshark: folds
Uncalled bet ($3) returned to Masqb
Masqb collected $6 from pot
Masqb: doesn't show hand
*** SUMMARY ***
Total pot $6 | Rake $0
Seat 2: Zooshark (big blind) folded before Flop
Seat 4: Masqb (button) (small blind) collected ($6)


PokerStars Hand #156835950269:  Hold'em Limit ($3/$6 USD) - 2016/08/03 21:03:35 ET
Table 'Thalia' 6-max Seat #2 is the button
Seat 2: Zooshark ($153.21 in chips)
Seat 4: Masqb ($160.68 in chips)
Zooshark: posts small blind $1
Masqb: posts big blind $3
*** HOLE CARDS ***
Zooshark: raises $3 to $6
Masqb: calls $3
*** FLOP *** [4d Tc 8h]
Masqb: checks
Zooshark: bets $3
Masqb: folds
Uncalled bet ($3) returned to Zooshark
Zooshark collected $11.76 from pot
Zooshark: doesn't show hand
*** SUMMARY ***
Total pot $12 | Rake $0.24
Board [4d Tc 8h]
Seat 2: Zooshark (button) (small blind) collected ($11.76)
Seat 4: Masqb (big blind) folded on the Flop


PokerStars Hand #156835985841:  Hold'em Limit ($3/$6 USD) - 2016/08/03 21:05:03 ET
Table 'Thalia' 6-max Seat #2 is the button
Seat 2: Zooshark ($137.97 in chips)
Seat 4: Masqb ($174.96 in chips)
Zooshark: posts small blind $1
Masqb: posts big blind $3
*** HOLE CARDS ***
Zooshark: raises $3 to $6
Masqb: raises $3 to $9
Zooshark: calls $3
*** FLOP *** [Ah 6h 9s]
Masqb: bets $3
Zooshark: folds
Uncalled bet ($3) returned to Masqb
Masqb collected $17.64 from pot
Masqb: doesn't show hand
*** SUMMARY ***
Total pot $18 | Rake $0.36
Board [Ah 6h 9s]
Seat 2: Zooshark (button) (small blind) folded on the Flop
Seat 4: Masqb (big blind) collected ($17.64)


PokerStars Hand #156835992142:  Hold'em Limit ($3/$6 USD) - 2016/08/03 21:05:18 ET
Table 'Thalia' 6-max Seat #4 is the button
Seat 2: Zooshark ($128.97 in chips)
Seat 4: Masqb ($183.60 in chips)
Masqb: posts small blind $1
Zooshark: posts big blind $3
*** HOLE CARDS ***
Masqb: raises $3 to $6
Zooshark: folds
Uncalled bet ($3) returned to Masqb
Masqb collected $6 from pot
Masqb: doesn't show hand
*** SUMMARY ***
Total pot $6 | Rake $0
Seat 2: Zooshark (big blind) folded before Flop
Seat 4: Masqb (button) (small blind) collected ($6)


PokerStars Hand #156835994726:  Hold'em Limit ($3/$6 USD) - 2016/08/03 21:05:24 ET
Table 'Thalia' 6-max Seat #2 is the button
Seat 2: Zooshark ($125.97 in chips)
Seat 4: Masqb ($186.60 in chips)
Zooshark: posts small blind $1
Masqb: posts big blind $3
*** HOLE CARDS ***
Zooshark: raises $3 to $6
Masqb: folds
Uncalled bet ($3) returned to Zooshark
Zooshark collected $6 from pot
Zooshark: doesn't show hand
*** SUMMARY ***
Total pot $6 | Rake $0
Seat 2: Zooshark (button) (small blind) collected ($6)
Seat 4: Masqb (big blind) folded before Flop


PokerStars Hand #156835981339:  Hold'em Limit ($3/$6 USD) - 2016/08/03 21:04:53 ET
Table 'Thalia' 6-max Seat #2 is the button
Seat 2: Zooshark ($137.97 in chips)
Seat 4: Masqb ($174.96 in chips)
Zooshark: posts small blind $1
Masqb: posts big blind $3
*** HOLE CARDS ***
Zooshark: folds
Uncalled bet ($2) returned to Masqb
Masqb collected $2 from pot
Masqb: doesn't show hand
*** SUMMARY ***
Total pot $2 | Rake $0
Seat 2: Zooshark (button) (small blind) folded before Flop
Seat 4: Masqb (big blind) collected ($2)


PokerStars Hand #156835969316:  Hold'em Limit ($3/$6 USD) - 2016/08/03 21:04:23 ET
Table 'Thalia' 6-max Seat #4 is the button
Seat 2: Zooshark ($143.97 in chips)
Seat 4: Masqb ($169.20 in chips)
Masqb: posts small blind $1
Zooshark: posts big blind $3
*** HOLE CARDS ***
Masqb: raises $3 to $6
Zooshark: calls $3
*** FLOP *** [Kc 5d 5c]
Zooshark: checks
Masqb: bets $3
Zooshark: folds
Uncalled bet ($3) returned to Masqb
Masqb collected $11.76 from pot
Masqb: doesn't show hand
*** SUMMARY ***
Total pot $12 | Rake $0.24
Board [Kc 5d 5c]
Seat 2: Zooshark (big blind) folded on the Flop
Seat 4: Masqb (button) (small blind) collected ($11.76)


PokerStars Hand #156835998015:  Hold'em Limit ($3/$6 USD) - 2016/08/03 21:05:32 ET
Table 'Thalia' 6-max Seat #4 is the button
Seat 2: Zooshark ($128.97 in chips)
Seat 4: Masqb ($183.60 in chips)
Masqb: posts small blind $1
Zooshark: posts big blind $3
*** HOLE CARDS ***
Masqb: raises $3 to $6
Zooshark: calls $3
*** FLOP *** [8d Ad 3c]
Zooshark: checks
Masqb: bets $3
Zooshark: calls $3
*** TURN *** [8d Ad 3c] [9d]
Zooshark: checks
Masqb: bets $6
Zooshark: raises $6 to $12
ironmike385 joins the table at seat #3
Masqb: raises $6 to $18
Zooshark: folds
Uncalled bet ($6) returned to Masqb
Masqb collected $41.50 from pot
Masqb: doesn't show hand
*** SUMMARY ***
Total pot $42 | Rake $0.50
Board [8d Ad 3c 9d]
Seat 2: Zooshark (big blind) folded on the Turn
Seat 4: Masqb (button) (small blind) collected ($41.50)


PokerStars Hand #156837965261:  Hold'em Limit ($3/$6 USD) - 2016/08/03 22:34:05 ET
Table 'Thalia' 6-max Seat #6 is the button
Seat 1: Brama Br ($123 in chips)
Seat 6: Chessnok ($123.56 in chips)
Chessnok: posts small blind $1
Brama Br: posts big blind $3
*** HOLE CARDS ***
Chessnok: raises $3 to $6
Brama Br: calls $3
*** FLOP *** [6s Js 3h]
Brama Br: checks
Chessnok: bets $3
Brama Br: calls $3
*** TURN *** [6s Js 3h] [5c]
Brama Br: checks
Chessnok: bets $6
Brama Br: calls $6
*** RIVER *** [6s Js 3h 5c] [Ts]
Brama Br: checks
Chessnok: bets $6
Brama Br: calls $6
*** SHOW DOWN ***
Chessnok: shows [Th 8d] (a pair of Tens)
Brama Br: mucks hand
Chessnok collected $41.50 from pot
*** SUMMARY ***
Total pot $42 | Rake $0.50
Board [6s Js 3h 5c Ts]
Seat 1: Brama Br (big blind) mucked
Seat 6: Chessnok (button) (small blind) showed [Th 8d] and won ($41.50) with a pair of Tens


PokerStars Hand #156837959289:  Hold'em Limit ($3/$6 USD) - 2016/08/03 22:33:46 ET
Table 'Thalia' 6-max Seat #1 is the button
Seat 1: Brama Br ($120 in chips)
Seat 6: Chessnok ($126.56 in chips)
Brama Br: posts small blind $1
Chessnok: posts big blind $3
*** HOLE CARDS ***
Brama Br: raises $3 to $6
Chessnok: folds
Uncalled bet ($3) returned to Brama Br
Brama Br collected $6 from pot
Brama Br: doesn't show hand
*** SUMMARY ***
Total pot $6 | Rake $0
Seat 1: Brama Br (button) (small blind) collected ($6)
Seat 6: Chessnok (big blind) folded before Flop


PokerStars Hand #156837974071:  Hold'em Limit ($3/$6 USD) - 2016/08/03 22:34:32 ET
Table 'Thalia' 6-max Seat #1 is the button
Seat 1: Brama Br ($102 in chips)
Seat 6: Chessnok ($144.06 in chips)
Brama Br: posts small blind $1
Chessnok: posts big blind $3
*** HOLE CARDS ***
Brama Br: raises $3 to $6
Chessnok: raises $3 to $9
Brama Br: calls $3
*** FLOP *** [4c 4h 3h]
Chessnok: bets $3
Brama Br: raises $3 to $6
Chessnok: calls $3
*** TURN *** [4c 4h 3h] [Ac]
Chessnok: checks
Brama Br: checks
*** RIVER *** [4c 4h 3h Ac] [Kh]
Chessnok: bets $6
Brama Br: folds
Uncalled bet ($6) returned to Chessnok
Chessnok collected $29.50 from pot
Chessnok: doesn't show hand
*** SUMMARY ***
Total pot $30 | Rake $0.50
Board [4c 4h 3h Ac Kh]
Seat 1: Brama Br (button) (small blind) folded on the River
Seat 6: Chessnok (big blind) collected ($29.50)


PokerStars Hand #156837983071:  Hold'em Limit ($3/$6 USD) - 2016/08/03 22:35:01 ET
Table 'Thalia' 6-max Seat #6 is the button
Seat 1: Brama Br ($107.40 in chips)
Seat 6: Chessnok ($158.56 in chips)
Chessnok: posts small blind $1
Brama Br: posts big blind $3
*** HOLE CARDS ***
Chessnok: raises $3 to $6
Brama Br: calls $3
*** FLOP *** [6d 4h Jh]
Brama Br: checks
Chessnok: bets $3
Brama Br: calls $3
*** TURN *** [6d 4h Jh] [Ts]
Brama Br: checks
Chessnok: bets $6
Brama Br: calls $6
*** RIVER *** [6d 4h Jh Ts] [Ad]
Brama Br: checks
Chessnok: bets $6
Brama Br: raises $6 to $12
Chessnok: calls $6
*** SHOW DOWN ***
Brama Br: shows [8h Qs] (high card Ace)
Chessnok: shows [Jd Kc] (a pair of Jacks)
Chessnok collected $53.50 from pot
*** SUMMARY ***
Total pot $54 | Rake $0.50
Board [6d 4h Jh Ts Ad]
Seat 1: Brama Br (big blind) showed [8h Qs] and lost with high card Ace
Seat 6: Chessnok (button) (small blind) showed [Jd Kc] and won ($53.50) with a pair of Jacks


PokerStars Hand #156838005089:  Hold'em Limit ($3/$6 USD) - 2016/08/03 22:36:09 ET
Table 'Thalia' 6-max Seat #6 is the button
Seat 1: Brama Br ($32.40 in chips)
Seat 6: Chessnok ($232.56 in chips)
Chessnok: posts small blind $1
Brama Br: posts big blind $3
*** HOLE CARDS ***
Chessnok: raises $3 to $6
Brama Br: calls $3
*** FLOP *** [5c 5d 7h]
Brama Br: checks
Chessnok: bets $3
Brama Br: calls $3
*** TURN *** [5c 5d 7h] [8s]
Brama Br: checks
Chessnok: bets $6
Brama Br: raises $6 to $12
Chessnok: raises $6 to $18
Brama Br: raises $5.40 to $23.40 and is all-in
Betting is capped
Chessnok: calls $5.40
*** RIVER *** [5c 5d 7h 8s] [Ks]
*** SHOW DOWN ***
Brama Br: shows [8d 9s] (two pair, Eights and Fives)
Chessnok: shows [5h Qd] (three of a kind, Fives)
Chessnok collected $64.30 from pot
*** SUMMARY ***
Total pot $64.80 | Rake $0.50
Board [5c 5d 7h 8s Ks]
Seat 1: Brama Br (big blind) showed [8d 9s] and lost with two pair, Eights and Fives
Seat 6: Chessnok (button) (small blind) showed [5h Qd] and won ($64.30) with three of a kind, Fives


PokerStars Hand #156837995663:  Hold'em Limit ($3/$6 USD) - 2016/08/03 22:35:40 ET
Table 'Thalia' 6-max Seat #1 is the button
Seat 1: Brama Br ($80.40 in chips)
Seat 6: Chessnok ($185.06 in chips)
Brama Br: posts small blind $1
Chessnok: posts big blind $3
*** HOLE CARDS ***
Brama Br: raises $3 to $6
Chessnok: calls $3
*** FLOP *** [2s 5s 8d]
Chessnok: checks
Brama Br: bets $3
Chessnok: raises $3 to $6
Brama Br: calls $3
*** TURN *** [2s 5s 8d] [Ac]
Chessnok: bets $6
Brama Br: raises $6 to $12
Chessnok: raises $6 to $18
Brama Br: raises $6 to $24
Betting is capped
Chessnok: calls $6
*** RIVER *** [2s 5s 8d Ac] [7h]
Chessnok: checks
Brama Br: bets $6
Chessnok: raises $6 to $12
Brama Br: calls $6
*** SHOW DOWN ***
Chessnok: shows [3c 4d] (a straight, Ace to Five)
Brama Br: mucks hand
Chessnok collected $95.50 from pot
*** SUMMARY ***
Total pot $96 | Rake $0.50
Board [2s 5s 8d Ac 7h]
Seat 1: Brama Br (button) (small blind) mucked
Seat 6: Chessnok (big blind) showed [3c 4d] and won ($95.50) with a straight, Ace to Five


PokerStars Hand #156838031775:  Hold'em Limit ($3/$6 USD) - 2016/08/03 22:37:31 ET
Table 'Thalia' 6-max Seat #3 is the button
Seat 3: ajmaster333 ($58.50 in chips)
Seat 6: Chessnok ($254.98 in chips)
ajmaster333: posts small blind $1
Chessnok: posts big blind $3
*** HOLE CARDS ***
ajmaster333: folds
Uncalled bet ($2) returned to Chessnok
Chessnok collected $2 from pot
Chessnok: doesn't show hand
*** SUMMARY ***
Total pot $2 | Rake $0
Seat 3: ajmaster333 (button) (small blind) folded before Flop
Seat 6: Chessnok (big blind) collected ($2)


PokerStars Hand #156838023867:  Hold'em Limit ($3/$6 USD) - 2016/08/03 22:37:06 ET
Table 'Thalia' 6-max Seat #6 is the button
Seat 3: ajmaster333 ($38 in chips)
Seat 6: Chessnok ($275.98 in chips)
Chessnok: posts small blind $1
ajmaster333: posts big blind $3
*** HOLE CARDS ***
Chessnok: raises $3 to $6
ajmaster333: calls $3
*** FLOP *** [5h Ah Qs]
ajmaster333: checks
Chessnok: bets $3
ajmaster333: calls $3
*** TURN *** [5h Ah Qs] [2s]
ajmaster333: checks
Chessnok: bets $6
ajmaster333: calls $6
*** RIVER *** [5h Ah Qs 2s] [Ts]
ajmaster333: checks
Chessnok: bets $6
ajmaster333: calls $6
*** SHOW DOWN ***
Chessnok: shows [8s 9d] (high card Ace)
ajmaster333: shows [Qc Ks] (a pair of Queens)
ajmaster333 collected $41.50 from pot
*** SUMMARY ***
Total pot $42 | Rake $0.50
Board [5h Ah Qs 2s Ts]
Seat 3: ajmaster333 (big blind) showed [Qc Ks] and won ($41.50) with a pair of Queens
Seat 6: Chessnok (button) (small blind) showed [8s 9d] and lost with high card Ace


PokerStars Hand #156838017008:  Hold'em Limit ($3/$6 USD) - 2016/08/03 22:36:45 ET
Table 'Thalia' 6-max Seat #3 is the button
Seat 3: ajmaster333 ($50 in chips)
Seat 6: Chessnok ($264.46 in chips)
ajmaster333: posts small blind $1
Chessnok: posts big blind $3
*** HOLE CARDS ***
ajmaster333: raises $3 to $6
Chessnok: calls $3
*** FLOP *** [6d 2d 9d]
Chessnok: checks
ajmaster333: checks
*** TURN *** [6d 2d 9d] [Th]
Brama Br said, "ta doente"
Chessnok: checks
ajmaster333: checks
*** RIVER *** [6d 2d 9d Th] [6c]
Chessnok: bets $6
ajmaster333: calls $6
*** SHOW DOWN ***
Chessnok: shows [Ks 2c] (two pair, Sixes and Deuces)
ajmaster333: mucks hand
Chessnok collected $23.52 from pot
Brama Br leaves the table
*** SUMMARY ***
Total pot $24 | Rake $0.48
Board [6d 2d 9d Th 6c]
Seat 3: ajmaster333 (button) (small blind) mucked
Seat 6: Chessnok (big blind) showed [Ks 2c] and won ($23.52) with two pair, Sixes and Deuces


PokerStars Hand #156838050938:  Hold'em Limit ($3/$6 USD) - 2016/08/03 22:38:30 ET
Table 'Thalia' 6-max Seat #6 is the button
Seat 3: ajmaster333 ($50.14 in chips)
Seat 6: Chessnok ($262.50 in chips)
Chessnok: posts small blind $1
ajmaster333: posts big blind $3
*** HOLE CARDS ***
Chessnok: raises $3 to $6
ajmaster333: calls $3
*** FLOP *** [4c 8s 3d]
ajmaster333: checks
Chessnok: bets $3
ajmaster333: raises $3 to $6
Chessnok: calls $3
*** TURN *** [4c 8s 3d] [2s]
ajmaster333: bets $6
Chessnok: folds
Uncalled bet ($6) returned to ajmaster333
ajmaster333 collected $23.52 from pot
ajmaster333: doesn't show hand
*** SUMMARY ***
Total pot $24 | Rake $0.48
Board [4c 8s 3d 2s]
Seat 3: ajmaster333 (big blind) collected ($23.52)
Seat 6: Chessnok (button) (small blind) folded on the Turn


PokerStars Hand #156838033722:  Hold'em Limit ($3/$6 USD) - 2016/08/03 22:37:37 ET
Table 'Thalia' 6-max Seat #6 is the button
Seat 3: ajmaster333 ($57.50 in chips)
Seat 6: Chessnok ($255.98 in chips)
Chessnok: posts small blind $1
ajmaster333: posts big blind $3
*** HOLE CARDS ***
Chessnok: raises $3 to $6
ajmaster333: calls $3
*** FLOP *** [Js 5c Ks]
ajmaster333: checks
Chessnok: checks
*** TURN *** [Js 5c Ks] [3d]
ajmaster333: checks
Chessnok: checks
*** RIVER *** [Js 5c Ks 3d] [6s]
ajmaster333: bets $6
Chessnok: calls $6
*** SHOW DOWN ***
ajmaster333: shows [7c 9h] (high card King)
Chessnok: shows [3h Qd] (a pair of Threes)
Chessnok collected $23.52 from pot
*** SUMMARY ***
Total pot $24 | Rake $0.48
Board [Js 5c Ks 3d 6s]
Seat 3: ajmaster333 (big blind) showed [7c 9h] and lost with high card King
Seat 6: Chessnok (button) (small blind) showed [3h Qd] and won ($23.52) with a pair of Threes


PokerStars Hand #156838042979:  Hold'em Limit ($3/$6 USD) - 2016/08/03 22:38:05 ET
Table 'Thalia' 6-max Seat #3 is the button
Seat 3: ajmaster333 ($45.50 in chips)
Seat 6: Chessnok ($267.50 in chips)
ajmaster333: posts small blind $1
Chessnok: posts big blind $3
*** HOLE CARDS ***
ajmaster333: calls $2
Chessnok: raises $3 to $6
ajmaster333: calls $3
*** FLOP *** [3d Ac 8c]
Chessnok: bets $3
ajmaster333: raises $3 to $6
Chessnok: folds
Uncalled bet ($3) returned to ajmaster333
ajmaster333 collected $17.64 from pot
ajmaster333: doesn't show hand
*** SUMMARY ***
Total pot $18 | Rake $0.36
Board [3d Ac 8c]
Seat 3: ajmaster333 (button) (small blind) collected ($17.64)
Seat 6: Chessnok (big blind) folded on the Flop


PokerStars Hand #156838048638:  Hold'em Limit ($3/$6 USD) - 2016/08/03 22:38:23 ET
Table 'Thalia' 6-max Seat #3 is the button
Seat 3: ajmaster333 ($51.14 in chips)
Seat 6: Chessnok ($261.50 in chips)
ajmaster333: posts small blind $1
Chessnok: posts big blind $3
*** HOLE CARDS ***
ajmaster333: folds
Uncalled bet ($2) returned to Chessnok
Chessnok collected $2 from pot
Chessnok: doesn't show hand
*** SUMMARY ***
Total pot $2 | Rake $0
Seat 3: ajmaster333 (button) (small blind) folded before Flop
Seat 6: Chessnok (big blind) collected ($2)


PokerStars Hand #156838046877:  Hold'em Limit ($3/$6 USD) - 2016/08/03 22:38:17 ET
Table 'Thalia' 6-max Seat #6 is the button
Seat 3: ajmaster333 ($54.14 in chips)
Seat 6: Chessnok ($258.50 in chips)
Chessnok: posts small blind $1
ajmaster333: posts big blind $3
*** HOLE CARDS ***
Chessnok: raises $3 to $6
ajmaster333: folds
Uncalled bet ($3) returned to Chessnok
Chessnok collected $6 from pot
Chessnok: doesn't show hand
*** SUMMARY ***
Total pot $6 | Rake $0
Seat 3: ajmaster333 (big blind) folded before Flop
Seat 6: Chessnok (button) (small blind) collected ($6)


PokerStars Hand #156838058044:  Hold'em Limit ($3/$6 USD) - 2016/08/03 22:38:52 ET
Table 'Thalia' 6-max Seat #3 is the button
Seat 3: ajmaster333 ($61.66 in chips)
Seat 6: Chessnok ($250.50 in chips)
ajmaster333: posts small blind $1
Chessnok: posts big blind $3
*** HOLE CARDS ***
ajmaster333: calls $2
Chessnok: checks
*** FLOP *** [8s Ks 6d]
Chessnok: bets $3
ajmaster333: folds
Uncalled bet ($3) returned to Chessnok
Chessnok collected $5.88 from pot
Chessnok: doesn't show hand
*** SUMMARY ***
Total pot $6 | Rake $0.12
Board [8s Ks 6d]
Seat 3: ajmaster333 (button) (small blind) folded on the Flop
Seat 6: Chessnok (big blind) collected ($5.88)


PokerStars Hand #156838075997:  Hold'em Limit ($3/$6 USD) - 2016/08/03 22:39:25 ET
Table 'Thalia' 6-max Seat #3 is the button
Seat 3: ajmaster333 ($73.16 in chips)
Seat 6: Chessnok ($238.38 in chips)
ajmaster333: posts small blind $1
Chessnok: posts big blind $3
*** HOLE CARDS ***
ajmaster333: calls $2
Chessnok: checks
*** FLOP *** [4s Jc 5h]
Chessnok: bets $3
ElverGalinda joins the table at seat #1
ajmaster333: folds
Uncalled bet ($3) returned to Chessnok
Chessnok collected $5.88 from pot
Chessnok: doesn't show hand
*** SUMMARY ***
Total pot $6 | Rake $0.12
Board [4s Jc 5h]
Seat 3: ajmaster333 (button) (small blind) folded on the Flop
Seat 6: Chessnok (big blind) collected ($5.88)


PokerStars Hand #156838061318:  Hold'em Limit ($3/$6 USD) - 2016/08/03 22:39:02 ET
Table 'Thalia' 6-max Seat #6 is the button
Seat 3: ajmaster333 ($58.66 in chips)
Seat 6: Chessnok ($253.38 in chips)
Chessnok: posts small blind $1
ajmaster333: posts big blind $3
*** HOLE CARDS ***
Chessnok: raises $3 to $6
ajmaster333: calls $3
*** FLOP *** [Tc As 2h]
ajmaster333: checks
Chessnok: bets $3
ajmaster333: calls $3
*** TURN *** [Tc As 2h] [8c]
ajmaster333: checks
Chessnok: bets $6
ajmaster333: calls $6
*** RIVER *** [Tc As 2h 8c] [5s]
ajmaster333: checks
Chessnok: checks
*** SHOW DOWN ***
ajmaster333: shows [3d 3c] (a pair of Threes)
Chessnok: mucks hand
ajmaster333 collected $29.50 from pot
*** SUMMARY ***
Total pot $30 | Rake $0.50
Board [Tc As 2h 8c 5s]
Seat 3: ajmaster333 (big blind) showed [3d 3c] and won ($29.50) with a pair of Threes
Seat 6: Chessnok (button) (small blind) mucked


PokerStars Hand #156838092363:  Hold'em Limit ($3/$6 USD) - 2016/08/03 22:40:16 ET
Table 'Thalia' 6-max Seat #1 is the button
Seat 1: ElverGalinda ($107 in chips)
Seat 6: Chessnok ($240.26 in chips)
ElverGalinda: posts small blind $1
ajmaster333: is sitting out
Chessnok: posts big blind $3
*** HOLE CARDS ***
ElverGalinda: folds
Uncalled bet ($2) returned to Chessnok
Chessnok collected $2 from pot
Chessnok: doesn't show hand
*** SUMMARY ***
Total pot $2 | Rake $0
Seat 1: ElverGalinda (button) (small blind) folded before Flop
Seat 6: Chessnok (big blind) collected ($2)


PokerStars Hand #156838096008:  Hold'em Limit ($3/$6 USD) - 2016/08/03 22:40:27 ET
Table 'Thalia' 6-max Seat #1 is the button
Seat 1: ElverGalinda ($107 in chips)
Seat 6: Chessnok ($240.26 in chips)
ElverGalinda: posts small blind $1
Chessnok: posts big blind $3
*** HOLE CARDS ***
ajmaster333 leaves the table
ElverGalinda: folds
Uncalled bet ($2) returned to Chessnok
Chessnok collected $2 from pot
Chessnok: doesn't show hand
*** SUMMARY ***
Total pot $2 | Rake $0
Seat 1: ElverGalinda (button) (small blind) folded before Flop
Seat 6: Chessnok (big blind) collected ($2)


PokerStars Hand #156838094639:  Hold'em Limit ($3/$6 USD) - 2016/08/03 22:40:23 ET
Table 'Thalia' 6-max Seat #6 is the button
Seat 1: ElverGalinda ($106 in chips)
Seat 6: Chessnok ($241.26 in chips)
Chessnok: posts small blind $1
ElverGalinda: posts big blind $3
*** HOLE CARDS ***
Chessnok: folds
Uncalled bet ($2) returned to ElverGalinda
ElverGalinda collected $2 from pot
*** SUMMARY ***
Total pot $2 | Rake $0
Seat 1: ElverGalinda (big blind) collected ($2)
Seat 6: Chessnok (button) (small blind) folded before Flop


PokerStars Hand #156838097496:  Hold'em Limit ($3/$6 USD) - 2016/08/03 22:40:32 ET
Table 'Thalia' 6-max Seat #6 is the button
Seat 1: ElverGalinda ($106 in chips)
Seat 6: Chessnok ($241.26 in chips)
Chessnok: posts small blind $1
ElverGalinda: posts big blind $3
*** HOLE CARDS ***
Chessnok: raises $3 to $6
ElverGalinda: calls $3
*** FLOP *** [Kc Qd 4h]
ElverGalinda: checks
Chessnok: bets $3
ElverGalinda: calls $3
*** TURN *** [Kc Qd 4h] [Jh]
ElverGalinda: checks
Chessnok: bets $6
ElverGalinda: calls $6
*** RIVER *** [Kc Qd 4h Jh] [2h]
ElverGalinda: checks
Chessnok: bets $6
ElverGalinda: calls $6
*** SHOW DOWN ***
Chessnok: shows [6d Kh] (a pair of Kings)
ElverGalinda: mucks hand
Chessnok collected $41.50 from pot
*** SUMMARY ***
Total pot $42 | Rake $0.50
Board [Kc Qd 4h Jh 2h]
Seat 1: ElverGalinda (big blind) mucked
Seat 6: Chessnok (button) (small blind) showed [6d Kh] and won ($41.50) with a pair of Kings


PokerStars Hand #156838104212:  Hold'em Limit ($3/$6 USD) - 2016/08/03 22:40:52 ET
Table 'Thalia' 6-max Seat #1 is the button
Seat 1: ElverGalinda ($85 in chips)
Seat 6: Chessnok ($261.76 in chips)
ElverGalinda: posts small blind $1
Chessnok: posts big blind $3
*** HOLE CARDS ***
ElverGalinda: raises $3 to $6
Chessnok: folds
Uncalled bet ($3) returned to ElverGalinda
ElverGalinda collected $6 from pot
*** SUMMARY ***
Total pot $6 | Rake $0
Seat 1: ElverGalinda (button) (small blind) collected ($6)
Seat 6: Chessnok (big blind) folded before Flop


PokerStars Hand #156838115012:  Hold'em Limit ($3/$6 USD) - 2016/08/03 22:41:26 ET
Table 'Thalia' 6-max Seat #1 is the button
Seat 1: ElverGalinda ($98.50 in chips)
Seat 6: Chessnok ($247.76 in chips)
ElverGalinda: posts small blind $1
Chessnok: posts big blind $3
*** HOLE CARDS ***
ElverGalinda: raises $3 to $6
Chessnok: calls $3
*** FLOP *** [9s 5d 4h]
Chessnok: checks
ElverGalinda: bets $3
Chessnok: calls $3
*** TURN *** [9s 5d 4h] [6h]
Chessnok: checks
ElverGalinda: bets $6
Chessnok: calls $6
*** RIVER *** [9s 5d 4h 6h] [2h]
Chessnok: checks
ElverGalinda: bets $6
Chessnok: calls $6
*** SHOW DOWN ***
ElverGalinda: shows [6s 9c] (two pair, Nines and Sixes)
Chessnok: mucks hand
ElverGalinda collected $41.50 from pot
*** SUMMARY ***
Total pot $42 | Rake $0.50
Board [9s 5d 4h 6h 2h]
Seat 1: ElverGalinda (button) (small blind) showed [6s 9c] and won ($41.50) with two pair, Nines and Sixes
Seat 6: Chessnok (big blind) mucked


PokerStars Hand #156838109298:  Hold'em Limit ($3/$6 USD) - 2016/08/03 22:41:08 ET
Table 'Thalia' 6-max Seat #6 is the button
Seat 1: ElverGalinda ($84 in chips)
Seat 6: Chessnok ($262.76 in chips)
Chessnok: posts small blind $1
ElverGalinda: posts big blind $3
*** HOLE CARDS ***
Chessnok: raises $3 to $6
ElverGalinda: calls $3
*** FLOP *** [Ad 5s 7c]
ElverGalinda: checks
Chessnok: bets $3
ElverGalinda: calls $3
*** TURN *** [Ad 5s 7c] [8c]
ElverGalinda: checks
Chessnok: bets $6
ElverGalinda: calls $6
*** RIVER *** [Ad 5s 7c 8c] [Qh]
ElverGalinda: checks
Chessnok: checks
*** SHOW DOWN ***
ElverGalinda: shows [Qd 3c] (a pair of Queens)
Chessnok: mucks hand
ElverGalinda collected $29.50 from pot
*** SUMMARY ***
Total pot $30 | Rake $0.50
Board [Ad 5s 7c 8c Qh]
Seat 1: ElverGalinda (big blind) showed [Qd 3c] and won ($29.50) with a pair of Queens
Seat 6: Chessnok (button) (small blind) mucked


PokerStars Hand #156838107784:  Hold'em Limit ($3/$6 USD) - 2016/08/03 22:41:04 ET
Table 'Thalia' 6-max Seat #1 is the button
Seat 1: ElverGalinda ($85 in chips)
Seat 6: Chessnok ($261.76 in chips)
ElverGalinda: posts small blind $1
Chessnok: posts big blind $3
*** HOLE CARDS ***
ElverGalinda: folds
Uncalled bet ($2) returned to Chessnok
Chessnok collected $2 from pot
Chessnok: doesn't show hand
*** SUMMARY ***
Total pot $2 | Rake $0
Seat 1: ElverGalinda (button) (small blind) folded before Flop
Seat 6: Chessnok (big blind) collected ($2)


PokerStars Hand #156838106012:  Hold'em Limit ($3/$6 USD) - 2016/08/03 22:40:58 ET
Table 'Thalia' 6-max Seat #6 is the button
Seat 1: ElverGalinda ($88 in chips)
Seat 6: Chessnok ($258.76 in chips)
Chessnok: posts small blind $1
ElverGalinda: posts big blind $3
*** HOLE CARDS ***
Chessnok: raises $3 to $6
ElverGalinda: folds
Uncalled bet ($3) returned to Chessnok
Chessnok collected $6 from pot
Chessnok: doesn't show hand
*** SUMMARY ***
Total pot $6 | Rake $0
Seat 1: ElverGalinda (big blind) folded before Flop
Seat 6: Chessnok (button) (small blind) collected ($6)


PokerStars Hand #156838133912:  Hold'em Limit ($3/$6 USD) - 2016/08/03 22:42:25 ET
Table 'Thalia' 6-max Seat #6 is the button
Seat 1: ElverGalinda ($121.50 in chips)
Seat 6: Chessnok ($223.26 in chips)
Chessnok: posts small blind $1
ElverGalinda: posts big blind $3
*** HOLE CARDS ***
Chessnok: raises $3 to $6
ElverGalinda: calls $3
*** FLOP *** [8d 5c Qc]
ElverGalinda: checks
Chessnok: bets $3
ElverGalinda: calls $3
*** TURN *** [8d 5c Qc] [3d]
ElverGalinda: checks
Chessnok: bets $6
ElverGalinda: raises $6 to $12
Chessnok: calls $6
*** RIVER *** [8d 5c Qc 3d] [9h]
ElverGalinda: bets $6
Chessnok: calls $6
*** SHOW DOWN ***
ElverGalinda: shows [Kd 2d] (high card King)
Chessnok: shows [7c 9c] (a pair of Nines)
Chessnok collected $53.50 from pot
*** SUMMARY ***
Total pot $54 | Rake $0.50
Board [8d 5c Qc 3d 9h]
Seat 1: ElverGalinda (big blind) showed [Kd 2d] and lost with high card King
Seat 6: Chessnok (button) (small blind) showed [7c 9c] and won ($53.50) with a pair of Nines


PokerStars Hand #156838128202:  Hold'em Limit ($3/$6 USD) - 2016/08/03 22:42:07 ET
Table 'Thalia' 6-max Seat #1 is the button
Seat 1: ElverGalinda ($139.50 in chips)
Seat 6: Chessnok ($205.76 in chips)
ElverGalinda: posts small blind $1
Chessnok: posts big blind $3
*** HOLE CARDS ***
ElverGalinda: raises $3 to $6
Chessnok: raises $3 to $9
ElverGalinda: calls $3
*** FLOP *** [7s 9h 8s]
Chessnok: bets $3
ElverGalinda: calls $3
*** TURN *** [7s 9h 8s] [Kh]
Chessnok: bets $6
ElverGalinda: calls $6
*** RIVER *** [7s 9h 8s Kh] [2d]
Chessnok: checks
ElverGalinda: checks
*** SHOW DOWN ***
Chessnok: shows [As Jc] (high card Ace)
ElverGalinda: mucks hand
Chessnok collected $35.50 from pot
*** SUMMARY ***
Total pot $36 | Rake $0.50
Board [7s 9h 8s Kh 2d]
Seat 1: ElverGalinda (button) (small blind) mucked
Seat 6: Chessnok (big blind) showed [As Jc] and won ($35.50) with high card Ace


PokerStars Hand #156838121145:  Hold'em Limit ($3/$6 USD) - 2016/08/03 22:41:45 ET
Table 'Thalia' 6-max Seat #6 is the button
Seat 1: ElverGalinda ($119 in chips)
Seat 6: Chessnok ($226.76 in chips)
Chessnok: posts small blind $1
ElverGalinda: posts big blind $3
*** HOLE CARDS ***
Chessnok: raises $3 to $6
ElverGalinda: raises $3 to $9
Chessnok: calls $3
*** FLOP *** [7d 3c 7c]
ElverGalinda: checks
Chessnok: bets $3
ElverGalinda: raises $3 to $6
Chessnok: calls $3
*** TURN *** [7d 3c 7c] [4h]
ElverGalinda: bets $6
Chessnok: calls $6
*** RIVER *** [7d 3c 7c 4h] [Tc]
ElverGalinda: bets $6
Chessnok: folds
Uncalled bet ($6) returned to ElverGalinda
ElverGalinda collected $41.50 from pot
*** SUMMARY ***
Total pot $42 | Rake $0.50
Board [7d 3c 7c 4h Tc]
Seat 1: ElverGalinda (big blind) collected ($41.50)
Seat 6: Chessnok (button) (small blind) folded on the River


PokerStars Hand #156838154316:  Hold'em Limit ($3/$6 USD) - 2016/08/03 22:43:29 ET
Table 'Thalia' 6-max Seat #6 is the button
Seat 1: ElverGalinda ($72 in chips)
Seat 6: Chessnok ($272.26 in chips)
Chessnok: posts small blind $1
ElverGalinda: posts big blind $3
*** HOLE CARDS ***
Chessnok: raises $3 to $6
ElverGalinda: calls $3
*** FLOP *** [Jh 2c 6h]
ElverGalinda: checks
Chessnok: bets $3
ElverGalinda: calls $3
*** TURN *** [Jh 2c 6h] [3s]
ElverGalinda: checks
Chessnok: bets $6
ElverGalinda: raises $6 to $12
Chessnok: raises $6 to $18
ElverGalinda: calls $6
*** RIVER *** [Jh 2c 6h 3s] [9h]
ElverGalinda: bets $6
Chessnok: raises $6 to $12
ElverGalinda: calls $6
*** SHOW DOWN ***
Chessnok: shows [3c 3d] (three of a kind, Threes)
ElverGalinda: mucks hand
Chessnok collected $77.50 from pot
*** SUMMARY ***
Total pot $78 | Rake $0.50
Board [Jh 2c 6h 3s 9h]
Seat 1: ElverGalinda (big blind) mucked
Seat 6: Chessnok (button) (small blind) showed [3c 3d] and won ($77.50) with three of a kind, Threes


PokerStars Hand #156838152579:  Hold'em Limit ($3/$6 USD) - 2016/08/03 22:43:24 ET
Table 'Thalia' 6-max Seat #1 is the button
Seat 1: ElverGalinda ($72.50 in chips)
Seat 6: Chessnok ($271.26 in chips)
ElverGalinda: posts small blind $1
Chessnok: posts big blind $3
*** HOLE CARDS ***
ElverGalinda: folds
Uncalled bet ($2) returned to Chessnok
Chessnok collected $2 from pot
Chessnok: doesn't show hand
*** SUMMARY ***
Total pot $2 | Rake $0
Seat 1: ElverGalinda (button) (small blind) folded before Flop
Seat 6: Chessnok (big blind) collected ($2)


PokerStars Hand #156838150665:  Hold'em Limit ($3/$6 USD) - 2016/08/03 22:43:18 ET
Table 'Thalia' 6-max Seat #6 is the button
Seat 1: ElverGalinda ($75.50 in chips)
Seat 6: Chessnok ($268.26 in chips)
Chessnok: posts small blind $1
ElverGalinda: posts big blind $3
*** HOLE CARDS ***
Chessnok: raises $3 to $6
ElverGalinda: folds
Uncalled bet ($3) returned to Chessnok
Chessnok collected $6 from pot
Chessnok: doesn't show hand
*** SUMMARY ***
Total pot $6 | Rake $0
Seat 1: ElverGalinda (big blind) folded before Flop
Seat 6: Chessnok (button) (small blind) collected ($6)


PokerStars Hand #156838149046:  Hold'em Limit ($3/$6 USD) - 2016/08/03 22:43:13 ET
Table 'Thalia' 6-max Seat #1 is the button
Seat 1: ElverGalinda ($76.50 in chips)
Seat 6: Chessnok ($267.26 in chips)
ElverGalinda: posts small blind $1
Chessnok: posts big blind $3
*** HOLE CARDS ***
ElverGalinda: folds
Uncalled bet ($2) returned to Chessnok
Chessnok collected $2 from pot
Chessnok: doesn't show hand
*** SUMMARY ***
Total pot $2 | Rake $0
Seat 1: ElverGalinda (button) (small blind) folded before Flop
Seat 6: Chessnok (big blind) collected ($2)


PokerStars Hand #156838147298:  Hold'em Limit ($3/$6 USD) - 2016/08/03 22:43:07 ET
Table 'Thalia' 6-max Seat #6 is the button
Seat 1: ElverGalinda ($79.50 in chips)
Seat 6: Chessnok ($264.26 in chips)
Chessnok: posts small blind $1
ElverGalinda: posts big blind $3
*** HOLE CARDS ***
Chessnok: raises $3 to $6
ElverGalinda: folds
Uncalled bet ($3) returned to Chessnok
Chessnok collected $6 from pot
Chessnok: doesn't show hand
*** SUMMARY ***
Total pot $6 | Rake $0
Seat 1: ElverGalinda (big blind) folded before Flop
Seat 6: Chessnok (button) (small blind) collected ($6)


PokerStars Hand #156838140108:  Hold'em Limit ($3/$6 USD) - 2016/08/03 22:42:45 ET
Table 'Thalia' 6-max Seat #1 is the button
Seat 1: ElverGalinda ($94.50 in chips)
Seat 6: Chessnok ($249.76 in chips)
ElverGalinda: posts small blind $1
Chessnok: posts big blind $3
*** HOLE CARDS ***
ElverGalinda: calls $2
Chessnok: raises $3 to $6
ElverGalinda: calls $3
*** FLOP *** [7h Ac 2s]
Chessnok: bets $3
ElverGalinda: calls $3
*** TURN *** [7h Ac 2s] [Th]
Chessnok: bets $6
ElverGalinda: calls $6
*** RIVER *** [7h Ac 2s Th] [7d]
Chessnok: checks
ElverGalinda: checks
*** SHOW DOWN ***
Chessnok: shows [8s Ks] (a pair of Sevens)
ElverGalinda: mucks hand
Chessnok collected $29.50 from pot
*** SUMMARY ***
Total pot $30 | Rake $0.50
Board [7h Ac 2s Th 7d]
Seat 1: ElverGalinda (button) (small blind) mucked
Seat 6: Chessnok (big blind) showed [8s Ks] and won ($29.50) with a pair of Sevens


PokerStars Hand #156838167227:  Hold'em Limit ($3/$6 USD) - 2016/08/03 22:44:11 ET
Table 'Thalia' 6-max Seat #6 is the button
Seat 1: ElverGalinda ($52.40 in chips)
Seat 6: Chessnok ($292.76 in chips)
Chessnok: posts small blind $1
ElverGalinda: posts big blind $3
*** HOLE CARDS ***
Chessnok: folds
Uncalled bet ($2) returned to ElverGalinda
ElverGalinda collected $2 from pot
*** SUMMARY ***
Total pot $2 | Rake $0
Seat 1: ElverGalinda (big blind) collected ($2)
Seat 6: Chessnok (button) (small blind) folded before Flop


PokerStars Hand #156838161288:  Hold'em Limit ($3/$6 USD) - 2016/08/03 22:43:52 ET
Table 'Thalia' 6-max Seat #1 is the button
Seat 1: ElverGalinda ($34.90 in chips)
Seat 6: Chessnok ($310.76 in chips)
ElverGalinda: posts small blind $1
Chessnok: posts big blind $3
*** HOLE CARDS ***
ElverGalinda: raises $3 to $6
Chessnok: raises $3 to $9
ElverGalinda: calls $3
*** FLOP *** [9d Qc 4s]
Chessnok: bets $3
ElverGalinda: calls $3
*** TURN *** [9d Qc 4s] [2d]
Chessnok: bets $6
ElverGalinda: calls $6
*** RIVER *** [9d Qc 4s 2d] [Jc]
Chessnok: checks
ElverGalinda: bets $6
Chessnok: folds
Uncalled bet ($6) returned to ElverGalinda
ElverGalinda collected $35.50 from pot
*** SUMMARY ***
Total pot $36 | Rake $0.50
Board [9d Qc 4s 2d Jc]
Seat 1: ElverGalinda (button) (small blind) collected ($35.50)
Seat 6: Chessnok (big blind) folded on the River


PokerStars Hand #156838201430:  Hold'em Limit ($3/$6 USD) - 2016/08/03 22:45:59 ET
Table 'Thalia' 6-max Seat #1 is the button
Seat 1: ElverGalinda ($54.80 in chips)
Seat 6: Chessnok ($288.50 in chips)
ElverGalinda: posts small blind $1
Chessnok: posts big blind $3
*** HOLE CARDS ***
ElverGalinda: folds
Uncalled bet ($2) returned to Chessnok
Chessnok collected $2 from pot
Chessnok: doesn't show hand
*** SUMMARY ***
Total pot $2 | Rake $0
Seat 1: ElverGalinda (button) (small blind) folded before Flop
Seat 6: Chessnok (big blind) collected ($2)


PokerStars Hand #156838185404:  Hold'em Limit ($3/$6 USD) - 2016/08/03 22:45:08 ET
Table 'Thalia' 6-max Seat #1 is the button
Seat 1: ElverGalinda ($34.30 in chips)
Seat 6: Chessnok ($309.86 in chips)
ElverGalinda: posts small blind $1
Chessnok: posts big blind $3
*** HOLE CARDS ***
ElverGalinda: raises $3 to $6
Chessnok: raises $3 to $9
ElverGalinda: calls $3
*** FLOP *** [3h 6s 5d]
Chessnok: bets $3
ElverGalinda: calls $3
*** TURN *** [3h 6s 5d] [9c]
Chessnok: bets $6
ElverGalinda: raises $6 to $12
Chessnok: calls $6
*** RIVER *** [3h 6s 5d 9c] [Qs]
Chessnok: checks
ElverGalinda: bets $6
Chessnok: calls $6
*** SHOW DOWN ***
ElverGalinda: shows [9h Ad] (a pair of Nines)
Chessnok: mucks hand
ElverGalinda collected $59.50 from pot
*** SUMMARY ***
Total pot $60 | Rake $0.50
Board [3h 6s 5d 9c Qs]
Seat 1: ElverGalinda (button) (small blind) showed [9h Ad] and won ($59.50) with a pair of Nines
Seat 6: Chessnok (big blind) mucked


PokerStars Hand #156838179104:  Hold'em Limit ($3/$6 USD) - 2016/08/03 22:44:48 ET
Table 'Thalia' 6-max Seat #6 is the button
Seat 1: ElverGalinda ($17.40 in chips)
Seat 6: Chessnok ($327.26 in chips)
Chessnok: posts small blind $1
ElverGalinda: posts big blind $3
*** HOLE CARDS ***
Chessnok: raises $3 to $6
ElverGalinda: calls $3
*** FLOP *** [Kd 4c 9d]
ElverGalinda: checks
Chessnok: bets $3
ElverGalinda: raises $3 to $6
Chessnok: calls $3
*** TURN *** [Kd 4c 9d] [Jc]
ElverGalinda: bets $5.40 and is all-in
Chessnok: calls $5.40
*** RIVER *** [Kd 4c 9d Jc] [As]
*** SHOW DOWN ***
ElverGalinda: shows [4d 4s] (three of a kind, Fours)
Chessnok: shows [9s Td] (a pair of Nines)
ElverGalinda collected $34.30 from pot
*** SUMMARY ***
Total pot $34.80 | Rake $0.50
Board [Kd 4c 9d Jc As]
Seat 1: ElverGalinda (big blind) showed [4d 4s] and won ($34.30) with three of a kind, Fours
Seat 6: Chessnok (button) (small blind) showed [9s Td] and lost with a pair of Nines


PokerStars Hand #156838202951:  Hold'em Limit ($3/$6 USD) - 2016/08/03 22:46:03 ET
Table 'Thalia' 6-max Seat #6 is the button
Seat 1: ElverGalinda ($53.80 in chips)
Seat 6: Chessnok ($289.50 in chips)
Chessnok: posts small blind $1
ElverGalinda: posts big blind $3
*** HOLE CARDS ***
Chessnok: raises $3 to $6
ElverGalinda: calls $3
*** FLOP *** [Js 3h 6h]
ElverGalinda: checks
Chessnok: bets $3
ElverGalinda: calls $3
*** TURN *** [Js 3h 6h] [Jd]
ElverGalinda: checks
Chessnok: checks
*** RIVER *** [Js 3h 6h Jd] [6d]
ElverGalinda: checks
Chessnok: checks
*** SHOW DOWN ***
ElverGalinda: shows [9s Kd] (two pair, Jacks and Sixes)
Chessnok: shows [4h Kc] (two pair, Jacks and Sixes)
ElverGalinda collected $8.82 from pot
Chessnok collected $8.82 from pot
*** SUMMARY ***
Total pot $18 | Rake $0.36
Board [Js 3h 6h Jd 6d]
Seat 1: ElverGalinda (big blind) showed [9s Kd] and won ($8.82) with two pair, Jacks and Sixes
Seat 6: Chessnok (button) (small blind) showed [4h Kc] and won ($8.82) with two pair, Jacks and Sixes


PokerStars Hand #156838209403:  Hold'em Limit ($3/$6 USD) - 2016/08/03 22:46:24 ET
Table 'Thalia' 6-max Seat #1 is the button
Seat 1: ElverGalinda ($53.62 in chips)
Seat 6: Chessnok ($289.32 in chips)
ElverGalinda: posts small blind $1
Chessnok: posts big blind $3
*** HOLE CARDS ***
ElverGalinda: raises $3 to $6
Chessnok: calls $3
*** FLOP *** [Tc 8s 6d]
Chessnok: checks
ElverGalinda: checks
*** TURN *** [Tc 8s 6d] [Js]
Chessnok: bets $6
ElverGalinda: calls $6
*** RIVER *** [Tc 8s 6d Js] [5h]
Chessnok: bets $6
ElverGalinda: calls $6
*** SHOW DOWN ***
Chessnok: shows [2s Ts] (a pair of Tens)
ElverGalinda: mucks hand
Chessnok collected $35.50 from pot
*** SUMMARY ***
Total pot $36 | Rake $0.50
Board [Tc 8s 6d Js 5h]
Seat 1: ElverGalinda (button) (small blind) mucked
Seat 6: Chessnok (big blind) showed [2s Ts] and won ($35.50) with a pair of Tens


PokerStars Hand #156838223385:  Hold'em Limit ($3/$6 USD) - 2016/08/03 22:47:08 ET
Table 'Thalia' 6-max Seat #1 is the button
Seat 1: ElverGalinda ($53.12 in chips)
Seat 6: Chessnok ($288.82 in chips)
ElverGalinda: posts small blind $1
Chessnok: posts big blind $3
*** HOLE CARDS ***
ElverGalinda: folds
Uncalled bet ($2) returned to Chessnok
Chessnok collected $2 from pot
Chessnok: doesn't show hand
*** SUMMARY ***
Total pot $2 | Rake $0
Seat 1: ElverGalinda (button) (small blind) folded before Flop
Seat 6: Chessnok (big blind) collected ($2)


PokerStars Hand #156838217829:  Hold'em Limit ($3/$6 USD) - 2016/08/03 22:46:50 ET
Table 'Thalia' 6-max Seat #6 is the button
Seat 1: ElverGalinda ($35.62 in chips)
Seat 6: Chessnok ($306.82 in chips)
Chessnok: posts small blind $1
ElverGalinda: posts big blind $3
*** HOLE CARDS ***
Chessnok: raises $3 to $6
ElverGalinda: raises $3 to $9
Chessnok: calls $3
*** FLOP *** [Jc Kh 4d]
ElverGalinda: bets $3
Chessnok: calls $3
*** TURN *** [Jc Kh 4d] [7h]
ElverGalinda: checks
Chessnok: checks
*** RIVER *** [Jc Kh 4d 7h] [2h]
ElverGalinda: bets $6
Chessnok: calls $6
*** SHOW DOWN ***
ElverGalinda: shows [5h 5s] (a pair of Fives)
Chessnok: mucks hand
ElverGalinda collected $35.50 from pot
*** SUMMARY ***
Total pot $36 | Rake $0.50
Board [Jc Kh 4d 7h 2h]
Seat 1: ElverGalinda (big blind) showed [5h 5s] and won ($35.50) with a pair of Fives
Seat 6: Chessnok (button) (small blind) mucked


PokerStars Hand #156838229329:  Hold'em Limit ($3/$6 USD) - 2016/08/03 22:47:27 ET
Table 'Thalia' 6-max Seat #1 is the button
Seat 1: ElverGalinda ($43.12 in chips)
Seat 6: Chessnok ($298.46 in chips)
ElverGalinda: posts small blind $1
Chessnok: posts big blind $3
*** HOLE CARDS ***
ElverGalinda: raises $3 to $6
Chessnok: raises $3 to $9
ElverGalinda: raises $3 to $12
Betting is capped
Chessnok: calls $3
*** FLOP *** [7c 3c Kc]
Chessnok: checks
ElverGalinda: bets $3
Chessnok: raises $3 to $6
ElverGalinda: calls $3
*** TURN *** [7c 3c Kc] [9c]
Chessnok: bets $6
ElverGalinda: calls $6
*** RIVER *** [7c 3c Kc 9c] [5d]
Chessnok: bets $6
ElverGalinda: calls $6
*** SHOW DOWN ***
Chessnok: shows [Tc Ac] (a flush, Ace high)
ElverGalinda: mucks hand
Chessnok collected $59.50 from pot
*** SUMMARY ***
Total pot $60 | Rake $0.50
Board [7c 3c Kc 9c 5d]
Seat 1: ElverGalinda (button) (small blind) mucked
Seat 6: Chessnok (big blind) showed [Tc Ac] and won ($59.50) with a flush, Ace high


PokerStars Hand #156838234419:  Hold'em Limit ($3/$6 USD) - 2016/08/03 22:47:43 ET
Table 'Thalia' 6-max Seat #6 is the button
Seat 1: ElverGalinda ($13.12 in chips)
Seat 6: Chessnok ($327.96 in chips)
Chessnok: posts small blind $1
ElverGalinda: posts big blind $3
*** HOLE CARDS ***
Chessnok: raises $3 to $6
ElverGalinda: folds
Uncalled bet ($3) returned to Chessnok
Chessnok collected $6 from pot
Chessnok: doesn't show hand
*** SUMMARY ***
Total pot $6 | Rake $0
Seat 1: ElverGalinda (big blind) folded before Flop
Seat 6: Chessnok (button) (small blind) collected ($6)


PokerStars Hand #156838236559:  Hold'em Limit ($3/$6 USD) - 2016/08/03 22:47:50 ET
Table 'Thalia' 6-max Seat #1 is the button
Seat 1: ElverGalinda ($10.12 in chips)
Seat 6: Chessnok ($330.96 in chips)
ElverGalinda: posts small blind $1
Chessnok: posts big blind $3
*** HOLE CARDS ***
ElverGalinda: raises $3 to $6
Chessnok: calls $3
*** FLOP *** [Jh 4h Qc]
Chessnok: checks
ElverGalinda: checks
*** TURN *** [Jh 4h Qc] [8c]
Chessnok: checks
ElverGalinda: bets $4.12 and is all-in
Chessnok: folds
Uncalled bet ($4.12) returned to ElverGalinda
ElverGalinda collected $11.76 from pot
*** SUMMARY ***
Total pot $12 | Rake $0.24
Board [Jh 4h Qc 8c]
Seat 1: ElverGalinda (button) (small blind) collected ($11.76)
Seat 6: Chessnok (big blind) folded on the Turn


PokerStars Hand #156838248347:  Hold'em Limit ($3/$6 USD) - 2016/08/03 22:48:28 ET
Table 'Thalia' 6-max Seat #1 is the button
Seat 1: ElverGalinda ($12.88 in chips)
Seat 6: Chessnok ($327.96 in chips)
ElverGalinda: posts small blind $1
Chessnok: posts big blind $3
*** HOLE CARDS ***
ElverGalinda: raises $3 to $6
Chessnok: calls $3
*** FLOP *** [7d 9h 3c]
Chessnok: checks
ElverGalinda: checks
*** TURN *** [7d 9h 3c] [Qc]
Chessnok: bets $6
ElverGalinda: raises $0.88 to $6.88 and is all-in
Chessnok: calls $0.88
*** RIVER *** [7d 9h 3c Qc] [9c]
*** SHOW DOWN ***
Chessnok: shows [8d 6c] (a pair of Nines)
ElverGalinda: shows [Qd 5d] (two pair, Queens and Nines)
ElverGalinda collected $25.26 from pot
*** SUMMARY ***
Total pot $25.76 | Rake $0.50
Board [7d 9h 3c Qc 9c]
Seat 1: ElverGalinda (button) (small blind) showed [Qd 5d] and won ($25.26) with two pair, Queens and Nines
Seat 6: Chessnok (big blind) showed [8d 6c] and lost with a pair of Nines


PokerStars Hand #156838246349:  Hold'em Limit ($3/$6 USD) - 2016/08/03 22:48:21 ET
Table 'Thalia' 6-max Seat #6 is the button
Seat 1: ElverGalinda ($15.88 in chips)
Seat 6: Chessnok ($324.96 in chips)
Chessnok: posts small blind $1
ElverGalinda: posts big blind $3
*** HOLE CARDS ***
Chessnok: raises $3 to $6
ElverGalinda: folds
Uncalled bet ($3) returned to Chessnok
Chessnok collected $6 from pot
Chessnok: doesn't show hand
*** SUMMARY ***
Total pot $6 | Rake $0
Seat 1: ElverGalinda (big blind) folded before Flop
Seat 6: Chessnok (button) (small blind) collected ($6)


PokerStars Hand #156838244289:  Hold'em Limit ($3/$6 USD) - 2016/08/03 22:48:15 ET
Table 'Thalia' 6-max Seat #1 is the button
Seat 1: ElverGalinda ($16.88 in chips)
Seat 6: Chessnok ($323.96 in chips)
ElverGalinda: posts small blind $1
Chessnok: posts big blind $3
*** HOLE CARDS ***
ElverGalinda: folds
Uncalled bet ($2) returned to Chessnok
Chessnok collected $2 from pot
Chessnok: doesn't show hand
*** SUMMARY ***
Total pot $2 | Rake $0
Seat 1: ElverGalinda (button) (small blind) folded before Flop
Seat 6: Chessnok (big blind) collected ($2)


PokerStars Hand #156838243035:  Hold'em Limit ($3/$6 USD) - 2016/08/03 22:48:11 ET
Table 'Thalia' 6-max Seat #6 is the button
Seat 1: ElverGalinda ($15.88 in chips)
Seat 6: Chessnok ($324.96 in chips)
Chessnok: posts small blind $1
ElverGalinda: posts big blind $3
*** HOLE CARDS ***
Chessnok: folds
Uncalled bet ($2) returned to ElverGalinda
ElverGalinda collected $2 from pot
*** SUMMARY ***
Total pot $2 | Rake $0
Seat 1: ElverGalinda (big blind) collected ($2)
Seat 6: Chessnok (button) (small blind) folded before Flop


PokerStars Hand #156838241577:  Hold'em Limit ($3/$6 USD) - 2016/08/03 22:48:06 ET
Table 'Thalia' 6-max Seat #1 is the button
Seat 1: ElverGalinda ($16.88 in chips)
Seat 6: Chessnok ($323.96 in chips)
ElverGalinda: posts small blind $1
Chessnok: posts big blind $3
*** HOLE CARDS ***
ElverGalinda: folds
Uncalled bet ($2) returned to Chessnok
Chessnok collected $2 from pot
Chessnok: doesn't show hand
*** SUMMARY ***
Total pot $2 | Rake $0
Seat 1: ElverGalinda (button) (small blind) folded before Flop
Seat 6: Chessnok (big blind) collected ($2)


PokerStars Hand #156838240141:  Hold'em Limit ($3/$6 USD) - 2016/08/03 22:48:02 ET
Table 'Thalia' 6-max Seat #6 is the button
Seat 1: ElverGalinda ($15.88 in chips)
Seat 6: Chessnok ($324.96 in chips)
Chessnok: posts small blind $1
ElverGalinda: posts big blind $3
*** HOLE CARDS ***
Chessnok: folds
Uncalled bet ($2) returned to ElverGalinda
ElverGalinda collected $2 from pot
*** SUMMARY ***
Total pot $2 | Rake $0
Seat 1: ElverGalinda (big blind) collected ($2)
Seat 6: Chessnok (button) (small blind) folded before Flop


PokerStars Hand #156838266956:  Hold'em Limit ($3/$6 USD) - 2016/08/03 22:49:28 ET
Table 'Thalia' 6-max Seat #1 is the button
Seat 1: ElverGalinda ($45.02 in chips)
Seat 6: Chessnok ($294.58 in chips)
ElverGalinda: posts small blind $1
Chessnok: posts big blind $3
*** HOLE CARDS ***
ElverGalinda: folds
Uncalled bet ($2) returned to Chessnok
Chessnok collected $2 from pot
Chessnok: doesn't show hand
*** SUMMARY ***
Total pot $2 | Rake $0
Seat 1: ElverGalinda (button) (small blind) folded before Flop
Seat 6: Chessnok (big blind) collected ($2)


PokerStars Hand #156838265549:  Hold'em Limit ($3/$6 USD) - 2016/08/03 22:49:23 ET
Table 'Thalia' 6-max Seat #6 is the button
Seat 1: ElverGalinda ($44.02 in chips)
Seat 6: Chessnok ($295.58 in chips)
Chessnok: posts small blind $1
ElverGalinda: posts big blind $3
*** HOLE CARDS ***
Chessnok: folds
Uncalled bet ($2) returned to ElverGalinda
ElverGalinda collected $2 from pot
*** SUMMARY ***
Total pot $2 | Rake $0
Seat 1: ElverGalinda (big blind) collected ($2)
Seat 6: Chessnok (button) (small blind) folded before Flop


PokerStars Hand #156838261690:  Hold'em Limit ($3/$6 USD) - 2016/08/03 22:49:11 ET
Table 'Thalia' 6-max Seat #1 is the button
Seat 1: ElverGalinda ($50.02 in chips)
Seat 6: Chessnok ($289.82 in chips)
ElverGalinda: posts small blind $1
Chessnok: posts big blind $3
*** HOLE CARDS ***
ElverGalinda: calls $2
Chessnok: raises $3 to $6
ElverGalinda: calls $3
*** FLOP *** [9h Js Ah]
Chessnok: bets $3
ElverGalinda: folds
Uncalled bet ($3) returned to Chessnok
Chessnok collected $11.76 from pot
Chessnok: doesn't show hand
*** SUMMARY ***
Total pot $12 | Rake $0.24
Board [9h Js Ah]
Seat 1: ElverGalinda (button) (small blind) folded on the Flop
Seat 6: Chessnok (big blind) collected ($11.76)


PokerStars Hand #156838273223:  Hold'em Limit ($3/$6 USD) - 2016/08/03 22:49:48 ET
Table 'Thalia' 6-max Seat #1 is the button
Seat 1: ElverGalinda ($38.02 in chips)
Seat 6: Chessnok ($301.34 in chips)
ElverGalinda: posts small blind $1
Chessnok: posts big blind $3
*** HOLE CARDS ***
ElverGalinda: folds
Uncalled bet ($2) returned to Chessnok
Chessnok collected $2 from pot
Chessnok: doesn't show hand
*** SUMMARY ***
Total pot $2 | Rake $0
Seat 1: ElverGalinda (button) (small blind) folded before Flop
Seat 6: Chessnok (big blind) collected ($2)


PokerStars Hand #156838268557:  Hold'em Limit ($3/$6 USD) - 2016/08/03 22:49:33 ET
Table 'Thalia' 6-max Seat #6 is the button
Seat 1: ElverGalinda ($44.02 in chips)
Seat 6: Chessnok ($295.58 in chips)
Chessnok: posts small blind $1
ElverGalinda: posts big blind $3
*** HOLE CARDS ***
Chessnok: raises $3 to $6
ElverGalinda: calls $3
*** FLOP *** [Tc Ah As]
ElverGalinda: checks
Chessnok: bets $3
ElverGalinda: folds
Uncalled bet ($3) returned to Chessnok
Chessnok collected $11.76 from pot
Chessnok: doesn't show hand
*** SUMMARY ***
Total pot $12 | Rake $0.24
Board [Tc Ah As]
Seat 1: ElverGalinda (big blind) folded on the Flop
Seat 6: Chessnok (button) (small blind) collected ($11.76)


PokerStars Hand #156838285000:  Hold'em Limit ($3/$6 USD) - 2016/08/03 22:50:26 ET
Table 'Thalia' 6-max Seat #6 is the button
Seat 1: ElverGalinda ($27.02 in chips)
Seat 6: Chessnok ($311.98 in chips)
Chessnok: posts small blind $1
ElverGalinda: posts big blind $3
*** HOLE CARDS ***
Chessnok: raises $3 to $6
ElverGalinda: folds
Uncalled bet ($3) returned to Chessnok
Chessnok collected $6 from pot
Chessnok: doesn't show hand
*** SUMMARY ***
Total pot $6 | Rake $0
Seat 1: ElverGalinda (big blind) folded before Flop
Seat 6: Chessnok (button) (small blind) collected ($6)


PokerStars Hand #156838282827:  Hold'em Limit ($3/$6 USD) - 2016/08/03 22:50:19 ET
Table 'Thalia' 6-max Seat #1 is the button
Seat 1: ElverGalinda ($28.02 in chips)
Seat 6: Chessnok ($310.98 in chips)
ElverGalinda: posts small blind $1
Chessnok: posts big blind $3
*** HOLE CARDS ***
ElverGalinda: folds
Uncalled bet ($2) returned to Chessnok
Chessnok collected $2 from pot
Chessnok: doesn't show hand
*** SUMMARY ***
Total pot $2 | Rake $0
Seat 1: ElverGalinda (button) (small blind) folded before Flop
Seat 6: Chessnok (big blind) collected ($2)


PokerStars Hand #156838275087:  Hold'em Limit ($3/$6 USD) - 2016/08/03 22:49:54 ET
Table 'Thalia' 6-max Seat #6 is the button
Seat 1: ElverGalinda ($37.02 in chips)
Seat 6: Chessnok ($302.34 in chips)
Chessnok: posts small blind $1
ElverGalinda: posts big blind $3
*** HOLE CARDS ***
Chessnok: raises $3 to $6
ElverGalinda: calls $3
*** FLOP *** [Js Qh 3d]
ElverGalinda: checks
Chessnok: bets $3
ElverGalinda: calls $3
*** TURN *** [Js Qh 3d] [6s]
ElverGalinda: checks
Chessnok: checks
*** RIVER *** [Js Qh 3d 6s] [Kh]
ElverGalinda: checks
Chessnok: bets $6
ElverGalinda: folds
Uncalled bet ($6) returned to Chessnok
Chessnok collected $17.64 from pot
Chessnok: doesn't show hand
*** SUMMARY ***
Total pot $18 | Rake $0.36
Board [Js Qh 3d 6s Kh]
Seat 1: ElverGalinda (big blind) folded on the River
Seat 6: Chessnok (button) (small blind) collected ($17.64)


PokerStars Hand #156838286742:  Hold'em Limit ($3/$6 USD) - 2016/08/03 22:50:32 ET
Table 'Thalia' 6-max Seat #1 is the button
Seat 1: ElverGalinda ($24.02 in chips)
Seat 6: Chessnok ($314.98 in chips)
ElverGalinda: posts small blind $1
Chessnok: posts big blind $3
*** HOLE CARDS ***
ElverGalinda: calls $2
Chessnok: raises $3 to $6
ElverGalinda: calls $3
*** FLOP *** [2c Kc 9h]
Chessnok: bets $3
ElverGalinda: raises $3 to $6
Chessnok: raises $3 to $9
ElverGalinda: calls $3
*** TURN *** [2c Kc 9h] [Ts]
Chessnok: bets $6
ElverGalinda: raises $3.02 to $9.02 and is all-in
Chessnok: calls $3.02
*** RIVER *** [2c Kc 9h Ts] [8s]
*** SHOW DOWN ***
Chessnok: shows [Ah As] (a pair of Aces)
ElverGalinda: shows [Jc Qh] (a straight, Nine to King)
ElverGalinda collected $47.54 from pot
*** SUMMARY ***
Total pot $48.04 | Rake $0.50
Board [2c Kc 9h Ts 8s]
Seat 1: ElverGalinda (button) (small blind) showed [Jc Qh] and won ($47.54) with a straight, Nine to King
Seat 6: Chessnok (big blind) showed [Ah As] and lost with a pair of Aces


PokerStars Hand #156838303304:  Hold'em Limit ($3/$6 USD) - 2016/08/03 22:51:25 ET
Table 'Thalia' 6-max Seat #1 is the button
Seat 1: ElverGalinda ($34.54 in chips)
Seat 6: Chessnok ($303.48 in chips)
ElverGalinda: posts small blind $1
Chessnok: posts big blind $3
*** HOLE CARDS ***
ElverGalinda: raises $3 to $6
Chessnok: raises $3 to $9
ElverGalinda: raises $3 to $12
Betting is capped
Chessnok: calls $3
*** FLOP *** [7c Kh 9c]
Chessnok: checks
ElverGalinda: bets $3
Chessnok: raises $3 to $6
ElverGalinda: calls $3
*** TURN *** [7c Kh 9c] [7d]
Chessnok: bets $6
ElverGalinda: folds
Uncalled bet ($6) returned to Chessnok
Chessnok collected $35.50 from pot
Chessnok: doesn't show hand
*** SUMMARY ***
Total pot $36 | Rake $0.50
Board [7c Kh 9c 7d]
Seat 1: ElverGalinda (button) (small blind) folded on the Turn
Seat 6: Chessnok (big blind) collected ($35.50)


PokerStars Hand #156838300116:  Hold'em Limit ($3/$6 USD) - 2016/08/03 22:51:14 ET
Table 'Thalia' 6-max Seat #6 is the button
Seat 1: ElverGalinda ($40.54 in chips)
Seat 6: Chessnok ($297.72 in chips)
Chessnok: posts small blind $1
ElverGalinda: posts big blind $3
*** HOLE CARDS ***
Chessnok: raises $3 to $6
ElverGalinda: calls $3
*** FLOP *** [Ah Qd 6s]
ElverGalinda: checks
Chessnok: bets $3
ElverGalinda: folds
Uncalled bet ($3) returned to Chessnok
Chessnok collected $11.76 from pot
Chessnok: doesn't show hand
*** SUMMARY ***
Total pot $12 | Rake $0.24
Board [Ah Qd 6s]
Seat 1: ElverGalinda (big blind) folded on the Flop
Seat 6: Chessnok (button) (small blind) collected ($11.76)


PokerStars Hand #156838308387:  Hold'em Limit ($3/$6 USD) - 2016/08/03 22:51:41 ET
Table 'Thalia' 6-max Seat #6 is the button
Seat 1: ElverGalinda ($16.54 in chips)
Seat 6: Chessnok ($320.98 in chips)
Chessnok: posts small blind $1
ElverGalinda: posts big blind $3
*** HOLE CARDS ***
Chessnok: raises $3 to $6
ElverGalinda: calls $3
*** FLOP *** [5s 4h 9c]
ElverGalinda: bets $3
Chessnok: calls $3
*** TURN *** [5s 4h 9c] [Jh]
ElverGalinda: bets $6
Chessnok: raises $6 to $12
ElverGalinda: calls $1.54 and is all-in
Uncalled bet ($4.46) returned to Chessnok
*** RIVER *** [5s 4h 9c Jh] [Kc]
*** SHOW DOWN ***
ElverGalinda: shows [8c 4c] (a pair of Fours)
Chessnok: shows [Ts Jc] (a pair of Jacks)
Chessnok collected $32.58 from pot
*** SUMMARY ***
Total pot $33.08 | Rake $0.50
Board [5s 4h 9c Jh Kc]
Seat 1: ElverGalinda (big blind) showed [8c 4c] and lost with a pair of Fours
Seat 6: Chessnok (button) (small blind) showed [Ts Jc] and won ($32.58) with a pair of Jacks


PokerStars Hand #156838298401:  Hold'em Limit ($3/$6 USD) - 2016/08/03 22:51:09 ET
Table 'Thalia' 6-max Seat #1 is the button
Seat 1: ElverGalinda ($41.54 in chips)
Seat 6: Chessnok ($296.72 in chips)
ElverGalinda: posts small blind $1
Chessnok: posts big blind $3
*** HOLE CARDS ***
ElverGalinda: folds
Uncalled bet ($2) returned to Chessnok
Chessnok collected $2 from pot
Chessnok: doesn't show hand
*** SUMMARY ***
Total pot $2 | Rake $0
Seat 1: ElverGalinda (button) (small blind) folded before Flop
Seat 6: Chessnok (big blind) collected ($2)


PokerStars Hand #156838293843:  Hold'em Limit ($3/$6 USD) - 2016/08/03 22:50:55 ET
Table 'Thalia' 6-max Seat #6 is the button
Seat 1: ElverGalinda ($47.54 in chips)
Seat 6: Chessnok ($290.96 in chips)
Chessnok: posts small blind $1
ElverGalinda: posts big blind $3
*** HOLE CARDS ***
Chessnok: raises $3 to $6
ElverGalinda: calls $3
*** FLOP *** [3d As 8c]
ElverGalinda: checks
Chessnok: bets $3
ElverGalinda: folds
Uncalled bet ($3) returned to Chessnok
Chessnok collected $11.76 from pot
Chessnok: doesn't show hand
*** SUMMARY ***
Total pot $12 | Rake $0.24
Board [3d As 8c]
Seat 1: ElverGalinda (big blind) folded on the Flop
Seat 6: Chessnok (button) (small blind) collected ($11.76)


PokerStars Hand #156838438338:  Hold'em Limit ($3/$6 USD) - 2016/08/03 22:58:59 ET
Table 'Thalia' 6-max Seat #3 is the button
Seat 3: BonneCrpe29 ($88.31 in chips)
Seat 6: Chessnok ($324.52 in chips)
BonneCrpe29: posts small blind $1
Chessnok: posts big blind $3
*** HOLE CARDS ***
BonneCrpe29: folds
Uncalled bet ($2) returned to Chessnok
Chessnok collected $2 from pot
Chessnok: doesn't show hand
*** SUMMARY ***
Total pot $2 | Rake $0
Seat 3: BonneCrpe29 (button) (small blind) folded before Flop
Seat 6: Chessnok (big blind) collected ($2)


PokerStars Hand #156838443532:  Hold'em Limit ($3/$6 USD) - 2016/08/03 22:59:19 ET
Table 'Thalia' 6-max Seat #3 is the button
Seat 3: BonneCrpe29 ($87.06 in chips)
Seat 6: Chessnok ($325.27 in chips)
BonneCrpe29: posts small blind $1
Chessnok: posts big blind $3
*** HOLE CARDS ***
BonneCrpe29: raises $3 to $6
Chessnok: folds
Uncalled bet ($3) returned to BonneCrpe29
BonneCrpe29 collected $6 from pot
*** SUMMARY ***
Total pot $6 | Rake $0
Seat 3: BonneCrpe29 (button) (small blind) collected ($6)
Seat 6: Chessnok (big blind) folded before Flop


PokerStars Hand #156838444916:  Hold'em Limit ($3/$6 USD) - 2016/08/03 22:59:24 ET
Table 'Thalia' 6-max Seat #6 is the button
Seat 3: BonneCrpe29 ($90.06 in chips)
Seat 6: Chessnok ($322.27 in chips)
Chessnok: posts small blind $1
BonneCrpe29: posts big blind $3
*** HOLE CARDS ***
Chessnok: calls $2
BonneCrpe29: checks
*** FLOP *** [5h Kc 7h]
BonneCrpe29: checks
Chessnok: bets $3
BonneCrpe29: folds
Uncalled bet ($3) returned to Chessnok
Chessnok collected $5.88 from pot
Chessnok: doesn't show hand
*** SUMMARY ***
Total pot $6 | Rake $0.12
Board [5h Kc 7h]
Seat 3: BonneCrpe29 (big blind) folded on the Flop
Seat 6: Chessnok (button) (small blind) collected ($5.88)


PokerStars Hand #156838439428:  Hold'em Limit ($3/$6 USD) - 2016/08/03 22:59:03 ET
Table 'Thalia' 6-max Seat #6 is the button
Seat 3: BonneCrpe29 ($87.31 in chips)
Seat 6: Chessnok ($325.52 in chips)
Chessnok: posts small blind $1
BonneCrpe29: posts big blind $3
*** HOLE CARDS ***
Chessnok: raises $3 to $6
BonneCrpe29: raises $3 to $9
Chessnok: calls $3
*** FLOP *** [4s 6c Ac]
BonneCrpe29: bets $3
Chessnok: calls $3
*** TURN *** [4s 6c Ac] [Ts]
BonneCrpe29: bets $6
Chessnok: raises $6 to $12
BonneCrpe29: calls $6
*** RIVER *** [4s 6c Ac Ts] [Kd]
BonneCrpe29: checks
Chessnok: bets $6
BonneCrpe29: calls $6
*** SHOW DOWN ***
Chessnok: shows [Qs Kc] (a pair of Kings)
BonneCrpe29: shows [Kh Qd] (a pair of Kings)
BonneCrpe29 collected $29.75 from pot
Chessnok collected $29.75 from pot
*** SUMMARY ***
Total pot $60 | Rake $0.50
Board [4s 6c Ac Ts Kd]
Seat 3: BonneCrpe29 (big blind) showed [Kh Qd] and won ($29.75) with a pair of Kings
Seat 6: Chessnok (button) (small blind) showed [Qs Kc] and won ($29.75) with a pair of Kings


PokerStars Hand #156838428471:  Hold'em Limit ($3/$6 USD) - 2016/08/03 22:58:21 ET
Table 'Thalia' 6-max Seat #3 is the button
Seat 3: BonneCrpe29 ($76.81 in chips)
Seat 6: Chessnok ($337.02 in chips)
BonneCrpe29: posts small blind $1
Chessnok: posts big blind $3
*** HOLE CARDS ***
BonneCrpe29: raises $3 to $6
Chessnok: raises $3 to $9
BonneCrpe29: raises $3 to $12
Betting is capped
Chessnok: calls $3
*** FLOP *** [8s 8h Ac]
Chessnok: checks
BonneCrpe29: bets $3
Chessnok: calls $3
*** TURN *** [8s 8h Ac] [Qh]
Chessnok: checks
BonneCrpe29: bets $6
Chessnok: raises $6 to $12
BonneCrpe29: folds
Uncalled bet ($6) returned to Chessnok
Chessnok collected $41.50 from pot
Chessnok: doesn't show hand
*** SUMMARY ***
Total pot $42 | Rake $0.50
Board [8s 8h Ac Qh]
Seat 3: BonneCrpe29 (button) (small blind) folded on the Turn
Seat 6: Chessnok (big blind) collected ($41.50)


PokerStars Hand #156838449304:  Hold'em Limit ($3/$6 USD) - 2016/08/03 22:59:41 ET
Table 'Thalia' 6-max Seat #6 is the button
Seat 3: BonneCrpe29 ($78.06 in chips)
Seat 6: Chessnok ($333.79 in chips)
Chessnok: posts small blind $1
BonneCrpe29: posts big blind $3
*** HOLE CARDS ***
Chessnok: raises $3 to $6
BonneCrpe29: folds
Uncalled bet ($3) returned to Chessnok
Chessnok collected $6 from pot
Chessnok: doesn't show hand
*** SUMMARY ***
Total pot $6 | Rake $0
Seat 3: BonneCrpe29 (big blind) folded before Flop
Seat 6: Chessnok (button) (small blind) collected ($6)


PokerStars Hand #156838446922:  Hold'em Limit ($3/$6 USD) - 2016/08/03 22:59:32 ET
Table 'Thalia' 6-max Seat #3 is the button
Seat 3: BonneCrpe29 ($87.06 in chips)
Seat 6: Chessnok ($325.15 in chips)
BonneCrpe29: posts small blind $1
Chessnok: posts big blind $3
*** HOLE CARDS ***
BonneCrpe29: raises $3 to $6
Chessnok: calls $3
*** FLOP *** [5d Jd 5c]
Chessnok: checks
BonneCrpe29: bets $3
Chessnok: raises $3 to $6
BonneCrpe29: folds
Uncalled bet ($3) returned to Chessnok
Chessnok collected $17.64 from pot
Chessnok: doesn't show hand
*** SUMMARY ***
Total pot $18 | Rake $0.36
Board [5d Jd 5c]
Seat 3: BonneCrpe29 (button) (small blind) folded on the Flop
Seat 6: Chessnok (big blind) collected ($17.64)


PokerStars Hand #156838458648:  Hold'em Limit ($3/$6 USD) - 2016/08/03 23:00:17 ET
Table 'Thalia' 6-max Seat #6 is the button
Seat 3: BonneCrpe29 ($99.56 in chips)
Seat 6: Chessnok ($311.79 in chips)
Chessnok: posts small blind $1
BonneCrpe29: posts big blind $3
*** HOLE CARDS ***
Chessnok: raises $3 to $6
BonneCrpe29: calls $3
*** FLOP *** [Jh 2h 4d]
BonneCrpe29: checks
Chessnok: bets $3
BonneCrpe29: folds
Uncalled bet ($3) returned to Chessnok
Chessnok collected $11.76 from pot
Chessnok: doesn't show hand
*** SUMMARY ***
Total pot $12 | Rake $0.24
Board [Jh 2h 4d]
Seat 3: BonneCrpe29 (big blind) folded on the Flop
Seat 6: Chessnok (button) (small blind) collected ($11.76)


PokerStars Hand #156838450543:  Hold'em Limit ($3/$6 USD) - 2016/08/03 22:59:46 ET
Table 'Thalia' 6-max Seat #3 is the button
Seat 3: BonneCrpe29 ($75.06 in chips)
Seat 6: Chessnok ($336.79 in chips)
BonneCrpe29: posts small blind $1
Chessnok: posts big blind $3
*** HOLE CARDS ***
BonneCrpe29: raises $3 to $6
Chessnok: raises $3 to $9
BonneCrpe29: raises $3 to $12
Betting is capped
Chessnok: calls $3
*** FLOP *** [2s 6h 4d]
Chessnok: checks
BonneCrpe29: bets $3
Chessnok: calls $3
*** TURN *** [2s 6h 4d] [Js]
Chessnok: checks
BonneCrpe29: bets $6
Chessnok: calls $6
*** RIVER *** [2s 6h 4d Js] [3c]
Chessnok: checks
BonneCrpe29: bets $6
Chessnok: folds
Uncalled bet ($6) returned to BonneCrpe29
BonneCrpe29 collected $41.50 from pot
*** SUMMARY ***
Total pot $42 | Rake $0.50
Board [2s 6h 4d Js 3c]
Seat 3: BonneCrpe29 (button) (small blind) collected ($41.50)
Seat 6: Chessnok (big blind) folded on the River


PokerStars Hand #156838456948:  Hold'em Limit ($3/$6 USD) - 2016/08/03 23:00:10 ET
Table 'Thalia' 6-max Seat #3 is the button
Seat 3: BonneCrpe29 ($96.56 in chips)
Seat 6: Chessnok ($314.79 in chips)
BonneCrpe29: posts small blind $1
Chessnok: posts big blind $3
*** HOLE CARDS ***
BonneCrpe29: raises $3 to $6
Chessnok: folds
Uncalled bet ($3) returned to BonneCrpe29
BonneCrpe29 collected $6 from pot
*** SUMMARY ***
Total pot $6 | Rake $0
Seat 3: BonneCrpe29 (button) (small blind) collected ($6)
Seat 6: Chessnok (big blind) folded before Flop


PokerStars Hand #156838455894:  Hold'em Limit ($3/$6 USD) - 2016/08/03 23:00:06 ET
Table 'Thalia' 6-max Seat #6 is the button
Seat 3: BonneCrpe29 ($95.56 in chips)
Seat 6: Chessnok ($315.79 in chips)
Chessnok: posts small blind $1
BonneCrpe29: posts big blind $3
*** HOLE CARDS ***
Chessnok: folds
Uncalled bet ($2) returned to BonneCrpe29
BonneCrpe29 collected $2 from pot
*** SUMMARY ***
Total pot $2 | Rake $0
Seat 3: BonneCrpe29 (big blind) collected ($2)
Seat 6: Chessnok (button) (small blind) folded before Flop


PokerStars Hand #156838465787:  Hold'em Limit ($3/$6 USD) - 2016/08/03 23:00:44 ET
Table 'Thalia' 6-max Seat #6 is the button
Seat 3: BonneCrpe29 ($69.56 in chips)
Seat 6: Chessnok ($341.05 in chips)
Chessnok: posts small blind $1
BonneCrpe29: posts big blind $3
*** HOLE CARDS ***
Chessnok: raises $3 to $6
BonneCrpe29: raises $3 to $9
Chessnok: calls $3
*** FLOP *** [7h 6d Qs]
BonneCrpe29: bets $3
Chessnok: calls $3
*** TURN *** [7h 6d Qs] [5s]
BonneCrpe29: bets $6
Chessnok: calls $6
*** RIVER *** [7h 6d Qs 5s] [Ks]
BonneCrpe29: checks
Chessnok: bets $6
BonneCrpe29: folds
Uncalled bet ($6) returned to Chessnok
Chessnok collected $35.50 from pot
Chessnok: doesn't show hand
BonneCrpe29 leaves the table
*** SUMMARY ***
Total pot $36 | Rake $0.50
Board [7h 6d Qs 5s Ks]
Seat 3: BonneCrpe29 (big blind) folded on the River
Seat 6: Chessnok (button) (small blind) collected ($35.50)


PokerStars Hand #156838460960:  Hold'em Limit ($3/$6 USD) - 2016/08/03 23:00:26 ET
Table 'Thalia' 6-max Seat #3 is the button
Seat 3: BonneCrpe29 ($93.56 in chips)
Seat 6: Chessnok ($317.55 in chips)
BonneCrpe29: posts small blind $1
Chessnok: posts big blind $3
*** HOLE CARDS ***
BonneCrpe29: raises $3 to $6
Chessnok: raises $3 to $9
BonneCrpe29: raises $3 to $12
Betting is capped
Chessnok: calls $3
*** FLOP *** [3h Jd 2c]
Chessnok: bets $3
BonneCrpe29: raises $3 to $6
Chessnok: calls $3
*** TURN *** [3h Jd 2c] [5c]
Chessnok: checks
BonneCrpe29: checks
*** RIVER *** [3h Jd 2c 5c] [9s]
Chessnok: checks
BonneCrpe29: bets $6
Chessnok: calls $6
*** SHOW DOWN ***
BonneCrpe29: shows [Qh 8d] (high card Queen)
Chessnok: shows [Ks 6c] (high card King)
Chessnok collected $47.50 from pot
*** SUMMARY ***
Total pot $48 | Rake $0.50
Board [3h Jd 2c 5c 9s]
Seat 3: BonneCrpe29 (button) (small blind) showed [Qh 8d] and lost with high card Queen
Seat 6: Chessnok (big blind) showed [Ks 6c] and won ($47.50) with high card King


PokerStars Hand #156838789384:  Hold'em Limit ($3/$6 USD) - 2016/08/03 23:18:53 ET
Table 'Thalia' 6-max Seat #1 is the button
Seat 1: libaikang ($139 in chips)
Seat 6: Chessnok ($358.55 in chips)
libaikang: posts small blind $1
Chessnok: posts big blind $3
*** HOLE CARDS ***
libaikang: folds
Uncalled bet ($2) returned to Chessnok
Chessnok collected $2 from pot
Chessnok: doesn't show hand
*** SUMMARY ***
Total pot $2 | Rake $0
Seat 1: libaikang (button) (small blind) folded before Flop
Seat 6: Chessnok (big blind) collected ($2)


PokerStars Hand #156838791482:  Hold'em Limit ($3/$6 USD) - 2016/08/03 23:19:01 ET
Table 'Thalia' 6-max Seat #6 is the button
Seat 1: libaikang ($138 in chips)
Seat 6: Chessnok ($359.55 in chips)
Chessnok: posts small blind $1
libaikang: posts big blind $3
*** HOLE CARDS ***
Chessnok: raises $3 to $6
libaikang: folds
Uncalled bet ($3) returned to Chessnok
Chessnok collected $6 from pot
Chessnok: doesn't show hand
*** SUMMARY ***
Total pot $6 | Rake $0
Seat 1: libaikang (big blind) folded before Flop
Seat 6: Chessnok (button) (small blind) collected ($6)


PokerStars Hand #156838793015:  Hold'em Limit ($3/$6 USD) - 2016/08/03 23:19:06 ET
Table 'Thalia' 6-max Seat #1 is the button
Seat 1: libaikang ($135 in chips)
Seat 6: Chessnok ($362.55 in chips)
libaikang: posts small blind $1
Chessnok: posts big blind $3
*** HOLE CARDS ***
libaikang: calls $2
Chessnok: checks
*** FLOP *** [4s Kc 3c]
Chessnok: bets $3
libaikang: raises $3 to $6
Chessnok: calls $3
*** TURN *** [4s Kc 3c] [2d]
Chessnok: checks
libaikang: checks
*** RIVER *** [4s Kc 3c 2d] [Qs]
Chessnok: bets $6
libaikang: calls $6
*** SHOW DOWN ***
Chessnok: shows [Jc 3d] (a pair of Threes)
libaikang: shows [3h Ah] (a pair of Threes - Ace kicker)
libaikang collected $29.50 from pot
*** SUMMARY ***
Total pot $30 | Rake $0.50
Board [4s Kc 3c 2d Qs]
Seat 1: libaikang (button) (small blind) showed [3h Ah] and won ($29.50) with a pair of Threes
Seat 6: Chessnok (big blind) showed [Jc 3d] and lost with a pair of Threes


PokerStars Hand #156838806039:  Hold'em Limit ($3/$6 USD) - 2016/08/03 23:19:51 ET
Table 'Thalia' 6-max Seat #1 is the button
Seat 1: libaikang ($173 in chips)
Seat 6: Chessnok ($323.55 in chips)
libaikang: posts small blind $1
Chessnok: posts big blind $3
*** HOLE CARDS ***
libaikang: folds
Uncalled bet ($2) returned to Chessnok
Chessnok collected $2 from pot
Chessnok: doesn't show hand
*** SUMMARY ***
Total pot $2 | Rake $0
Seat 1: libaikang (button) (small blind) folded before Flop
Seat 6: Chessnok (big blind) collected ($2)


PokerStars Hand #156838799140:  Hold'em Limit ($3/$6 USD) - 2016/08/03 23:19:27 ET
Table 'Thalia' 6-max Seat #6 is the button
Seat 1: libaikang ($149.50 in chips)
Seat 6: Chessnok ($347.55 in chips)
Chessnok: posts small blind $1
libaikang: posts big blind $3
*** HOLE CARDS ***
Chessnok: raises $3 to $6
libaikang: calls $3
*** FLOP *** [Jc 4h Kh]
libaikang: checks
Chessnok: bets $3
libaikang: raises $3 to $6
Chessnok: calls $3
*** TURN *** [Jc 4h Kh] [8c]
libaikang: bets $6
Chessnok: raises $6 to $12
libaikang: calls $6
*** RIVER *** [Jc 4h Kh 8c] [5d]
libaikang: bets $6
Chessnok: folds
Uncalled bet ($6) returned to libaikang
libaikang collected $47.50 from pot
libaikang: doesn't show hand
*** SUMMARY ***
Total pot $48 | Rake $0.50
Board [Jc 4h Kh 8c 5d]
Seat 1: libaikang (big blind) collected ($47.50)
Seat 6: Chessnok (button) (small blind) folded on the River


PokerStars Hand #156838807601:  Hold'em Limit ($3/$6 USD) - 2016/08/03 23:19:57 ET
Table 'Thalia' 6-max Seat #6 is the button
Seat 1: libaikang ($172 in chips)
Seat 6: Chessnok ($324.55 in chips)
Chessnok: posts small blind $1
libaikang: posts big blind $3
*** HOLE CARDS ***
Chessnok: raises $3 to $6
libaikang: calls $3
*** FLOP *** [Ac 3d 6s]
libaikang: checks
Chessnok: bets $3
libaikang: calls $3
*** TURN *** [Ac 3d 6s] [9c]
libaikang: checks
Chessnok: bets $6
libaikang: folds
Uncalled bet ($6) returned to Chessnok
Chessnok collected $17.64 from pot
Chessnok: doesn't show hand
*** SUMMARY ***
Total pot $18 | Rake $0.36
Board [Ac 3d 6s 9c]
Seat 1: libaikang (big blind) folded on the Turn
Seat 6: Chessnok (button) (small blind) collected ($17.64)


PokerStars Hand #156838823099:  Hold'em Limit ($3/$6 USD) - 2016/08/03 23:20:51 ET
Table 'Thalia' 6-max Seat #6 is the button
Seat 1: libaikang ($154 in chips)
Seat 6: Chessnok ($341.83 in chips)
Chessnok: posts small blind $1
libaikang: posts big blind $3
*** HOLE CARDS ***
Chessnok: raises $3 to $6
libaikang: raises $3 to $9
Chessnok: calls $3
*** FLOP *** [Ah 2c 3c]
libaikang: checks
Chessnok: bets $3
libaikang: raises $3 to $6
Chessnok: folds
Uncalled bet ($3) returned to libaikang
libaikang collected $23.52 from pot
libaikang: doesn't show hand
*** SUMMARY ***
Total pot $24 | Rake $0.48
Board [Ah 2c 3c]
Seat 1: libaikang (big blind) collected ($23.52)
Seat 6: Chessnok (button) (small blind) folded on the Flop


PokerStars Hand #156838817460:  Hold'em Limit ($3/$6 USD) - 2016/08/03 23:20:31 ET
Table 'Thalia' 6-max Seat #1 is the button
Seat 1: libaikang ($163 in chips)
Seat 6: Chessnok ($333.19 in chips)
libaikang: posts small blind $1
Chessnok: posts big blind $3
*** HOLE CARDS ***
libaikang: calls $2
Chessnok: raises $3 to $6
libaikang: calls $3
*** FLOP *** [Qh Qd Qs]
Chessnok: bets $3
libaikang: calls $3
*** TURN *** [Qh Qd Qs] [5h]
Chessnok: bets $6
libaikang: folds
Uncalled bet ($6) returned to Chessnok
Chessnok collected $17.64 from pot
Chessnok: doesn't show hand
*** SUMMARY ***
Total pot $18 | Rake $0.36
Board [Qh Qd Qs 5h]
Seat 1: libaikang (button) (small blind) folded on the Turn
Seat 6: Chessnok (big blind) collected ($17.64)


PokerStars Hand #156838816124:  Hold'em Limit ($3/$6 USD) - 2016/08/03 23:20:27 ET
Table 'Thalia' 6-max Seat #6 is the button
Seat 1: libaikang ($162 in chips)
Seat 6: Chessnok ($334.19 in chips)
Chessnok: posts small blind $1
libaikang: posts big blind $3
*** HOLE CARDS ***
Chessnok: folds
Uncalled bet ($2) returned to libaikang
libaikang collected $2 from pot
libaikang: doesn't show hand
*** SUMMARY ***
Total pot $2 | Rake $0
Seat 1: libaikang (big blind) collected ($2)
Seat 6: Chessnok (button) (small blind) folded before Flop


PokerStars Hand #156838814624:  Hold'em Limit ($3/$6 USD) - 2016/08/03 23:20:21 ET
Table 'Thalia' 6-max Seat #1 is the button
Seat 1: libaikang ($163 in chips)
Seat 6: Chessnok ($333.19 in chips)
libaikang: posts small blind $1
Chessnok: posts big blind $3
*** HOLE CARDS ***
libaikang: folds
Uncalled bet ($2) returned to Chessnok
Chessnok collected $2 from pot
Chessnok: doesn't show hand
*** SUMMARY ***
Total pot $2 | Rake $0
Seat 1: libaikang (button) (small blind) folded before Flop
Seat 6: Chessnok (big blind) collected ($2)


PokerStars Hand #156838837365:  Hold'em Limit ($3/$6 USD) - 2016/08/03 23:21:42 ET
Table 'Thalia' 6-max Seat #1 is the button
Seat 1: libaikang ($149.52 in chips)
Seat 6: Chessnok ($345.47 in chips)
libaikang: posts small blind $1
Chessnok: posts big blind $3
*** HOLE CARDS ***
libaikang: calls $2
Chessnok: checks
*** FLOP *** [9s Ts 2d]
Chessnok: bets $3
libaikang: raises $3 to $6
Chessnok: calls $3
*** TURN *** [9s Ts 2d] [6c]
Chessnok: checks
libaikang: checks
*** RIVER *** [9s Ts 2d 6c] [7s]
Chessnok: bets $6
alphen2 joins the table at seat #3
libaikang: raises $6 to $12
Chessnok: calls $6
*** SHOW DOWN ***
libaikang: shows [Ac As] (a pair of Aces)
Chessnok: mucks hand
libaikang collected $41.50 from pot
*** SUMMARY ***
Total pot $42 | Rake $0.50
Board [9s Ts 2d 6c 7s]
Seat 1: libaikang (button) (small blind) showed [Ac As] and won ($41.50) with a pair of Aces
Seat 6: Chessnok (big blind) mucked


PokerStars Hand #156838829432:  Hold'em Limit ($3/$6 USD) - 2016/08/03 23:21:14 ET
Table 'Thalia' 6-max Seat #6 is the button
Seat 1: libaikang ($164.52 in chips)
Seat 6: Chessnok ($330.83 in chips)
Chessnok: posts small blind $1
libaikang: posts big blind $3
*** HOLE CARDS ***
Chessnok: raises $3 to $6
libaikang: folds
Uncalled bet ($3) returned to Chessnok
Chessnok collected $6 from pot
Chessnok: doesn't show hand
*** SUMMARY ***
Total pot $6 | Rake $0
Seat 1: libaikang (big blind) folded before Flop
Seat 6: Chessnok (button) (small blind) collected ($6)


PokerStars Hand #156838827429:  Hold'em Limit ($3/$6 USD) - 2016/08/03 23:21:07 ET
Table 'Thalia' 6-max Seat #1 is the button
Seat 1: libaikang ($165.52 in chips)
Seat 6: Chessnok ($329.83 in chips)
libaikang: posts small blind $1
Chessnok: posts big blind $3
*** HOLE CARDS ***
libaikang: folds
Uncalled bet ($2) returned to Chessnok
Chessnok collected $2 from pot
Chessnok: doesn't show hand
*** SUMMARY ***
Total pot $2 | Rake $0
Seat 1: libaikang (button) (small blind) folded before Flop
Seat 6: Chessnok (big blind) collected ($2)


PokerStars Hand #156838835697:  Hold'em Limit ($3/$6 USD) - 2016/08/03 23:21:36 ET
Table 'Thalia' 6-max Seat #6 is the button
Seat 1: libaikang ($152.52 in chips)
Seat 6: Chessnok ($342.47 in chips)
Chessnok: posts small blind $1
libaikang: posts big blind $3
*** HOLE CARDS ***
Chessnok: raises $3 to $6
libaikang: folds
Uncalled bet ($3) returned to Chessnok
Chessnok collected $6 from pot
Chessnok: doesn't show hand
*** SUMMARY ***
Total pot $6 | Rake $0
Seat 1: libaikang (big blind) folded before Flop
Seat 6: Chessnok (button) (small blind) collected ($6)


PokerStars Hand #156838831000:  Hold'em Limit ($3/$6 USD) - 2016/08/03 23:21:20 ET
Table 'Thalia' 6-max Seat #1 is the button
Seat 1: libaikang ($161.52 in chips)
Seat 6: Chessnok ($333.83 in chips)
libaikang: posts small blind $1
Chessnok: posts big blind $3
*** HOLE CARDS ***
libaikang: raises $3 to $6
Chessnok: calls $3
*** FLOP *** [Jd 8s 3d]
Chessnok: checks
libaikang: bets $3
Chessnok: calls $3
*** TURN *** [Jd 8s 3d] [7s]
Chessnok: checks
libaikang: checks
*** RIVER *** [Jd 8s 3d 7s] [Qd]
Chessnok: bets $6
libaikang: folds
Uncalled bet ($6) returned to Chessnok
Chessnok collected $17.64 from pot
Chessnok: doesn't show hand
*** SUMMARY ***
Total pot $18 | Rake $0.36
Board [Jd 8s 3d 7s Qd]
Seat 1: libaikang (button) (small blind) folded on the River
Seat 6: Chessnok (big blind) collected ($17.64)


PokerStars Hand #156838842622:  Hold'em Limit ($3/$6 USD) - 2016/08/03 23:22:00 ET
Table 'Thalia' 6-max Seat #6 is the button
Seat 1: libaikang ($170.02 in chips)
Seat 6: Chessnok ($324.47 in chips)
Chessnok: posts small blind $1
libaikang: posts big blind $3
*** HOLE CARDS ***
Chessnok: raises $3 to $6
libaikang: calls $3
*** FLOP *** [6h 3h 4d]
libaikang: checks
Chessnok: bets $3
libaikang: calls $3
*** TURN *** [6h 3h 4d] [8h]
libaikang: checks
Chessnok: bets $6
libaikang: raises $6 to $12
Chessnok: folds
Uncalled bet ($6) returned to libaikang
libaikang collected $29.50 from pot
libaikang: doesn't show hand
*** SUMMARY ***
Total pot $30 | Rake $0.50
Board [6h 3h 4d 8h]
Seat 1: libaikang (big blind) collected ($29.50)
Seat 6: Chessnok (button) (small blind) folded on the Turn


PokerStars Hand #156838878247:  Hold'em Limit ($3/$6 USD) - 2016/08/03 23:23:57 ET
Table 'Thalia' 6-max Seat #1 is the button
Seat 1: libaikang ($181.16 in chips)
Seat 6: Chessnok ($325.13 in chips)
libaikang: posts small blind $1
Chessnok: posts big blind $3
*** HOLE CARDS ***
libaikang: folds
Uncalled bet ($2) returned to Chessnok
Chessnok collected $2 from pot
Chessnok: doesn't show hand
*** SUMMARY ***
Total pot $2 | Rake $0
Seat 1: libaikang (button) (small blind) folded before Flop
Seat 6: Chessnok (big blind) collected ($2)


PokerStars Hand #156838874068:  Hold'em Limit ($3/$6 USD) - 2016/08/03 23:23:42 ET
Table 'Thalia' 6-max Seat #6 is the button
Seat 1: libaikang ($172.52 in chips)
Seat 6: Chessnok ($334.13 in chips)
LWNS will be allowed to play after the button
Chessnok: posts small blind $1
libaikang: posts big blind $3
*** HOLE CARDS ***
Chessnok: raises $3 to $6
alphen2 leaves the table
libaikang: raises $3 to $9
Chessnok: calls $3
*** FLOP *** [Td Jc Ts]
libaikang: checks
Chessnok: checks
*** TURN *** [Td Jc Ts] [6h]
LWNS leaves the table
libaikang: bets $6
Chessnok: folds
Uncalled bet ($6) returned to libaikang
libaikang collected $17.64 from pot
libaikang: doesn't show hand
*** SUMMARY ***
Total pot $18 | Rake $0.36
Board [Td Jc Ts 6h]
Seat 1: libaikang (big blind) collected ($17.64)
Seat 6: Chessnok (button) (small blind) folded on the Turn


PokerStars Hand #156838889166:  Hold'em Limit ($3/$6 USD) - 2016/08/03 23:24:37 ET
Table 'Thalia' 6-max Seat #6 is the button
Seat 1: libaikang ($194.66 in chips)
Seat 6: Chessnok ($310.89 in chips)
Chessnok: posts small blind $1
libaikang: posts big blind $3
*** HOLE CARDS ***
Chessnok: raises $3 to $6
libaikang: calls $3
*** FLOP *** [6s Ac Kh]
libaikang: checks
Chessnok: bets $3
libaikang: calls $3
*** TURN *** [6s Ac Kh] [4c]
libaikang: checks
Chessnok: bets $6
libaikang: raises $6 to $12
Chessnok: folds
Uncalled bet ($6) returned to libaikang
libaikang collected $29.50 from pot
libaikang: doesn't show hand
*** SUMMARY ***
Total pot $30 | Rake $0.50
Board [6s Ac Kh 4c]
Seat 1: libaikang (big blind) collected ($29.50)
Seat 6: Chessnok (button) (small blind) folded on the Turn


PokerStars Hand #156838895299:  Hold'em Limit ($3/$6 USD) - 2016/08/03 23:24:59 ET
Table 'Thalia' 6-max Seat #1 is the button
Seat 1: libaikang ($209.16 in chips)
Seat 6: Chessnok ($295.89 in chips)
libaikang: posts small blind $1
Chessnok: posts big blind $3
*** HOLE CARDS ***
libaikang: folds
Uncalled bet ($2) returned to Chessnok
Chessnok collected $2 from pot
Chessnok: doesn't show hand
*** SUMMARY ***
Total pot $2 | Rake $0
Seat 1: libaikang (button) (small blind) folded before Flop
Seat 6: Chessnok (big blind) collected ($2)


PokerStars Hand #156838879808:  Hold'em Limit ($3/$6 USD) - 2016/08/03 23:24:03 ET
Table 'Thalia' 6-max Seat #6 is the button
Seat 1: libaikang ($180.16 in chips)
Seat 6: Chessnok ($326.13 in chips)
Chessnok: posts small blind $1
libaikang: posts big blind $3
*** HOLE CARDS ***
Chessnok: raises $3 to $6
libaikang: calls $3
*** FLOP *** [Qd 8h 7s]
libaikang: checks
Chessnok: bets $3
libaikang: folds
Uncalled bet ($3) returned to Chessnok
Chessnok collected $11.76 from pot
Chessnok: doesn't show hand
*** SUMMARY ***
Total pot $12 | Rake $0.24
Board [Qd 8h 7s]
Seat 1: libaikang (big blind) folded on the Flop
Seat 6: Chessnok (button) (small blind) collected ($11.76)


PokerStars Hand #156838883070:  Hold'em Limit ($3/$6 USD) - 2016/08/03 23:24:15 ET
Table 'Thalia' 6-max Seat #1 is the button
Seat 1: libaikang ($174.16 in chips)
Seat 6: Chessnok ($331.89 in chips)
libaikang: posts small blind $1
Chessnok: posts big blind $3
*** HOLE CARDS ***
libaikang: raises $3 to $6
Chessnok: raises $3 to $9
libaikang: calls $3
*** FLOP *** [6d 8s 9h]
Chessnok: bets $3
libaikang: raises $3 to $6
Chessnok: calls $3
*** TURN *** [6d 8s 9h] [5h]
Chessnok: checks
libaikang: bets $6
Chessnok: calls $6
*** RIVER *** [6d 8s 9h 5h] [Ks]
Chessnok: checks
libaikang: checks
*** SHOW DOWN ***
Chessnok: shows [Tc As] (high card Ace)
libaikang: shows [Qs 9d] (a pair of Nines)
libaikang collected $41.50 from pot
*** SUMMARY ***
Total pot $42 | Rake $0.50
Board [6d 8s 9h 5h Ks]
Seat 1: libaikang (button) (small blind) showed [Qs 9d] and won ($41.50) with a pair of Nines
Seat 6: Chessnok (big blind) showed [Tc As] and lost with high card Ace


