PokerStars Hand #155683823381:  Hold'em Limit ($3/$6 USD) - 2016/07/07 14:55:51 ET
Table 'Thalassa' 6-max Seat #4 is the button
Seat 4: AzureCaper ($82.40 in chips)
Seat 5: moveoverover ($72.29 in chips)
AzureCaper: posts small blind $1
moveoverover: posts big blind $3
*** HOLE CARDS ***
AzureCaper: raises $3 to $6
moveoverover: folds
Uncalled bet ($3) returned to AzureCaper
AzureCaper collected $6 from pot
AzureCaper: doesn't show hand
*** SUMMARY ***
Total pot $6 | Rake $0
Seat 4: AzureCaper (button) (small blind) collected ($6)
Seat 5: moveoverover (big blind) folded before Flop


PokerStars Hand #155683819468:  Hold'em Limit ($3/$6 USD) - 2016/07/07 14:55:43 ET
Table 'Thalassa' 6-max Seat #5 is the button
Seat 4: AzureCaper ($73.76 in chips)
Seat 5: moveoverover ($81.29 in chips)
moveoverover: posts small blind $1
AzureCaper: posts big blind $3
*** HOLE CARDS ***
moveoverover: raises $3 to $6
AzureCaper: raises $3 to $9
moveoverover: calls $3
*** FLOP *** [Jd Ac Th]
AzureCaper: bets $3
moveoverover: folds
Uncalled bet ($3) returned to AzureCaper
AzureCaper collected $17.64 from pot
AzureCaper: doesn't show hand
*** SUMMARY ***
Total pot $18 | Rake $0.36
Board [Jd Ac Th]
Seat 4: AzureCaper (big blind) collected ($17.64)
Seat 5: moveoverover (button) (small blind) folded on the Flop


PokerStars Hand #155683817285:  Hold'em Limit ($3/$6 USD) - 2016/07/07 14:55:39 ET
Table 'Thalassa' 6-max Seat #4 is the button
Seat 4: AzureCaper ($74.76 in chips)
Seat 5: moveoverover ($80.29 in chips)
AzureCaper: posts small blind $1
moveoverover: posts big blind $3
*** HOLE CARDS ***
AzureCaper: folds
Uncalled bet ($2) returned to moveoverover
moveoverover collected $2 from pot
moveoverover: doesn't show hand
*** SUMMARY ***
Total pot $2 | Rake $0
Seat 4: AzureCaper (button) (small blind) folded before Flop
Seat 5: moveoverover (big blind) collected ($2)


PokerStars Hand #155683814465:  Hold'em Limit ($3/$6 USD) - 2016/07/07 14:55:33 ET
Table 'Thalassa' 6-max Seat #5 is the button
Seat 4: AzureCaper ($77.76 in chips)
Seat 5: moveoverover ($77.29 in chips)
moveoverover: posts small blind $1
AzureCaper: posts big blind $3
*** HOLE CARDS ***
moveoverover: raises $3 to $6
AzureCaper: folds
Uncalled bet ($3) returned to moveoverover
moveoverover collected $6 from pot
moveoverover: doesn't show hand
*** SUMMARY ***
Total pot $6 | Rake $0
Seat 4: AzureCaper (big blind) folded before Flop
Seat 5: moveoverover (button) (small blind) collected ($6)


PokerStars Hand #155683806688:  Hold'em Limit ($3/$6 USD) - 2016/07/07 14:55:17 ET
Table 'Thalassa' 6-max Seat #4 is the button
Seat 4: AzureCaper ($72 in chips)
Seat 5: moveoverover ($83.29 in chips)
AzureCaper: posts small blind $1
moveoverover: posts big blind $3
*** HOLE CARDS ***
AzureCaper: raises $3 to $6
moveoverover: calls $3
*** FLOP *** [7c Kd Td]
moveoverover: checks
AzureCaper: bets $3
moveoverover: folds
Uncalled bet ($3) returned to AzureCaper
AzureCaper collected $11.76 from pot
AzureCaper: doesn't show hand
*** SUMMARY ***
Total pot $12 | Rake $0.24
Board [7c Kd Td]
Seat 4: AzureCaper (button) (small blind) collected ($11.76)
Seat 5: moveoverover (big blind) folded on the Flop


PokerStars Hand #155683853618:  Hold'em Limit ($3/$6 USD) - 2016/07/07 14:56:54 ET
Table 'Thalassa' 6-max Seat #5 is the button
Seat 4: AzureCaper ($82.04 in chips)
Seat 5: moveoverover ($72.05 in chips)
moveoverover: posts small blind $1
AzureCaper: posts big blind $3
*** HOLE CARDS ***
moveoverover: folds
Uncalled bet ($2) returned to AzureCaper
AzureCaper collected $2 from pot
AzureCaper: doesn't show hand
*** SUMMARY ***
Total pot $2 | Rake $0
Seat 4: AzureCaper (big blind) collected ($2)
Seat 5: moveoverover (button) (small blind) folded before Flop


PokerStars Hand #155683848118:  Hold'em Limit ($3/$6 USD) - 2016/07/07 14:56:42 ET
Table 'Thalassa' 6-max Seat #4 is the button
Seat 4: AzureCaper ($83.04 in chips)
Seat 5: moveoverover ($71.05 in chips)
AzureCaper: posts small blind $1
moveoverover: posts big blind $3
*** HOLE CARDS ***
AzureCaper: folds
Uncalled bet ($2) returned to moveoverover
moveoverover collected $2 from pot
*** SUMMARY ***
Total pot $2 | Rake $0
Seat 4: AzureCaper (button) (small blind) folded before Flop
Seat 5: moveoverover (big blind) collected ($2)


PokerStars Hand #155683842155:  Hold'em Limit ($3/$6 USD) - 2016/07/07 14:56:30 ET
Table 'Thalassa' 6-max Seat #5 is the button
Seat 4: AzureCaper ($89.04 in chips)
Seat 5: moveoverover ($65.29 in chips)
moveoverover: posts small blind $1
AzureCaper: posts big blind $3
*** HOLE CARDS ***
moveoverover: raises $3 to $6
AzureCaper: calls $3
*** FLOP *** [9s 4c 4h]
AzureCaper: checks
moveoverover: bets $3
AzureCaper: folds
Uncalled bet ($3) returned to moveoverover
moveoverover collected $11.76 from pot
*** SUMMARY ***
Total pot $12 | Rake $0.24
Board [9s 4c 4h]
Seat 4: AzureCaper (big blind) folded on the Flop
Seat 5: moveoverover (button) (small blind) collected ($11.76)


PokerStars Hand #155683831743:  Hold'em Limit ($3/$6 USD) - 2016/07/07 14:56:08 ET
Table 'Thalassa' 6-max Seat #5 is the button
Seat 4: AzureCaper ($81.40 in chips)
Seat 5: moveoverover ($73.29 in chips)
moveoverover: posts small blind $1
AzureCaper: posts big blind $3
*** HOLE CARDS ***
moveoverover: raises $3 to $6
AzureCaper: calls $3
*** FLOP *** [Qc Jh Kd]
AzureCaper: checks
moveoverover: bets $3
AzureCaper: raises $3 to $6
moveoverover: folds
Uncalled bet ($3) returned to AzureCaper
AzureCaper collected $17.64 from pot
AzureCaper: doesn't show hand
*** SUMMARY ***
Total pot $18 | Rake $0.36
Board [Qc Jh Kd]
Seat 4: AzureCaper (big blind) collected ($17.64)
Seat 5: moveoverover (button) (small blind) folded on the Flop


PokerStars Hand #155683829282:  Hold'em Limit ($3/$6 USD) - 2016/07/07 14:56:03 ET
Table 'Thalassa' 6-max Seat #4 is the button
Seat 4: AzureCaper ($82.40 in chips)
Seat 5: moveoverover ($72.29 in chips)
AzureCaper: posts small blind $1
moveoverover: posts big blind $3
*** HOLE CARDS ***
AzureCaper: folds
Uncalled bet ($2) returned to moveoverover
moveoverover collected $2 from pot
moveoverover: doesn't show hand
*** SUMMARY ***
Total pot $2 | Rake $0
Seat 4: AzureCaper (button) (small blind) folded before Flop
Seat 5: moveoverover (big blind) collected ($2)


PokerStars Hand #155683826549:  Hold'em Limit ($3/$6 USD) - 2016/07/07 14:55:58 ET
Table 'Thalassa' 6-max Seat #5 is the button
Seat 4: AzureCaper ($85.40 in chips)
Seat 5: moveoverover ($69.29 in chips)
moveoverover: posts small blind $1
AzureCaper: posts big blind $3
*** HOLE CARDS ***
moveoverover: raises $3 to $6
AzureCaper: folds
Uncalled bet ($3) returned to moveoverover
moveoverover collected $6 from pot
moveoverover: doesn't show hand
*** SUMMARY ***
Total pot $6 | Rake $0
Seat 4: AzureCaper (big blind) folded before Flop
Seat 5: moveoverover (button) (small blind) collected ($6)


PokerStars Hand #155683876252:  Hold'em Limit ($3/$6 USD) - 2016/07/07 14:57:41 ET
Table 'Thalassa' 6-max Seat #5 is the button
Seat 4: AzureCaper ($72 in chips)
Seat 5: moveoverover ($85.19 in chips)
moveoverover: posts small blind $1
AzureCaper: posts big blind $3
*** HOLE CARDS ***
moveoverover: raises $3 to $6
AzureCaper: calls $3
*** FLOP *** [6d 9s 6h]
AzureCaper: checks
moveoverover: bets $3
AzureCaper: calls $3
*** TURN *** [6d 9s 6h] [Th]
AzureCaper: checks
moveoverover: bets $6
AzureCaper: calls $6
*** RIVER *** [6d 9s 6h Th] [2c]
AzureCaper: checks
moveoverover: bets $6
AzureCaper: calls $6
*** SHOW DOWN ***
moveoverover: shows [2s 2h] (a full house, Deuces full of Sixes)
AzureCaper: mucks hand
moveoverover collected $41.50 from pot
*** SUMMARY ***
Total pot $42 | Rake $0.50
Board [6d 9s 6h Th 2c]
Seat 4: AzureCaper (big blind) mucked
Seat 5: moveoverover (button) (small blind) showed [2s 2h] and won ($41.50) with a full house, Deuces full of Sixes


PokerStars Hand #155683871081:  Hold'em Limit ($3/$6 USD) - 2016/07/07 14:57:30 ET
Table 'Thalassa' 6-max Seat #4 is the button
Seat 4: AzureCaper ($76.54 in chips)
Seat 5: moveoverover ($76.55 in chips)
AzureCaper: posts small blind $1
moveoverover: posts big blind $3
*** HOLE CARDS ***
AzureCaper: raises $3 to $6
moveoverover: raises $3 to $9
AzureCaper: calls $3
*** FLOP *** [5d Jd Qc]
moveoverover: bets $3
AzureCaper: folds
Uncalled bet ($3) returned to moveoverover
moveoverover collected $17.64 from pot
*** SUMMARY ***
Total pot $18 | Rake $0.36
Board [5d Jd Qc]
Seat 4: AzureCaper (button) (small blind) folded on the Flop
Seat 5: moveoverover (big blind) collected ($17.64)


PokerStars Hand #155683864125:  Hold'em Limit ($3/$6 USD) - 2016/07/07 14:57:16 ET
Table 'Thalassa' 6-max Seat #5 is the button
Seat 4: AzureCaper ($97.54 in chips)
Seat 5: moveoverover ($56.05 in chips)
moveoverover: posts small blind $1
AzureCaper: posts big blind $3
*** HOLE CARDS ***
moveoverover: raises $3 to $6
AzureCaper: calls $3
*** FLOP *** [8h 2s 2c]
AzureCaper: checks
moveoverover: bets $3
AzureCaper: calls $3
*** TURN *** [8h 2s 2c] [3h]
AzureCaper: checks
moveoverover: bets $6
AzureCaper: calls $6
*** RIVER *** [8h 2s 2c 3h] [Td]
AzureCaper: checks
moveoverover: bets $6
AzureCaper: calls $6
*** SHOW DOWN ***
moveoverover: shows [Kd Kc] (two pair, Kings and Deuces)
AzureCaper: mucks hand
moveoverover collected $41.50 from pot
*** SUMMARY ***
Total pot $42 | Rake $0.50
Board [8h 2s 2c 3h Td]
Seat 4: AzureCaper (big blind) mucked
Seat 5: moveoverover (button) (small blind) showed [Kd Kc] and won ($41.50) with two pair, Kings and Deuces


PokerStars Hand #155683855865:  Hold'em Limit ($3/$6 USD) - 2016/07/07 14:56:58 ET
Table 'Thalassa' 6-max Seat #4 is the button
Seat 4: AzureCaper ($83.04 in chips)
Seat 5: moveoverover ($71.05 in chips)
AzureCaper: posts small blind $1
moveoverover: posts big blind $3
*** HOLE CARDS ***
AzureCaper: raises $3 to $6
moveoverover: calls $3
*** FLOP *** [5h Qh 8h]
moveoverover: checks
AzureCaper: bets $3
moveoverover: calls $3
*** TURN *** [5h Qh 8h] [9d]
moveoverover: checks
AzureCaper: checks
*** RIVER *** [5h Qh 8h 9d] [Kh]
moveoverover: checks
AzureCaper: bets $6
moveoverover: calls $6
*** SHOW DOWN ***
AzureCaper: shows [7h 7c] (a flush, King high)
moveoverover: mucks hand
AzureCaper collected $29.50 from pot
*** SUMMARY ***
Total pot $30 | Rake $0.50
Board [5h Qh 8h 9d Kh]
Seat 4: AzureCaper (button) (small blind) showed [7h 7c] and won ($29.50) with a flush, King high
Seat 5: moveoverover (big blind) mucked


PokerStars Hand #155683901081:  Hold'em Limit ($3/$6 USD) - 2016/07/07 14:58:32 ET
Table 'Thalassa' 6-max Seat #5 is the button
Seat 4: AzureCaper ($74.50 in chips)
Seat 5: moveoverover ($110.83 in chips)
moveoverover: posts small blind $1
AzureCaper: posts big blind $3
*** HOLE CARDS ***
moveoverover: raises $3 to $6
AzureCaper: calls $3
*** FLOP *** [Td 6c Kd]
AzureCaper: checks
moveoverover: bets $3
AzureCaper: calls $3
*** TURN *** [Td 6c Kd] [Ad]
AzureCaper: checks
moveoverover: bets $6
AzureCaper: calls $6
*** RIVER *** [Td 6c Kd Ad] [4s]
AzureCaper: checks
moveoverover: bets $6
AzureCaper: folds
Uncalled bet ($6) returned to moveoverover
moveoverover collected $29.50 from pot
*** SUMMARY ***
Total pot $30 | Rake $0.50
Board [Td 6c Kd Ad 4s]
Seat 4: AzureCaper (big blind) folded on the River
Seat 5: moveoverover (button) (small blind) collected ($29.50)


PokerStars Hand #155683895800:  Hold'em Limit ($3/$6 USD) - 2016/07/07 14:58:21 ET
Table 'Thalassa' 6-max Seat #4 is the button
Seat 4: AzureCaper ($98.50 in chips)
Seat 5: moveoverover ($87.33 in chips)
AzureCaper: posts small blind $1
moveoverover: posts big blind $3
*** HOLE CARDS ***
AzureCaper: raises $3 to $6
moveoverover: raises $3 to $9
AzureCaper: calls $3
*** FLOP *** [Ks 8c Ah]
moveoverover: bets $3
AzureCaper: calls $3
*** TURN *** [Ks 8c Ah] [Ad]
moveoverover: bets $6
AzureCaper: calls $6
*** RIVER *** [Ks 8c Ah Ad] [Jh]
moveoverover: bets $6
AzureCaper: calls $6
*** SHOW DOWN ***
moveoverover: shows [Ac 2h] (three of a kind, Aces)
AzureCaper: mucks hand
moveoverover collected $47.50 from pot
*** SUMMARY ***
Total pot $48 | Rake $0.50
Board [Ks 8c Ah Ad Jh]
Seat 4: AzureCaper (button) (small blind) mucked
Seat 5: moveoverover (big blind) showed [Ac 2h] and won ($47.50) with three of a kind, Aces


PokerStars Hand #155683888348:  Hold'em Limit ($3/$6 USD) - 2016/07/07 14:58:06 ET
Table 'Thalassa' 6-max Seat #5 is the button
Seat 4: AzureCaper ($72 in chips)
Seat 5: moveoverover ($114.33 in chips)
moveoverover: posts small blind $1
AzureCaper: posts big blind $3
*** HOLE CARDS ***
moveoverover: raises $3 to $6
AzureCaper: calls $3
*** FLOP *** [5d 3h 8s]
AzureCaper: checks
moveoverover: bets $3
AzureCaper: calls $3
*** TURN *** [5d 3h 8s] [8h]
AzureCaper: checks
moveoverover: bets $6
AzureCaper: raises $6 to $12
moveoverover: calls $6
*** RIVER *** [5d 3h 8s 8h] [Kh]
AzureCaper: bets $6
moveoverover: calls $6
*** SHOW DOWN ***
AzureCaper: shows [8c Qs] (three of a kind, Eights)
moveoverover: mucks hand
AzureCaper collected $53.50 from pot
*** SUMMARY ***
Total pot $54 | Rake $0.50
Board [5d 3h 8s 8h Kh]
Seat 4: AzureCaper (big blind) showed [8c Qs] and won ($53.50) with three of a kind, Eights
Seat 5: moveoverover (button) (small blind) mucked


PokerStars Hand #155683882656:  Hold'em Limit ($3/$6 USD) - 2016/07/07 14:57:54 ET
Table 'Thalassa' 6-max Seat #4 is the button
Seat 4: AzureCaper ($72 in chips)
Seat 5: moveoverover ($105.69 in chips)
AzureCaper: posts small blind $1
moveoverover: posts big blind $3
*** HOLE CARDS ***
AzureCaper: raises $3 to $6
moveoverover: calls $3
*** FLOP *** [7d 9d Ad]
moveoverover: checks
AzureCaper: bets $3
moveoverover: calls $3
*** TURN *** [7d 9d Ad] [Qh]
moveoverover: checks
AzureCaper: checks
*** RIVER *** [7d 9d Ad Qh] [Th]
moveoverover: checks
AzureCaper: checks
*** SHOW DOWN ***
moveoverover: shows [Kc 7h] (a pair of Sevens)
AzureCaper: mucks hand
moveoverover collected $17.64 from pot
*** SUMMARY ***
Total pot $18 | Rake $0.36
Board [7d 9d Ad Qh Th]
Seat 4: AzureCaper (button) (small blind) mucked
Seat 5: moveoverover (big blind) showed [Kc 7h] and won ($17.64) with a pair of Sevens


PokerStars Hand #155683907198:  Hold'em Limit ($3/$6 USD) - 2016/07/07 14:58:45 ET
Table 'Thalassa' 6-max Seat #4 is the button
Seat 4: AzureCaper ($72 in chips)
Seat 5: moveoverover ($125.33 in chips)
AzureCaper: posts small blind $1
moveoverover: posts big blind $3
*** HOLE CARDS ***
AzureCaper: raises $3 to $6
moveoverover: calls $3
*** FLOP *** [Td 9s 7d]
moveoverover: checks
minigus575 joins the table at seat #3
AzureCaper: bets $3
moveoverover: raises $3 to $6
AzureCaper: raises $3 to $9
moveoverover: calls $3
*** TURN *** [Td 9s 7d] [4h]
moveoverover: checks
AzureCaper: bets $6
moveoverover: calls $6
*** RIVER *** [Td 9s 7d 4h] [Jh]
moveoverover: bets $6
AzureCaper: folds
Uncalled bet ($6) returned to moveoverover
moveoverover collected $41.50 from pot
*** SUMMARY ***
Total pot $42 | Rake $0.50
Board [Td 9s 7d 4h Jh]
Seat 4: AzureCaper (button) (small blind) folded on the River
Seat 5: moveoverover (big blind) collected ($41.50)


PokerStars Hand #155684641312:  Hold'em Limit ($3/$6 USD) - 2016/07/07 15:19:22 ET
Table 'Thalassa' 6-max Seat #2 is the button
Seat 2: vicka555 ($237.26 in chips)
Seat 6: Chessnok ($87.44 in chips)
vicka555: posts small blind $1
AzureCaper: is sitting out
Chessnok: posts big blind $3
*** HOLE CARDS ***
AzureCaper leaves the table
vicka555: calls $2
Chessnok: raises $3 to $6
vicka555: calls $3
*** FLOP *** [As 9d Td]
Chessnok: bets $3
vicka555: folds
Uncalled bet ($3) returned to Chessnok
Chessnok collected $11.76 from pot
Chessnok: doesn't show hand
*** SUMMARY ***
Total pot $12 | Rake $0.24
Board [As 9d Td]
Seat 2: vicka555 (button) (small blind) folded on the Flop
Seat 6: Chessnok (big blind) collected ($11.76)


PokerStars Hand #155684650046:  Hold'em Limit ($3/$6 USD) - 2016/07/07 15:19:37 ET
Table 'Thalassa' 6-max Seat #6 is the button
Seat 2: vicka555 ($231.26 in chips)
Seat 6: Chessnok ($93.20 in chips)
Chessnok: posts small blind $1
vicka555: posts big blind $3
*** HOLE CARDS ***
Chessnok: raises $3 to $6
vicka555: raises $3 to $9
Chessnok: calls $3
*** FLOP *** [4h 7h 3h]
vicka555: bets $3
Chessnok: calls $3
*** TURN *** [4h 7h 3h] [8h]
vicka555: bets $6
Chessnok: calls $6
*** RIVER *** [4h 7h 3h 8h] [Kh]
vicka555: bets $6
Chessnok: calls $6
*** SHOW DOWN ***
vicka555: shows [Ad 6h] (a flush, King high)
Chessnok: mucks hand
vicka555 collected $47.50 from pot
*** SUMMARY ***
Total pot $48 | Rake $0.50
Board [4h 7h 3h 8h Kh]
Seat 2: vicka555 (big blind) showed [Ad 6h] and won ($47.50) with a flush, King high
Seat 6: Chessnok (button) (small blind) mucked


PokerStars Hand #155684667716:  Hold'em Limit ($3/$6 USD) - 2016/07/07 15:20:06 ET
Table 'Thalassa' 6-max Seat #6 is the button
Seat 2: vicka555 ($257.76 in chips)
Seat 6: Chessnok ($66.20 in chips)
Chessnok: posts small blind $1
vicka555: posts big blind $3
*** HOLE CARDS ***
Chessnok: folds
Uncalled bet ($2) returned to vicka555
vicka555 collected $2 from pot
vicka555: doesn't show hand
*** SUMMARY ***
Total pot $2 | Rake $0
Seat 2: vicka555 (big blind) collected ($2)
Seat 6: Chessnok (button) (small blind) folded before Flop


PokerStars Hand #155684664065:  Hold'em Limit ($3/$6 USD) - 2016/07/07 15:20:00 ET
Table 'Thalassa' 6-max Seat #2 is the button
Seat 2: vicka555 ($254.76 in chips)
Seat 6: Chessnok ($69.20 in chips)
vicka555: posts small blind $1
Chessnok: posts big blind $3
*** HOLE CARDS ***
vicka555: raises $3 to $6
Chessnok: folds
Uncalled bet ($3) returned to vicka555
vicka555 collected $6 from pot
vicka555: doesn't show hand
*** SUMMARY ***
Total pot $6 | Rake $0
Seat 2: vicka555 (button) (small blind) collected ($6)
Seat 6: Chessnok (big blind) folded before Flop


PokerStars Hand #155684670099:  Hold'em Limit ($3/$6 USD) - 2016/07/07 15:20:10 ET
Table 'Thalassa' 6-max Seat #2 is the button
Seat 2: vicka555 ($258.76 in chips)
Seat 6: Chessnok ($65.20 in chips)
vicka555: posts small blind $1
Chessnok: posts big blind $3
*** HOLE CARDS ***
vicka555: raises $3 to $6
Chessnok: raises $3 to $9
vicka555: calls $3
*** FLOP *** [5c Ks 6d]
Chessnok: bets $3
vicka555: calls $3
*** TURN *** [5c Ks 6d] [6s]
Chessnok: bets $6
vicka555: folds
Uncalled bet ($6) returned to Chessnok
Chessnok collected $23.52 from pot
Chessnok: doesn't show hand
*** SUMMARY ***
Total pot $24 | Rake $0.48
Board [5c Ks 6d 6s]
Seat 2: vicka555 (button) (small blind) folded on the Turn
Seat 6: Chessnok (big blind) collected ($23.52)


PokerStars Hand #155684677482:  Hold'em Limit ($3/$6 USD) - 2016/07/07 15:20:22 ET
Table 'Thalassa' 6-max Seat #6 is the button
Seat 2: vicka555 ($246.76 in chips)
Seat 6: Chessnok ($76.72 in chips)
Chessnok: posts small blind $1
vicka555: posts big blind $3
*** HOLE CARDS ***
Chessnok: raises $3 to $6
vicka555: folds
Uncalled bet ($3) returned to Chessnok
Chessnok collected $6 from pot
Chessnok: doesn't show hand
*** SUMMARY ***
Total pot $6 | Rake $0
Seat 2: vicka555 (big blind) folded before Flop
Seat 6: Chessnok (button) (small blind) collected ($6)


PokerStars Hand #155684681875:  Hold'em Limit ($3/$6 USD) - 2016/07/07 15:20:29 ET
Table 'Thalassa' 6-max Seat #2 is the button
Seat 2: vicka555 ($243.76 in chips)
Seat 6: Chessnok ($79.72 in chips)
vicka555: posts small blind $1
Chessnok: posts big blind $3
*** HOLE CARDS ***
vicka555: raises $3 to $6
Chessnok: folds
Uncalled bet ($3) returned to vicka555
vicka555 collected $6 from pot
vicka555: doesn't show hand
*** SUMMARY ***
Total pot $6 | Rake $0
Seat 2: vicka555 (button) (small blind) collected ($6)
Seat 6: Chessnok (big blind) folded before Flop


PokerStars Hand #155684686175:  Hold'em Limit ($3/$6 USD) - 2016/07/07 15:20:37 ET
Table 'Thalassa' 6-max Seat #6 is the button
Seat 2: vicka555 ($246.76 in chips)
Seat 6: Chessnok ($76.72 in chips)
Chessnok: posts small blind $1
vicka555: posts big blind $3
*** HOLE CARDS ***
Chessnok: raises $3 to $6
vicka555: calls $3
*** FLOP *** [Ts Ac 5d]
vicka555: checks
Chessnok: bets $3
vicka555: calls $3
*** TURN *** [Ts Ac 5d] [Td]
vicka555: checks
Chessnok: bets $6
vicka555: folds
Uncalled bet ($6) returned to Chessnok
Chessnok collected $17.64 from pot
Chessnok: doesn't show hand
*** SUMMARY ***
Total pot $18 | Rake $0.36
Board [Ts Ac 5d Td]
Seat 2: vicka555 (big blind) folded on the Turn
Seat 6: Chessnok (button) (small blind) collected ($17.64)


PokerStars Hand #155684695008:  Hold'em Limit ($3/$6 USD) - 2016/07/07 15:20:52 ET
Table 'Thalassa' 6-max Seat #2 is the button
Seat 2: vicka555 ($237.76 in chips)
Seat 6: Chessnok ($85.36 in chips)
vicka555: posts small blind $1
Chessnok: posts big blind $3
*** HOLE CARDS ***
vicka555: raises $3 to $6
Chessnok: folds
Uncalled bet ($3) returned to vicka555
vicka555 collected $6 from pot
vicka555: doesn't show hand
*** SUMMARY ***
Total pot $6 | Rake $0
Seat 2: vicka555 (button) (small blind) collected ($6)
Seat 6: Chessnok (big blind) folded before Flop


PokerStars Hand #155684699205:  Hold'em Limit ($3/$6 USD) - 2016/07/07 15:20:59 ET
Table 'Thalassa' 6-max Seat #6 is the button
Seat 2: vicka555 ($240.76 in chips)
Seat 6: Chessnok ($82.36 in chips)
Chessnok: posts small blind $1
vicka555: posts big blind $3
*** HOLE CARDS ***
Chessnok: raises $3 to $6
vicka555: calls $3
*** FLOP *** [5c 8h 7c]
vicka555: checks
Chessnok: bets $3
vicka555: calls $3
*** TURN *** [5c 8h 7c] [4c]
vicka555: checks
Chessnok: bets $6
vicka555: calls $6
*** RIVER *** [5c 8h 7c 4c] [2d]
vicka555: checks
Chessnok: bets $6
vicka555: calls $6
*** SHOW DOWN ***
Chessnok: shows [6d Ah] (a straight, Four to Eight)
vicka555: mucks hand
Chessnok collected $41.50 from pot
*** SUMMARY ***
Total pot $42 | Rake $0.50
Board [5c 8h 7c 4c 2d]
Seat 2: vicka555 (big blind) mucked
Seat 6: Chessnok (button) (small blind) showed [6d Ah] and won ($41.50) with a straight, Four to Eight


PokerStars Hand #155684709129:  Hold'em Limit ($3/$6 USD) - 2016/07/07 15:21:16 ET
Table 'Thalassa' 6-max Seat #2 is the button
Seat 2: vicka555 ($219.76 in chips)
Seat 6: Chessnok ($102.86 in chips)
vicka555: posts small blind $1
Chessnok: posts big blind $3
*** HOLE CARDS ***
vicka555: raises $3 to $6
Chessnok: calls $3
*** FLOP *** [Qh 3h 2d]
Chessnok: bets $3
vicka555: calls $3
*** TURN *** [Qh 3h 2d] [4c]
Chessnok: checks
vicka555: bets $6
Chessnok: calls $6
*** RIVER *** [Qh 3h 2d 4c] [9s]
Chessnok: checks
vicka555: bets $6
Chessnok: folds
Uncalled bet ($6) returned to vicka555
vicka555 collected $29.50 from pot
vicka555: doesn't show hand
*** SUMMARY ***
Total pot $30 | Rake $0.50
Board [Qh 3h 2d 4c 9s]
Seat 2: vicka555 (button) (small blind) collected ($29.50)
Seat 6: Chessnok (big blind) folded on the River


PokerStars Hand #155684737496:  Hold'em Limit ($3/$6 USD) - 2016/07/07 15:21:56 ET
Table 'Thalassa' 6-max Seat #2 is the button
Seat 2: vicka555 ($228.26 in chips)
Seat 6: Chessnok ($93.62 in chips)
vicka555: posts small blind $1
Chessnok: posts big blind $3
*** HOLE CARDS ***
vicka555: raises $3 to $6
Chessnok: folds
Uncalled bet ($3) returned to vicka555
vicka555 collected $6 from pot
vicka555: doesn't show hand
*** SUMMARY ***
Total pot $6 | Rake $0
Seat 2: vicka555 (button) (small blind) collected ($6)
Seat 6: Chessnok (big blind) folded before Flop


PokerStars Hand #155684731230:  Hold'em Limit ($3/$6 USD) - 2016/07/07 15:21:45 ET
Table 'Thalassa' 6-max Seat #6 is the button
Seat 2: vicka555 ($234.26 in chips)
Seat 6: Chessnok ($87.86 in chips)
Chessnok: posts small blind $1
vicka555: posts big blind $3
*** HOLE CARDS ***
Chessnok: raises $3 to $6
vicka555: calls $3
*** FLOP *** [Tc As Ad]
vicka555: checks
Chessnok: bets $3
vicka555: folds
Uncalled bet ($3) returned to Chessnok
Chessnok collected $11.76 from pot
Chessnok: doesn't show hand
*** SUMMARY ***
Total pot $12 | Rake $0.24
Board [Tc As Ad]
Seat 2: vicka555 (big blind) folded on the Flop
Seat 6: Chessnok (button) (small blind) collected ($11.76)


