PokerStars Hand #146206825828:  Hold'em Limit ($3/$6 USD) - 2015/12/30 21:19:46 ET
Table 'Thalassa' 2-max Seat #2 is the button
Seat 1: Cyonada ($91.72 in chips)
Seat 2: Sharp(Gosu) ($86 in chips)
Sharp(Gosu): posts small blind $1
Cyonada: posts big blind $3
*** HOLE CARDS ***
Sharp(Gosu): folds
Uncalled bet ($2) returned to Cyonada
Cyonada collected $2 from pot
Cyonada: doesn't show hand
*** SUMMARY ***
Total pot $2 | Rake $0
Seat 1: Cyonada (big blind) collected ($2)
Seat 2: Sharp(Gosu) (button) (small blind) folded before Flop


PokerStars Hand #146206823385:  Hold'em Limit ($3/$6 USD) - 2015/12/30 21:19:42 ET
Table 'Thalassa' 2-max Seat #1 is the button
Seat 1: Cyonada ($92.72 in chips)
Seat 2: Sharp(Gosu) ($85 in chips)
Cyonada: posts small blind $1
Sharp(Gosu): posts big blind $3
*** HOLE CARDS ***
Cyonada: folds
Uncalled bet ($2) returned to Sharp(Gosu)
Sharp(Gosu) collected $2 from pot
Sharp(Gosu): doesn't show hand
*** SUMMARY ***
Total pot $2 | Rake $0
Seat 1: Cyonada (button) (small blind) folded before Flop
Seat 2: Sharp(Gosu) (big blind) collected ($2)


PokerStars Hand #146206819841:  Hold'em Limit ($3/$6 USD) - 2015/12/30 21:19:36 ET
Table 'Thalassa' 2-max Seat #2 is the button
Seat 1: Cyonada ($95.72 in chips)
Seat 2: Sharp(Gosu) ($82 in chips)
Sharp(Gosu): posts small blind $1
Cyonada: posts big blind $3
*** HOLE CARDS ***
Sharp(Gosu): raises $3 to $6
Cyonada: folds
Uncalled bet ($3) returned to Sharp(Gosu)
Sharp(Gosu) collected $6 from pot
Sharp(Gosu): doesn't show hand
*** SUMMARY ***
Total pot $6 | Rake $0
Seat 1: Cyonada (big blind) folded before Flop
Seat 2: Sharp(Gosu) (button) (small blind) collected ($6)


PokerStars Hand #146206816320:  Hold'em Limit ($3/$6 USD) - 2015/12/30 21:19:29 ET
Table 'Thalassa' 2-max Seat #1 is the button
Seat 1: Cyonada ($92.72 in chips)
Seat 2: Sharp(Gosu) ($85 in chips)
Cyonada: posts small blind $1
Sharp(Gosu): posts big blind $3
*** HOLE CARDS ***
Cyonada: raises $3 to $6
Sharp(Gosu): folds
Uncalled bet ($3) returned to Cyonada
Cyonada collected $6 from pot
Cyonada: doesn't show hand
*** SUMMARY ***
Total pot $6 | Rake $0
Seat 1: Cyonada (button) (small blind) collected ($6)
Seat 2: Sharp(Gosu) (big blind) folded before Flop


PokerStars Hand #146206807592:  Hold'em Limit ($3/$6 USD) - 2015/12/30 21:19:13 ET
Table 'Thalassa' 2-max Seat #2 is the button
Seat 1: Cyonada ($84.08 in chips)
Seat 2: Sharp(Gosu) ($94 in chips)
Sharp(Gosu): posts small blind $1
Cyonada: posts big blind $3
*** HOLE CARDS ***
Sharp(Gosu): raises $3 to $6
Cyonada: raises $3 to $9
Sharp(Gosu): calls $3
*** FLOP *** [Th Tc Jh]
Cyonada: bets $3
Sharp(Gosu): folds
Uncalled bet ($3) returned to Cyonada
Cyonada collected $17.64 from pot
Cyonada: doesn't show hand
*** SUMMARY ***
Total pot $18 | Rake $0.36
Board [Th Tc Jh]
Seat 1: Cyonada (big blind) collected ($17.64)
Seat 2: Sharp(Gosu) (button) (small blind) folded on the Flop


PokerStars Hand #146206804162:  Hold'em Limit ($3/$6 USD) - 2015/12/30 21:19:07 ET
Table 'Thalassa' 2-max Seat #1 is the button
Seat 1: Cyonada ($85.08 in chips)
Seat 2: Sharp(Gosu) ($93 in chips)
Cyonada: posts small blind $1
Sharp(Gosu): posts big blind $3
*** HOLE CARDS ***
Cyonada: folds
Uncalled bet ($2) returned to Sharp(Gosu)
Sharp(Gosu) collected $2 from pot
Sharp(Gosu): doesn't show hand
*** SUMMARY ***
Total pot $2 | Rake $0
Seat 1: Cyonada (button) (small blind) folded before Flop
Seat 2: Sharp(Gosu) (big blind) collected ($2)


PokerStars Hand #146206788234:  Hold'em Limit ($3/$6 USD) - 2015/12/30 21:18:38 ET
Table 'Thalassa' 2-max Seat #2 is the button
Seat 1: Cyonada ($58.58 in chips)
Seat 2: Sharp(Gosu) ($120 in chips)
Sharp(Gosu): posts small blind $1
Cyonada: posts big blind $3
*** HOLE CARDS ***
Sharp(Gosu): raises $3 to $6
Cyonada: raises $3 to $9
Sharp(Gosu): raises $3 to $12
Betting is capped
Cyonada: calls $3
*** FLOP *** [Tc 2s As]
Cyonada: bets $3
Sharp(Gosu): calls $3
*** TURN *** [Tc 2s As] [2c]
Cyonada: bets $6
Sharp(Gosu): calls $6
*** RIVER *** [Tc 2s As 2c] [Ks]
Cyonada: bets $6
Sharp(Gosu): calls $6
*** SHOW DOWN ***
Cyonada: shows [Kh Ah] (two pair, Aces and Kings)
Sharp(Gosu): mucks hand
Cyonada collected $53.50 from pot
*** SUMMARY ***
Total pot $54 | Rake $0.50
Board [Tc 2s As 2c Ks]
Seat 1: Cyonada (big blind) showed [Kh Ah] and won ($53.50) with two pair, Aces and Kings
Seat 2: Sharp(Gosu) (button) (small blind) mucked


PokerStars Hand #146206855717:  Hold'em Limit ($3/$6 USD) - 2015/12/30 21:20:41 ET
Table 'Thalassa' 2-max Seat #1 is the button
Seat 1: Cyonada ($95.22 in chips)
Seat 2: Sharp(Gosu) ($81.50 in chips)
Cyonada: posts small blind $1
Sharp(Gosu): posts big blind $3
*** HOLE CARDS ***
Cyonada: raises $3 to $6
Sharp(Gosu): calls $3
*** FLOP *** [3c 7h Kc]
Sharp(Gosu): checks
Cyonada: bets $3
Sharp(Gosu): raises $3 to $6
Cyonada: folds
Uncalled bet ($3) returned to Sharp(Gosu)
Sharp(Gosu) collected $17.64 from pot
Sharp(Gosu): doesn't show hand
*** SUMMARY ***
Total pot $18 | Rake $0.36
Board [3c 7h Kc]
Seat 1: Cyonada (button) (small blind) folded on the Flop
Seat 2: Sharp(Gosu) (big blind) collected ($17.64)


PokerStars Hand #146206844881:  Hold'em Limit ($3/$6 USD) - 2015/12/30 21:20:22 ET
Table 'Thalassa' 2-max Seat #2 is the button
Seat 1: Cyonada ($116.22 in chips)
Seat 2: Sharp(Gosu) ($61 in chips)
Sharp(Gosu): posts small blind $1
Cyonada: posts big blind $3
*** HOLE CARDS ***
Sharp(Gosu): raises $3 to $6
Cyonada: calls $3
*** FLOP *** [8h 4s 3d]
Cyonada: checks
Sharp(Gosu): bets $3
Cyonada: calls $3
*** TURN *** [8h 4s 3d] [Qh]
Cyonada: checks
Sharp(Gosu): bets $6
Cyonada: calls $6
*** RIVER *** [8h 4s 3d Qh] [As]
Cyonada: checks
Sharp(Gosu): bets $6
Cyonada: calls $6
*** SHOW DOWN ***
Sharp(Gosu): shows [Ah Th] (a pair of Aces)
Cyonada: mucks hand
Sharp(Gosu) collected $41.50 from pot
*** SUMMARY ***
Total pot $42 | Rake $0.50
Board [8h 4s 3d Qh As]
Seat 1: Cyonada (big blind) mucked
Seat 2: Sharp(Gosu) (button) (small blind) showed [Ah Th] and won ($41.50) with a pair of Aces


PokerStars Hand #146206828420:  Hold'em Limit ($3/$6 USD) - 2015/12/30 21:19:51 ET
Table 'Thalassa' 2-max Seat #1 is the button
Seat 1: Cyonada ($92.72 in chips)
Seat 2: Sharp(Gosu) ($85 in chips)
Cyonada: posts small blind $1
Sharp(Gosu): posts big blind $3
*** HOLE CARDS ***
Cyonada: raises $3 to $6
Sharp(Gosu): raises $3 to $9
Cyonada: calls $3
*** FLOP *** [7s 3d 2c]
Sharp(Gosu): bets $3
Cyonada: calls $3
*** TURN *** [7s 3d 2c] [4c]
Sharp(Gosu): checks
Cyonada: bets $6
Sharp(Gosu): calls $6
*** RIVER *** [7s 3d 2c 4c] [Qh]
Sharp(Gosu): checks
Cyonada: bets $6
Sharp(Gosu): calls $6
*** SHOW DOWN ***
Cyonada: shows [Ts 7h] (a pair of Sevens)
Sharp(Gosu): mucks hand
Cyonada collected $47.50 from pot
*** SUMMARY ***
Total pot $48 | Rake $0.50
Board [7s 3d 2c 4c Qh]
Seat 1: Cyonada (button) (small blind) showed [Ts 7h] and won ($47.50) with a pair of Sevens
Seat 2: Sharp(Gosu) (big blind) mucked


PokerStars Hand #146206883221:  Hold'em Limit ($3/$6 USD) - 2015/12/30 21:21:32 ET
Table 'Thalassa' 2-max Seat #2 is the button
Seat 1: Cyonada ($82.86 in chips)
Seat 2: Sharp(Gosu) ($92.66 in chips)
Sharp(Gosu): posts small blind $1
Cyonada: posts big blind $3
*** HOLE CARDS ***
Sharp(Gosu): raises $3 to $6
Cyonada: calls $3
*** FLOP *** [4c Qc Qd]
Cyonada: checks
Sharp(Gosu): bets $3
Cyonada: raises $3 to $6
Sharp(Gosu): calls $3
*** TURN *** [4c Qc Qd] [Qh]
Cyonada: checks
Sharp(Gosu): checks
*** RIVER *** [4c Qc Qd Qh] [5c]
Cyonada: checks
Sharp(Gosu): bets $6
Cyonada: folds
Uncalled bet ($6) returned to Sharp(Gosu)
Sharp(Gosu) collected $23.52 from pot
Sharp(Gosu): doesn't show hand
*** SUMMARY ***
Total pot $24 | Rake $0.48
Board [4c Qc Qd Qh 5c]
Seat 1: Cyonada (big blind) folded on the River
Seat 2: Sharp(Gosu) (button) (small blind) collected ($23.52)


PokerStars Hand #146206872240:  Hold'em Limit ($3/$6 USD) - 2015/12/30 21:21:12 ET
Table 'Thalassa' 2-max Seat #1 is the button
Seat 1: Cyonada ($94.86 in chips)
Seat 2: Sharp(Gosu) ($81.14 in chips)
Cyonada: posts small blind $1
Sharp(Gosu): posts big blind $3
*** HOLE CARDS ***
Cyonada: raises $3 to $6
Sharp(Gosu): calls $3
*** FLOP *** [3d 4d 6h]
Sharp(Gosu): checks
Cyonada: checks
*** TURN *** [3d 4d 6h] [7c]
Sharp(Gosu): bets $6
Cyonada: calls $6
*** RIVER *** [3d 4d 6h 7c] [6c]
Sharp(Gosu): bets $6
Cyonada: folds
Uncalled bet ($6) returned to Sharp(Gosu)
Sharp(Gosu) collected $23.52 from pot
Sharp(Gosu): doesn't show hand
*** SUMMARY ***
Total pot $24 | Rake $0.48
Board [3d 4d 6h 7c 6c]
Seat 1: Cyonada (button) (small blind) folded on the River
Seat 2: Sharp(Gosu) (big blind) collected ($23.52)


PokerStars Hand #146206862040:  Hold'em Limit ($3/$6 USD) - 2015/12/30 21:20:53 ET
Table 'Thalassa' 2-max Seat #2 is the button
Seat 1: Cyonada ($86.22 in chips)
Seat 2: Sharp(Gosu) ($90.14 in chips)
Sharp(Gosu): posts small blind $1
Cyonada: posts big blind $3
*** HOLE CARDS ***
Sharp(Gosu): raises $3 to $6
Cyonada: calls $3
*** FLOP *** [Kc Tc 3h]
Cyonada: checks
Sharp(Gosu): bets $3
Cyonada: calls $3
*** TURN *** [Kc Tc 3h] [9s]
Cyonada: checks
Sharp(Gosu): checks
*** RIVER *** [Kc Tc 3h 9s] [4c]
Cyonada: bets $6
Sharp(Gosu): folds
Uncalled bet ($6) returned to Cyonada
Cyonada collected $17.64 from pot
Cyonada: doesn't show hand
*** SUMMARY ***
Total pot $18 | Rake $0.36
Board [Kc Tc 3h 9s 4c]
Seat 1: Cyonada (big blind) collected ($17.64)
Seat 2: Sharp(Gosu) (button) (small blind) folded on the River


PokerStars Hand #146206925407:  Hold'em Limit ($3/$6 USD) - 2015/12/30 21:22:50 ET
Table 'Thalassa' 2-max Seat #2 is the button
Seat 1: Cyonada ($50.50 in chips)
Seat 2: Sharp(Gosu) ($123.68 in chips)
Sharp(Gosu): posts small blind $1
Cyonada: posts big blind $3
*** HOLE CARDS ***
Sharp(Gosu): raises $3 to $6
Cyonada: calls $3
*** FLOP *** [9s 9h 3h]
Cyonada: checks
Sharp(Gosu): bets $3
Cyonada: folds
Uncalled bet ($3) returned to Sharp(Gosu)
Sharp(Gosu) collected $11.76 from pot
Sharp(Gosu): doesn't show hand
*** SUMMARY ***
Total pot $12 | Rake $0.24
Board [9s 9h 3h]
Seat 1: Cyonada (big blind) folded on the Flop
Seat 2: Sharp(Gosu) (button) (small blind) collected ($11.76)


PokerStars Hand #146206912437:  Hold'em Limit ($3/$6 USD) - 2015/12/30 21:22:26 ET
Table 'Thalassa' 2-max Seat #1 is the button
Seat 1: Cyonada ($80.50 in chips)
Seat 2: Sharp(Gosu) ($94.18 in chips)
Cyonada: posts small blind $1
Sharp(Gosu): posts big blind $3
*** HOLE CARDS ***
Cyonada: raises $3 to $6
Sharp(Gosu): raises $3 to $9
Cyonada: calls $3
*** FLOP *** [8c 9h 4h]
Sharp(Gosu): bets $3
Cyonada: calls $3
*** TURN *** [8c 9h 4h] [6h]
Sharp(Gosu): bets $6
Cyonada: calls $6
*** RIVER *** [8c 9h 4h 6h] [Ks]
Sharp(Gosu): bets $6
Cyonada: raises $6 to $12
Sharp(Gosu): calls $6
*** SHOW DOWN ***
Cyonada: shows [Qc Jc] (high card King)
Sharp(Gosu): shows [Tc Kh] (a pair of Kings)
Sharp(Gosu) collected $59.50 from pot
*** SUMMARY ***
Total pot $60 | Rake $0.50
Board [8c 9h 4h 6h Ks]
Seat 1: Cyonada (button) (small blind) showed [Qc Jc] and lost with high card King
Seat 2: Sharp(Gosu) (big blind) showed [Tc Kh] and won ($59.50) with a pair of Kings


PokerStars Hand #146206908673:  Hold'em Limit ($3/$6 USD) - 2015/12/30 21:22:19 ET
Table 'Thalassa' 2-max Seat #2 is the button
Seat 1: Cyonada ($79.50 in chips)
Seat 2: Sharp(Gosu) ($95.18 in chips)
Sharp(Gosu): posts small blind $1
Cyonada: posts big blind $3
*** HOLE CARDS ***
Sharp(Gosu): folds
Uncalled bet ($2) returned to Cyonada
Cyonada collected $2 from pot
Cyonada: doesn't show hand
*** SUMMARY ***
Total pot $2 | Rake $0
Seat 1: Cyonada (big blind) collected ($2)
Seat 2: Sharp(Gosu) (button) (small blind) folded before Flop


PokerStars Hand #146206898393:  Hold'em Limit ($3/$6 USD) - 2015/12/30 21:22:00 ET
Table 'Thalassa' 2-max Seat #1 is the button
Seat 1: Cyonada ($70.86 in chips)
Seat 2: Sharp(Gosu) ($104.18 in chips)
Cyonada: posts small blind $1
Sharp(Gosu): posts big blind $3
*** HOLE CARDS ***
Cyonada: raises $3 to $6
Sharp(Gosu): calls $3
*** FLOP *** [4h 7c 5h]
Sharp(Gosu): checks
Cyonada: bets $3
Sharp(Gosu): calls $3
*** TURN *** [4h 7c 5h] [5c]
Sharp(Gosu): checks
Cyonada: bets $6
Sharp(Gosu): folds
Uncalled bet ($6) returned to Cyonada
Cyonada collected $17.64 from pot
Cyonada: doesn't show hand
*** SUMMARY ***
Total pot $18 | Rake $0.36
Board [4h 7c 5h 5c]
Seat 1: Cyonada (button) (small blind) collected ($17.64)
Seat 2: Sharp(Gosu) (big blind) folded on the Turn


PokerStars Hand #146206951306:  Hold'em Limit ($3/$6 USD) - 2015/12/30 21:23:38 ET
Table 'Thalassa' 2-max Seat #2 is the button
Seat 1: Cyonada ($74.76 in chips)
Seat 2: Sharp(Gosu) ($98.44 in chips)
Sharp(Gosu): posts small blind $1
Cyonada: posts big blind $3
*** HOLE CARDS ***
Sharp(Gosu): raises $3 to $6
Cyonada: calls $3
*** FLOP *** [7s 8d 4h]
Cyonada: checks
Sharp(Gosu): bets $3
Cyonada: calls $3
*** TURN *** [7s 8d 4h] [Qc]
Cyonada: checks
Sharp(Gosu): checks
*** RIVER *** [7s 8d 4h Qc] [Td]
Cyonada: bets $6
Sharp(Gosu): calls $6
*** SHOW DOWN ***
Cyonada: shows [Kd 4d] (a pair of Fours)
Sharp(Gosu): mucks hand
Cyonada collected $29.50 from pot
*** SUMMARY ***
Total pot $30 | Rake $0.50
Board [7s 8d 4h Qc Td]
Seat 1: Cyonada (big blind) showed [Kd 4d] and won ($29.50) with a pair of Fours
Seat 2: Sharp(Gosu) (button) (small blind) mucked


PokerStars Hand #146206940123:  Hold'em Limit ($3/$6 USD) - 2015/12/30 21:23:18 ET
Table 'Thalassa' 2-max Seat #1 is the button
Seat 1: Cyonada ($51.26 in chips)
Seat 2: Sharp(Gosu) ($122.44 in chips)
Cyonada: posts small blind $1
Sharp(Gosu): posts big blind $3
*** HOLE CARDS ***
Cyonada: raises $3 to $6
Sharp(Gosu): raises $3 to $9
Cyonada: calls $3
*** FLOP *** [Tc 6h 5s]
Sharp(Gosu): bets $3
Cyonada: calls $3
*** TURN *** [Tc 6h 5s] [5c]
Sharp(Gosu): checks
Cyonada: bets $6
Sharp(Gosu): calls $6
*** RIVER *** [Tc 6h 5s 5c] [8d]
Sharp(Gosu): checks
Cyonada: bets $6
Sharp(Gosu): calls $6
*** SHOW DOWN ***
Cyonada: shows [Jh 6d] (two pair, Sixes and Fives)
Sharp(Gosu): mucks hand
Cyonada collected $47.50 from pot
*** SUMMARY ***
Total pot $48 | Rake $0.50
Board [Tc 6h 5s 5c 8d]
Seat 1: Cyonada (button) (small blind) showed [Jh 6d] and won ($47.50) with two pair, Sixes and Fives
Seat 2: Sharp(Gosu) (big blind) mucked


PokerStars Hand #146206937695:  Hold'em Limit ($3/$6 USD) - 2015/12/30 21:23:13 ET
Table 'Thalassa' 2-max Seat #2 is the button
Seat 1: Cyonada ($50.26 in chips)
Seat 2: Sharp(Gosu) ($123.44 in chips)
Sharp(Gosu): posts small blind $1
Cyonada: posts big blind $3
*** HOLE CARDS ***
Sharp(Gosu): folds
Uncalled bet ($2) returned to Cyonada
Cyonada collected $2 from pot
Cyonada: doesn't show hand
*** SUMMARY ***
Total pot $2 | Rake $0
Seat 1: Cyonada (big blind) collected ($2)
Seat 2: Sharp(Gosu) (button) (small blind) folded before Flop


PokerStars Hand #146206931084:  Hold'em Limit ($3/$6 USD) - 2015/12/30 21:23:01 ET
Table 'Thalassa' 2-max Seat #1 is the button
Seat 1: Cyonada ($44.50 in chips)
Seat 2: Sharp(Gosu) ($129.44 in chips)
Cyonada: posts small blind $1
Sharp(Gosu): posts big blind $3
*** HOLE CARDS ***
Cyonada: raises $3 to $6
Sharp(Gosu): calls $3
*** FLOP *** [9s 5c Kh]
Sharp(Gosu): checks
Cyonada: bets $3
Sharp(Gosu): folds
Uncalled bet ($3) returned to Cyonada
Cyonada collected $11.76 from pot
Cyonada: doesn't show hand
*** SUMMARY ***
Total pot $12 | Rake $0.24
Board [9s 5c Kh]
Seat 1: Cyonada (button) (small blind) collected ($11.76)
Seat 2: Sharp(Gosu) (big blind) folded on the Flop


PokerStars Hand #146206992588:  Hold'em Limit ($3/$6 USD) - 2015/12/30 21:24:55 ET
Table 'Thalassa' 2-max Seat #2 is the button
Seat 1: Cyonada ($94.76 in chips)
Seat 2: Sharp(Gosu) ($76.58 in chips)
Sharp(Gosu): posts small blind $1
Cyonada: posts big blind $3
*** HOLE CARDS ***
Sharp(Gosu): folds
Uncalled bet ($2) returned to Cyonada
Cyonada collected $2 from pot
Cyonada: doesn't show hand
*** SUMMARY ***
Total pot $2 | Rake $0
Seat 1: Cyonada (big blind) collected ($2)
Seat 2: Sharp(Gosu) (button) (small blind) folded before Flop


PokerStars Hand #146206979874:  Hold'em Limit ($3/$6 USD) - 2015/12/30 21:24:32 ET
Table 'Thalassa' 2-max Seat #1 is the button
Seat 1: Cyonada ($65.26 in chips)
Seat 2: Sharp(Gosu) ($106.58 in chips)
Cyonada: posts small blind $1
Sharp(Gosu): posts big blind $3
*** HOLE CARDS ***
Cyonada: raises $3 to $6
Sharp(Gosu): raises $3 to $9
Cyonada: calls $3
*** FLOP *** [Ks 8d 2s]
Sharp(Gosu): bets $3
Cyonada: calls $3
*** TURN *** [Ks 8d 2s] [4d]
Sharp(Gosu): bets $6
Cyonada: raises $6 to $12
Sharp(Gosu): calls $6
*** RIVER *** [Ks 8d 2s 4d] [Qs]
Sharp(Gosu): checks
Cyonada: bets $6
Sharp(Gosu): calls $6
*** SHOW DOWN ***
Cyonada: shows [4h 8s] (two pair, Eights and Fours)
Sharp(Gosu): mucks hand
Cyonada collected $59.50 from pot
*** SUMMARY ***
Total pot $60 | Rake $0.50
Board [Ks 8d 2s 4d Qs]
Seat 1: Cyonada (button) (small blind) showed [4h 8s] and won ($59.50) with two pair, Eights and Fours
Seat 2: Sharp(Gosu) (big blind) mucked


PokerStars Hand #146206970423:  Hold'em Limit ($3/$6 USD) - 2015/12/30 21:24:14 ET
Table 'Thalassa' 2-max Seat #2 is the button
Seat 1: Cyonada ($74.26 in chips)
Seat 2: Sharp(Gosu) ($97.94 in chips)
Sharp(Gosu): posts small blind $1
Cyonada: posts big blind $3
*** HOLE CARDS ***
Sharp(Gosu): raises $3 to $6
Cyonada: calls $3
*** FLOP *** [3h 8h Kc]
Cyonada: bets $3
Sharp(Gosu): calls $3
*** TURN *** [3h 8h Kc] [Qh]
Cyonada: checks
Sharp(Gosu): bets $6
Cyonada: folds
Uncalled bet ($6) returned to Sharp(Gosu)
Sharp(Gosu) collected $17.64 from pot
Sharp(Gosu): doesn't show hand
*** SUMMARY ***
Total pot $18 | Rake $0.36
Board [3h 8h Kc Qh]
Seat 1: Cyonada (big blind) folded on the Turn
Seat 2: Sharp(Gosu) (button) (small blind) collected ($17.64)


PokerStars Hand #146206961597:  Hold'em Limit ($3/$6 USD) - 2015/12/30 21:23:58 ET
Table 'Thalassa' 2-max Seat #1 is the button
Seat 1: Cyonada ($89.26 in chips)
Seat 2: Sharp(Gosu) ($83.44 in chips)
Cyonada: posts small blind $1
Sharp(Gosu): posts big blind $3
*** HOLE CARDS ***
Cyonada: raises $3 to $6
Sharp(Gosu): calls $3
*** FLOP *** [Ks 8c Jc]
Sharp(Gosu): checks
Cyonada: bets $3
Sharp(Gosu): calls $3
*** TURN *** [Ks 8c Jc] [3h]
Sharp(Gosu): checks
Cyonada: checks
*** RIVER *** [Ks 8c Jc 3h] [6h]
Sharp(Gosu): bets $6
Cyonada: calls $6
*** SHOW DOWN ***
Sharp(Gosu): shows [8d Jh] (two pair, Jacks and Eights)
Cyonada: mucks hand
Sharp(Gosu) collected $29.50 from pot
*** SUMMARY ***
Total pot $30 | Rake $0.50
Board [Ks 8c Jc 3h 6h]
Seat 1: Cyonada (button) (small blind) mucked
Seat 2: Sharp(Gosu) (big blind) showed [8d Jh] and won ($29.50) with two pair, Jacks and Eights


PokerStars Hand #146207024588:  Hold'em Limit ($3/$6 USD) - 2015/12/30 21:25:55 ET
Table 'Thalassa' 2-max Seat #2 is the button
Seat 1: Cyonada ($100.26 in chips)
Seat 2: Sharp(Gosu) ($69.98 in chips)
Sharp(Gosu): posts small blind $1
Cyonada: posts big blind $3
*** HOLE CARDS ***
Sharp(Gosu): folds
Uncalled bet ($2) returned to Cyonada
Cyonada collected $2 from pot
Cyonada: doesn't show hand
*** SUMMARY ***
Total pot $2 | Rake $0
Seat 1: Cyonada (big blind) collected ($2)
Seat 2: Sharp(Gosu) (button) (small blind) folded before Flop


PokerStars Hand #146207021985:  Hold'em Limit ($3/$6 USD) - 2015/12/30 21:25:50 ET
Table 'Thalassa' 2-max Seat #1 is the button
Seat 1: Cyonada ($101.26 in chips)
Seat 2: Sharp(Gosu) ($68.98 in chips)
Cyonada: posts small blind $1
Sharp(Gosu): posts big blind $3
*** HOLE CARDS ***
Cyonada: folds
Uncalled bet ($2) returned to Sharp(Gosu)
Sharp(Gosu) collected $2 from pot
Sharp(Gosu): doesn't show hand
*** SUMMARY ***
Total pot $2 | Rake $0
Seat 1: Cyonada (button) (small blind) folded before Flop
Seat 2: Sharp(Gosu) (big blind) collected ($2)


PokerStars Hand #146207015447:  Hold'em Limit ($3/$6 USD) - 2015/12/30 21:25:38 ET
Table 'Thalassa' 2-max Seat #2 is the button
Seat 1: Cyonada ($110.26 in chips)
Seat 2: Sharp(Gosu) ($60.34 in chips)
Sharp(Gosu): posts small blind $1
Cyonada: posts big blind $3
*** HOLE CARDS ***
Sharp(Gosu): raises $3 to $6
Cyonada: calls $3
*** FLOP *** [As Qc 4s]
Cyonada: bets $3
Sharp(Gosu): raises $3 to $6
Cyonada: folds
Uncalled bet ($3) returned to Sharp(Gosu)
Sharp(Gosu) collected $17.64 from pot
Sharp(Gosu): doesn't show hand
*** SUMMARY ***
Total pot $18 | Rake $0.36
Board [As Qc 4s]
Seat 1: Cyonada (big blind) folded on the Flop
Seat 2: Sharp(Gosu) (button) (small blind) collected ($17.64)


PokerStars Hand #146207006972:  Hold'em Limit ($3/$6 USD) - 2015/12/30 21:25:22 ET
Table 'Thalassa' 2-max Seat #1 is the button
Seat 1: Cyonada ($92.76 in chips)
Seat 2: Sharp(Gosu) ($78.34 in chips)
Cyonada: posts small blind $1
Sharp(Gosu): posts big blind $3
*** HOLE CARDS ***
Cyonada: raises $3 to $6
Sharp(Gosu): calls $3
*** FLOP *** [7d 3h 7c]
Sharp(Gosu): checks
Cyonada: checks
*** TURN *** [7d 3h 7c] [6d]
Sharp(Gosu): bets $6
Cyonada: calls $6
*** RIVER *** [7d 3h 7c 6d] [4c]
Sharp(Gosu): bets $6
Cyonada: calls $6
*** SHOW DOWN ***
Sharp(Gosu): shows [8c Jd] (a pair of Sevens)
Cyonada: shows [Qc Tc] (a pair of Sevens - Queen kicker)
Cyonada collected $35.50 from pot
*** SUMMARY ***
Total pot $36 | Rake $0.50
Board [7d 3h 7c 6d 4c]
Seat 1: Cyonada (button) (small blind) showed [Qc Tc] and won ($35.50) with a pair of Sevens
Seat 2: Sharp(Gosu) (big blind) showed [8c Jd] and lost with a pair of Sevens


PokerStars Hand #146206998232:  Hold'em Limit ($3/$6 USD) - 2015/12/30 21:25:06 ET
Table 'Thalassa' 2-max Seat #2 is the button
Seat 1: Cyonada ($98.76 in chips)
Seat 2: Sharp(Gosu) ($72.58 in chips)
Sharp(Gosu): posts small blind $1
Cyonada: posts big blind $3
*** HOLE CARDS ***
Sharp(Gosu): raises $3 to $6
Cyonada: calls $3
*** FLOP *** [Kd Jd Th]
Cyonada: checks
Sharp(Gosu): bets $3
Cyonada: folds
Uncalled bet ($3) returned to Sharp(Gosu)
Sharp(Gosu) collected $11.76 from pot
Sharp(Gosu): doesn't show hand
*** SUMMARY ***
Total pot $12 | Rake $0.24
Board [Kd Jd Th]
Seat 1: Cyonada (big blind) folded on the Flop
Seat 2: Sharp(Gosu) (button) (small blind) collected ($11.76)


PokerStars Hand #146206995337:  Hold'em Limit ($3/$6 USD) - 2015/12/30 21:25:01 ET
Table 'Thalassa' 2-max Seat #1 is the button
Seat 1: Cyonada ($95.76 in chips)
Seat 2: Sharp(Gosu) ($75.58 in chips)
Cyonada: posts small blind $1
Sharp(Gosu): posts big blind $3
*** HOLE CARDS ***
Cyonada: raises $3 to $6
Sharp(Gosu): folds
Uncalled bet ($3) returned to Cyonada
Cyonada collected $6 from pot
Cyonada: doesn't show hand
*** SUMMARY ***
Total pot $6 | Rake $0
Seat 1: Cyonada (button) (small blind) collected ($6)
Seat 2: Sharp(Gosu) (big blind) folded before Flop


PokerStars Hand #146207053752:  Hold'em Limit ($3/$6 USD) - 2015/12/30 21:26:50 ET
Table 'Thalassa' 2-max Seat #1 is the button
Seat 1: Cyonada ($114.76 in chips)
Seat 2: Sharp(Gosu) ($54.74 in chips)
Cyonada: posts small blind $1
Sharp(Gosu): posts big blind $3
*** HOLE CARDS ***
Cyonada: folds
Uncalled bet ($2) returned to Sharp(Gosu)
Sharp(Gosu) collected $2 from pot
Sharp(Gosu): doesn't show hand
*** SUMMARY ***
Total pot $2 | Rake $0
Seat 1: Cyonada (button) (small blind) folded before Flop
Seat 2: Sharp(Gosu) (big blind) collected ($2)


PokerStars Hand #146207051025:  Hold'em Limit ($3/$6 USD) - 2015/12/30 21:26:45 ET
Table 'Thalassa' 2-max Seat #2 is the button
Seat 1: Cyonada ($113.76 in chips)
Seat 2: Sharp(Gosu) ($55.74 in chips)
Sharp(Gosu): posts small blind $1
Cyonada: posts big blind $3
*** HOLE CARDS ***
Sharp(Gosu): folds
Uncalled bet ($2) returned to Cyonada
Cyonada collected $2 from pot
Cyonada: doesn't show hand
*** SUMMARY ***
Total pot $2 | Rake $0
Seat 1: Cyonada (big blind) collected ($2)
Seat 2: Sharp(Gosu) (button) (small blind) folded before Flop


PokerStars Hand #146207038627:  Hold'em Limit ($3/$6 USD) - 2015/12/30 21:26:21 ET
Table 'Thalassa' 2-max Seat #1 is the button
Seat 1: Cyonada ($96.26 in chips)
Seat 2: Sharp(Gosu) ($73.74 in chips)
Cyonada: posts small blind $1
Sharp(Gosu): posts big blind $3
*** HOLE CARDS ***
Cyonada: raises $3 to $6
Sharp(Gosu): raises $3 to $9
Cyonada: calls $3
*** FLOP *** [8c Td 4d]
Sharp(Gosu): bets $3
Cyonada: calls $3
*** TURN *** [8c Td 4d] [Ks]
Sharp(Gosu): bets $6
Cyonada: calls $6
*** RIVER *** [8c Td 4d Ks] [6d]
Sharp(Gosu): checks
Cyonada: bets $6
Sharp(Gosu): folds
Uncalled bet ($6) returned to Cyonada
Cyonada collected $35.50 from pot
Cyonada: doesn't show hand
*** SUMMARY ***
Total pot $36 | Rake $0.50
Board [8c Td 4d Ks 6d]
Seat 1: Cyonada (button) (small blind) collected ($35.50)
Seat 2: Sharp(Gosu) (big blind) folded on the River


PokerStars Hand #146207036172:  Hold'em Limit ($3/$6 USD) - 2015/12/30 21:26:17 ET
Table 'Thalassa' 2-max Seat #2 is the button
Seat 1: Cyonada ($95.26 in chips)
Seat 2: Sharp(Gosu) ($74.74 in chips)
Sharp(Gosu): posts small blind $1
Cyonada: posts big blind $3
*** HOLE CARDS ***
Sharp(Gosu): folds
Uncalled bet ($2) returned to Cyonada
Cyonada collected $2 from pot
Cyonada: doesn't show hand
*** SUMMARY ***
Total pot $2 | Rake $0
Seat 1: Cyonada (big blind) collected ($2)
Seat 2: Sharp(Gosu) (button) (small blind) folded before Flop


PokerStars Hand #146207027251:  Hold'em Limit ($3/$6 USD) - 2015/12/30 21:26:00 ET
Table 'Thalassa' 2-max Seat #1 is the button
Seat 1: Cyonada ($101.26 in chips)
Seat 2: Sharp(Gosu) ($68.98 in chips)
Cyonada: posts small blind $1
Sharp(Gosu): posts big blind $3
*** HOLE CARDS ***
Cyonada: raises $3 to $6
Sharp(Gosu): calls $3
*** FLOP *** [Ac Kh Kc]
Sharp(Gosu): checks
Cyonada: checks
*** TURN *** [Ac Kh Kc] [4h]
Sharp(Gosu): checks
Cyonada: checks
*** RIVER *** [Ac Kh Kc 4h] [5s]
Sharp(Gosu): checks
Cyonada: checks
*** SHOW DOWN ***
Sharp(Gosu): shows [7h Jd] (a pair of Kings)
Cyonada: mucks hand
Sharp(Gosu) collected $11.76 from pot
*** SUMMARY ***
Total pot $12 | Rake $0.24
Board [Ac Kh Kc 4h 5s]
Seat 1: Cyonada (button) (small blind) mucked
Seat 2: Sharp(Gosu) (big blind) showed [7h Jd] and won ($11.76) with a pair of Kings


PokerStars Hand #146207087116:  Hold'em Limit ($3/$6 USD) - 2015/12/30 21:27:52 ET
Table 'Thalassa' 2-max Seat #1 is the button
Seat 1: Cyonada ($124.01 in chips)
Seat 2: Sharp(Gosu) ($44.25 in chips)
Cyonada: posts small blind $1
Sharp(Gosu): posts big blind $3
*** HOLE CARDS ***
Cyonada: folds
Uncalled bet ($2) returned to Sharp(Gosu)
Sharp(Gosu) collected $2 from pot
Sharp(Gosu): doesn't show hand
*** SUMMARY ***
Total pot $2 | Rake $0
Seat 1: Cyonada (button) (small blind) folded before Flop
Seat 2: Sharp(Gosu) (big blind) collected ($2)


PokerStars Hand #146207077232:  Hold'em Limit ($3/$6 USD) - 2015/12/30 21:27:34 ET
Table 'Thalassa' 2-max Seat #2 is the button
Seat 1: Cyonada ($109.51 in chips)
Seat 2: Sharp(Gosu) ($59.25 in chips)
Sharp(Gosu): posts small blind $1
Cyonada: posts big blind $3
*** HOLE CARDS ***
Sharp(Gosu): raises $3 to $6
Cyonada: calls $3
*** FLOP *** [4c 3d 2h]
Cyonada: checks
Sharp(Gosu): bets $3
Cyonada: calls $3
*** TURN *** [4c 3d 2h] [3h]
Cyonada: checks
Sharp(Gosu): bets $6
Cyonada: calls $6
*** RIVER *** [4c 3d 2h 3h] [6d]
Cyonada: checks
Sharp(Gosu): checks
*** SHOW DOWN ***
Cyonada: shows [Kh 7s] (a pair of Threes)
Sharp(Gosu): mucks hand
Cyonada collected $29.50 from pot
*** SUMMARY ***
Total pot $30 | Rake $0.50
Board [4c 3d 2h 3h 6d]
Seat 1: Cyonada (big blind) showed [Kh 7s] and won ($29.50) with a pair of Threes
Seat 2: Sharp(Gosu) (button) (small blind) mucked


PokerStars Hand #146207074944:  Hold'em Limit ($3/$6 USD) - 2015/12/30 21:27:29 ET
Table 'Thalassa' 2-max Seat #1 is the button
Seat 1: Cyonada ($110.51 in chips)
Seat 2: Sharp(Gosu) ($58.25 in chips)
Cyonada: posts small blind $1
Sharp(Gosu): posts big blind $3
*** HOLE CARDS ***
Cyonada: folds
Uncalled bet ($2) returned to Sharp(Gosu)
Sharp(Gosu) collected $2 from pot
Sharp(Gosu): doesn't show hand
*** SUMMARY ***
Total pot $2 | Rake $0
Seat 1: Cyonada (button) (small blind) folded before Flop
Seat 2: Sharp(Gosu) (big blind) collected ($2)


PokerStars Hand #146207069518:  Hold'em Limit ($3/$6 USD) - 2015/12/30 21:27:19 ET
Table 'Thalassa' 2-max Seat #2 is the button
Seat 1: Cyonada ($116.51 in chips)
Seat 2: Sharp(Gosu) ($52.49 in chips)
Sharp(Gosu): posts small blind $1
Cyonada: posts big blind $3
*** HOLE CARDS ***
Sharp(Gosu): raises $3 to $6
Cyonada: calls $3
*** FLOP *** [Ad 6d 9c]
Cyonada: checks
Sharp(Gosu): bets $3
Cyonada: folds
Uncalled bet ($3) returned to Sharp(Gosu)
Sharp(Gosu) collected $11.76 from pot
Sharp(Gosu): doesn't show hand
*** SUMMARY ***
Total pot $12 | Rake $0.24
Board [Ad 6d 9c]
Seat 1: Cyonada (big blind) folded on the Flop
Seat 2: Sharp(Gosu) (button) (small blind) collected ($11.76)


PokerStars Hand #146207066421:  Hold'em Limit ($3/$6 USD) - 2015/12/30 21:27:13 ET
Table 'Thalassa' 2-max Seat #1 is the button
Seat 1: Cyonada ($113.51 in chips)
Seat 2: Sharp(Gosu) ($55.49 in chips)
Cyonada: posts small blind $1
Sharp(Gosu): posts big blind $3
*** HOLE CARDS ***
Cyonada: raises $3 to $6
Sharp(Gosu): folds
Uncalled bet ($3) returned to Cyonada
Cyonada collected $6 from pot
Cyonada: doesn't show hand
*** SUMMARY ***
Total pot $6 | Rake $0
Seat 1: Cyonada (button) (small blind) collected ($6)
Seat 2: Sharp(Gosu) (big blind) folded before Flop


PokerStars Hand #146207056228:  Hold'em Limit ($3/$6 USD) - 2015/12/30 21:26:54 ET
Table 'Thalassa' 2-max Seat #2 is the button
Seat 1: Cyonada ($113.76 in chips)
Seat 2: Sharp(Gosu) ($55.74 in chips)
Sharp(Gosu): posts small blind $1
Cyonada: posts big blind $3
*** HOLE CARDS ***
Sharp(Gosu): raises $3 to $6
Cyonada: raises $3 to $9
Sharp(Gosu): calls $3
*** FLOP *** [Kd 7c 7s]
Cyonada: bets $3
Sharp(Gosu): calls $3
*** TURN *** [Kd 7c 7s] [3h]
Cyonada: bets $6
Sharp(Gosu): raises $6 to $12
Cyonada: calls $6
*** RIVER *** [Kd 7c 7s 3h] [3c]
Cyonada: checks
Sharp(Gosu): checks
*** SHOW DOWN ***
Cyonada: shows [Ad 5h] (two pair, Sevens and Threes)
Sharp(Gosu): shows [6h As] (two pair, Sevens and Threes)
Cyonada collected $23.75 from pot
Sharp(Gosu) collected $23.75 from pot
*** SUMMARY ***
Total pot $48 | Rake $0.50
Board [Kd 7c 7s 3h 3c]
Seat 1: Cyonada (big blind) showed [Ad 5h] and won ($23.75) with two pair, Sevens and Threes
Seat 2: Sharp(Gosu) (button) (small blind) showed [6h As] and won ($23.75) with two pair, Sevens and Threes


PokerStars Hand #146207112140:  Hold'em Limit ($3/$6 USD) - 2015/12/30 21:28:39 ET
Table 'Thalassa' 2-max Seat #2 is the button
Seat 1: Cyonada ($90.01 in chips)
Seat 2: Sharp(Gosu) ($77.25 in chips)
Sharp(Gosu): posts small blind $1
Cyonada: posts big blind $3
*** HOLE CARDS ***
Sharp(Gosu): raises $3 to $6
Cyonada: calls $3
*** FLOP *** [9d 6h 5c]
Cyonada: checks
Sharp(Gosu): checks
*** TURN *** [9d 6h 5c] [Ah]
Cyonada: checks
Sharp(Gosu): bets $6
Cyonada: calls $6
*** RIVER *** [9d 6h 5c Ah] [Ad]
Cyonada: checks
Sharp(Gosu): checks
*** SHOW DOWN ***
Cyonada: shows [4c 9c] (two pair, Aces and Nines)
Sharp(Gosu): mucks hand
Cyonada collected $23.52 from pot
*** SUMMARY ***
Total pot $24 | Rake $0.48
Board [9d 6h 5c Ah Ad]
Seat 1: Cyonada (big blind) showed [4c 9c] and won ($23.52) with two pair, Aces and Nines
Seat 2: Sharp(Gosu) (button) (small blind) mucked


PokerStars Hand #146207100353:  Hold'em Limit ($3/$6 USD) - 2015/12/30 21:28:17 ET
Table 'Thalassa' 2-max Seat #1 is the button
Seat 1: Cyonada ($105.01 in chips)
Seat 2: Sharp(Gosu) ($62.75 in chips)
Cyonada: posts small blind $1
Sharp(Gosu): posts big blind $3
*** HOLE CARDS ***
Cyonada: raises $3 to $6
Sharp(Gosu): calls $3
*** FLOP *** [4s Jc 9c]
Sharp(Gosu): checks
Cyonada: bets $3
Sharp(Gosu): calls $3
*** TURN *** [4s Jc 9c] [8d]
Sharp(Gosu): checks
Cyonada: checks
*** RIVER *** [4s Jc 9c 8d] [8s]
Sharp(Gosu): bets $6
Cyonada: calls $6
*** SHOW DOWN ***
Sharp(Gosu): shows [4h Kc] (two pair, Eights and Fours)
Cyonada: mucks hand
Sharp(Gosu) collected $29.50 from pot
*** SUMMARY ***
Total pot $30 | Rake $0.50
Board [4s Jc 9c 8d 8s]
Seat 1: Cyonada (button) (small blind) mucked
Seat 2: Sharp(Gosu) (big blind) showed [4h Kc] and won ($29.50) with two pair, Eights and Fours


PokerStars Hand #146207089611:  Hold'em Limit ($3/$6 USD) - 2015/12/30 21:27:57 ET
Table 'Thalassa' 2-max Seat #2 is the button
Seat 1: Cyonada ($123.01 in chips)
Seat 2: Sharp(Gosu) ($45.25 in chips)
Sharp(Gosu): posts small blind $1
Cyonada: posts big blind $3
*** HOLE CARDS ***
Sharp(Gosu): raises $3 to $6
Cyonada: calls $3
*** FLOP *** [Ad 2d 7d]
Cyonada: bets $3
Sharp(Gosu): raises $3 to $6
Cyonada: calls $3
*** TURN *** [Ad 2d 7d] [4h]
Cyonada: checks
Sharp(Gosu): bets $6
Cyonada: calls $6
*** RIVER *** [Ad 2d 7d 4h] [9c]
Cyonada: checks
Sharp(Gosu): bets $6
Cyonada: folds
Uncalled bet ($6) returned to Sharp(Gosu)
Sharp(Gosu) collected $35.50 from pot
Sharp(Gosu): doesn't show hand
*** SUMMARY ***
Total pot $36 | Rake $0.50
Board [Ad 2d 7d 4h 9c]
Seat 1: Cyonada (big blind) folded on the River
Seat 2: Sharp(Gosu) (button) (small blind) collected ($35.50)


PokerStars Hand #146207142468:  Hold'em Limit ($3/$6 USD) - 2015/12/30 21:29:37 ET
Table 'Thalassa' 2-max Seat #2 is the button
Seat 1: Cyonada ($126.67 in chips)
Seat 2: Sharp(Gosu) ($99.25 in chips)
Sharp(Gosu): posts small blind $1
Cyonada: posts big blind $3
*** HOLE CARDS ***
Sharp(Gosu): raises $3 to $6
Cyonada: calls $3
*** FLOP *** [8h 3c Qh]
Cyonada: checks
Sharp(Gosu): bets $3
Cyonada: folds
Uncalled bet ($3) returned to Sharp(Gosu)
Sharp(Gosu) collected $11.76 from pot
Sharp(Gosu): doesn't show hand
*** SUMMARY ***
Total pot $12 | Rake $0.24
Board [8h 3c Qh]
Seat 1: Cyonada (big blind) folded on the Flop
Seat 2: Sharp(Gosu) (button) (small blind) collected ($11.76)


PokerStars Hand #146207140141:  Hold'em Limit ($3/$6 USD) - 2015/12/30 21:29:32 ET
Table 'Thalassa' 2-max Seat #1 is the button
Seat 1: Cyonada ($127.67 in chips)
Seat 2: Sharp(Gosu) ($98.25 in chips)
Cyonada: posts small blind $1
Sharp(Gosu): posts big blind $3
*** HOLE CARDS ***
Cyonada: folds
Uncalled bet ($2) returned to Sharp(Gosu)
Sharp(Gosu) collected $2 from pot
Sharp(Gosu): doesn't show hand
*** SUMMARY ***
Total pot $2 | Rake $0
Seat 1: Cyonada (button) (small blind) folded before Flop
Seat 2: Sharp(Gosu) (big blind) collected ($2)


PokerStars Hand #146207134524:  Hold'em Limit ($3/$6 USD) - 2015/12/30 21:29:22 ET
Table 'Thalassa' 2-max Seat #2 is the button
Seat 1: Cyonada ($119.03 in chips)
Seat 2: Sharp(Gosu) ($107.25 in chips)
Sharp(Gosu): posts small blind $1
Cyonada: posts big blind $3
*** HOLE CARDS ***
Sharp(Gosu): raises $3 to $6
Cyonada: raises $3 to $9
Sharp(Gosu): calls $3
*** FLOP *** [Ah 4h Ks]
Cyonada: bets $3
Sharp(Gosu): folds
Uncalled bet ($3) returned to Cyonada
Cyonada collected $17.64 from pot
Cyonada: doesn't show hand
*** SUMMARY ***
Total pot $18 | Rake $0.36
Board [Ah 4h Ks]
Seat 1: Cyonada (big blind) collected ($17.64)
Seat 2: Sharp(Gosu) (button) (small blind) folded on the Flop


PokerStars Hand #146207122775:  Hold'em Limit ($3/$6 USD) - 2015/12/30 21:29:00 ET
Table 'Thalassa' 2-max Seat #1 is the button
Seat 1: Cyonada ($101.53 in chips)
Seat 2: Sharp(Gosu) ($65.25 in chips)
Cyonada: posts small blind $1
Sharp(Gosu): posts big blind $3
*** HOLE CARDS ***
Cyonada: raises $3 to $6
Sharp(Gosu): calls $3
*** FLOP *** [Ad 8c 8d]
Sharp(Gosu): checks
Cyonada: bets $3
Sharp(Gosu): raises $3 to $6
Cyonada: calls $3
*** TURN *** [Ad 8c 8d] [5d]
Sharp(Gosu): bets $6
Cyonada: calls $6
*** RIVER *** [Ad 8c 8d 5d] [6s]
Sharp(Gosu): checks
Cyonada: checks
*** SHOW DOWN ***
Sharp(Gosu): shows [7d Th] (a pair of Eights)
Cyonada: shows [Jc As] (two pair, Aces and Eights)
Cyonada collected $35.50 from pot
*** SUMMARY ***
Total pot $36 | Rake $0.50
Board [Ad 8c 8d 5d 6s]
Seat 1: Cyonada (button) (small blind) showed [Jc As] and won ($35.50) with two pair, Aces and Eights
Seat 2: Sharp(Gosu) (big blind) showed [7d Th] and lost with a pair of Eights


PokerStars Hand #146207174074:  Hold'em Limit ($3/$6 USD) - 2015/12/30 21:30:37 ET
Table 'Thalassa' 2-max Seat #1 is the button
Seat 1: Cyonada ($93.67 in chips)
Seat 2: Sharp(Gosu) ($131.03 in chips)
Cyonada: posts small blind $1
Sharp(Gosu): posts big blind $3
*** HOLE CARDS ***
Cyonada: raises $3 to $6
Sharp(Gosu): raises $3 to $9
Cyonada: calls $3
*** FLOP *** [Ah 9c Td]
Sharp(Gosu): bets $3
Cyonada: calls $3
*** TURN *** [Ah 9c Td] [5h]
Sharp(Gosu): checks
Cyonada: bets $6
Sharp(Gosu): calls $6
*** RIVER *** [Ah 9c Td 5h] [4c]
Sharp(Gosu): checks
Cyonada: bets $6
Sharp(Gosu): calls $6
*** SHOW DOWN ***
Cyonada: shows [6s Tc] (a pair of Tens)
Sharp(Gosu): mucks hand
Cyonada collected $47.50 from pot
*** SUMMARY ***
Total pot $48 | Rake $0.50
Board [Ah 9c Td 5h 4c]
Seat 1: Cyonada (button) (small blind) showed [6s Tc] and won ($47.50) with a pair of Tens
Seat 2: Sharp(Gosu) (big blind) mucked


PokerStars Hand #146207170241:  Hold'em Limit ($3/$6 USD) - 2015/12/30 21:30:30 ET
Table 'Thalassa' 2-max Seat #2 is the button
Seat 1: Cyonada ($92.67 in chips)
Seat 2: Sharp(Gosu) ($132.03 in chips)
Sharp(Gosu): posts small blind $1
Cyonada: posts big blind $3
*** HOLE CARDS ***
Sharp(Gosu): folds
Uncalled bet ($2) returned to Cyonada
Cyonada collected $2 from pot
Cyonada: doesn't show hand
*** SUMMARY ***
Total pot $2 | Rake $0
Seat 1: Cyonada (big blind) collected ($2)
Seat 2: Sharp(Gosu) (button) (small blind) folded before Flop


PokerStars Hand #146207167954:  Hold'em Limit ($3/$6 USD) - 2015/12/30 21:30:25 ET
Table 'Thalassa' 2-max Seat #1 is the button
Seat 1: Cyonada ($93.67 in chips)
Seat 2: Sharp(Gosu) ($131.03 in chips)
Cyonada: posts small blind $1
Sharp(Gosu): posts big blind $3
*** HOLE CARDS ***
Cyonada: folds
Uncalled bet ($2) returned to Sharp(Gosu)
Sharp(Gosu) collected $2 from pot
Sharp(Gosu): doesn't show hand
*** SUMMARY ***
Total pot $2 | Rake $0
Seat 1: Cyonada (button) (small blind) folded before Flop
Seat 2: Sharp(Gosu) (big blind) collected ($2)


PokerStars Hand #146207158758:  Hold'em Limit ($3/$6 USD) - 2015/12/30 21:30:08 ET
Table 'Thalassa' 2-max Seat #2 is the button
Seat 1: Cyonada ($108.67 in chips)
Seat 2: Sharp(Gosu) ($116.53 in chips)
Sharp(Gosu): posts small blind $1
Cyonada: posts big blind $3
*** HOLE CARDS ***
Sharp(Gosu): raises $3 to $6
Cyonada: raises $3 to $9
Sharp(Gosu): calls $3
*** FLOP *** [9s 7c 2s]
Cyonada: bets $3
Sharp(Gosu): raises $3 to $6
Cyonada: calls $3
*** TURN *** [9s 7c 2s] [Kh]
Cyonada: checks
Sharp(Gosu): bets $6
Cyonada: folds
Uncalled bet ($6) returned to Sharp(Gosu)
Sharp(Gosu) collected $29.50 from pot
Sharp(Gosu): doesn't show hand
*** SUMMARY ***
Total pot $30 | Rake $0.50
Board [9s 7c 2s Kh]
Seat 1: Cyonada (big blind) folded on the Turn
Seat 2: Sharp(Gosu) (button) (small blind) collected ($29.50)


PokerStars Hand #146207148392:  Hold'em Limit ($3/$6 USD) - 2015/12/30 21:29:48 ET
Table 'Thalassa' 2-max Seat #1 is the button
Seat 1: Cyonada ($120.67 in chips)
Seat 2: Sharp(Gosu) ($105.01 in chips)
Cyonada: posts small blind $1
Sharp(Gosu): posts big blind $3
*** HOLE CARDS ***
Cyonada: raises $3 to $6
Sharp(Gosu): raises $3 to $9
Cyonada: calls $3
*** FLOP *** [5d 6s Jd]
Sharp(Gosu): bets $3
Cyonada: calls $3
*** TURN *** [5d 6s Jd] [9d]
Sharp(Gosu): bets $6
Cyonada: folds
Uncalled bet ($6) returned to Sharp(Gosu)
Sharp(Gosu) collected $23.52 from pot
Sharp(Gosu): doesn't show hand
*** SUMMARY ***
Total pot $24 | Rake $0.48
Board [5d 6s Jd 9d]
Seat 1: Cyonada (button) (small blind) folded on the Turn
Seat 2: Sharp(Gosu) (big blind) collected ($23.52)


PokerStars Hand #146207205217:  Hold'em Limit ($3/$6 USD) - 2015/12/30 21:31:36 ET
Table 'Thalassa' 2-max Seat #1 is the button
Seat 1: Cyonada ($123.67 in chips)
Seat 2: Sharp(Gosu) ($99.67 in chips)
Cyonada: posts small blind $1
Sharp(Gosu): posts big blind $3
*** HOLE CARDS ***
Cyonada: raises $3 to $6
Sharp(Gosu): raises $3 to $9
Cyonada: calls $3
*** FLOP *** [4c Th 9h]
Sharp(Gosu): bets $3
Cyonada: calls $3
*** TURN *** [4c Th 9h] [3c]
Sharp(Gosu): bets $6
Cyonada: calls $6
*** RIVER *** [4c Th 9h 3c] [5s]
Sharp(Gosu): checks
Cyonada: checks
*** SHOW DOWN ***
Sharp(Gosu): shows [As 6s] (high card Ace)
Cyonada: mucks hand
Sharp(Gosu) collected $35.50 from pot
*** SUMMARY ***
Total pot $36 | Rake $0.50
Board [4c Th 9h 3c 5s]
Seat 1: Cyonada (button) (small blind) mucked
Seat 2: Sharp(Gosu) (big blind) showed [As 6s] and won ($35.50) with high card Ace


PokerStars Hand #146207195119:  Hold'em Limit ($3/$6 USD) - 2015/12/30 21:31:17 ET
Table 'Thalassa' 2-max Seat #2 is the button
Seat 1: Cyonada ($109.17 in chips)
Seat 2: Sharp(Gosu) ($114.67 in chips)
Sharp(Gosu): posts small blind $1
Cyonada: posts big blind $3
*** HOLE CARDS ***
Sharp(Gosu): raises $3 to $6
Cyonada: calls $3
*** FLOP *** [Tc 5h 9c]
Cyonada: checks
Sharp(Gosu): bets $3
Cyonada: calls $3
*** TURN *** [Tc 5h 9c] [4c]
Cyonada: checks
Sharp(Gosu): bets $6
Cyonada: calls $6
*** RIVER *** [Tc 5h 9c 4c] [Js]
Cyonada: checks
Sharp(Gosu): checks
*** SHOW DOWN ***
Cyonada: shows [Jh 9d] (two pair, Jacks and Nines)
Sharp(Gosu): mucks hand
Cyonada collected $29.50 from pot
*** SUMMARY ***
Total pot $30 | Rake $0.50
Board [Tc 5h 9c 4c Js]
Seat 1: Cyonada (big blind) showed [Jh 9d] and won ($29.50) with two pair, Jacks and Nines
Seat 2: Sharp(Gosu) (button) (small blind) mucked


PokerStars Hand #146207185499:  Hold'em Limit ($3/$6 USD) - 2015/12/30 21:30:59 ET
Table 'Thalassa' 2-max Seat #2 is the button
Seat 1: Cyonada ($117.17 in chips)
Seat 2: Sharp(Gosu) ($107.03 in chips)
Sharp(Gosu): posts small blind $1
Cyonada: posts big blind $3
*** HOLE CARDS ***
Sharp(Gosu): folds
Uncalled bet ($2) returned to Cyonada
Cyonada collected $2 from pot
Cyonada: doesn't show hand
*** SUMMARY ***
Total pot $2 | Rake $0
Seat 1: Cyonada (big blind) collected ($2)
Seat 2: Sharp(Gosu) (button) (small blind) folded before Flop


PokerStars Hand #146207188588:  Hold'em Limit ($3/$6 USD) - 2015/12/30 21:31:04 ET
Table 'Thalassa' 2-max Seat #1 is the button
Seat 1: Cyonada ($118.17 in chips)
Seat 2: Sharp(Gosu) ($106.03 in chips)
Cyonada: posts small blind $1
Sharp(Gosu): posts big blind $3
*** HOLE CARDS ***
Cyonada: raises $3 to $6
Sharp(Gosu): calls $3
*** FLOP *** [Th 4c Ad]
Sharp(Gosu): checks
Cyonada: bets $3
Sharp(Gosu): raises $3 to $6
Cyonada: folds
Uncalled bet ($3) returned to Sharp(Gosu)
Sharp(Gosu) collected $17.64 from pot
Sharp(Gosu): doesn't show hand
*** SUMMARY ***
Total pot $18 | Rake $0.36
Board [Th 4c Ad]
Seat 1: Cyonada (button) (small blind) folded on the Flop
Seat 2: Sharp(Gosu) (big blind) collected ($17.64)


PokerStars Hand #146207215783:  Hold'em Limit ($3/$6 USD) - 2015/12/30 21:31:56 ET
Table 'Thalassa' 2-max Seat #2 is the button
Seat 1: Cyonada ($105.67 in chips)
Seat 2: Sharp(Gosu) ($117.17 in chips)
Sharp(Gosu): posts small blind $1
Cyonada: posts big blind $3
*** HOLE CARDS ***
Sharp(Gosu): raises $3 to $6
Cyonada: calls $3
*** FLOP *** [Tc 4h 3d]
Cyonada is connected
Cyonada: checks
Sharp(Gosu): bets $3
Cyonada: folds
Uncalled bet ($3) returned to Sharp(Gosu)
Sharp(Gosu) collected $11.76 from pot
Sharp(Gosu): doesn't show hand
*** SUMMARY ***
Total pot $12 | Rake $0.24
Board [Tc 4h 3d]
Seat 1: Cyonada (big blind) folded on the Flop
Seat 2: Sharp(Gosu) (button) (small blind) collected ($11.76)


PokerStars Hand #146207226576:  Hold'em Limit ($3/$6 USD) - 2015/12/30 21:32:17 ET
Table 'Thalassa' 2-max Seat #1 is the button
Seat 1: Cyonada ($99.67 in chips)
Seat 2: Sharp(Gosu) ($122.93 in chips)
Cyonada: posts small blind $1
Sharp(Gosu): posts big blind $3
*** HOLE CARDS ***
Cyonada: raises $3 to $6
Sharp(Gosu): raises $3 to $9
Cyonada: calls $3
*** FLOP *** [Td 3s 8s]
Sharp(Gosu): bets $3
Cyonada: calls $3
*** TURN *** [Td 3s 8s] [4s]
Sharp(Gosu): checks
Cyonada: checks
*** RIVER *** [Td 3s 8s 4s] [As]
Sharp(Gosu): checks
Cyonada: bets $6
Sharp(Gosu): calls $6
*** SHOW DOWN ***
Cyonada: shows [Kc 7s] (a flush, Ace high)
Sharp(Gosu): mucks hand
Cyonada collected $35.50 from pot
*** SUMMARY ***
Total pot $36 | Rake $0.50
Board [Td 3s 8s 4s As]
Seat 1: Cyonada (button) (small blind) showed [Kc 7s] and won ($35.50) with a flush, Ace high
Seat 2: Sharp(Gosu) (big blind) mucked


PokerStars Hand #146207236574:  Hold'em Limit ($3/$6 USD) - 2015/12/30 21:32:36 ET
Table 'Thalassa' 2-max Seat #2 is the button
Seat 1: Cyonada ($117.17 in chips)
Seat 2: Sharp(Gosu) ($104.93 in chips)
Sharp(Gosu): posts small blind $1
Cyonada: posts big blind $3
*** HOLE CARDS ***
Sharp(Gosu): raises $3 to $6
Cyonada: raises $3 to $9
Sharp(Gosu): calls $3
*** FLOP *** [6h 3d 7h]
Cyonada: bets $3
Sharp(Gosu): raises $3 to $6
Cyonada: calls $3
*** TURN *** [6h 3d 7h] [Qs]
Cyonada: checks
Sharp(Gosu): bets $6
Cyonada: calls $6
*** RIVER *** [6h 3d 7h Qs] [Jd]
Cyonada: checks
Sharp(Gosu): bets $6
Cyonada: calls $6
*** SHOW DOWN ***
Sharp(Gosu): shows [4c 5s] (a straight, Three to Seven)
Cyonada: mucks hand
Sharp(Gosu) collected $53.50 from pot
*** SUMMARY ***
Total pot $54 | Rake $0.50
Board [6h 3d 7h Qs Jd]
Seat 1: Cyonada (big blind) mucked
Seat 2: Sharp(Gosu) (button) (small blind) showed [4c 5s] and won ($53.50) with a straight, Three to Seven


PokerStars Hand #146207254426:  Hold'em Limit ($3/$6 USD) - 2015/12/30 21:33:10 ET
Table 'Thalassa' 2-max Seat #2 is the button
Seat 1: Cyonada ($81.17 in chips)
Seat 2: Sharp(Gosu) ($140.07 in chips)
Sharp(Gosu): posts small blind $1
Cyonada: posts big blind $3
*** HOLE CARDS ***
Sharp(Gosu): raises $3 to $6
Cyonada: raises $3 to $9
Sharp(Gosu): calls $3
*** FLOP *** [8d 8c 8h]
Cyonada: checks
Sharp(Gosu): checks
*** TURN *** [8d 8c 8h] [Qc]
Cyonada: checks
Sharp(Gosu): checks
*** RIVER *** [8d 8c 8h Qc] [Qd]
Cyonada: checks
Sharp(Gosu): checks
*** SHOW DOWN ***
Cyonada: shows [Jc 6d] (a full house, Eights full of Queens)
Sharp(Gosu): shows [Ks 2s] (a full house, Eights full of Queens)
Cyonada collected $8.82 from pot
Sharp(Gosu) collected $8.82 from pot
*** SUMMARY ***
Total pot $18 | Rake $0.36
Board [8d 8c 8h Qc Qd]
Seat 1: Cyonada (big blind) showed [Jc 6d] and won ($8.82) with a full house, Eights full of Queens
Seat 2: Sharp(Gosu) (button) (small blind) showed [Ks 2s] and won ($8.82) with a full house, Eights full of Queens


PokerStars Hand #146207263627:  Hold'em Limit ($3/$6 USD) - 2015/12/30 21:33:27 ET
Table 'Thalassa' 2-max Seat #1 is the button
Seat 1: Cyonada ($80.99 in chips)
Seat 2: Sharp(Gosu) ($139.89 in chips)
Cyonada: posts small blind $1
Sharp(Gosu): posts big blind $3
*** HOLE CARDS ***
Cyonada: raises $3 to $6
Sharp(Gosu): calls $3
*** FLOP *** [6d 3h Ts]
Sharp(Gosu): checks
Cyonada: checks
*** TURN *** [6d 3h Ts] [Td]
Sharp(Gosu): bets $6
Cyonada: folds
Uncalled bet ($6) returned to Sharp(Gosu)
Sharp(Gosu) collected $11.76 from pot
Sharp(Gosu): doesn't show hand
*** SUMMARY ***
Total pot $12 | Rake $0.24
Board [6d 3h Ts Td]
Seat 1: Cyonada (button) (small blind) folded on the Turn
Seat 2: Sharp(Gosu) (big blind) collected ($11.76)


PokerStars Hand #146207270790:  Hold'em Limit ($3/$6 USD) - 2015/12/30 21:33:40 ET
Table 'Thalassa' 2-max Seat #2 is the button
Seat 1: Cyonada ($74.99 in chips)
Seat 2: Sharp(Gosu) ($145.65 in chips)
Sharp(Gosu): posts small blind $1
Cyonada: posts big blind $3
*** HOLE CARDS ***
Sharp(Gosu): raises $3 to $6
Cyonada: calls $3
*** FLOP *** [Ah 9d 6d]
Cyonada: checks
Sharp(Gosu): bets $3
Cyonada: folds
Uncalled bet ($3) returned to Sharp(Gosu)
Sharp(Gosu) collected $11.76 from pot
Sharp(Gosu): doesn't show hand
*** SUMMARY ***
Total pot $12 | Rake $0.24
Board [Ah 9d 6d]
Seat 1: Cyonada (big blind) folded on the Flop
Seat 2: Sharp(Gosu) (button) (small blind) collected ($11.76)


PokerStars Hand #146207247458:  Hold'em Limit ($3/$6 USD) - 2015/12/30 21:32:56 ET
Table 'Thalassa' 2-max Seat #1 is the button
Seat 1: Cyonada ($90.17 in chips)
Seat 2: Sharp(Gosu) ($131.43 in chips)
Cyonada: posts small blind $1
Sharp(Gosu): posts big blind $3
*** HOLE CARDS ***
Cyonada: raises $3 to $6
Sharp(Gosu): raises $3 to $9
Cyonada: calls $3
*** FLOP *** [7h Ac 8h]
Sharp(Gosu): bets $3
Cyonada: folds
Uncalled bet ($3) returned to Sharp(Gosu)
Sharp(Gosu) collected $17.64 from pot
Sharp(Gosu): doesn't show hand
*** SUMMARY ***
Total pot $18 | Rake $0.36
Board [7h Ac 8h]
Seat 1: Cyonada (button) (small blind) folded on the Flop
Seat 2: Sharp(Gosu) (big blind) collected ($17.64)


PokerStars Hand #146207286322:  Hold'em Limit ($3/$6 USD) - 2015/12/30 21:34:10 ET
Table 'Thalassa' 2-max Seat #1 is the button
Seat 1: Cyonada ($56.99 in chips)
Seat 2: Sharp(Gosu) ($163.05 in chips)
Cyonada: posts small blind $1
Sharp(Gosu): posts big blind $3
*** HOLE CARDS ***
Cyonada: folds
Uncalled bet ($2) returned to Sharp(Gosu)
Sharp(Gosu) collected $2 from pot
Sharp(Gosu): doesn't show hand
*** SUMMARY ***
Total pot $2 | Rake $0
Seat 1: Cyonada (button) (small blind) folded before Flop
Seat 2: Sharp(Gosu) (big blind) collected ($2)


PokerStars Hand #146207288594:  Hold'em Limit ($3/$6 USD) - 2015/12/30 21:34:14 ET
Table 'Thalassa' 2-max Seat #2 is the button
Seat 1: Cyonada ($55.99 in chips)
Seat 2: Sharp(Gosu) ($164.05 in chips)
Sharp(Gosu): posts small blind $1
Cyonada: posts big blind $3
*** HOLE CARDS ***
Sharp(Gosu): raises $3 to $6
Cyonada: raises $3 to $9
Sharp(Gosu): calls $3
*** FLOP *** [7c 7d 3s]
Cyonada: bets $3
Sharp(Gosu): folds
Uncalled bet ($3) returned to Cyonada
Cyonada collected $17.64 from pot
Cyonada: doesn't show hand
*** SUMMARY ***
Total pot $18 | Rake $0.36
Board [7c 7d 3s]
Seat 1: Cyonada (big blind) collected ($17.64)
Seat 2: Sharp(Gosu) (button) (small blind) folded on the Flop


PokerStars Hand #146207294294:  Hold'em Limit ($3/$6 USD) - 2015/12/30 21:34:25 ET
Table 'Thalassa' 2-max Seat #1 is the button
Seat 1: Cyonada ($64.63 in chips)
Seat 2: Sharp(Gosu) ($155.05 in chips)
Cyonada: posts small blind $1
Sharp(Gosu): posts big blind $3
*** HOLE CARDS ***
Cyonada: raises $3 to $6
Sharp(Gosu): calls $3
*** FLOP *** [Ac 6h 8c]
Sharp(Gosu): checks
Cyonada: bets $3
Sharp(Gosu): raises $3 to $6
Cyonada: calls $3
*** TURN *** [Ac 6h 8c] [Qd]
Sharp(Gosu): bets $6
Cyonada: calls $6
*** RIVER *** [Ac 6h 8c Qd] [3c]
Sharp(Gosu): checks
Cyonada: bets $6
Sharp(Gosu): calls $6
*** SHOW DOWN ***
Cyonada: shows [Qc Kc] (a flush, Ace high)
Sharp(Gosu): mucks hand
Cyonada collected $47.50 from pot
*** SUMMARY ***
Total pot $48 | Rake $0.50
Board [Ac 6h 8c Qd 3c]
Seat 1: Cyonada (button) (small blind) showed [Qc Kc] and won ($47.50) with a flush, Ace high
Seat 2: Sharp(Gosu) (big blind) mucked


PokerStars Hand #146207304772:  Hold'em Limit ($3/$6 USD) - 2015/12/30 21:34:45 ET
Table 'Thalassa' 2-max Seat #2 is the button
Seat 1: Cyonada ($88.13 in chips)
Seat 2: Sharp(Gosu) ($131.05 in chips)
Sharp(Gosu): posts small blind $1
Cyonada: posts big blind $3
*** HOLE CARDS ***
Sharp(Gosu): raises $3 to $6
Cyonada: raises $3 to $9
Sharp(Gosu): calls $3
*** FLOP *** [8d 7h 6d]
Cyonada: bets $3
Sharp(Gosu): raises $3 to $6
Cyonada: calls $3
*** TURN *** [8d 7h 6d] [Qd]
Cyonada: bets $6
Sharp(Gosu): calls $6
*** RIVER *** [8d 7h 6d Qd] [Jd]
Cyonada: bets $6
Sharp(Gosu): calls $6
*** SHOW DOWN ***
Cyonada: shows [Kh 2h] (high card King)
Sharp(Gosu): shows [7d Ts] (a flush, Queen high)
Sharp(Gosu) collected $53.50 from pot
*** SUMMARY ***
Total pot $54 | Rake $0.50
Board [8d 7h 6d Qd Jd]
Seat 1: Cyonada (big blind) showed [Kh 2h] and lost with high card King
Seat 2: Sharp(Gosu) (button) (small blind) showed [7d Ts] and won ($53.50) with a flush, Queen high


PokerStars Hand #146207283109:  Hold'em Limit ($3/$6 USD) - 2015/12/30 21:34:04 ET
Table 'Thalassa' 2-max Seat #2 is the button
Seat 1: Cyonada ($59.99 in chips)
Seat 2: Sharp(Gosu) ($160.05 in chips)
Sharp(Gosu): posts small blind $1
Cyonada: posts big blind $3
*** HOLE CARDS ***
Sharp(Gosu): raises $3 to $6
Cyonada: folds
Uncalled bet ($3) returned to Sharp(Gosu)
Sharp(Gosu) collected $6 from pot
Sharp(Gosu): doesn't show hand
*** SUMMARY ***
Total pot $6 | Rake $0
Seat 1: Cyonada (big blind) folded before Flop
Seat 2: Sharp(Gosu) (button) (small blind) collected ($6)


PokerStars Hand #146207277686:  Hold'em Limit ($3/$6 USD) - 2015/12/30 21:33:53 ET
Table 'Thalassa' 2-max Seat #1 is the button
Seat 1: Cyonada ($68.99 in chips)
Seat 2: Sharp(Gosu) ($151.41 in chips)
Cyonada: posts small blind $1
Sharp(Gosu): posts big blind $3
*** HOLE CARDS ***
Cyonada: raises $3 to $6
Sharp(Gosu): raises $3 to $9
Cyonada: calls $3
*** FLOP *** [Qd 8d Ad]
Sharp(Gosu): bets $3
Cyonada: folds
Uncalled bet ($3) returned to Sharp(Gosu)
Sharp(Gosu) collected $17.64 from pot
Sharp(Gosu): doesn't show hand
*** SUMMARY ***
Total pot $18 | Rake $0.36
Board [Qd 8d Ad]
Seat 1: Cyonada (button) (small blind) folded on the Flop
Seat 2: Sharp(Gosu) (big blind) collected ($17.64)


PokerStars Hand #146207314235:  Hold'em Limit ($3/$6 USD) - 2015/12/30 21:35:03 ET
Table 'Thalassa' 2-max Seat #1 is the button
Seat 1: Cyonada ($61.13 in chips)
Seat 2: Sharp(Gosu) ($157.55 in chips)
Cyonada: posts small blind $1
Sharp(Gosu): posts big blind $3
*** HOLE CARDS ***
Cyonada: raises $3 to $6
Sharp(Gosu): raises $3 to $9
Cyonada: calls $3
*** FLOP *** [Tc Jd 7s]
Sharp(Gosu): bets $3
Cyonada: calls $3
*** TURN *** [Tc Jd 7s] [Ah]
Sharp(Gosu): bets $6
Cyonada: folds
Uncalled bet ($6) returned to Sharp(Gosu)
Sharp(Gosu) collected $23.52 from pot
Sharp(Gosu): doesn't show hand
*** SUMMARY ***
Total pot $24 | Rake $0.48
Board [Tc Jd 7s Ah]
Seat 1: Cyonada (button) (small blind) folded on the Turn
Seat 2: Sharp(Gosu) (big blind) collected ($23.52)


PokerStars Hand #146207321504:  Hold'em Limit ($3/$6 USD) - 2015/12/30 21:35:17 ET
Table 'Thalassa' 2-max Seat #2 is the button
Seat 1: Cyonada ($49.13 in chips)
Seat 2: Sharp(Gosu) ($169.07 in chips)
Sharp(Gosu): posts small blind $1
Cyonada: posts big blind $3
*** HOLE CARDS ***
Sharp(Gosu): raises $3 to $6
Cyonada: raises $3 to $9
Sharp(Gosu): calls $3
*** FLOP *** [3s Qs 5c]
Cyonada: bets $3
Sharp(Gosu): calls $3
*** TURN *** [3s Qs 5c] [6h]
Cyonada: bets $6
Sharp(Gosu): folds
Uncalled bet ($6) returned to Cyonada
Cyonada collected $23.52 from pot
Cyonada: doesn't show hand
*** SUMMARY ***
Total pot $24 | Rake $0.48
Board [3s Qs 5c 6h]
Seat 1: Cyonada (big blind) collected ($23.52)
Seat 2: Sharp(Gosu) (button) (small blind) folded on the Turn


PokerStars Hand #146207329193:  Hold'em Limit ($3/$6 USD) - 2015/12/30 21:35:32 ET
Table 'Thalassa' 2-max Seat #1 is the button
Seat 1: Cyonada ($60.65 in chips)
Seat 2: Sharp(Gosu) ($157.07 in chips)
Cyonada: posts small blind $1
Sharp(Gosu): posts big blind $3
*** HOLE CARDS ***
Cyonada: raises $3 to $6
Sharp(Gosu): calls $3
*** FLOP *** [6d 6h 7c]
Sharp(Gosu): checks
Cyonada: checks
*** TURN *** [6d 6h 7c] [8c]
Sharp(Gosu): bets $6
Cyonada: calls $6
*** RIVER *** [6d 6h 7c 8c] [8d]
Sharp(Gosu): bets $6
Cyonada: raises $6 to $12
Sharp(Gosu): calls $6
*** SHOW DOWN ***
Cyonada: shows [Qs 8h] (a full house, Eights full of Sixes)
Sharp(Gosu): mucks hand
Cyonada collected $47.50 from pot
*** SUMMARY ***
Total pot $48 | Rake $0.50
Board [6d 6h 7c 8c 8d]
Seat 1: Cyonada (button) (small blind) showed [Qs 8h] and won ($47.50) with a full house, Eights full of Sixes
Seat 2: Sharp(Gosu) (big blind) mucked


PokerStars Hand #146207342840:  Hold'em Limit ($3/$6 USD) - 2015/12/30 21:35:58 ET
Table 'Thalassa' 2-max Seat #1 is the button
Seat 1: Cyonada ($81.15 in chips)
Seat 2: Sharp(Gosu) ($136.07 in chips)
Cyonada: posts small blind $1
Sharp(Gosu): posts big blind $3
*** HOLE CARDS ***
Cyonada: raises $3 to $6
Sharp(Gosu): folds
Uncalled bet ($3) returned to Cyonada
Cyonada collected $6 from pot
Cyonada: doesn't show hand
*** SUMMARY ***
Total pot $6 | Rake $0
Seat 1: Cyonada (button) (small blind) collected ($6)
Seat 2: Sharp(Gosu) (big blind) folded before Flop


PokerStars Hand #146207339982:  Hold'em Limit ($3/$6 USD) - 2015/12/30 21:35:53 ET
Table 'Thalassa' 2-max Seat #2 is the button
Seat 1: Cyonada ($84.15 in chips)
Seat 2: Sharp(Gosu) ($133.07 in chips)
Sharp(Gosu): posts small blind $1
Cyonada: posts big blind $3
*** HOLE CARDS ***
Sharp(Gosu): raises $3 to $6
Cyonada: folds
Uncalled bet ($3) returned to Sharp(Gosu)
Sharp(Gosu) collected $6 from pot
Sharp(Gosu): doesn't show hand
*** SUMMARY ***
Total pot $6 | Rake $0
Seat 1: Cyonada (big blind) folded before Flop
Seat 2: Sharp(Gosu) (button) (small blind) collected ($6)


PokerStars Hand #146207345683:  Hold'em Limit ($3/$6 USD) - 2015/12/30 21:36:04 ET
Table 'Thalassa' 2-max Seat #2 is the button
Seat 1: Cyonada ($84.15 in chips)
Seat 2: Sharp(Gosu) ($133.07 in chips)
Sharp(Gosu): posts small blind $1
Cyonada: posts big blind $3
*** HOLE CARDS ***
Sharp(Gosu): raises $3 to $6
Cyonada: raises $3 to $9
Sharp(Gosu): calls $3
*** FLOP *** [Qs Qc 8s]
Cyonada: bets $3
Sharp(Gosu): calls $3
*** TURN *** [Qs Qc 8s] [6h]
Cyonada: bets $6
Sharp(Gosu): raises $6 to $12
Cyonada: calls $6
*** RIVER *** [Qs Qc 8s 6h] [4s]
Cyonada: bets $6
Sharp(Gosu): raises $6 to $12
Cyonada: calls $6
*** SHOW DOWN ***
Sharp(Gosu): shows [Js 9d] (a pair of Queens)
Cyonada: shows [Kd 8c] (two pair, Queens and Eights)
Cyonada collected $71.50 from pot
*** SUMMARY ***
Total pot $72 | Rake $0.50
Board [Qs Qc 8s 6h 4s]
Seat 1: Cyonada (big blind) showed [Kd 8c] and won ($71.50) with two pair, Queens and Eights
Seat 2: Sharp(Gosu) (button) (small blind) showed [Js 9d] and lost with a pair of Queens


PokerStars Hand #146207355673:  Hold'em Limit ($3/$6 USD) - 2015/12/30 21:36:23 ET
Table 'Thalassa' 2-max Seat #1 is the button
Seat 1: Cyonada ($119.65 in chips)
Seat 2: Sharp(Gosu) ($97.07 in chips)
Cyonada: posts small blind $1
Sharp(Gosu): posts big blind $3
*** HOLE CARDS ***
Cyonada: folds
Uncalled bet ($2) returned to Sharp(Gosu)
Sharp(Gosu) collected $2 from pot
Sharp(Gosu): doesn't show hand
*** SUMMARY ***
Total pot $2 | Rake $0
Seat 1: Cyonada (button) (small blind) folded before Flop
Seat 2: Sharp(Gosu) (big blind) collected ($2)


PokerStars Hand #146207368223:  Hold'em Limit ($3/$6 USD) - 2015/12/30 21:36:47 ET
Table 'Thalassa' 2-max Seat #1 is the button
Seat 1: Cyonada ($106.65 in chips)
Seat 2: Sharp(Gosu) ($109.59 in chips)
Cyonada: posts small blind $1
Sharp(Gosu): posts big blind $3
*** HOLE CARDS ***
Cyonada: raises $3 to $6
Sharp(Gosu): folds
Uncalled bet ($3) returned to Cyonada
Cyonada collected $6 from pot
Cyonada: doesn't show hand
*** SUMMARY ***
Total pot $6 | Rake $0
Seat 1: Cyonada (button) (small blind) collected ($6)
Seat 2: Sharp(Gosu) (big blind) folded before Flop


PokerStars Hand #146207358093:  Hold'em Limit ($3/$6 USD) - 2015/12/30 21:36:28 ET
Table 'Thalassa' 2-max Seat #2 is the button
Seat 1: Cyonada ($118.65 in chips)
Seat 2: Sharp(Gosu) ($98.07 in chips)
Sharp(Gosu): posts small blind $1
Cyonada: posts big blind $3
*** HOLE CARDS ***
Sharp(Gosu): raises $3 to $6
Cyonada: calls $3
*** FLOP *** [Js 7h As]
Cyonada: checks
Sharp(Gosu): bets $3
Cyonada: raises $3 to $6
Sharp(Gosu): calls $3
*** TURN *** [Js 7h As] [5h]
Cyonada: checks
Sharp(Gosu): bets $6
Cyonada: folds
Uncalled bet ($6) returned to Sharp(Gosu)
Sharp(Gosu) collected $23.52 from pot
Sharp(Gosu): doesn't show hand
*** SUMMARY ***
Total pot $24 | Rake $0.48
Board [Js 7h As 5h]
Seat 1: Cyonada (big blind) folded on the Turn
Seat 2: Sharp(Gosu) (button) (small blind) collected ($23.52)


PokerStars Hand #146207371098:  Hold'em Limit ($3/$6 USD) - 2015/12/30 21:36:53 ET
Table 'Thalassa' 2-max Seat #2 is the button
Seat 1: Cyonada ($109.65 in chips)
Seat 2: Sharp(Gosu) ($106.59 in chips)
Sharp(Gosu): posts small blind $1
Cyonada: posts big blind $3
*** HOLE CARDS ***
Sharp(Gosu): raises $3 to $6
Cyonada: calls $3
*** FLOP *** [2d Ac 3c]
Cyonada: checks
Sharp(Gosu): bets $3
Cyonada: calls $3
*** TURN *** [2d Ac 3c] [Qd]
Cyonada: checks
Sharp(Gosu): bets $6
Cyonada: calls $6
*** RIVER *** [2d Ac 3c Qd] [3h]
Cyonada: checks
Sharp(Gosu): bets $6
Cyonada: raises $6 to $12
Sharp(Gosu): folds
Uncalled bet ($6) returned to Cyonada
Cyonada collected $41.50 from pot
Cyonada: doesn't show hand
*** SUMMARY ***
Total pot $42 | Rake $0.50
Board [2d Ac 3c Qd 3h]
Seat 1: Cyonada (big blind) collected ($41.50)
Seat 2: Sharp(Gosu) (button) (small blind) folded on the River


PokerStars Hand #146207383641:  Hold'em Limit ($3/$6 USD) - 2015/12/30 21:37:17 ET
Table 'Thalassa' 2-max Seat #1 is the button
Seat 1: Cyonada ($130.15 in chips)
Seat 2: Sharp(Gosu) ($85.59 in chips)
Cyonada: posts small blind $1
Sharp(Gosu): posts big blind $3
*** HOLE CARDS ***
Cyonada: raises $3 to $6
Sharp(Gosu): calls $3
*** FLOP *** [6h 6c 9d]
Sharp(Gosu): checks
Cyonada: bets $3
Sharp(Gosu): calls $3
*** TURN *** [6h 6c 9d] [3h]
Sharp(Gosu): checks
Cyonada: bets $6
Sharp(Gosu): folds
Uncalled bet ($6) returned to Cyonada
Cyonada collected $17.64 from pot
Cyonada: doesn't show hand
*** SUMMARY ***
Total pot $18 | Rake $0.36
Board [6h 6c 9d 3h]
Seat 1: Cyonada (button) (small blind) collected ($17.64)
Seat 2: Sharp(Gosu) (big blind) folded on the Turn


PokerStars Hand #146207398928:  Hold'em Limit ($3/$6 USD) - 2015/12/30 21:37:46 ET
Table 'Thalassa' 2-max Seat #1 is the button
Seat 1: Cyonada ($132.79 in chips)
Seat 2: Sharp(Gosu) ($82.35 in chips)
Cyonada: posts small blind $1
Sharp(Gosu): posts big blind $3
*** HOLE CARDS ***
Cyonada: raises $3 to $6
Sharp(Gosu): folds
Uncalled bet ($3) returned to Cyonada
Cyonada collected $6 from pot
Cyonada: doesn't show hand
*** SUMMARY ***
Total pot $6 | Rake $0
Seat 1: Cyonada (button) (small blind) collected ($6)
Seat 2: Sharp(Gosu) (big blind) folded before Flop


PokerStars Hand #146207393028:  Hold'em Limit ($3/$6 USD) - 2015/12/30 21:37:35 ET
Table 'Thalassa' 2-max Seat #2 is the button
Seat 1: Cyonada ($138.79 in chips)
Seat 2: Sharp(Gosu) ($76.59 in chips)
Sharp(Gosu): posts small blind $1
Cyonada: posts big blind $3
*** HOLE CARDS ***
Sharp(Gosu): raises $3 to $6
Cyonada: calls $3
*** FLOP *** [4c Td 6d]
Cyonada: checks
Sharp(Gosu): bets $3
Cyonada: folds
Uncalled bet ($3) returned to Sharp(Gosu)
Sharp(Gosu) collected $11.76 from pot
Sharp(Gosu): doesn't show hand
*** SUMMARY ***
Total pot $12 | Rake $0.24
Board [4c Td 6d]
Seat 1: Cyonada (big blind) folded on the Flop
Seat 2: Sharp(Gosu) (button) (small blind) collected ($11.76)


PokerStars Hand #146207405267:  Hold'em Limit ($3/$6 USD) - 2015/12/30 21:37:59 ET
Table 'Thalassa' 2-max Seat #1 is the button
Seat 1: Cyonada ($132.79 in chips)
Seat 2: Sharp(Gosu) ($82.35 in chips)
Cyonada: posts small blind $1
Sharp(Gosu): posts big blind $3
*** HOLE CARDS ***
Cyonada: folds
Uncalled bet ($2) returned to Sharp(Gosu)
Sharp(Gosu) collected $2 from pot
Sharp(Gosu): doesn't show hand
*** SUMMARY ***
Total pot $2 | Rake $0
Seat 1: Cyonada (button) (small blind) folded before Flop
Seat 2: Sharp(Gosu) (big blind) collected ($2)


PokerStars Hand #146207402197:  Hold'em Limit ($3/$6 USD) - 2015/12/30 21:37:53 ET
Table 'Thalassa' 2-max Seat #2 is the button
Seat 1: Cyonada ($135.79 in chips)
Seat 2: Sharp(Gosu) ($79.35 in chips)
Sharp(Gosu): posts small blind $1
Cyonada: posts big blind $3
*** HOLE CARDS ***
Sharp(Gosu): raises $3 to $6
Cyonada: folds
Uncalled bet ($3) returned to Sharp(Gosu)
Sharp(Gosu) collected $6 from pot
Sharp(Gosu): doesn't show hand
*** SUMMARY ***
Total pot $6 | Rake $0
Seat 1: Cyonada (big blind) folded before Flop
Seat 2: Sharp(Gosu) (button) (small blind) collected ($6)


PokerStars Hand #146207410511:  Hold'em Limit ($3/$6 USD) - 2015/12/30 21:38:09 ET
Table 'Thalassa' 2-max Seat #1 is the button
Seat 1: Cyonada ($128.79 in chips)
Seat 2: Sharp(Gosu) ($86.35 in chips)
Cyonada: posts small blind $1
Sharp(Gosu): posts big blind $3
*** HOLE CARDS ***
Cyonada: raises $3 to $6
Sharp(Gosu): raises $3 to $9
Cyonada: calls $3
*** FLOP *** [8d Ah As]
Sharp(Gosu): bets $3
Cyonada: calls $3
*** TURN *** [8d Ah As] [5d]
Sharp(Gosu): bets $6
Cyonada: calls $6
*** RIVER *** [8d Ah As 5d] [Jc]
Sharp(Gosu): bets $6
Cyonada: calls $6
*** SHOW DOWN ***
Sharp(Gosu): shows [9s Jd] (two pair, Aces and Jacks)
Cyonada: mucks hand
Sharp(Gosu) collected $47.50 from pot
*** SUMMARY ***
Total pot $48 | Rake $0.50
Board [8d Ah As 5d Jc]
Seat 1: Cyonada (button) (small blind) mucked
Seat 2: Sharp(Gosu) (big blind) showed [9s Jd] and won ($47.50) with two pair, Aces and Jacks


PokerStars Hand #146207419480:  Hold'em Limit ($3/$6 USD) - 2015/12/30 21:38:26 ET
Table 'Thalassa' 2-max Seat #2 is the button
Seat 1: Cyonada ($104.79 in chips)
Seat 2: Sharp(Gosu) ($109.85 in chips)
Sharp(Gosu): posts small blind $1
Cyonada: posts big blind $3
*** HOLE CARDS ***
Sharp(Gosu): raises $3 to $6
Cyonada: raises $3 to $9
Sharp(Gosu): calls $3
*** FLOP *** [6c 3d 4h]
Cyonada: bets $3
Sharp(Gosu): calls $3
*** TURN *** [6c 3d 4h] [9c]
Cyonada: bets $6
Sharp(Gosu): raises $6 to $12
Cyonada: calls $6
*** RIVER *** [6c 3d 4h 9c] [5d]
Cyonada: bets $6
Sharp(Gosu): calls $6
*** SHOW DOWN ***
Cyonada: shows [7d 8c] (a straight, Five to Nine)
Sharp(Gosu): mucks hand
Cyonada collected $59.50 from pot
*** SUMMARY ***
Total pot $60 | Rake $0.50
Board [6c 3d 4h 9c 5d]
Seat 1: Cyonada (big blind) showed [7d 8c] and won ($59.50) with a straight, Five to Nine
Seat 2: Sharp(Gosu) (button) (small blind) mucked


PokerStars Hand #146207430156:  Hold'em Limit ($3/$6 USD) - 2015/12/30 21:38:47 ET
Table 'Thalassa' 2-max Seat #1 is the button
Seat 1: Cyonada ($134.29 in chips)
Seat 2: Sharp(Gosu) ($79.85 in chips)
Cyonada: posts small blind $1
Sharp(Gosu): posts big blind $3
*** HOLE CARDS ***
Cyonada: raises $3 to $6
Sharp(Gosu): raises $3 to $9
Cyonada: calls $3
*** FLOP *** [Qd 6h 6c]
Sharp(Gosu): bets $3
Cyonada: calls $3
*** TURN *** [Qd 6h 6c] [2c]
Sharp(Gosu): bets $6
Cyonada: folds
Uncalled bet ($6) returned to Sharp(Gosu)
Sharp(Gosu) collected $23.52 from pot
Sharp(Gosu): doesn't show hand
*** SUMMARY ***
Total pot $24 | Rake $0.48
Board [Qd 6h 6c 2c]
Seat 1: Cyonada (button) (small blind) folded on the Turn
Seat 2: Sharp(Gosu) (big blind) collected ($23.52)


PokerStars Hand #146207407634:  Hold'em Limit ($3/$6 USD) - 2015/12/30 21:38:03 ET
Table 'Thalassa' 2-max Seat #2 is the button
Seat 1: Cyonada ($131.79 in chips)
Seat 2: Sharp(Gosu) ($83.35 in chips)
Sharp(Gosu): posts small blind $1
Cyonada: posts big blind $3
*** HOLE CARDS ***
Sharp(Gosu): raises $3 to $6
Cyonada: folds
Uncalled bet ($3) returned to Sharp(Gosu)
Sharp(Gosu) collected $6 from pot
Sharp(Gosu): doesn't show hand
*** SUMMARY ***
Total pot $6 | Rake $0
Seat 1: Cyonada (big blind) folded before Flop
Seat 2: Sharp(Gosu) (button) (small blind) collected ($6)


PokerStars Hand #146207443065:  Hold'em Limit ($3/$6 USD) - 2015/12/30 21:39:12 ET
Table 'Thalassa' 2-max Seat #2 is the button
Seat 1: Cyonada ($122.29 in chips)
Seat 2: Sharp(Gosu) ($91.37 in chips)
Sharp(Gosu): posts small blind $1
Cyonada: posts big blind $3
*** HOLE CARDS ***
Sharp(Gosu): raises $3 to $6
Cyonada: calls $3
*** FLOP *** [Kc 3d 2s]
Cyonada: checks
Sharp(Gosu): bets $3
Cyonada: folds
Uncalled bet ($3) returned to Sharp(Gosu)
Sharp(Gosu) collected $11.76 from pot
Sharp(Gosu): doesn't show hand
*** SUMMARY ***
Total pot $12 | Rake $0.24
Board [Kc 3d 2s]
Seat 1: Cyonada (big blind) folded on the Flop
Seat 2: Sharp(Gosu) (button) (small blind) collected ($11.76)


PokerStars Hand #146207448354:  Hold'em Limit ($3/$6 USD) - 2015/12/30 21:39:22 ET
Table 'Thalassa' 2-max Seat #1 is the button
Seat 1: Cyonada ($116.29 in chips)
Seat 2: Sharp(Gosu) ($97.13 in chips)
Cyonada: posts small blind $1
Sharp(Gosu): posts big blind $3
*** HOLE CARDS ***
Cyonada: raises $3 to $6
Sharp(Gosu): calls $3
*** FLOP *** [4h Th 6c]
Sharp(Gosu): checks
Cyonada: bets $3
Sharp(Gosu): folds
Uncalled bet ($3) returned to Cyonada
Cyonada collected $11.76 from pot
Cyonada: doesn't show hand
*** SUMMARY ***
Total pot $12 | Rake $0.24
Board [4h Th 6c]
Seat 1: Cyonada (button) (small blind) collected ($11.76)
Seat 2: Sharp(Gosu) (big blind) folded on the Flop


PokerStars Hand #146207454344:  Hold'em Limit ($3/$6 USD) - 2015/12/30 21:39:34 ET
Table 'Thalassa' 2-max Seat #2 is the button
Seat 1: Cyonada ($122.05 in chips)
Seat 2: Sharp(Gosu) ($91.13 in chips)
Sharp(Gosu): posts small blind $1
Cyonada: posts big blind $3
*** HOLE CARDS ***
Sharp(Gosu): raises $3 to $6
Cyonada: calls $3
*** FLOP *** [Jd 5c Ac]
Cyonada: checks
Sharp(Gosu): bets $3
Cyonada: calls $3
*** TURN *** [Jd 5c Ac] [Ad]
Cyonada: checks
Sharp(Gosu): checks
*** RIVER *** [Jd 5c Ac Ad] [Qd]
Cyonada: bets $6
Sharp(Gosu): folds
Uncalled bet ($6) returned to Cyonada
Cyonada collected $17.64 from pot
Cyonada: doesn't show hand
*** SUMMARY ***
Total pot $18 | Rake $0.36
Board [Jd 5c Ac Ad Qd]
Seat 1: Cyonada (big blind) collected ($17.64)
Seat 2: Sharp(Gosu) (button) (small blind) folded on the River


PokerStars Hand #146207440693:  Hold'em Limit ($3/$6 USD) - 2015/12/30 21:39:07 ET
Table 'Thalassa' 2-max Seat #1 is the button
Seat 1: Cyonada ($123.29 in chips)
Seat 2: Sharp(Gosu) ($90.37 in chips)
Cyonada: posts small blind $1
Sharp(Gosu): posts big blind $3
*** HOLE CARDS ***
Cyonada: folds
Uncalled bet ($2) returned to Sharp(Gosu)
Sharp(Gosu) collected $2 from pot
Sharp(Gosu): doesn't show hand
*** SUMMARY ***
Total pot $2 | Rake $0
Seat 1: Cyonada (button) (small blind) folded before Flop
Seat 2: Sharp(Gosu) (big blind) collected ($2)


PokerStars Hand #146207438263:  Hold'em Limit ($3/$6 USD) - 2015/12/30 21:39:03 ET
Table 'Thalassa' 2-max Seat #2 is the button
Seat 1: Cyonada ($122.29 in chips)
Seat 2: Sharp(Gosu) ($91.37 in chips)
Sharp(Gosu): posts small blind $1
Cyonada: posts big blind $3
*** HOLE CARDS ***
Sharp(Gosu): folds
Uncalled bet ($2) returned to Cyonada
Cyonada collected $2 from pot
Cyonada: doesn't show hand
*** SUMMARY ***
Total pot $2 | Rake $0
Seat 1: Cyonada (big blind) collected ($2)
Seat 2: Sharp(Gosu) (button) (small blind) folded before Flop


PokerStars Hand #146207472240:  Hold'em Limit ($3/$6 USD) - 2015/12/30 21:40:09 ET
Table 'Thalassa' 2-max Seat #2 is the button
Seat 1: Cyonada ($124.69 in chips)
Seat 2: Sharp(Gosu) ($87.89 in chips)
Sharp(Gosu): posts small blind $1
Cyonada: posts big blind $3
*** HOLE CARDS ***
Sharp(Gosu): raises $3 to $6
Cyonada: raises $3 to $9
Sharp(Gosu): calls $3
*** FLOP *** [Jh 8d 2c]
Cyonada: bets $3
Sharp(Gosu): calls $3
*** TURN *** [Jh 8d 2c] [Kh]
Cyonada: bets $6
Sharp(Gosu): calls $6
*** RIVER *** [Jh 8d 2c Kh] [6h]
Cyonada: bets $6
Sharp(Gosu): calls $6
*** SHOW DOWN ***
Cyonada: shows [Ks Jc] (two pair, Kings and Jacks)
Sharp(Gosu): mucks hand
Cyonada collected $47.50 from pot
*** SUMMARY ***
Total pot $48 | Rake $0.50
Board [Jh 8d 2c Kh 6h]
Seat 1: Cyonada (big blind) showed [Ks Jc] and won ($47.50) with two pair, Kings and Jacks
Seat 2: Sharp(Gosu) (button) (small blind) mucked


PokerStars Hand #146207482622:  Hold'em Limit ($3/$6 USD) - 2015/12/30 21:40:29 ET
Table 'Thalassa' 2-max Seat #1 is the button
Seat 1: Cyonada ($148.19 in chips)
Seat 2: Sharp(Gosu) ($63.89 in chips)
Cyonada: posts small blind $1
Sharp(Gosu): posts big blind $3
*** HOLE CARDS ***
Cyonada: raises $3 to $6
Sharp(Gosu): raises $3 to $9
Cyonada: calls $3
*** FLOP *** [Js Ks Jh]
Sharp(Gosu): bets $3
Cyonada: calls $3
*** TURN *** [Js Ks Jh] [8c]
Sharp(Gosu): checks
Cyonada: bets $6
Sharp(Gosu): calls $6
*** RIVER *** [Js Ks Jh 8c] [Qh]
Sharp(Gosu): checks
Cyonada: bets $6
Sharp(Gosu): calls $6
*** SHOW DOWN ***
Cyonada: shows [Jc Kh] (a full house, Jacks full of Kings)
Sharp(Gosu): mucks hand
Cyonada collected $47.50 from pot
*** SUMMARY ***
Total pot $48 | Rake $0.50
Board [Js Ks Jh 8c Qh]
Seat 1: Cyonada (button) (small blind) showed [Jc Kh] and won ($47.50) with a full house, Jacks full of Kings
Seat 2: Sharp(Gosu) (big blind) mucked


PokerStars Hand #146207463626:  Hold'em Limit ($3/$6 USD) - 2015/12/30 21:39:52 ET
Table 'Thalassa' 2-max Seat #1 is the button
Seat 1: Cyonada ($130.69 in chips)
Seat 2: Sharp(Gosu) ($82.13 in chips)
Cyonada: posts small blind $1
Sharp(Gosu): posts big blind $3
*** HOLE CARDS ***
Cyonada: raises $3 to $6
Sharp(Gosu): calls $3
*** FLOP *** [Jc 9d 7s]
Sharp(Gosu): checks
Cyonada: checks
*** TURN *** [Jc 9d 7s] [Ah]
Sharp(Gosu): bets $6
Cyonada: folds
Uncalled bet ($6) returned to Sharp(Gosu)
Sharp(Gosu) collected $11.76 from pot
Sharp(Gosu): doesn't show hand
*** SUMMARY ***
Total pot $12 | Rake $0.24
Board [Jc 9d 7s Ah]
Seat 1: Cyonada (button) (small blind) folded on the Turn
Seat 2: Sharp(Gosu) (big blind) collected ($11.76)


PokerStars Hand #146207493439:  Hold'em Limit ($3/$6 USD) - 2015/12/30 21:40:51 ET
Table 'Thalassa' 2-max Seat #2 is the button
Seat 1: Cyonada ($171.69 in chips)
Seat 2: Sharp(Gosu) ($39.89 in chips)
Sharp(Gosu): posts small blind $1
Cyonada: posts big blind $3
*** HOLE CARDS ***
Sharp(Gosu): raises $3 to $6
Cyonada: calls $3
*** FLOP *** [Qd Ks 6h]
Cyonada: bets $3
Sharp(Gosu): raises $3 to $6
Cyonada: folds
Uncalled bet ($3) returned to Sharp(Gosu)
Cyonada leaves the table
Sharp(Gosu) collected $17.64 from pot
Sharp(Gosu): doesn't show hand
*** SUMMARY ***
Total pot $18 | Rake $0.36
Board [Qd Ks 6h]
Seat 1: Cyonada (big blind) folded on the Flop
Seat 2: Sharp(Gosu) (button) (small blind) collected ($17.64)


