PokerStars Hand #167745349184:  Hold'em Limit ($3/$6 USD) - 2017/03/18 5:13:59 ET
Table 'Thalia' 6-max Seat #3 is the button
Seat 3: sim5sim5 ($72 in chips)
Seat 4: Rus29APX ($120 in chips)
sim5sim5: posts small blind $1
Rus29APX: posts big blind $3
*** HOLE CARDS ***
sim5sim5: raises $3 to $6
Rus29APX: calls $3
*** FLOP *** [9c Qs Qc]
Rus29APX: checks
sim5sim5: bets $3
Rus29APX: calls $3
*** TURN *** [9c Qs Qc] [4h]
Rus29APX: checks
sim5sim5: bets $6
Rus29APX: calls $6
*** RIVER *** [9c Qs Qc 4h] [3s]
Rus29APX: checks
sim5sim5: checks
*** SHOW DOWN ***
Rus29APX: shows [7s 4c] (two pair, Queens and Fours)
sim5sim5: mucks hand
Rus29APX collected $29.50 from pot
*** SUMMARY ***
Total pot $30 | Rake $0.50
Board [9c Qs Qc 4h 3s]
Seat 3: sim5sim5 (button) (small blind) mucked
Seat 4: Rus29APX (big blind) showed [7s 4c] and won ($29.50) with two pair, Queens and Fours


PokerStars Hand #167745364703:  Hold'em Limit ($3/$6 USD) - 2017/03/18 5:14:42 ET
Table 'Thalia' 6-max Seat #4 is the button
Seat 3: sim5sim5 ($72 in chips)
Seat 4: Rus29APX ($134.50 in chips)
Rus29APX: posts small blind $1
sim5sim5: posts big blind $3
*** HOLE CARDS ***
Rus29APX: raises $3 to $6
sim5sim5: calls $3
*** FLOP *** [Th 2h 5h]
sim5sim5: checks
Rus29APX: bets $3
sim5sim5: calls $3
*** TURN *** [Th 2h 5h] [5d]
sim5sim5: checks
Rus29APX: checks
*** RIVER *** [Th 2h 5h 5d] [8h]
sim5sim5: checks
Rus29APX: bets $6
sim5sim5: folds
Uncalled bet ($6) returned to Rus29APX
Rus29APX collected $17.64 from pot
Rus29APX: doesn't show hand
*** SUMMARY ***
Total pot $18 | Rake $0.36
Board [Th 2h 5h 5d 8h]
Seat 3: sim5sim5 (big blind) folded on the River
Seat 4: Rus29APX (button) (small blind) collected ($17.64)


PokerStars Hand #167745382105:  Hold'em Limit ($3/$6 USD) - 2017/03/18 5:15:29 ET
Table 'Thalia' 6-max Seat #3 is the button
Seat 3: sim5sim5 ($72 in chips)
Seat 4: Rus29APX ($143.14 in chips)
sim5sim5: posts small blind $1
Rus29APX: posts big blind $3
*** HOLE CARDS ***
sim5sim5: raises $3 to $6
Rus29APX: calls $3
*** FLOP *** [7h Js 8d]
Rus29APX: checks
sim5sim5: bets $3
Rus29APX: calls $3
*** TURN *** [7h Js 8d] [5c]
Rus29APX: checks
sim5sim5: checks
*** RIVER *** [7h Js 8d 5c] [8c]
Rus29APX: checks
sim5sim5: bets $6
ragz2riche5 joins the table at seat #5
Rus29APX: folds
Uncalled bet ($6) returned to sim5sim5
sim5sim5 collected $17.64 from pot
sim5sim5: doesn't show hand
*** SUMMARY ***
Total pot $18 | Rake $0.36
Board [7h Js 8d 5c 8c]
Seat 3: sim5sim5 (button) (small blind) collected ($17.64)
Seat 4: Rus29APX (big blind) folded on the River


PokerStars Hand #167745411695:  Hold'em Limit ($3/$6 USD) - 2017/03/18 5:16:49 ET
Table 'Thalia' 6-max Seat #5 is the button
Seat 4: Rus29APX ($133.14 in chips)
Seat 5: ragz2riche5 ($129.43 in chips)
ragz2riche5: posts small blind $1
sim5sim5: is sitting out
Rus29APX: posts big blind $3
*** HOLE CARDS ***
sim5sim5 leaves the table
ragz2riche5: calls $2
Rus29APX: checks
*** FLOP *** [Kh Kd 3d]
Rus29APX: checks
ragz2riche5: bets $3
Rus29APX: folds
Uncalled bet ($3) returned to ragz2riche5
ragz2riche5 collected $5.88 from pot
ragz2riche5: doesn't show hand
*** SUMMARY ***
Total pot $6 | Rake $0.12
Board [Kh Kd 3d]
Seat 4: Rus29APX (big blind) folded on the Flop
Seat 5: ragz2riche5 (button) (small blind) collected ($5.88)


