PokerStars Hand #175461673238:  Hold'em Limit ($3/$6 USD) - 2017/09/10 11:58:51 ET
Table 'Thalia' 6-max Seat #4 is the button
Seat 1: ChawkDee ($119.76 in chips)
Seat 4: Agrotait ($59.76 in chips)
Agrotait: posts small blind $1
ChawkDee: posts big blind $3
*** HOLE CARDS ***
Agrotait: folds
Uncalled bet ($2) returned to ChawkDee
ChawkDee collected $2 from pot
ChawkDee: doesn't show hand
*** SUMMARY ***
Total pot $2 | Rake $0
Seat 1: ChawkDee (big blind) collected ($2)
Seat 4: Agrotait (button) (small blind) folded before Flop


PokerStars Hand #175461653122:  Hold'em Limit ($3/$6 USD) - 2017/09/10 11:58:16 ET
Table 'Thalia' 6-max Seat #1 is the button
Seat 1: ChawkDee ($120 in chips)
Seat 4: Agrotait ($60 in chips)
ChawkDee: posts small blind $1
Agrotait: posts big blind $3
*** HOLE CARDS ***
ChawkDee: raises $3 to $6
Agrotait: raises $3 to $9
ChawkDee: calls $3
*** FLOP *** [Tc 3d 3h]
Agrotait: bets $3
ChawkDee: calls $3
*** TURN *** [Tc 3d 3h] [7c]
Agrotait: checks
ChawkDee: checks
*** RIVER *** [Tc 3d 3h 7c] [6s]
Agrotait: checks
ChawkDee: checks
*** SHOW DOWN ***
Agrotait: shows [4d Ad] (a pair of Threes)
ChawkDee: shows [4h Ac] (a pair of Threes)
Agrotait collected $11.76 from pot
ChawkDee collected $11.76 from pot
*** SUMMARY ***
Total pot $24 | Rake $0.48
Board [Tc 3d 3h 7c 6s]
Seat 1: ChawkDee (button) (small blind) showed [4h Ac] and won ($11.76) with a pair of Threes
Seat 4: Agrotait (big blind) showed [4d Ad] and won ($11.76) with a pair of Threes


PokerStars Hand #175461687976:  Hold'em Limit ($3/$6 USD) - 2017/09/10 11:59:17 ET
Table 'Thalia' 6-max Seat #4 is the button
Seat 1: ChawkDee ($108.76 in chips)
Seat 4: Agrotait ($70.28 in chips)
Agrotait: posts small blind $1
ChawkDee: posts big blind $3
*** HOLE CARDS ***
Agrotait: raises $3 to $6
ChawkDee: calls $3
*** FLOP *** [5d 5s 3s]
ChawkDee: checks
Agrotait: bets $3
ChawkDee: raises $3 to $6
Agrotait: calls $3
*** TURN *** [5d 5s 3s] [4c]
ChawkDee: bets $6
Agrotait: calls $6
*** RIVER *** [5d 5s 3s 4c] [Jc]
ChawkDee: checks
Agrotait: checks
*** SHOW DOWN ***
ChawkDee: shows [3c Ac] (two pair, Fives and Threes)
Agrotait: mucks hand
ChawkDee collected $35.50 from pot
*** SUMMARY ***
Total pot $36 | Rake $0.50
Board [5d 5s 3s 4c Jc]
Seat 1: ChawkDee (big blind) showed [3c Ac] and won ($35.50) with two pair, Fives and Threes
Seat 4: Agrotait (button) (small blind) mucked


PokerStars Hand #175461701049:  Hold'em Limit ($3/$6 USD) - 2017/09/10 11:59:39 ET
Table 'Thalia' 6-max Seat #1 is the button
Seat 1: ChawkDee ($126.26 in chips)
Seat 4: Agrotait ($52.28 in chips)
ChawkDee: posts small blind $1
Agrotait: posts big blind $3
*** HOLE CARDS ***
ChawkDee: folds
Uncalled bet ($2) returned to Agrotait
Agrotait collected $2 from pot
Agrotait: doesn't show hand
*** SUMMARY ***
Total pot $2 | Rake $0
Seat 1: ChawkDee (button) (small blind) folded before Flop
Seat 4: Agrotait (big blind) collected ($2)


PokerStars Hand #175461677196:  Hold'em Limit ($3/$6 USD) - 2017/09/10 11:58:58 ET
Table 'Thalia' 6-max Seat #1 is the button
Seat 1: ChawkDee ($120.76 in chips)
Seat 4: Agrotait ($58.76 in chips)
ChawkDee: posts small blind $1
Agrotait: posts big blind $3
*** HOLE CARDS ***
ChawkDee: raises $3 to $6
Agrotait: calls $3
*** FLOP *** [7s Th 5h]
Agrotait: checks
ChawkDee: checks
*** TURN *** [7s Th 5h] [2h]
Agrotait: bets $6
ChawkDee: calls $6
*** RIVER *** [7s Th 5h 2h] [5d]
Agrotait: bets $6
ChawkDee: folds
Uncalled bet ($6) returned to Agrotait
Agrotait collected $23.52 from pot
Agrotait: doesn't show hand
*** SUMMARY ***
Total pot $24 | Rake $0.48
Board [7s Th 5h 2h 5d]
Seat 1: ChawkDee (button) (small blind) folded on the River
Seat 4: Agrotait (big blind) collected ($23.52)


