PokerStars Hand #161262904014:  Hold'em Limit ($3/$6 USD) - 2016/11/11 19:27:53 ET
Table 'Thalia II' 10-max Seat #6 is the button
Seat 4: TinaTurner72 ($139.16 in chips)
Seat 6: Eklund_1891 ($100 in chips)
Eklund_1891: posts small blind $1
TinaTurner72: posts big blind $3
*** HOLE CARDS ***
Eklund_1891: raises $3 to $6
TinaTurner72: calls $3
*** FLOP *** [Tc 5h 6d]
TinaTurner72: bets $3
Eklund_1891: calls $3
*** TURN *** [Tc 5h 6d] [Kc]
TinaTurner72: checks
Eklund_1891: checks
*** RIVER *** [Tc 5h 6d Kc] [8h]
TinaTurner72: bets $6
Eklund_1891: folds
Uncalled bet ($6) returned to TinaTurner72
TinaTurner72 collected $17.64 from pot
TinaTurner72: doesn't show hand
*** SUMMARY ***
Total pot $18 | Rake $0.36
Board [Tc 5h 6d Kc 8h]
Seat 4: TinaTurner72 (big blind) collected ($17.64)
Seat 6: Eklund_1891 (button) (small blind) folded on the River


PokerStars Hand #161262918881:  Hold'em Limit ($3/$6 USD) - 2016/11/11 19:28:17 ET
Table 'Thalia II' 10-max Seat #4 is the button
Seat 4: TinaTurner72 ($147.80 in chips)
Seat 6: Eklund_1891 ($91 in chips)
TinaTurner72: posts small blind $1
Eklund_1891: posts big blind $3
*** HOLE CARDS ***
TinaTurner72: raises $3 to $6
Eklund_1891: folds
Uncalled bet ($3) returned to TinaTurner72
TinaTurner72 collected $6 from pot
TinaTurner72: doesn't show hand
*** SUMMARY ***
Total pot $6 | Rake $0
Seat 4: TinaTurner72 (button) (small blind) collected ($6)
Seat 6: Eklund_1891 (big blind) folded before Flop


PokerStars Hand #161262922076:  Hold'em Limit ($3/$6 USD) - 2016/11/11 19:28:22 ET
Table 'Thalia II' 10-max Seat #6 is the button
Seat 4: TinaTurner72 ($150.80 in chips)
Seat 6: Eklund_1891 ($88 in chips)
Eklund_1891: posts small blind $1
TinaTurner72: posts big blind $3
*** HOLE CARDS ***
Eklund_1891: calls $2
TinaTurner72: checks
*** FLOP *** [Js Qd 9d]
ToDaFelt joins the table at seat #7
TinaTurner72: checks
Eklund_1891: bets $3
TinaTurner72: calls $3
*** TURN *** [Js Qd 9d] [Jc]
TinaTurner72: checks
Eklund_1891: bets $6
TinaTurner72: calls $6
*** RIVER *** [Js Qd 9d Jc] [Jd]
TinaTurner72: checks
Eklund_1891: checks
*** SHOW DOWN ***
TinaTurner72: shows [9s 3d] (a full house, Jacks full of Nines)
Eklund_1891: mucks hand
TinaTurner72 collected $23.52 from pot
*** SUMMARY ***
Total pot $24 | Rake $0.48
Board [Js Qd 9d Jc Jd]
Seat 4: TinaTurner72 (big blind) showed [9s 3d] and won ($23.52) with a full house, Jacks full of Nines
Seat 6: Eklund_1891 (button) (small blind) mucked


PokerStars Hand #161262935787:  Hold'em Limit ($3/$6 USD) - 2016/11/11 19:28:43 ET
Table 'Thalia II' 10-max Seat #4 is the button
Seat 4: TinaTurner72 ($162.32 in chips)
Seat 6: Eklund_1891 ($76 in chips)
TinaTurner72: posts small blind $1
Eklund_1891: posts big blind $3
*** HOLE CARDS ***
TinaTurner72: raises $3 to $6
Eklund_1891: calls $3
*** FLOP *** [7h 7c Ks]
Eklund_1891: checks
TinaTurner72: bets $3
Eklund_1891: calls $3
*** TURN *** [7h 7c Ks] [Td]
Eklund_1891: checks
TinaTurner72: checks
*** RIVER *** [7h 7c Ks Td] [2h]
Eklund_1891: checks
TinaTurner72: checks
*** SHOW DOWN ***
Eklund_1891: shows [Js 4s] (a pair of Sevens)
TinaTurner72: shows [Qd 9d] (a pair of Sevens - King+Queen kicker)
TinaTurner72 collected $17.64 from pot
*** SUMMARY ***
Total pot $18 | Rake $0.36
Board [7h 7c Ks Td 2h]
Seat 4: TinaTurner72 (button) (small blind) showed [Qd 9d] and won ($17.64) with a pair of Sevens
Seat 6: Eklund_1891 (big blind) showed [Js 4s] and lost with a pair of Sevens


PokerStars Hand #161262981945:  Hold'em Limit ($3/$6 USD) - 2016/11/11 19:29:58 ET
Table 'Thalia II' 10-max Seat #7 is the button
Seat 6: Eklund_1891 ($88.06 in chips)
Seat 7: ToDaFelt ($143.53 in chips)
ToDaFelt: posts small blind $1
TinaTurner72: is sitting out
Eklund_1891: posts big blind $3
*** HOLE CARDS ***
ToDaFelt: folds
Uncalled bet ($2) returned to Eklund_1891
Eklund_1891 collected $2 from pot
Eklund_1891: doesn't show hand
*** SUMMARY ***
Total pot $2 | Rake $0
Seat 6: Eklund_1891 (big blind) collected ($2)
Seat 7: ToDaFelt (button) (small blind) folded before Flop


PokerStars Hand #161263002611:  Hold'em Limit ($3/$6 USD) - 2016/11/11 19:30:32 ET
Table 'Thalia II' 10-max Seat #7 is the button
Seat 6: Eklund_1891 ($112.56 in chips)
Seat 7: ToDaFelt ($118.53 in chips)
ToDaFelt: posts small blind $1
Eklund_1891: posts big blind $3
*** HOLE CARDS ***
ToDaFelt: raises $3 to $6
Eklund_1891: folds
Uncalled bet ($3) returned to ToDaFelt
ToDaFelt collected $6 from pot
ToDaFelt: doesn't show hand
*** SUMMARY ***
Total pot $6 | Rake $0
Seat 6: Eklund_1891 (big blind) folded before Flop
Seat 7: ToDaFelt (button) (small blind) collected ($6)


PokerStars Hand #161262986523:  Hold'em Limit ($3/$6 USD) - 2016/11/11 19:30:06 ET
Table 'Thalia II' 10-max Seat #6 is the button
Seat 6: Eklund_1891 ($89.06 in chips)
Seat 7: ToDaFelt ($142.53 in chips)
Eklund_1891: posts small blind $1
ToDaFelt: posts big blind $3
TinaTurner72 leaves the table
*** HOLE CARDS ***
Eklund_1891: raises $3 to $6
ToDaFelt: raises $3 to $9
Eklund_1891: calls $3
*** FLOP *** [4h 9d 2c]
ToDaFelt: bets $3
Eklund_1891: calls $3
*** TURN *** [4h 9d 2c] [7c]
ToDaFelt: bets $6
Eklund_1891: calls $6
*** RIVER *** [4h 9d 2c 7c] [Qs]
ToDaFelt: bets $6
Eklund_1891: calls $6
*** SHOW DOWN ***
ToDaFelt: shows [4d 8d] (a pair of Fours)
Eklund_1891: shows [7s 5h] (a pair of Sevens)
Eklund_1891 collected $47.50 from pot
*** SUMMARY ***
Total pot $48 | Rake $0.50
Board [4h 9d 2c 7c Qs]
Seat 6: Eklund_1891 (button) (small blind) showed [7s 5h] and won ($47.50) with a pair of Sevens
Seat 7: ToDaFelt (big blind) showed [4d 8d] and lost with a pair of Fours


PokerStars Hand #161263022645:  Hold'em Limit ($3/$6 USD) - 2016/11/11 19:31:04 ET
Table 'Thalia II' 10-max Seat #7 is the button
Seat 6: Eklund_1891 ($115.32 in chips)
Seat 7: ToDaFelt ($115.53 in chips)
ToDaFelt: posts small blind $1
Eklund_1891: posts big blind $3
*** HOLE CARDS ***
ToDaFelt: raises $3 to $6
Eklund_1891: calls $3
*** FLOP *** [Kc 9s 6h]
Eklund_1891: checks
ToDaFelt: checks
*** TURN *** [Kc 9s 6h] [7s]
Eklund_1891: bets $6
ToDaFelt: calls $6
*** RIVER *** [Kc 9s 6h 7s] [3s]
Eklund_1891: checks
ToDaFelt: bets $6
Eklund_1891: folds
Uncalled bet ($6) returned to ToDaFelt
ToDaFelt collected $23.52 from pot
ToDaFelt: doesn't show hand
*** SUMMARY ***
Total pot $24 | Rake $0.48
Board [Kc 9s 6h 7s 3s]
Seat 6: Eklund_1891 (big blind) folded on the River
Seat 7: ToDaFelt (button) (small blind) collected ($23.52)


PokerStars Hand #161263005734:  Hold'em Limit ($3/$6 USD) - 2016/11/11 19:30:37 ET
Table 'Thalia II' 10-max Seat #6 is the button
Seat 6: Eklund_1891 ($109.56 in chips)
Seat 7: ToDaFelt ($121.53 in chips)
Eklund_1891: posts small blind $1
ToDaFelt: posts big blind $3
*** HOLE CARDS ***
Eklund_1891: raises $3 to $6
ToDaFelt: calls $3
*** FLOP *** [2c 2s 2d]
ToDaFelt: checks
Eklund_1891: checks
*** TURN *** [2c 2s 2d] [8d]
ToDaFelt: checks
Eklund_1891: checks
*** RIVER *** [2c 2s 2d 8d] [7d]
ToDaFelt: checks
Eklund_1891: bets $6
ToDaFelt: folds
Uncalled bet ($6) returned to Eklund_1891
Eklund_1891 collected $11.76 from pot
Eklund_1891: doesn't show hand
*** SUMMARY ***
Total pot $12 | Rake $0.24
Board [2c 2s 2d 8d 7d]
Seat 6: Eklund_1891 (button) (small blind) collected ($11.76)
Seat 7: ToDaFelt (big blind) folded on the River


PokerStars Hand #161263068685:  Hold'em Limit ($3/$6 USD) - 2016/11/11 19:32:19 ET
Table 'Thalia II' 10-max Seat #6 is the button
Seat 6: Eklund_1891 ($70.32 in chips)
Seat 7: ToDaFelt ($159.31 in chips)
Eklund_1891: posts small blind $1
ToDaFelt: posts big blind $3
*** HOLE CARDS ***
Eklund_1891: folds
Uncalled bet ($2) returned to ToDaFelt
ToDaFelt collected $2 from pot
ToDaFelt: doesn't show hand
*** SUMMARY ***
Total pot $2 | Rake $0
Seat 6: Eklund_1891 (button) (small blind) folded before Flop
Seat 7: ToDaFelt (big blind) collected ($2)


PokerStars Hand #161263053976:  Hold'em Limit ($3/$6 USD) - 2016/11/11 19:31:55 ET
Table 'Thalia II' 10-max Seat #7 is the button
Seat 6: Eklund_1891 ($97.32 in chips)
Seat 7: ToDaFelt ($132.81 in chips)
ToDaFelt: posts small blind $1
Eklund_1891: posts big blind $3
*** HOLE CARDS ***
ToDaFelt: raises $3 to $6
Eklund_1891: calls $3
*** FLOP *** [As 5c Ah]
Eklund_1891: checks
ToDaFelt: bets $3
Eklund_1891: raises $3 to $6
ToDaFelt: raises $3 to $9
Eklund_1891: calls $3
*** TURN *** [As 5c Ah] [9c]
Eklund_1891: checks
ToDaFelt: bets $6
Eklund_1891: calls $6
*** RIVER *** [As 5c Ah 9c] [Tc]
Eklund_1891: checks
ToDaFelt: bets $6
Eklund_1891: calls $6
*** SHOW DOWN ***
ToDaFelt: shows [5s Ac] (a full house, Aces full of Fives)
Eklund_1891: mucks hand
ToDaFelt collected $53.50 from pot
*** SUMMARY ***
Total pot $54 | Rake $0.50
Board [As 5c Ah 9c Tc]
Seat 6: Eklund_1891 (big blind) mucked
Seat 7: ToDaFelt (button) (small blind) showed [5s Ac] and won ($53.50) with a full house, Aces full of Fives


PokerStars Hand #161263042555:  Hold'em Limit ($3/$6 USD) - 2016/11/11 19:31:37 ET
Table 'Thalia II' 10-max Seat #6 is the button
Seat 6: Eklund_1891 ($103.32 in chips)
Seat 7: ToDaFelt ($127.05 in chips)
Eklund_1891: posts small blind $1
ToDaFelt: posts big blind $3
*** HOLE CARDS ***
Eklund_1891: raises $3 to $6
ToDaFelt: calls $3
*** FLOP *** [4h Qh 6c]
ToDaFelt: checks
Eklund_1891: checks
*** TURN *** [4h Qh 6c] [8s]
ToDaFelt: bets $6
Eklund_1891: folds
Uncalled bet ($6) returned to ToDaFelt
ToDaFelt collected $11.76 from pot
ToDaFelt: doesn't show hand
*** SUMMARY ***
Total pot $12 | Rake $0.24
Board [4h Qh 6c 8s]
Seat 6: Eklund_1891 (button) (small blind) folded on the Turn
Seat 7: ToDaFelt (big blind) collected ($11.76)


PokerStars Hand #161263088831:  Hold'em Limit ($3/$6 USD) - 2016/11/11 19:32:52 ET
Table 'Thalia II' 10-max Seat #6 is the button
Seat 6: Eklund_1891 ($48.32 in chips)
Seat 7: ToDaFelt ($180.81 in chips)
Eklund_1891: posts small blind $1
ToDaFelt: posts big blind $3
*** HOLE CARDS ***
Eklund_1891: raises $3 to $6
Eklund_1891 said, "un real"
ToDaFelt: raises $3 to $9
Eklund_1891: folds
Uncalled bet ($3) returned to ToDaFelt
ToDaFelt collected $12 from pot
ToDaFelt: doesn't show hand
*** SUMMARY ***
Total pot $12 | Rake $0
Seat 6: Eklund_1891 (button) (small blind) folded before Flop
Seat 7: ToDaFelt (big blind) collected ($12)


PokerStars Hand #161263071620:  Hold'em Limit ($3/$6 USD) - 2016/11/11 19:32:24 ET
Table 'Thalia II' 10-max Seat #7 is the button
Seat 6: Eklund_1891 ($69.32 in chips)
Seat 7: ToDaFelt ($160.31 in chips)
ToDaFelt: posts small blind $1
Eklund_1891: posts big blind $3
*** HOLE CARDS ***
Eklund_1891 said, "lol"
ToDaFelt: raises $3 to $6
Eklund_1891: calls $3
*** FLOP *** [Qh 3c 2d]
Eklund_1891: checks
ToDaFelt: bets $3
Eklund_1891: calls $3
*** TURN *** [Qh 3c 2d] [Qc]
Eklund_1891: checks
ToDaFelt: bets $6
Eklund_1891: calls $6
*** RIVER *** [Qh 3c 2d Qc] [Jh]
Eklund_1891: checks
ToDaFelt: bets $6
Eklund_1891: calls $6
*** SHOW DOWN ***
ToDaFelt: shows [Kd Qd] (three of a kind, Queens)
Eklund_1891: mucks hand
ToDaFelt collected $41.50 from pot
*** SUMMARY ***
Total pot $42 | Rake $0.50
Board [Qh 3c 2d Qc Jh]
Seat 6: Eklund_1891 (big blind) mucked
Seat 7: ToDaFelt (button) (small blind) showed [Kd Qd] and won ($41.50) with three of a kind, Queens


PokerStars Hand #161263098768:  Hold'em Limit ($3/$6 USD) - 2016/11/11 19:33:09 ET
Table 'Thalia II' 10-max Seat #7 is the button
Seat 6: Eklund_1891 ($42.32 in chips)
Seat 7: ToDaFelt ($186.81 in chips)
ToDaFelt: posts small blind $1
Eklund_1891: posts big blind $3
*** HOLE CARDS ***
ToDaFelt: raises $3 to $6
Eklund_1891: calls $3
*** FLOP *** [5h 6h 5d]
Eklund_1891: checks
ToDaFelt: bets $3
Eklund_1891: calls $3
*** TURN *** [5h 6h 5d] [Kd]
Eklund_1891: checks
ToDaFelt: bets $6
Eklund_1891: raises $6 to $12
ToDaFelt: raises $6 to $18
Eklund_1891: calls $6
*** RIVER *** [5h 6h 5d Kd] [5c]
Eklund_1891: checks
ToDaFelt: bets $6
Eklund_1891: raises $6 to $12
ToDaFelt: raises $6 to $18
Eklund_1891: calls $3.32 and is all-in
Uncalled bet ($2.68) returned to ToDaFelt
*** SHOW DOWN ***
ToDaFelt: shows [Kh Qh] (a full house, Fives full of Kings)
Eklund_1891: shows [3h Kc] (a full house, Fives full of Kings)
Eklund_1891 collected $42.07 from pot
ToDaFelt collected $42.07 from pot
*** SUMMARY ***
Total pot $84.64 | Rake $0.50
Board [5h 6h 5d Kd 5c]
Seat 6: Eklund_1891 (big blind) showed [3h Kc] and won ($42.07) with a full house, Fives full of Kings
Seat 7: ToDaFelt (button) (small blind) showed [Kh Qh] and won ($42.07) with a full house, Fives full of Kings


PokerStars Hand #161263132747:  Hold'em Limit ($3/$6 USD) - 2016/11/11 19:34:04 ET
Table 'Thalia II' 10-max Seat #6 is the button
Seat 6: Eklund_1891 ($64.57 in chips)
Seat 7: ToDaFelt ($163.56 in chips)
Eklund_1891: posts small blind $1
ToDaFelt: posts big blind $3
*** HOLE CARDS ***
Eklund_1891: raises $3 to $6
ToDaFelt: folds
Uncalled bet ($3) returned to Eklund_1891
Eklund_1891 collected $6 from pot
Eklund_1891: doesn't show hand
*** SUMMARY ***
Total pot $6 | Rake $0
Seat 6: Eklund_1891 (button) (small blind) collected ($6)
Seat 7: ToDaFelt (big blind) folded before Flop


PokerStars Hand #161263119967:  Hold'em Limit ($3/$6 USD) - 2016/11/11 19:33:43 ET
Table 'Thalia II' 10-max Seat #7 is the button
Seat 6: Eklund_1891 ($41.07 in chips)
Seat 7: ToDaFelt ($187.56 in chips)
ToDaFelt: posts small blind $1
Eklund_1891: posts big blind $3
*** HOLE CARDS ***
ToDaFelt: raises $3 to $6
Eklund_1891: raises $3 to $9
ToDaFelt: calls $3
*** FLOP *** [9h Jh 7s]
Eklund_1891: bets $3
ToDaFelt: calls $3
*** TURN *** [9h Jh 7s] [5c]
Eklund_1891: bets $6
ToDaFelt: calls $6
*** RIVER *** [9h Jh 7s 5c] [Ad]
Eklund_1891: bets $6
ToDaFelt: calls $6
*** SHOW DOWN ***
Eklund_1891: shows [As 9c] (two pair, Aces and Nines)
ToDaFelt: mucks hand
Eklund_1891 collected $47.50 from pot
*** SUMMARY ***
Total pot $48 | Rake $0.50
Board [9h Jh 7s 5c Ad]
Seat 6: Eklund_1891 (big blind) showed [As 9c] and won ($47.50) with two pair, Aces and Nines
Seat 7: ToDaFelt (button) (small blind) mucked


PokerStars Hand #161263116967:  Hold'em Limit ($3/$6 USD) - 2016/11/11 19:33:38 ET
Table 'Thalia II' 10-max Seat #6 is the button
Seat 6: Eklund_1891 ($42.07 in chips)
Seat 7: ToDaFelt ($186.56 in chips)
Eklund_1891: posts small blind $1
ToDaFelt: posts big blind $3
*** HOLE CARDS ***
Eklund_1891: folds
Uncalled bet ($2) returned to ToDaFelt
ToDaFelt collected $2 from pot
ToDaFelt: doesn't show hand
*** SUMMARY ***
Total pot $2 | Rake $0
Seat 6: Eklund_1891 (button) (small blind) folded before Flop
Seat 7: ToDaFelt (big blind) collected ($2)


PokerStars Hand #161263137174:  Hold'em Limit ($3/$6 USD) - 2016/11/11 19:34:12 ET
Table 'Thalia II' 10-max Seat #7 is the button
Seat 6: Eklund_1891 ($67.57 in chips)
Seat 7: ToDaFelt ($160.56 in chips)
ToDaFelt: posts small blind $1
Eklund_1891: posts big blind $3
*** HOLE CARDS ***
ToDaFelt: raises $3 to $6
Eklund_1891: raises $3 to $9
ToDaFelt: calls $3
*** FLOP *** [Th Ah Kc]
Eklund_1891: bets $3
ToDaFelt: calls $3
*** TURN *** [Th Ah Kc] [Jc]
Eklund_1891: bets $6
ToDaFelt: folds
Uncalled bet ($6) returned to Eklund_1891
Eklund_1891 collected $23.52 from pot
Eklund_1891: doesn't show hand
*** SUMMARY ***
Total pot $24 | Rake $0.48
Board [Th Ah Kc Jc]
Seat 6: Eklund_1891 (big blind) collected ($23.52)
Seat 7: ToDaFelt (button) (small blind) folded on the Turn


PokerStars Hand #161263171765:  Hold'em Limit ($3/$6 USD) - 2016/11/11 19:35:09 ET
Table 'Thalia II' 10-max Seat #7 is the button
Seat 6: Eklund_1891 ($62.73 in chips)
Seat 7: ToDaFelt ($164.06 in chips)
ToDaFelt: posts small blind $1
Eklund_1891: posts big blind $3
*** HOLE CARDS ***
ToDaFelt: raises $3 to $6
Eklund_1891: folds
Uncalled bet ($3) returned to ToDaFelt
ToDaFelt collected $6 from pot
ToDaFelt: doesn't show hand
*** SUMMARY ***
Total pot $6 | Rake $0
Seat 6: Eklund_1891 (big blind) folded before Flop
Seat 7: ToDaFelt (button) (small blind) collected ($6)


PokerStars Hand #161263168432:  Hold'em Limit ($3/$6 USD) - 2016/11/11 19:35:03 ET
Table 'Thalia II' 10-max Seat #6 is the button
Seat 6: Eklund_1891 ($63.73 in chips)
Seat 7: ToDaFelt ($163.06 in chips)
Eklund_1891: posts small blind $1
ToDaFelt: posts big blind $3
*** HOLE CARDS ***
Eklund_1891: folds
Uncalled bet ($2) returned to ToDaFelt
ToDaFelt collected $2 from pot
ToDaFelt: doesn't show hand
*** SUMMARY ***
Total pot $2 | Rake $0
Seat 6: Eklund_1891 (button) (small blind) folded before Flop
Seat 7: ToDaFelt (big blind) collected ($2)


PokerStars Hand #161263162172:  Hold'em Limit ($3/$6 USD) - 2016/11/11 19:34:53 ET
Table 'Thalia II' 10-max Seat #7 is the button
Seat 6: Eklund_1891 ($55.09 in chips)
Seat 7: ToDaFelt ($172.06 in chips)
ToDaFelt: posts small blind $1
Eklund_1891: posts big blind $3
*** HOLE CARDS ***
ToDaFelt: raises $3 to $6
Eklund_1891: raises $3 to $9
ToDaFelt: calls $3
*** FLOP *** [Kc Kh 8d]
Eklund_1891: bets $3
ToDaFelt: folds
Uncalled bet ($3) returned to Eklund_1891
Eklund_1891 collected $17.64 from pot
Eklund_1891: doesn't show hand
*** SUMMARY ***
Total pot $18 | Rake $0.36
Board [Kc Kh 8d]
Seat 6: Eklund_1891 (big blind) collected ($17.64)
Seat 7: ToDaFelt (button) (small blind) folded on the Flop


PokerStars Hand #161263151524:  Hold'em Limit ($3/$6 USD) - 2016/11/11 19:34:35 ET
Table 'Thalia II' 10-max Seat #6 is the button
Seat 6: Eklund_1891 ($79.09 in chips)
Seat 7: ToDaFelt ($148.56 in chips)
Eklund_1891: posts small blind $1
ToDaFelt: posts big blind $3
*** HOLE CARDS ***
Eklund_1891: raises $3 to $6
ToDaFelt: calls $3
*** FLOP *** [Js Qs As]
ToDaFelt: checks
Eklund_1891: bets $3
ToDaFelt: raises $3 to $6
Eklund_1891: calls $3
*** TURN *** [Js Qs As] [Jh]
ToDaFelt: bets $6
Eklund_1891: calls $6
*** RIVER *** [Js Qs As Jh] [Ks]
ToDaFelt: bets $6
Eklund_1891: calls $6
*** SHOW DOWN ***
ToDaFelt: shows [6s 7s] (a flush, Ace high)
Eklund_1891: mucks hand
ToDaFelt collected $47.50 from pot
*** SUMMARY ***
Total pot $48 | Rake $0.50
Board [Js Qs As Jh Ks]
Seat 6: Eklund_1891 (button) (small blind) mucked
Seat 7: ToDaFelt (big blind) showed [6s 7s] and won ($47.50) with a flush, Ace high


PokerStars Hand #161263193015:  Hold'em Limit ($3/$6 USD) - 2016/11/11 19:35:44 ET
Table 'Thalia II' 10-max Seat #7 is the button
Seat 6: Eklund_1891 ($74.23 in chips)
Seat 7: ToDaFelt ($152.06 in chips)
ToDaFelt: posts small blind $1
Eklund_1891: posts big blind $3
*** HOLE CARDS ***
ToDaFelt: raises $3 to $6
Eklund_1891: calls $3
*** FLOP *** [6s 6h 7c]
Eklund_1891: checks
ToDaFelt: bets $3
Eklund_1891: calls $3
*** TURN *** [6s 6h 7c] [Jd]
Eklund_1891: checks
ToDaFelt: bets $6
Eklund_1891: calls $6
*** RIVER *** [6s 6h 7c Jd] [4h]
Eklund_1891: checks
ToDaFelt: bets $6
Eklund_1891: folds
Uncalled bet ($6) returned to ToDaFelt
ToDaFelt collected $29.50 from pot
ToDaFelt: doesn't show hand
*** SUMMARY ***
Total pot $30 | Rake $0.50
Board [6s 6h 7c Jd 4h]
Seat 6: Eklund_1891 (big blind) folded on the River
Seat 7: ToDaFelt (button) (small blind) collected ($29.50)


PokerStars Hand #161263175376:  Hold'em Limit ($3/$6 USD) - 2016/11/11 19:35:15 ET
Table 'Thalia II' 10-max Seat #6 is the button
Seat 6: Eklund_1891 ($59.73 in chips)
Seat 7: ToDaFelt ($167.06 in chips)
Eklund_1891: posts small blind $1
ToDaFelt: posts big blind $3
*** HOLE CARDS ***
Eklund_1891: raises $3 to $6
ToDaFelt: calls $3
*** FLOP *** [Kh 4d Tc]
ToDaFelt: checks
Eklund_1891: bets $3
ToDaFelt: calls $3
*** TURN *** [Kh 4d Tc] [6c]
ToDaFelt: checks
Eklund_1891: checks
*** RIVER *** [Kh 4d Tc 6c] [6d]
ToDaFelt: bets $6
Eklund_1891: calls $6
*** SHOW DOWN ***
ToDaFelt: shows [3h As] (a pair of Sixes)
Eklund_1891: shows [8d 8h] (two pair, Eights and Sixes)
Eklund_1891 collected $29.50 from pot
*** SUMMARY ***
Total pot $30 | Rake $0.50
Board [Kh 4d Tc 6c 6d]
Seat 6: Eklund_1891 (button) (small blind) showed [8d 8h] and won ($29.50) with two pair, Eights and Sixes
Seat 7: ToDaFelt (big blind) showed [3h As] and lost with a pair of Sixes


PokerStars Hand #161263211212:  Hold'em Limit ($3/$6 USD) - 2016/11/11 19:36:11 ET
Table 'Thalia II' 10-max Seat #6 is the button
Seat 6: Eklund_1891 ($59.23 in chips)
Seat 7: ToDaFelt ($166.56 in chips)
Eklund_1891: posts small blind $1
ToDaFelt: posts big blind $3
*** HOLE CARDS ***
Eklund_1891: raises $3 to $6
ToDaFelt: calls $3
*** FLOP *** [9d 2c Js]
ToDaFelt: checks
Eklund_1891: checks
*** TURN *** [9d 2c Js] [Kh]
ToDaFelt: bets $6
Eklund_1891: calls $6
*** RIVER *** [9d 2c Js Kh] [4d]
ToDaFelt: bets $6
Eklund_1891: calls $6
*** SHOW DOWN ***
ToDaFelt: shows [7c 8d] (high card King)
Eklund_1891: shows [4h Qc] (a pair of Fours)
Eklund_1891 collected $35.50 from pot
*** SUMMARY ***
Total pot $36 | Rake $0.50
Board [9d 2c Js Kh 4d]
Seat 6: Eklund_1891 (button) (small blind) showed [4h Qc] and won ($35.50) with a pair of Fours
Seat 7: ToDaFelt (big blind) showed [7c 8d] and lost with high card King


PokerStars Hand #161263233282:  Hold'em Limit ($3/$6 USD) - 2016/11/11 19:36:47 ET
Table 'Thalia II' 10-max Seat #6 is the button
Seat 6: Eklund_1891 ($77.73 in chips)
Seat 7: ToDaFelt ($147.56 in chips)
Eklund_1891: posts small blind $1
ToDaFelt: posts big blind $3
*** HOLE CARDS ***
Eklund_1891: raises $3 to $6
ToDaFelt: raises $3 to $9
Eklund_1891: raises $3 to $12
Betting is capped
ToDaFelt: calls $3
*** FLOP *** [Ah Qs Tc]
ToDaFelt: checks
Eklund_1891: bets $3
ToDaFelt: raises $3 to $6
Eklund_1891: calls $3
*** TURN *** [Ah Qs Tc] [3s]
ToDaFelt: bets $6
Eklund_1891: calls $6
*** RIVER *** [Ah Qs Tc 3s] [4s]
ToDaFelt: bets $6
Eklund_1891: calls $6
*** SHOW DOWN ***
ToDaFelt: shows [Js Kh] (a straight, Ten to Ace)
Eklund_1891: mucks hand
ToDaFelt collected $59.50 from pot
*** SUMMARY ***
Total pot $60 | Rake $0.50
Board [Ah Qs Tc 3s 4s]
Seat 6: Eklund_1891 (button) (small blind) mucked
Seat 7: ToDaFelt (big blind) showed [Js Kh] and won ($59.50) with a straight, Ten to Ace


PokerStars Hand #161263228129:  Hold'em Limit ($3/$6 USD) - 2016/11/11 19:36:39 ET
Table 'Thalia II' 10-max Seat #7 is the button
Seat 6: Eklund_1891 ($76.73 in chips)
Seat 7: ToDaFelt ($148.56 in chips)
ToDaFelt: posts small blind $1
Eklund_1891: posts big blind $3
*** HOLE CARDS ***
ToDaFelt: folds
Uncalled bet ($2) returned to Eklund_1891
Eklund_1891 collected $2 from pot
Eklund_1891: doesn't show hand
*** SUMMARY ***
Total pot $2 | Rake $0
Seat 6: Eklund_1891 (big blind) collected ($2)
Seat 7: ToDaFelt (button) (small blind) folded before Flop


PokerStars Hand #161263253871:  Hold'em Limit ($3/$6 USD) - 2016/11/11 19:37:22 ET
Table 'Thalia II' 10-max Seat #7 is the button
Seat 6: Eklund_1891 ($47.73 in chips)
Seat 7: ToDaFelt ($177.06 in chips)
ToDaFelt: posts small blind $1
Eklund_1891: posts big blind $3
*** HOLE CARDS ***
ToDaFelt: raises $3 to $6
Eklund_1891: calls $3
*** FLOP *** [7d Qc Ac]
Eklund_1891: bets $3
ToDaFelt: folds
Uncalled bet ($3) returned to Eklund_1891
Eklund_1891 collected $11.76 from pot
Eklund_1891: doesn't show hand
*** SUMMARY ***
Total pot $12 | Rake $0.24
Board [7d Qc Ac]
Seat 6: Eklund_1891 (big blind) collected ($11.76)
Seat 7: ToDaFelt (button) (small blind) folded on the Flop


PokerStars Hand #161263262326:  Hold'em Limit ($3/$6 USD) - 2016/11/11 19:37:36 ET
Table 'Thalia II' 10-max Seat #6 is the button
Seat 6: Eklund_1891 ($53.49 in chips)
Seat 7: ToDaFelt ($171.06 in chips)
Eklund_1891: posts small blind $1
ToDaFelt: posts big blind $3
*** HOLE CARDS ***
Eklund_1891: raises $3 to $6
ToDaFelt: calls $3
*** FLOP *** [Jc As Td]
ToDaFelt: checks
Eklund_1891: bets $3
doobiestar joins the table at seat #5
ToDaFelt: calls $3
*** TURN *** [Jc As Td] [9h]
ToDaFelt: checks
Eklund_1891: checks
*** RIVER *** [Jc As Td 9h] [2s]
ToDaFelt: bets $6
Eklund_1891: folds
Uncalled bet ($6) returned to ToDaFelt
ToDaFelt collected $17.64 from pot
ToDaFelt: doesn't show hand
*** SUMMARY ***
Total pot $18 | Rake $0.36
Board [Jc As Td 9h 2s]
Seat 6: Eklund_1891 (button) (small blind) folded on the River
Seat 7: ToDaFelt (big blind) collected ($17.64)


PokerStars Hand #161263331238:  Hold'em Limit ($3/$6 USD) - 2016/11/11 19:39:31 ET
Table 'Thalia II' 10-max Seat #6 is the button
Seat 6: Eklund_1891 ($20.49 in chips)
Seat 7: ToDaFelt ($231.07 in chips)
Eklund_1891: posts small blind $1
ToDaFelt: posts big blind $3
*** HOLE CARDS ***
Eklund_1891: raises $3 to $6
ToDaFelt: raises $3 to $9
Eklund_1891: calls $3
*** FLOP *** [Qd 9s 7d]
doobiestar leaves the table
ToDaFelt: bets $3
Eklund_1891: raises $3 to $6
ToDaFelt: raises $3 to $9
Eklund_1891: raises $2.49 to $11.49 and is all-in
Betting is capped
ToDaFelt: calls $2.49
*** TURN *** [Qd 9s 7d] [9c]
*** RIVER *** [Qd 9s 7d 9c] [Jd]
*** SHOW DOWN ***
ToDaFelt: shows [Qs 8s] (two pair, Queens and Nines)
Eklund_1891: shows [Th Qh] (two pair, Queens and Nines)
ToDaFelt collected $20.24 from pot
Eklund_1891 collected $20.24 from pot
*** SUMMARY ***
Total pot $40.98 | Rake $0.50
Board [Qd 9s 7d 9c Jd]
Seat 6: Eklund_1891 (button) (small blind) showed [Th Qh] and won ($20.24) with two pair, Queens and Nines
Seat 7: ToDaFelt (big blind) showed [Qs 8s] and won ($20.24) with two pair, Queens and Nines


PokerStars Hand #161263357265:  Hold'em Limit ($3/$6 USD) - 2016/11/11 19:40:15 ET
Table 'Thalia II' 10-max Seat #7 is the button
Seat 6: Eklund_1891 ($24.24 in chips)
Seat 7: ToDaFelt ($226.82 in chips)
ToDaFelt: posts small blind $1
Eklund_1891: posts big blind $3
*** HOLE CARDS ***
ToDaFelt: folds
Uncalled bet ($2) returned to Eklund_1891
Eklund_1891 collected $2 from pot
Eklund_1891: doesn't show hand
*** SUMMARY ***
Total pot $2 | Rake $0
Seat 6: Eklund_1891 (big blind) collected ($2)
Seat 7: ToDaFelt (button) (small blind) folded before Flop


PokerStars Hand #161263345919:  Hold'em Limit ($3/$6 USD) - 2016/11/11 19:39:56 ET
Table 'Thalia II' 10-max Seat #6 is the button
Seat 6: Eklund_1891 ($21.24 in chips)
Seat 7: ToDaFelt ($229.82 in chips)
Eklund_1891: posts small blind $1
ToDaFelt: posts big blind $3
*** HOLE CARDS ***
Eklund_1891: raises $3 to $6
ToDaFelt: folds
Uncalled bet ($3) returned to Eklund_1891
Eklund_1891 collected $6 from pot
Eklund_1891: doesn't show hand
*** SUMMARY ***
Total pot $6 | Rake $0
Seat 6: Eklund_1891 (button) (small blind) collected ($6)
Seat 7: ToDaFelt (big blind) folded before Flop


PokerStars Hand #161263342804:  Hold'em Limit ($3/$6 USD) - 2016/11/11 19:39:51 ET
Table 'Thalia II' 10-max Seat #7 is the button
Seat 6: Eklund_1891 ($20.24 in chips)
Seat 7: ToDaFelt ($230.82 in chips)
ToDaFelt: posts small blind $1
Eklund_1891: posts big blind $3
*** HOLE CARDS ***
ToDaFelt: folds
Uncalled bet ($2) returned to Eklund_1891
Eklund_1891 said, "haha"
Eklund_1891 collected $2 from pot
Eklund_1891: doesn't show hand
*** SUMMARY ***
Total pot $2 | Rake $0
Seat 6: Eklund_1891 (big blind) collected ($2)
Seat 7: ToDaFelt (button) (small blind) folded before Flop


PokerStars Hand #161263360755:  Hold'em Limit ($3/$6 USD) - 2016/11/11 19:40:21 ET
Table 'Thalia II' 10-max Seat #6 is the button
Seat 6: Eklund_1891 ($25.24 in chips)
Seat 7: ToDaFelt ($225.82 in chips)
Eklund_1891: posts small blind $1
ToDaFelt: posts big blind $3
*** HOLE CARDS ***
Eklund_1891: raises $3 to $6
ToDaFelt: raises $3 to $9
Eklund_1891: calls $3
*** FLOP *** [Qc 9s 6h]
ToDaFelt: bets $3
Eklund_1891: raises $3 to $6
ToDaFelt: calls $3
*** TURN *** [Qc 9s 6h] [Jh]
ToDaFelt: checks
Eklund_1891: bets $6
ToDaFelt: calls $6
*** RIVER *** [Qc 9s 6h Jh] [3c]
ToDaFelt: checks
Eklund_1891: bets $4.24 and is all-in
ToDaFelt: calls $4.24
*** SHOW DOWN ***
Eklund_1891: shows [Qs 9h] (two pair, Queens and Nines)
ToDaFelt: shows [Ks 6d] (a pair of Sixes)
Eklund_1891 collected $49.98 from pot
*** SUMMARY ***
Total pot $50.48 | Rake $0.50
Board [Qc 9s 6h Jh 3c]
Seat 6: Eklund_1891 (button) (small blind) showed [Qs 9h] and won ($49.98) with two pair, Queens and Nines
Seat 7: ToDaFelt (big blind) showed [Ks 6d] and lost with a pair of Sixes


PokerStars Hand #161263387466:  Hold'em Limit ($3/$6 USD) - 2016/11/11 19:41:06 ET
Table 'Thalia II' 10-max Seat #6 is the button
Seat 6: Eklund_1891 ($43.98 in chips)
Seat 7: ToDaFelt ($206.34 in chips)
Eklund_1891: posts small blind $1
ToDaFelt: posts big blind $3
*** HOLE CARDS ***
Eklund_1891: folds
Uncalled bet ($2) returned to ToDaFelt
ToDaFelt collected $2 from pot
ToDaFelt: doesn't show hand
*** SUMMARY ***
Total pot $2 | Rake $0
Seat 6: Eklund_1891 (button) (small blind) folded before Flop
Seat 7: ToDaFelt (big blind) collected ($2)


PokerStars Hand #161263376401:  Hold'em Limit ($3/$6 USD) - 2016/11/11 19:40:48 ET
Table 'Thalia II' 10-max Seat #7 is the button
Seat 6: Eklund_1891 ($49.98 in chips)
Seat 7: ToDaFelt ($200.58 in chips)
ToDaFelt: posts small blind $1
Eklund_1891: posts big blind $3
*** HOLE CARDS ***
ToDaFelt: raises $3 to $6
Eklund_1891: calls $3
*** FLOP *** [9d 2c As]
Eklund_1891: checks
ToDaFelt: checks
*** TURN *** [9d 2c As] [Kh]
Eklund_1891: checks
ToDaFelt: bets $6
Eklund_1891: folds
Uncalled bet ($6) returned to ToDaFelt
ToDaFelt collected $11.76 from pot
ToDaFelt: doesn't show hand
*** SUMMARY ***
Total pot $12 | Rake $0.24
Board [9d 2c As Kh]
Seat 6: Eklund_1891 (big blind) folded on the Turn
Seat 7: ToDaFelt (button) (small blind) collected ($11.76)


