PokerStars Hand #145952663148:  Hold'em Limit ($3/$6 USD) - 2015/12/26 12:30:55 ET
Table 'Thalassa III' 2-max Seat #2 is the button
Seat 1: elifnur2008 ($29 in chips)
Seat 2: punkrott ($102.26 in chips)
punkrott: posts small blind $1
elifnur2008: posts big blind $3
*** HOLE CARDS ***
punkrott: raises $3 to $6
elifnur2008: calls $3
*** FLOP *** [3h 8c Ac]
elifnur2008: checks
punkrott: bets $3
elifnur2008: calls $3
*** TURN *** [3h 8c Ac] [Tc]
elifnur2008: checks
punkrott: bets $6
elifnur2008: raises $6 to $12
punkrott: calls $6
*** RIVER *** [3h 8c Ac Tc] [6d]
elifnur2008: bets $6
punkrott: raises $6 to $12
elifnur2008: folds
Uncalled bet ($6) returned to punkrott
punkrott collected $53.50 from pot
punkrott: doesn't show hand
elifnur2008 leaves the table
punkrott was removed from the table for failing to post
*** SUMMARY ***
Total pot $54 | Rake $0.50
Board [3h 8c Ac Tc 6d]
Seat 1: elifnur2008 (big blind) folded on the River
Seat 2: punkrott (button) (small blind) collected ($53.50)


PokerStars Hand #145952657847:  Hold'em Limit ($3/$6 USD) - 2015/12/26 12:30:49 ET
Table 'Thalassa III' 2-max Seat #1 is the button
Seat 1: elifnur2008 ($30 in chips)
Seat 2: punkrott ($101.26 in chips)
elifnur2008: posts small blind $1
punkrott: posts big blind $3
*** HOLE CARDS ***
elifnur2008: folds
Uncalled bet ($2) returned to punkrott
punkrott collected $2 from pot
punkrott: doesn't show hand
*** SUMMARY ***
Total pot $2 | Rake $0
Seat 1: elifnur2008 (button) (small blind) folded before Flop
Seat 2: punkrott (big blind) collected ($2)


