PokerStars Hand #157264497076:  Hold'em Limit ($3/$6 USD) - 2016/08/14 10:50:16 ET
Table 'Thalia' 10-max Seat #7 is the button
Seat 5: FabronxRJ ($351.19 in chips)
Seat 7: VolkovDmitri ($147.26 in chips)
VolkovDmitri: posts small blind $1
FabronxRJ: posts big blind $3
*** HOLE CARDS ***
VolkovDmitri: raises $3 to $6
FabronxRJ: calls $3
*** FLOP *** [8s Qc Jc]
FabronxRJ: checks
VolkovDmitri: bets $3
FabronxRJ: raises $3 to $6
VolkovDmitri: calls $3
*** TURN *** [8s Qc Jc] [3c]
FabronxRJ: bets $6
VolkovDmitri: calls $6
*** RIVER *** [8s Qc Jc 3c] [Kd]
FabronxRJ: checks
GRAILKO joins the table at seat #6
VolkovDmitri: checks
*** SHOW DOWN ***
FabronxRJ: shows [9d 8d] (a pair of Eights)
VolkovDmitri: mucks hand
FabronxRJ collected $35.50 from pot
*** SUMMARY ***
Total pot $36 | Rake $0.50
Board [8s Qc Jc 3c Kd]
Seat 5: FabronxRJ (big blind) showed [9d 8d] and won ($35.50) with a pair of Eights
Seat 7: VolkovDmitri (button) (small blind) mucked


PokerStars Hand #157264565993:  Hold'em Limit ($3/$6 USD) - 2016/08/14 10:52:08 ET
Table 'Thalia' 10-max Seat #5 is the button
Seat 5: FabronxRJ ($367.06 in chips)
Seat 7: VolkovDmitri ($143.91 in chips)
FabronxRJ: posts small blind $1
GRAILKO: is sitting out
VolkovDmitri: posts big blind $3
*** HOLE CARDS ***
GRAILKO leaves the table
FabronxRJ: calls $2
VolkovDmitri: raises $3 to $6
FabronxRJ: calls $3
*** FLOP *** [Ts 7h 8d]
VolkovDmitri: bets $3
FabronxRJ: raises $3 to $6
VolkovDmitri: raises $3 to $9
FabronxRJ: calls $3
*** TURN *** [Ts 7h 8d] [Jd]
VolkovDmitri: bets $6
FabronxRJ: calls $6
*** RIVER *** [Ts 7h 8d Jd] [6d]
VolkovDmitri: bets $6
FabronxRJ: calls $6
*** SHOW DOWN ***
VolkovDmitri: shows [9d 9h] (a straight, Seven to Jack)
FabronxRJ: mucks hand
VolkovDmitri collected $53.50 from pot
*** SUMMARY ***
Total pot $54 | Rake $0.50
Board [Ts 7h 8d Jd 6d]
Seat 5: FabronxRJ (button) (small blind) mucked
Seat 7: VolkovDmitri (big blind) showed [9d 9h] and won ($53.50) with a straight, Seven to Jack


PokerStars Hand #157264582737:  Hold'em Limit ($3/$6 USD) - 2016/08/14 10:52:35 ET
Table 'Thalia' 10-max Seat #7 is the button
Seat 5: FabronxRJ ($340.06 in chips)
Seat 7: VolkovDmitri ($170.41 in chips)
VolkovDmitri: posts small blind $1
FabronxRJ: posts big blind $3
*** HOLE CARDS ***
VolkovDmitri: raises $3 to $6
FabronxRJ: raises $3 to $9
VolkovDmitri: calls $3
*** FLOP *** [Jc 3s 4c]
FabronxRJ: checks
VolkovDmitri: checks
*** TURN *** [Jc 3s 4c] [Qc]
FabronxRJ: bets $6
VolkovDmitri: calls $6
*** RIVER *** [Jc 3s 4c Qc] [6s]
FabronxRJ: bets $6
VolkovDmitri: folds
Uncalled bet ($6) returned to FabronxRJ
FabronxRJ collected $29.50 from pot
FabronxRJ: doesn't show hand
*** SUMMARY ***
Total pot $30 | Rake $0.50
Board [Jc 3s 4c Qc 6s]
Seat 5: FabronxRJ (big blind) collected ($29.50)
Seat 7: VolkovDmitri (button) (small blind) folded on the River


PokerStars Hand #157264598414:  Hold'em Limit ($3/$6 USD) - 2016/08/14 10:53:01 ET
Table 'Thalia' 10-max Seat #5 is the button
Seat 5: FabronxRJ ($354.56 in chips)
Seat 7: VolkovDmitri ($155.41 in chips)
FabronxRJ: posts small blind $1
VolkovDmitri: posts big blind $3
*** HOLE CARDS ***
FabronxRJ: raises $3 to $6
VolkovDmitri: calls $3
*** FLOP *** [7c 2d 4c]
VolkovDmitri: checks
FabronxRJ: checks
*** TURN *** [7c 2d 4c] [Kd]
VolkovDmitri: checks
FabronxRJ: bets $6
VolkovDmitri: folds
Uncalled bet ($6) returned to FabronxRJ
FabronxRJ collected $11.76 from pot
FabronxRJ: doesn't show hand
*** SUMMARY ***
Total pot $12 | Rake $0.24
Board [7c 2d 4c Kd]
Seat 5: FabronxRJ (button) (small blind) collected ($11.76)
Seat 7: VolkovDmitri (big blind) folded on the Turn


PokerStars Hand #157264610891:  Hold'em Limit ($3/$6 USD) - 2016/08/14 10:53:21 ET
Table 'Thalia' 10-max Seat #7 is the button
Seat 5: FabronxRJ ($360.32 in chips)
Seat 7: VolkovDmitri ($149.41 in chips)
VolkovDmitri: posts small blind $1
FabronxRJ: posts big blind $3
*** HOLE CARDS ***
VolkovDmitri: raises $3 to $6
FabronxRJ: calls $3
*** FLOP *** [2c Tc 4s]
FabronxRJ: checks
VolkovDmitri: bets $3
FabronxRJ: folds
Uncalled bet ($3) returned to VolkovDmitri
VolkovDmitri collected $11.76 from pot
VolkovDmitri: doesn't show hand
*** SUMMARY ***
Total pot $12 | Rake $0.24
Board [2c Tc 4s]
Seat 5: FabronxRJ (big blind) folded on the Flop
Seat 7: VolkovDmitri (button) (small blind) collected ($11.76)


PokerStars Hand #157264632114:  Hold'em Limit ($3/$6 USD) - 2016/08/14 10:53:56 ET
Table 'Thalia' 10-max Seat #7 is the button
Seat 5: FabronxRJ ($374.82 in chips)
Seat 7: VolkovDmitri ($134.17 in chips)
VolkovDmitri: posts small blind $1
FabronxRJ: posts big blind $3
*** HOLE CARDS ***
VolkovDmitri: raises $3 to $6
FabronxRJ: calls $3
*** FLOP *** [7c 2s Kd]
FabronxRJ: checks
VolkovDmitri: bets $3
FabronxRJ: folds
Uncalled bet ($3) returned to VolkovDmitri
VolkovDmitri collected $11.76 from pot
VolkovDmitri: doesn't show hand
*** SUMMARY ***
Total pot $12 | Rake $0.24
Board [7c 2s Kd]
Seat 5: FabronxRJ (big blind) folded on the Flop
Seat 7: VolkovDmitri (button) (small blind) collected ($11.76)


PokerStars Hand #157264651111:  Hold'em Limit ($3/$6 USD) - 2016/08/14 10:54:12 ET
Table 'Thalia' 10-max Seat #5 is the button
Seat 5: FabronxRJ ($368.82 in chips)
Seat 7: VolkovDmitri ($139.93 in chips)
FabronxRJ: posts small blind $1
VolkovDmitri: posts big blind $3
*** HOLE CARDS ***
FabronxRJ: calls $2
VolkovDmitri: checks
*** FLOP *** [Ah 6h 8c]
VolkovDmitri: checks
FabronxRJ: bets $3
VolkovDmitri: folds
Uncalled bet ($3) returned to FabronxRJ
FabronxRJ collected $5.88 from pot
FabronxRJ: doesn't show hand
*** SUMMARY ***
Total pot $6 | Rake $0.12
Board [Ah 6h 8c]
Seat 5: FabronxRJ (button) (small blind) collected ($5.88)
Seat 7: VolkovDmitri (big blind) folded on the Flop


PokerStars Hand #157264666001:  Hold'em Limit ($3/$6 USD) - 2016/08/14 10:54:37 ET
Table 'Thalia' 10-max Seat #7 is the button
Seat 5: FabronxRJ ($371.70 in chips)
Seat 7: VolkovDmitri ($136.93 in chips)
VolkovDmitri: posts small blind $1
FabronxRJ: posts big blind $3
*** HOLE CARDS ***
VolkovDmitri: raises $3 to $6
FabronxRJ: folds
Uncalled bet ($3) returned to VolkovDmitri
VolkovDmitri collected $6 from pot
VolkovDmitri: doesn't show hand
*** SUMMARY ***
Total pot $6 | Rake $0
Seat 5: FabronxRJ (big blind) folded before Flop
Seat 7: VolkovDmitri (button) (small blind) collected ($6)


PokerStars Hand #157264617799:  Hold'em Limit ($3/$6 USD) - 2016/08/14 10:53:32 ET
Table 'Thalia' 10-max Seat #5 is the button
Seat 5: FabronxRJ ($354.32 in chips)
Seat 7: VolkovDmitri ($155.17 in chips)
FabronxRJ: posts small blind $1
VolkovDmitri: posts big blind $3
*** HOLE CARDS ***
FabronxRJ: calls $2
VolkovDmitri: raises $3 to $6
FabronxRJ: calls $3
*** FLOP *** [Qh 6d 2h]
VolkovDmitri: bets $3
FabronxRJ: calls $3
*** TURN *** [Qh 6d 2h] [8s]
VolkovDmitri: bets $6
FabronxRJ: raises $6 to $12
VolkovDmitri: calls $6
*** RIVER *** [Qh 6d 2h 8s] [8h]
VolkovDmitri: checks
FabronxRJ: checks
*** SHOW DOWN ***
VolkovDmitri: shows [Tc Jh] (a pair of Eights)
FabronxRJ: shows [Qc 5c] (two pair, Queens and Eights)
FabronxRJ collected $41.50 from pot
*** SUMMARY ***
Total pot $42 | Rake $0.50
Board [Qh 6d 2h 8s 8h]
Seat 5: FabronxRJ (button) (small blind) showed [Qc 5c] and won ($41.50) with two pair, Queens and Eights
Seat 7: VolkovDmitri (big blind) showed [Tc Jh] and lost with a pair of Eights


PokerStars Hand #157264672884:  Hold'em Limit ($3/$6 USD) - 2016/08/14 10:54:48 ET
Table 'Thalia' 10-max Seat #5 is the button
Seat 5: FabronxRJ ($368.70 in chips)
Seat 7: VolkovDmitri ($139.93 in chips)
FabronxRJ: posts small blind $1
VolkovDmitri: posts big blind $3
*** HOLE CARDS ***
FabronxRJ: calls $2
VolkovDmitri: raises $3 to $6
FabronxRJ: calls $3
*** FLOP *** [Jd 4h Jh]
VolkovDmitri: checks
FabronxRJ: bets $3
VolkovDmitri: calls $3
*** TURN *** [Jd 4h Jh] [Jc]
VolkovDmitri: checks
FabronxRJ: bets $6
VolkovDmitri: calls $6
*** RIVER *** [Jd 4h Jh Jc] [7h]
VolkovDmitri: bets $6
FabronxRJ: calls $6
*** SHOW DOWN ***
VolkovDmitri: shows [7d Kc] (a full house, Jacks full of Sevens)
FabronxRJ: mucks hand
VolkovDmitri collected $41.50 from pot
*** SUMMARY ***
Total pot $42 | Rake $0.50
Board [Jd 4h Jh Jc 7h]
Seat 5: FabronxRJ (button) (small blind) mucked
Seat 7: VolkovDmitri (big blind) showed [7d Kc] and won ($41.50) with a full house, Jacks full of Sevens


PokerStars Hand #157264691693:  Hold'em Limit ($3/$6 USD) - 2016/08/14 10:55:21 ET
Table 'Thalia' 10-max Seat #7 is the button
Seat 5: FabronxRJ ($347.70 in chips)
Seat 7: VolkovDmitri ($160.43 in chips)
VolkovDmitri: posts small blind $1
FabronxRJ: posts big blind $3
*** HOLE CARDS ***
VolkovDmitri: raises $3 to $6
FabronxRJ: calls $3
*** FLOP *** [2c 5s 2s]
FabronxRJ: bets $3
VolkovDmitri: raises $3 to $6
FabronxRJ: raises $3 to $9
VolkovDmitri: calls $3
*** TURN *** [2c 5s 2s] [4c]
FabronxRJ: bets $6
VolkovDmitri: calls $6
*** RIVER *** [2c 5s 2s 4c] [6c]
FabronxRJ: bets $6
VolkovDmitri: calls $6
*** SHOW DOWN ***
FabronxRJ: shows [7c 5d] (two pair, Fives and Deuces)
VolkovDmitri: mucks hand
FabronxRJ collected $53.50 from pot
*** SUMMARY ***
Total pot $54 | Rake $0.50
Board [2c 5s 2s 4c 6c]
Seat 5: FabronxRJ (big blind) showed [7c 5d] and won ($53.50) with two pair, Fives and Deuces
Seat 7: VolkovDmitri (button) (small blind) mucked


PokerStars Hand #157264704798:  Hold'em Limit ($3/$6 USD) - 2016/08/14 10:55:49 ET
Table 'Thalia' 10-max Seat #5 is the button
Seat 5: FabronxRJ ($374.20 in chips)
Seat 7: VolkovDmitri ($133.43 in chips)
FabronxRJ: posts small blind $1
VolkovDmitri: posts big blind $3
*** HOLE CARDS ***
FabronxRJ: raises $3 to $6
VolkovDmitri: raises $3 to $9
FabronxRJ: raises $3 to $12
Betting is capped
VolkovDmitri: calls $3
*** FLOP *** [2h 2c 8h]
VolkovDmitri: bets $3
FabronxRJ: calls $3
*** TURN *** [2h 2c 8h] [8c]
VolkovDmitri: checks
FabronxRJ: bets $6
VolkovDmitri: calls $6
*** RIVER *** [2h 2c 8h 8c] [4h]
VolkovDmitri: checks
FabronxRJ: checks
*** SHOW DOWN ***
VolkovDmitri: shows [As Ts] (two pair, Eights and Deuces)
FabronxRJ: shows [Ac Kh] (two pair, Eights and Deuces)
VolkovDmitri collected $20.75 from pot
FabronxRJ collected $20.75 from pot
*** SUMMARY ***
Total pot $42 | Rake $0.50
Board [2h 2c 8h 8c 4h]
Seat 5: FabronxRJ (button) (small blind) showed [Ac Kh] and won ($20.75) with two pair, Eights and Deuces
Seat 7: VolkovDmitri (big blind) showed [As Ts] and won ($20.75) with two pair, Eights and Deuces


PokerStars Hand #157264738329:  Hold'em Limit ($3/$6 USD) - 2016/08/14 10:56:57 ET
Table 'Thalia' 10-max Seat #5 is the button
Seat 5: FabronxRJ ($367.95 in chips)
Seat 7: VolkovDmitri ($138.94 in chips)
FabronxRJ: posts small blind $1
VolkovDmitri: posts big blind $3
*** HOLE CARDS ***
FabronxRJ: calls $2
VolkovDmitri: checks
*** FLOP *** [Js Qc 2s]
VolkovDmitri: bets $3
FabronxRJ: folds
Uncalled bet ($3) returned to VolkovDmitri
VolkovDmitri collected $5.88 from pot
VolkovDmitri: doesn't show hand
*** SUMMARY ***
Total pot $6 | Rake $0.12
Board [Js Qc 2s]
Seat 5: FabronxRJ (button) (small blind) folded on the Flop
Seat 7: VolkovDmitri (big blind) collected ($5.88)


PokerStars Hand #157264729478:  Hold'em Limit ($3/$6 USD) - 2016/08/14 10:56:40 ET
Table 'Thalia' 10-max Seat #7 is the button
Seat 5: FabronxRJ ($373.95 in chips)
Seat 7: VolkovDmitri ($133.18 in chips)
VolkovDmitri: posts small blind $1
FabronxRJ: posts big blind $3
*** HOLE CARDS ***
VolkovDmitri: raises $3 to $6
FabronxRJ: calls $3
*** FLOP *** [3h 4h 5d]
FabronxRJ: checks
VolkovDmitri: bets $3
FabronxRJ: folds
Uncalled bet ($3) returned to VolkovDmitri
VolkovDmitri collected $11.76 from pot
VolkovDmitri: doesn't show hand
*** SUMMARY ***
Total pot $12 | Rake $0.24
Board [3h 4h 5d]
Seat 5: FabronxRJ (big blind) folded on the Flop
Seat 7: VolkovDmitri (button) (small blind) collected ($11.76)


PokerStars Hand #157264789656:  Hold'em Limit ($3/$6 USD) - 2016/08/14 10:58:40 ET
Table 'Thalia' 10-max Seat #5 is the button
Seat 5: FabronxRJ ($373.09 in chips)
Seat 7: VolkovDmitri ($132.32 in chips)
FabronxRJ: posts small blind $1
VolkovDmitri: posts big blind $3
*** HOLE CARDS ***
FabronxRJ: folds
Uncalled bet ($2) returned to VolkovDmitri
VolkovDmitri collected $2 from pot
VolkovDmitri: doesn't show hand
*** SUMMARY ***
Total pot $2 | Rake $0
Seat 5: FabronxRJ (button) (small blind) folded before Flop
Seat 7: VolkovDmitri (big blind) collected ($2)


PokerStars Hand #157264782463:  Hold'em Limit ($3/$6 USD) - 2016/08/14 10:58:26 ET
Table 'Thalia' 10-max Seat #7 is the button
Seat 5: FabronxRJ ($364.45 in chips)
Seat 7: VolkovDmitri ($141.32 in chips)
VolkovDmitri: posts small blind $1
FabronxRJ: posts big blind $3
*** HOLE CARDS ***
VolkovDmitri: raises $3 to $6
FabronxRJ: raises $3 to $9
VolkovDmitri: calls $3
*** FLOP *** [Ts Jh 5s]
FabronxRJ: bets $3
VolkovDmitri: folds
Uncalled bet ($3) returned to FabronxRJ
FabronxRJ collected $17.64 from pot
FabronxRJ: doesn't show hand
*** SUMMARY ***
Total pot $18 | Rake $0.36
Board [Ts Jh 5s]
Seat 5: FabronxRJ (big blind) collected ($17.64)
Seat 7: VolkovDmitri (button) (small blind) folded on the Flop


PokerStars Hand #157264765721:  Hold'em Limit ($3/$6 USD) - 2016/08/14 10:57:52 ET
Table 'Thalia' 10-max Seat #5 is the button
Seat 5: FabronxRJ ($340.95 in chips)
Seat 7: VolkovDmitri ($165.32 in chips)
FabronxRJ: posts small blind $1
VolkovDmitri: posts big blind $3
*** HOLE CARDS ***
FabronxRJ: raises $3 to $6
VolkovDmitri: raises $3 to $9
FabronxRJ: raises $3 to $12
Betting is capped
VolkovDmitri: calls $3
*** FLOP *** [Ah Kd 4h]
VolkovDmitri: checks
FabronxRJ: checks
*** TURN *** [Ah Kd 4h] [7d]
VolkovDmitri: bets $6
FabronxRJ: raises $6 to $12
VolkovDmitri: calls $6
*** RIVER *** [Ah Kd 4h 7d] [7s]
VolkovDmitri: checks
FabronxRJ: checks
*** SHOW DOWN ***
VolkovDmitri: shows [Qd Kh] (two pair, Kings and Sevens)
FabronxRJ: shows [Ac 8h] (two pair, Aces and Sevens)
FabronxRJ collected $47.50 from pot
*** SUMMARY ***
Total pot $48 | Rake $0.50
Board [Ah Kd 4h 7d 7s]
Seat 5: FabronxRJ (button) (small blind) showed [Ac 8h] and won ($47.50) with two pair, Aces and Sevens
Seat 7: VolkovDmitri (big blind) showed [Qd Kh] and lost with two pair, Kings and Sevens


PokerStars Hand #157264748557:  Hold'em Limit ($3/$6 USD) - 2016/08/14 10:57:18 ET
Table 'Thalia' 10-max Seat #7 is the button
Seat 5: FabronxRJ ($364.95 in chips)
Seat 7: VolkovDmitri ($141.82 in chips)
VolkovDmitri: posts small blind $1
FabronxRJ: posts big blind $3
*** HOLE CARDS ***
VolkovDmitri: raises $3 to $6
FabronxRJ: raises $3 to $9
VolkovDmitri: calls $3
*** FLOP *** [2h Tc 5h]
FabronxRJ: bets $3
VolkovDmitri: calls $3
*** TURN *** [2h Tc 5h] [Ac]
FabronxRJ: checks
VolkovDmitri: checks
*** RIVER *** [2h Tc 5h Ac] [Ah]
FabronxRJ: bets $6
VolkovDmitri: raises $6 to $12
FabronxRJ: calls $6
*** SHOW DOWN ***
VolkovDmitri: shows [8h 7h] (a flush, Ace high)
FabronxRJ: mucks hand
VolkovDmitri collected $47.50 from pot
*** SUMMARY ***
Total pot $48 | Rake $0.50
Board [2h Tc 5h Ac Ah]
Seat 5: FabronxRJ (big blind) mucked
Seat 7: VolkovDmitri (button) (small blind) showed [8h 7h] and won ($47.50) with a flush, Ace high


PokerStars Hand #157264810444:  Hold'em Limit ($3/$6 USD) - 2016/08/14 10:59:22 ET
Table 'Thalia' 10-max Seat #7 is the button
Seat 5: FabronxRJ ($368.85 in chips)
Seat 7: VolkovDmitri ($135.96 in chips)
VolkovDmitri: posts small blind $1
FabronxRJ: posts big blind $3
*** HOLE CARDS ***
VolkovDmitri: raises $3 to $6
FabronxRJ: calls $3
*** FLOP *** [Jd 6s 3d]
FabronxRJ: checks
VolkovDmitri: bets $3
FabronxRJ: calls $3
*** TURN *** [Jd 6s 3d] [Qc]
FabronxRJ: checks
VolkovDmitri: bets $6
FabronxRJ: folds
Uncalled bet ($6) returned to VolkovDmitri
VolkovDmitri collected $17.64 from pot
VolkovDmitri: doesn't show hand
*** SUMMARY ***
Total pot $18 | Rake $0.36
Board [Jd 6s 3d Qc]
Seat 5: FabronxRJ (big blind) folded on the Turn
Seat 7: VolkovDmitri (button) (small blind) collected ($17.64)


PokerStars Hand #157264799240:  Hold'em Limit ($3/$6 USD) - 2016/08/14 10:59:00 ET
Table 'Thalia' 10-max Seat #5 is the button
Seat 5: FabronxRJ ($377.85 in chips)
Seat 7: VolkovDmitri ($127.32 in chips)
FabronxRJ: posts small blind $1
VolkovDmitri: posts big blind $3
*** HOLE CARDS ***
FabronxRJ: calls $2
VolkovDmitri: raises $3 to $6
FabronxRJ: calls $3
*** FLOP *** [5s 5h 5d]
VolkovDmitri: bets $3
FabronxRJ: calls $3
*** TURN *** [5s 5h 5d] [3h]
VolkovDmitri: bets $6
FabronxRJ: folds
Uncalled bet ($6) returned to VolkovDmitri
VolkovDmitri collected $17.64 from pot
VolkovDmitri: doesn't show hand
*** SUMMARY ***
Total pot $18 | Rake $0.36
Board [5s 5h 5d 3h]
Seat 5: FabronxRJ (button) (small blind) folded on the Turn
Seat 7: VolkovDmitri (big blind) collected ($17.64)


PokerStars Hand #157264793229:  Hold'em Limit ($3/$6 USD) - 2016/08/14 10:58:48 ET
Table 'Thalia' 10-max Seat #7 is the button
Seat 5: FabronxRJ ($372.09 in chips)
Seat 7: VolkovDmitri ($133.32 in chips)
VolkovDmitri: posts small blind $1
FabronxRJ: posts big blind $3
*** HOLE CARDS ***
VolkovDmitri: raises $3 to $6
FabronxRJ: calls $3
*** FLOP *** [Kh 7d Jd]
FabronxRJ: bets $3
VolkovDmitri: folds
Uncalled bet ($3) returned to FabronxRJ
FabronxRJ collected $11.76 from pot
FabronxRJ: doesn't show hand
*** SUMMARY ***
Total pot $12 | Rake $0.24
Board [Kh 7d Jd]
Seat 5: FabronxRJ (big blind) collected ($11.76)
Seat 7: VolkovDmitri (button) (small blind) folded on the Flop


PokerStars Hand #157264823164:  Hold'em Limit ($3/$6 USD) - 2016/08/14 10:59:47 ET
Table 'Thalia' 10-max Seat #5 is the button
Seat 5: FabronxRJ ($359.85 in chips)
Seat 7: VolkovDmitri ($144.60 in chips)
FabronxRJ: posts small blind $1
VolkovDmitri: posts big blind $3
*** HOLE CARDS ***
FabronxRJ: raises $3 to $6
VolkovDmitri: raises $3 to $9
FabronxRJ: calls $3
*** FLOP *** [2s 2d Kc]
VolkovDmitri: bets $3
FabronxRJ: raises $3 to $6
VolkovDmitri: raises $3 to $9
FabronxRJ: calls $3
*** TURN *** [2s 2d Kc] [Qs]
VolkovDmitri: checks
FabronxRJ: checks
*** RIVER *** [2s 2d Kc Qs] [4h]
VolkovDmitri: checks
FabronxRJ: bets $6
VolkovDmitri: folds
Uncalled bet ($6) returned to FabronxRJ
FabronxRJ collected $35.50 from pot
FabronxRJ: doesn't show hand
*** SUMMARY ***
Total pot $36 | Rake $0.50
Board [2s 2d Kc Qs 4h]
Seat 5: FabronxRJ (button) (small blind) collected ($35.50)
Seat 7: VolkovDmitri (big blind) folded on the River


PokerStars Hand #157264840181:  Hold'em Limit ($3/$6 USD) - 2016/08/14 11:00:21 ET
Table 'Thalia' 10-max Seat #7 is the button
Seat 5: FabronxRJ ($377.35 in chips)
Seat 7: VolkovDmitri ($126.60 in chips)
VolkovDmitri: posts small blind $1
FabronxRJ: posts big blind $3
*** HOLE CARDS ***
VolkovDmitri: raises $3 to $6
FabronxRJ: calls $3
*** FLOP *** [9s 5d 6h]
FabronxRJ: checks
VolkovDmitri: bets $3
FabronxRJ: folds
Uncalled bet ($3) returned to VolkovDmitri
VolkovDmitri collected $11.76 from pot
VolkovDmitri: doesn't show hand
*** SUMMARY ***
Total pot $12 | Rake $0.24
Board [9s 5d 6h]
Seat 5: FabronxRJ (big blind) folded on the Flop
Seat 7: VolkovDmitri (button) (small blind) collected ($11.76)


PokerStars Hand #157264854693:  Hold'em Limit ($3/$6 USD) - 2016/08/14 11:00:48 ET
Table 'Thalia' 10-max Seat #5 is the button
Seat 5: FabronxRJ ($371.35 in chips)
Seat 7: VolkovDmitri ($132.36 in chips)
FabronxRJ: posts small blind $1
VolkovDmitri: posts big blind $3
*** HOLE CARDS ***
FabronxRJ: raises $3 to $6
VolkovDmitri: folds
Uncalled bet ($3) returned to FabronxRJ
FabronxRJ collected $6 from pot
FabronxRJ: doesn't show hand
*** SUMMARY ***
Total pot $6 | Rake $0
Seat 5: FabronxRJ (button) (small blind) collected ($6)
Seat 7: VolkovDmitri (big blind) folded before Flop


PokerStars Hand #157264863844:  Hold'em Limit ($3/$6 USD) - 2016/08/14 11:01:05 ET
Table 'Thalia' 10-max Seat #7 is the button
Seat 5: FabronxRJ ($374.35 in chips)
Seat 7: VolkovDmitri ($129.36 in chips)
VolkovDmitri: posts small blind $1
FabronxRJ: posts big blind $3
*** HOLE CARDS ***
VolkovDmitri: raises $3 to $6
FabronxRJ: calls $3
*** FLOP *** [2h 2c Qd]
FabronxRJ: bets $3
VolkovDmitri: calls $3
*** TURN *** [2h 2c Qd] [Tc]
FabronxRJ: checks
VolkovDmitri: checks
*** RIVER *** [2h 2c Qd Tc] [7c]
FabronxRJ: bets $6
VolkovDmitri: calls $6
*** SHOW DOWN ***
FabronxRJ: shows [6h 8d] (a pair of Deuces)
VolkovDmitri: shows [Kc 9s] (a pair of Deuces - King kicker)
VolkovDmitri collected $29.50 from pot
*** SUMMARY ***
Total pot $30 | Rake $0.50
Board [2h 2c Qd Tc 7c]
Seat 5: FabronxRJ (big blind) showed [6h 8d] and lost with a pair of Deuces
Seat 7: VolkovDmitri (button) (small blind) showed [Kc 9s] and won ($29.50) with a pair of Deuces


PokerStars Hand #157264899333:  Hold'em Limit ($3/$6 USD) - 2016/08/14 11:02:05 ET
Table 'Thalia' 10-max Seat #7 is the button
Seat 5: FabronxRJ ($353.35 in chips)
Seat 7: VolkovDmitri ($149.62 in chips)
VolkovDmitri: posts small blind $1
FabronxRJ: posts big blind $3
*** HOLE CARDS ***
VolkovDmitri: raises $3 to $6
FabronxRJ: raises $3 to $9
VolkovDmitri: calls $3
*** FLOP *** [Qh 2s Kd]
FabronxRJ: bets $3
VolkovDmitri: calls $3
*** TURN *** [Qh 2s Kd] [As]
FabronxRJ: checks
VolkovDmitri: checks
*** RIVER *** [Qh 2s Kd As] [9d]
FabronxRJ: bets $6
VolkovDmitri: calls $6
*** SHOW DOWN ***
FabronxRJ: shows [5c 3c] (high card Ace)
VolkovDmitri: shows [Qs 5d] (a pair of Queens)
VolkovDmitri collected $35.50 from pot
*** SUMMARY ***
Total pot $36 | Rake $0.50
Board [Qh 2s Kd As 9d]
Seat 5: FabronxRJ (big blind) showed [5c 3c] and lost with high card Ace
Seat 7: VolkovDmitri (button) (small blind) showed [Qs 5d] and won ($35.50) with a pair of Queens


PokerStars Hand #157264887303:  Hold'em Limit ($3/$6 USD) - 2016/08/14 11:01:45 ET
Table 'Thalia' 10-max Seat #5 is the button
Seat 5: FabronxRJ ($359.35 in chips)
Seat 7: VolkovDmitri ($143.86 in chips)
FabronxRJ: posts small blind $1
VolkovDmitri: posts big blind $3
*** HOLE CARDS ***
FabronxRJ: raises $3 to $6
VolkovDmitri: calls $3
*** FLOP *** [2h 8d 2d]
VolkovDmitri: checks
FabronxRJ: checks
*** TURN *** [2h 8d 2d] [Ac]
VolkovDmitri: bets $6
FabronxRJ: folds
Uncalled bet ($6) returned to VolkovDmitri
VolkovDmitri collected $11.76 from pot
VolkovDmitri: doesn't show hand
*** SUMMARY ***
Total pot $12 | Rake $0.24
Board [2h 8d 2d Ac]
Seat 5: FabronxRJ (button) (small blind) folded on the Turn
Seat 7: VolkovDmitri (big blind) collected ($11.76)


PokerStars Hand #157264930698:  Hold'em Limit ($3/$6 USD) - 2016/08/14 11:02:56 ET
Table 'Thalia' 10-max Seat #7 is the button
Seat 5: FabronxRJ ($346.87 in chips)
Seat 7: VolkovDmitri ($155.12 in chips)
VolkovDmitri: posts small blind $1
FabronxRJ: posts big blind $3
*** HOLE CARDS ***
VolkovDmitri: raises $3 to $6
FabronxRJ: calls $3
*** FLOP *** [2d 8d Qh]
FabronxRJ: bets $3
VolkovDmitri: calls $3
*** TURN *** [2d 8d Qh] [2h]
FabronxRJ: checks
VolkovDmitri: checks
*** RIVER *** [2d 8d Qh 2h] [4d]
FabronxRJ: bets $6
VolkovDmitri: folds
Uncalled bet ($6) returned to FabronxRJ
FabronxRJ collected $17.64 from pot
FabronxRJ: doesn't show hand
*** SUMMARY ***
Total pot $18 | Rake $0.36
Board [2d 8d Qh 2h 4d]
Seat 5: FabronxRJ (big blind) collected ($17.64)
Seat 7: VolkovDmitri (button) (small blind) folded on the River


PokerStars Hand #157264917015:  Hold'em Limit ($3/$6 USD) - 2016/08/14 11:02:34 ET
Table 'Thalia' 10-max Seat #5 is the button
Seat 5: FabronxRJ ($335.35 in chips)
Seat 7: VolkovDmitri ($167.12 in chips)
FabronxRJ: posts small blind $1
VolkovDmitri: posts big blind $3
*** HOLE CARDS ***
FabronxRJ: calls $2
VolkovDmitri: checks
*** FLOP *** [Td 6d Ad]
VolkovDmitri: bets $3
FabronxRJ: calls $3
*** TURN *** [Td 6d Ad] [5s]
VolkovDmitri: checks
FabronxRJ: checks
*** RIVER *** [Td 6d Ad 5s] [2c]
VolkovDmitri: checks
FabronxRJ: bets $6
VolkovDmitri: calls $6
*** SHOW DOWN ***
FabronxRJ: shows [6c 8h] (a pair of Sixes)
VolkovDmitri: mucks hand
FabronxRJ collected $23.52 from pot
*** SUMMARY ***
Total pot $24 | Rake $0.48
Board [Td 6d Ad 5s 2c]
Seat 5: FabronxRJ (button) (small blind) showed [6c 8h] and won ($23.52) with a pair of Sixes
Seat 7: VolkovDmitri (big blind) mucked


PokerStars Hand #157264979614:  Hold'em Limit ($3/$6 USD) - 2016/08/14 11:04:14 ET
Table 'Thalia' 10-max Seat #5 is the button
Seat 5: FabronxRJ ($367.01 in chips)
Seat 7: VolkovDmitri ($133.88 in chips)
FabronxRJ: posts small blind $1
VolkovDmitri: posts big blind $3
*** HOLE CARDS ***
FabronxRJ: folds
Uncalled bet ($2) returned to VolkovDmitri
VolkovDmitri collected $2 from pot
VolkovDmitri: doesn't show hand
*** SUMMARY ***
Total pot $2 | Rake $0
Seat 5: FabronxRJ (button) (small blind) folded before Flop
Seat 7: VolkovDmitri (big blind) collected ($2)


PokerStars Hand #157264966412:  Hold'em Limit ($3/$6 USD) - 2016/08/14 11:03:53 ET
Table 'Thalia' 10-max Seat #7 is the button
Seat 5: FabronxRJ ($349.51 in chips)
Seat 7: VolkovDmitri ($151.88 in chips)
VolkovDmitri: posts small blind $1
FabronxRJ: posts big blind $3
*** HOLE CARDS ***
VolkovDmitri: raises $3 to $6
FabronxRJ: calls $3
*** FLOP *** [2c 2s 7d]
FabronxRJ: checks
VolkovDmitri: bets $3
FabronxRJ: raises $3 to $6
VolkovDmitri: calls $3
*** TURN *** [2c 2s 7d] [5d]
FabronxRJ: bets $6
VolkovDmitri: calls $6
*** RIVER *** [2c 2s 7d 5d] [Jh]
FabronxRJ: bets $6
VolkovDmitri: folds
Uncalled bet ($6) returned to FabronxRJ
FabronxRJ collected $35.50 from pot
FabronxRJ: doesn't show hand
*** SUMMARY ***
Total pot $36 | Rake $0.50
Board [2c 2s 7d 5d Jh]
Seat 5: FabronxRJ (big blind) collected ($35.50)
Seat 7: VolkovDmitri (button) (small blind) folded on the River


PokerStars Hand #157264954538:  Hold'em Limit ($3/$6 USD) - 2016/08/14 11:03:34 ET
Table 'Thalia' 10-max Seat #5 is the button
Seat 5: FabronxRJ ($355.51 in chips)
Seat 7: VolkovDmitri ($146.12 in chips)
FabronxRJ: posts small blind $1
VolkovDmitri: posts big blind $3
*** HOLE CARDS ***
FabronxRJ: calls $2
VolkovDmitri: raises $3 to $6
FabronxRJ: calls $3
*** FLOP *** [As 2c Qd]
VolkovDmitri: bets $3
FabronxRJ: folds
Uncalled bet ($3) returned to VolkovDmitri
VolkovDmitri collected $11.76 from pot
VolkovDmitri: doesn't show hand
*** SUMMARY ***
Total pot $12 | Rake $0.24
Board [As 2c Qd]
Seat 5: FabronxRJ (button) (small blind) folded on the Flop
Seat 7: VolkovDmitri (big blind) collected ($11.76)


PokerStars Hand #157264984191:  Hold'em Limit ($3/$6 USD) - 2016/08/14 11:04:21 ET
Table 'Thalia' 10-max Seat #7 is the button
Seat 5: FabronxRJ ($366.01 in chips)
Seat 7: VolkovDmitri ($134.88 in chips)
VolkovDmitri: posts small blind $1
FabronxRJ: posts big blind $3
*** HOLE CARDS ***
VolkovDmitri: raises $3 to $6
FabronxRJ: calls $3
*** FLOP *** [8h Kh 4h]
FabronxRJ: checks
VolkovDmitri: bets $3
FabronxRJ: calls $3
*** TURN *** [8h Kh 4h] [Js]
FabronxRJ: checks
VolkovDmitri: checks
*** RIVER *** [8h Kh 4h Js] [7d]
FabronxRJ: bets $6
VolkovDmitri: calls $6
*** SHOW DOWN ***
FabronxRJ: shows [4s Ad] (a pair of Fours)
VolkovDmitri: shows [7c 5c] (a pair of Sevens)
VolkovDmitri collected $29.50 from pot
*** SUMMARY ***
Total pot $30 | Rake $0.50
Board [8h Kh 4h Js 7d]
Seat 5: FabronxRJ (big blind) showed [4s Ad] and lost with a pair of Fours
Seat 7: VolkovDmitri (button) (small blind) showed [7c 5c] and won ($29.50) with a pair of Sevens


PokerStars Hand #157265018110:  Hold'em Limit ($3/$6 USD) - 2016/08/14 11:05:15 ET
Table 'Thalia' 10-max Seat #5 is the button
Seat 5: FabronxRJ ($346.01 in chips)
Seat 7: VolkovDmitri ($154.14 in chips)
FabronxRJ: posts small blind $1
VolkovDmitri: posts big blind $3
*** HOLE CARDS ***
FabronxRJ: raises $3 to $6
VolkovDmitri: calls $3
*** FLOP *** [Kh 9d 2s]
VolkovDmitri: checks
FabronxRJ: bets $3
VolkovDmitri: folds
Uncalled bet ($3) returned to FabronxRJ
FabronxRJ collected $11.76 from pot
FabronxRJ: doesn't show hand
*** SUMMARY ***
Total pot $12 | Rake $0.24
Board [Kh 9d 2s]
Seat 5: FabronxRJ (button) (small blind) collected ($11.76)
Seat 7: VolkovDmitri (big blind) folded on the Flop


PokerStars Hand #157265009332:  Hold'em Limit ($3/$6 USD) - 2016/08/14 11:05:01 ET
Table 'Thalia' 10-max Seat #7 is the button
Seat 5: FabronxRJ ($345.01 in chips)
Seat 7: VolkovDmitri ($155.14 in chips)
VolkovDmitri: posts small blind $1
FabronxRJ: posts big blind $3
*** HOLE CARDS ***
VolkovDmitri: folds
Uncalled bet ($2) returned to FabronxRJ
FabronxRJ collected $2 from pot
FabronxRJ: doesn't show hand
*** SUMMARY ***
Total pot $2 | Rake $0
Seat 5: FabronxRJ (big blind) collected ($2)
Seat 7: VolkovDmitri (button) (small blind) folded before Flop


PokerStars Hand #157265001796:  Hold'em Limit ($3/$6 USD) - 2016/08/14 11:04:49 ET
Table 'Thalia' 10-max Seat #5 is the button
Seat 5: FabronxRJ ($351.01 in chips)
Seat 7: VolkovDmitri ($149.38 in chips)
FabronxRJ: posts small blind $1
VolkovDmitri: posts big blind $3
*** HOLE CARDS ***
FabronxRJ: calls $2
VolkovDmitri: raises $3 to $6
FabronxRJ: calls $3
*** FLOP *** [8c 5d Ah]
VolkovDmitri: bets $3
FabronxRJ: folds
Uncalled bet ($3) returned to VolkovDmitri
VolkovDmitri collected $11.76 from pot
VolkovDmitri: doesn't show hand
*** SUMMARY ***
Total pot $12 | Rake $0.24
Board [8c 5d Ah]
Seat 5: FabronxRJ (button) (small blind) folded on the Flop
Seat 7: VolkovDmitri (big blind) collected ($11.76)


PokerStars Hand #157265052321:  Hold'em Limit ($3/$6 USD) - 2016/08/14 11:06:09 ET
Table 'Thalia' 10-max Seat #5 is the button
Seat 5: FabronxRJ ($327.77 in chips)
Seat 7: VolkovDmitri ($171.64 in chips)
FabronxRJ: posts small blind $1
VolkovDmitri: posts big blind $3
*** HOLE CARDS ***
FabronxRJ: folds
Uncalled bet ($2) returned to VolkovDmitri
VolkovDmitri collected $2 from pot
VolkovDmitri: doesn't show hand
*** SUMMARY ***
Total pot $2 | Rake $0
Seat 5: FabronxRJ (button) (small blind) folded before Flop
Seat 7: VolkovDmitri (big blind) collected ($2)


PokerStars Hand #157265030728:  Hold'em Limit ($3/$6 USD) - 2016/08/14 11:05:35 ET
Table 'Thalia' 10-max Seat #7 is the button
Seat 5: FabronxRJ ($351.77 in chips)
Seat 7: VolkovDmitri ($148.14 in chips)
VolkovDmitri: posts small blind $1
FabronxRJ: posts big blind $3
*** HOLE CARDS ***
VolkovDmitri: raises $3 to $6
FabronxRJ: raises $3 to $9
VolkovDmitri: calls $3
*** FLOP *** [7d Td 7c]
FabronxRJ: bets $3
VolkovDmitri: calls $3
*** TURN *** [7d Td 7c] [2d]
FabronxRJ: checks
VolkovDmitri: bets $6
FabronxRJ: calls $6
*** RIVER *** [7d Td 7c 2d] [6h]
FabronxRJ: checks
VolkovDmitri: bets $6
FabronxRJ: calls $6
*** SHOW DOWN ***
VolkovDmitri: shows [Ts 6s] (two pair, Tens and Sevens)
FabronxRJ: mucks hand
VolkovDmitri collected $47.50 from pot
*** SUMMARY ***
Total pot $48 | Rake $0.50
Board [7d Td 7c 2d 6h]
Seat 5: FabronxRJ (big blind) mucked
Seat 7: VolkovDmitri (button) (small blind) showed [Ts 6s] and won ($47.50) with two pair, Tens and Sevens


PokerStars Hand #157265056007:  Hold'em Limit ($3/$6 USD) - 2016/08/14 11:06:14 ET
Table 'Thalia' 10-max Seat #7 is the button
Seat 5: FabronxRJ ($326.77 in chips)
Seat 7: VolkovDmitri ($172.64 in chips)
VolkovDmitri: posts small blind $1
FabronxRJ: posts big blind $3
*** HOLE CARDS ***
VolkovDmitri: raises $3 to $6
FabronxRJ: calls $3
*** FLOP *** [6c 8c Ah]
FabronxRJ: checks
VolkovDmitri: bets $3
FabronxRJ: raises $3 to $6
VolkovDmitri: calls $3
*** TURN *** [6c 8c Ah] [Kc]
FabronxRJ: bets $6
VolkovDmitri: calls $6
*** RIVER *** [6c 8c Ah Kc] [9s]
FabronxRJ: bets $6
VolkovDmitri: calls $6
*** SHOW DOWN ***
FabronxRJ: shows [Kh Js] (a pair of Kings)
VolkovDmitri: mucks hand
FabronxRJ collected $47.50 from pot
*** SUMMARY ***
Total pot $48 | Rake $0.50
Board [6c 8c Ah Kc 9s]
Seat 5: FabronxRJ (big blind) showed [Kh Js] and won ($47.50) with a pair of Kings
Seat 7: VolkovDmitri (button) (small blind) mucked


PokerStars Hand #157265095798:  Hold'em Limit ($3/$6 USD) - 2016/08/14 11:07:16 ET
Table 'Thalia' 10-max Seat #5 is the button
Seat 5: FabronxRJ ($359.91 in chips)
Seat 7: VolkovDmitri ($138.64 in chips)
FabronxRJ: posts small blind $1
VolkovDmitri: posts big blind $3
*** HOLE CARDS ***
FabronxRJ: calls $2
VolkovDmitri: raises $3 to $6
FabronxRJ: calls $3
*** FLOP *** [Tc 9h 9s]
VolkovDmitri: bets $3
FabronxRJ: folds
Uncalled bet ($3) returned to VolkovDmitri
VolkovDmitri collected $11.76 from pot
VolkovDmitri: doesn't show hand
*** SUMMARY ***
Total pot $12 | Rake $0.24
Board [Tc 9h 9s]
Seat 5: FabronxRJ (button) (small blind) folded on the Flop
Seat 7: VolkovDmitri (big blind) collected ($11.76)


PokerStars Hand #157265092621:  Hold'em Limit ($3/$6 USD) - 2016/08/14 11:07:11 ET
Table 'Thalia' 10-max Seat #7 is the button
Seat 5: FabronxRJ ($358.91 in chips)
Seat 7: VolkovDmitri ($139.64 in chips)
VolkovDmitri: posts small blind $1
FabronxRJ: posts big blind $3
*** HOLE CARDS ***
VolkovDmitri: folds
Uncalled bet ($2) returned to FabronxRJ
FabronxRJ collected $2 from pot
FabronxRJ: doesn't show hand
*** SUMMARY ***
Total pot $2 | Rake $0
Seat 5: FabronxRJ (big blind) collected ($2)
Seat 7: VolkovDmitri (button) (small blind) folded before Flop


PokerStars Hand #157265078407:  Hold'em Limit ($3/$6 USD) - 2016/08/14 11:06:49 ET
Table 'Thalia' 10-max Seat #5 is the button
Seat 5: FabronxRJ ($350.27 in chips)
Seat 7: VolkovDmitri ($148.64 in chips)
FabronxRJ: posts small blind $1
VolkovDmitri: posts big blind $3
*** HOLE CARDS ***
FabronxRJ: raises $3 to $6
VolkovDmitri: calls $3
*** FLOP *** [4h Kd As]
VolkovDmitri: checks
FabronxRJ: bets $3
VolkovDmitri: calls $3
*** TURN *** [4h Kd As] [Th]
VolkovDmitri: checks
FabronxRJ: bets $6
VolkovDmitri: folds
Uncalled bet ($6) returned to FabronxRJ
FabronxRJ collected $17.64 from pot
FabronxRJ: doesn't show hand
*** SUMMARY ***
Total pot $18 | Rake $0.36
Board [4h Kd As Th]
Seat 5: FabronxRJ (button) (small blind) collected ($17.64)
Seat 7: VolkovDmitri (big blind) folded on the Turn


PokerStars Hand #157265136288:  Hold'em Limit ($3/$6 USD) - 2016/08/14 11:08:19 ET
Table 'Thalia' 10-max Seat #7 is the button
Seat 5: FabronxRJ ($343.91 in chips)
Seat 7: VolkovDmitri ($154.04 in chips)
VolkovDmitri: posts small blind $1
FabronxRJ: posts big blind $3
*** HOLE CARDS ***
VolkovDmitri: raises $3 to $6
FabronxRJ: calls $3
*** FLOP *** [Jh 2d 4s]
FabronxRJ: checks
VolkovDmitri: bets $3
FabronxRJ: raises $3 to $6
VolkovDmitri: calls $3
*** TURN *** [Jh 2d 4s] [As]
FabronxRJ: checks
VolkovDmitri: bets $6
FabronxRJ: folds
Uncalled bet ($6) returned to VolkovDmitri
VolkovDmitri collected $23.52 from pot
VolkovDmitri: doesn't show hand
*** SUMMARY ***
Total pot $24 | Rake $0.48
Board [Jh 2d 4s As]
Seat 5: FabronxRJ (big blind) folded on the Turn
Seat 7: VolkovDmitri (button) (small blind) collected ($23.52)


PokerStars Hand #157265131459:  Hold'em Limit ($3/$6 USD) - 2016/08/14 11:08:11 ET
Table 'Thalia' 10-max Seat #5 is the button
Seat 5: FabronxRJ ($344.91 in chips)
Seat 7: VolkovDmitri ($153.04 in chips)
FabronxRJ: posts small blind $1
VolkovDmitri: posts big blind $3
*** HOLE CARDS ***
FabronxRJ: folds
Uncalled bet ($2) returned to VolkovDmitri
VolkovDmitri collected $2 from pot
VolkovDmitri: doesn't show hand
*** SUMMARY ***
Total pot $2 | Rake $0
Seat 5: FabronxRJ (button) (small blind) folded before Flop
Seat 7: VolkovDmitri (big blind) collected ($2)


PokerStars Hand #157265109958:  Hold'em Limit ($3/$6 USD) - 2016/08/14 11:07:38 ET
Table 'Thalia' 10-max Seat #7 is the button
Seat 5: FabronxRJ ($353.91 in chips)
Seat 7: VolkovDmitri ($144.40 in chips)
VolkovDmitri: posts small blind $1
FabronxRJ: posts big blind $3
*** HOLE CARDS ***
VolkovDmitri: raises $3 to $6
FabronxRJ: calls $3
*** FLOP *** [Ah Jh 2d]
FabronxRJ: bets $3
VolkovDmitri: calls $3
*** TURN *** [Ah Jh 2d] [3d]
FabronxRJ: checks
VolkovDmitri: bets $6
FabronxRJ: folds
Uncalled bet ($6) returned to VolkovDmitri
VolkovDmitri collected $17.64 from pot
VolkovDmitri: doesn't show hand
*** SUMMARY ***
Total pot $18 | Rake $0.36
Board [Ah Jh 2d 3d]
Seat 5: FabronxRJ (big blind) folded on the Turn
Seat 7: VolkovDmitri (button) (small blind) collected ($17.64)


PokerStars Hand #157265156072:  Hold'em Limit ($3/$6 USD) - 2016/08/14 11:08:49 ET
Table 'Thalia' 10-max Seat #5 is the button
Seat 5: FabronxRJ ($331.91 in chips)
Seat 7: VolkovDmitri ($165.56 in chips)
FabronxRJ: posts small blind $1
VolkovDmitri: posts big blind $3
*** HOLE CARDS ***
FabronxRJ: raises $3 to $6
VolkovDmitri: raises $3 to $9
FabronxRJ: calls $3
*** FLOP *** [3s 3d 4s]
VolkovDmitri: bets $3
FabronxRJ: calls $3
*** TURN *** [3s 3d 4s] [6d]
VolkovDmitri: bets $6
FabronxRJ: raises $6 to $12
VolkovDmitri: raises $6 to $18
FabronxRJ: raises $6 to $24
Betting is capped
VolkovDmitri: calls $6
*** RIVER *** [3s 3d 4s 6d] [8h]
VolkovDmitri: checks
FabronxRJ: bets $6
VolkovDmitri: calls $6
*** SHOW DOWN ***
FabronxRJ: shows [Qs 3h] (three of a kind, Threes)
VolkovDmitri: mucks hand
FabronxRJ collected $83.50 from pot
*** SUMMARY ***
Total pot $84 | Rake $0.50
Board [3s 3d 4s 6d 8h]
Seat 5: FabronxRJ (button) (small blind) showed [Qs 3h] and won ($83.50) with three of a kind, Threes
Seat 7: VolkovDmitri (big blind) mucked


PokerStars Hand #157265177229:  Hold'em Limit ($3/$6 USD) - 2016/08/14 11:09:22 ET
Table 'Thalia' 10-max Seat #7 is the button
Seat 5: FabronxRJ ($373.41 in chips)
Seat 7: VolkovDmitri ($123.56 in chips)
VolkovDmitri: posts small blind $1
FabronxRJ: posts big blind $3
*** HOLE CARDS ***
VolkovDmitri: raises $3 to $6
FabronxRJ: calls $3
*** FLOP *** [Kh 9h Ts]
FabronxRJ: checks
VolkovDmitri: bets $3
FabronxRJ: calls $3
*** TURN *** [Kh 9h Ts] [3s]
FabronxRJ: checks
VolkovDmitri: bets $6
FabronxRJ: calls $6
*** RIVER *** [Kh 9h Ts 3s] [Tc]
FabronxRJ: checks
VolkovDmitri: checks
*** SHOW DOWN ***
FabronxRJ: shows [9d 7s] (two pair, Tens and Nines)
VolkovDmitri: mucks hand
FabronxRJ collected $29.50 from pot
*** SUMMARY ***
Total pot $30 | Rake $0.50
Board [Kh 9h Ts 3s Tc]
Seat 5: FabronxRJ (big blind) showed [9d 7s] and won ($29.50) with two pair, Tens and Nines
Seat 7: VolkovDmitri (button) (small blind) mucked


PokerStars Hand #157266880429:  Hold'em Limit ($3/$6 USD) - 2016/08/14 11:52:28 ET
Table 'Thalia' 10-max Seat #4 is the button
Seat 4: Chessnok ($155.38 in chips)
Seat 8: CrongCrong ($145.80 in chips)
Chessnok: posts small blind $1
CrongCrong: posts big blind $3
*** HOLE CARDS ***
Chessnok: raises $3 to $6
CrongCrong: calls $3
*** FLOP *** [8d 6h 3d]
**Geka**555 leaves the table
CrongCrong: checks
FabronxRJ joins the table at seat #5
Chessnok: checks
*** TURN *** [8d 6h 3d] [2h]
CrongCrong: bets $6
Chessnok: calls $6
*** RIVER *** [8d 6h 3d 2h] [4d]
CrongCrong: bets $6
Chessnok: folds
Uncalled bet ($6) returned to CrongCrong
CrongCrong collected $23.52 from pot
CrongCrong: doesn't show hand
*** SUMMARY ***
Total pot $24 | Rake $0.48
Board [8d 6h 3d 2h 4d]
Seat 4: Chessnok (button) (small blind) folded on the River
Seat 8: CrongCrong (big blind) collected ($23.52)


PokerStars Hand #157266921152:  Hold'em Limit ($3/$6 USD) - 2016/08/14 11:53:29 ET
Table 'Thalia' 10-max Seat #4 is the button
Seat 4: Chessnok ($116.38 in chips)
Seat 5: FabronxRJ ($569.30 in chips)
Chessnok: posts small blind $1
FabronxRJ: posts big blind $3
*** HOLE CARDS ***
Chessnok: raises $3 to $6
FabronxRJ: calls $3
*** FLOP *** [Qc Tc 5d]
FabronxRJ: checks
Chessnok: bets $3
FabronxRJ: raises $3 to $6
Chessnok: calls $3
*** TURN *** [Qc Tc 5d] [6s]
FabronxRJ: checks
Chessnok: bets $6
FabronxRJ: calls $6
*** RIVER *** [Qc Tc 5d 6s] [Js]
FabronxRJ: checks
Chessnok: bets $6
FabronxRJ: calls $6
*** SHOW DOWN ***
Chessnok: shows [6c Th] (two pair, Tens and Sixes)
FabronxRJ: mucks hand
Chessnok collected $47.50 from pot
*** SUMMARY ***
Total pot $48 | Rake $0.50
Board [Qc Tc 5d 6s Js]
Seat 4: Chessnok (button) (small blind) showed [6c Th] and won ($47.50) with two pair, Tens and Sixes
Seat 5: FabronxRJ (big blind) mucked


PokerStars Hand #157266908031:  Hold'em Limit ($3/$6 USD) - 2016/08/14 11:53:09 ET
Table 'Thalia' 10-max Seat #5 is the button
Seat 4: Chessnok ($143.38 in chips)
Seat 5: FabronxRJ ($542.80 in chips)
FabronxRJ: posts small blind $1
CrongCrong: is sitting out
Chessnok: posts big blind $3
*** HOLE CARDS ***
FabronxRJ: raises $3 to $6
Chessnok: calls $3
*** FLOP *** [7c 3s Ts]
Chessnok: checks
FabronxRJ: bets $3
Chessnok: calls $3
*** TURN *** [7c 3s Ts] [6h]
Chessnok: bets $6
FabronxRJ: raises $6 to $12
Chessnok: calls $6
*** RIVER *** [7c 3s Ts 6h] [5h]
Chessnok: checks
FabronxRJ: bets $6
Chessnok: calls $6
*** SHOW DOWN ***
FabronxRJ: shows [8h 9c] (a straight, Six to Ten)
Chessnok: mucks hand
FabronxRJ collected $53.50 from pot
*** SUMMARY ***
Total pot $54 | Rake $0.50
Board [7c 3s Ts 6h 5h]
Seat 4: Chessnok (big blind) mucked
Seat 5: FabronxRJ (button) (small blind) showed [8h 9c] and won ($53.50) with a straight, Six to Ten


PokerStars Hand #157266936071:  Hold'em Limit ($3/$6 USD) - 2016/08/14 11:53:52 ET
Table 'Thalia' 10-max Seat #5 is the button
Seat 4: Chessnok ($139.88 in chips)
Seat 5: FabronxRJ ($545.30 in chips)
FabronxRJ: posts small blind $1
Chessnok: posts big blind $3
*** HOLE CARDS ***
FabronxRJ: raises $3 to $6
Chessnok: calls $3
*** FLOP *** [8d 9c Ts]
Chessnok: checks
FabronxRJ: bets $3
Chessnok: raises $3 to $6
FabronxRJ: calls $3
*** TURN *** [8d 9c Ts] [4d]
Chessnok: bets $6
FabronxRJ: calls $6
*** RIVER *** [8d 9c Ts 4d] [Ad]
Chessnok: bets $6
FabronxRJ: calls $6
*** SHOW DOWN ***
Chessnok: shows [6d Td] (a flush, Ace high)
FabronxRJ: mucks hand
Chessnok collected $47.50 from pot
*** SUMMARY ***
Total pot $48 | Rake $0.50
Board [8d 9c Ts 4d Ad]
Seat 4: Chessnok (big blind) showed [6d Td] and won ($47.50) with a flush, Ace high
Seat 5: FabronxRJ (button) (small blind) mucked


PokerStars Hand #157266951339:  Hold'em Limit ($3/$6 USD) - 2016/08/14 11:54:15 ET
Table 'Thalia' 10-max Seat #5 is the button
Seat 4: Chessnok ($162.38 in chips)
Seat 5: FabronxRJ ($522.30 in chips)
FabronxRJ: posts small blind $1
Chessnok: posts big blind $3
*** HOLE CARDS ***
FabronxRJ: calls $2
Chessnok: checks
*** FLOP *** [8d Kh Kd]
Chessnok: checks
FabronxRJ: bets $3
Chessnok: folds
Uncalled bet ($3) returned to FabronxRJ
FabronxRJ collected $5.88 from pot
FabronxRJ: doesn't show hand
*** SUMMARY ***
Total pot $6 | Rake $0.12
Board [8d Kh Kd]
Seat 4: Chessnok (big blind) folded on the Flop
Seat 5: FabronxRJ (button) (small blind) collected ($5.88)


PokerStars Hand #157266969733:  Hold'em Limit ($3/$6 USD) - 2016/08/14 11:54:42 ET
Table 'Thalia' 10-max Seat #5 is the button
Seat 4: Chessnok ($150.38 in chips)
Seat 5: FabronxRJ ($533.82 in chips)
FabronxRJ: posts small blind $1
Chessnok: posts big blind $3
*** HOLE CARDS ***
FabronxRJ: folds
Uncalled bet ($2) returned to Chessnok
Chessnok collected $2 from pot
Chessnok: doesn't show hand
*** SUMMARY ***
Total pot $2 | Rake $0
Seat 4: Chessnok (big blind) collected ($2)
Seat 5: FabronxRJ (button) (small blind) folded before Flop


PokerStars Hand #157266960140:  Hold'em Limit ($3/$6 USD) - 2016/08/14 11:54:28 ET
Table 'Thalia' 10-max Seat #4 is the button
Seat 4: Chessnok ($159.38 in chips)
Seat 5: FabronxRJ ($525.18 in chips)
Chessnok: posts small blind $1
FabronxRJ: posts big blind $3
*** HOLE CARDS ***
Chessnok: raises $3 to $6
FabronxRJ: calls $3
*** FLOP *** [3d Kh 6s]
FabronxRJ: checks
Chessnok: bets $3
FabronxRJ: raises $3 to $6
Chessnok: folds
Uncalled bet ($3) returned to FabronxRJ
FabronxRJ collected $17.64 from pot
FabronxRJ: doesn't show hand
*** SUMMARY ***
Total pot $18 | Rake $0.36
Board [3d Kh 6s]
Seat 4: Chessnok (button) (small blind) folded on the Flop
Seat 5: FabronxRJ (big blind) collected ($17.64)


PokerStars Hand #157266979619:  Hold'em Limit ($3/$6 USD) - 2016/08/14 11:54:57 ET
Table 'Thalia' 10-max Seat #5 is the button
Seat 4: Chessnok ($150.38 in chips)
Seat 5: FabronxRJ ($533.82 in chips)
FabronxRJ: posts small blind $1
Chessnok: posts big blind $3
*** HOLE CARDS ***
FabronxRJ: calls $2
Chessnok: raises $3 to $6
FabronxRJ: calls $3
*** FLOP *** [Kc Ah Ad]
Chessnok: bets $3
FabronxRJ: calls $3
*** TURN *** [Kc Ah Ad] [Kh]
Chessnok: bets $6
FabronxRJ: folds
Uncalled bet ($6) returned to Chessnok
Chessnok collected $17.64 from pot
Chessnok: doesn't show hand
*** SUMMARY ***
Total pot $18 | Rake $0.36
Board [Kc Ah Ad Kh]
Seat 4: Chessnok (big blind) collected ($17.64)
Seat 5: FabronxRJ (button) (small blind) folded on the Turn


PokerStars Hand #157266999137:  Hold'em Limit ($3/$6 USD) - 2016/08/14 11:55:31 ET
Table 'Thalia' 10-max Seat #5 is the button
Seat 4: Chessnok ($167.66 in chips)
Seat 5: FabronxRJ ($515.82 in chips)
FabronxRJ: posts small blind $1
Chessnok: posts big blind $3
*** HOLE CARDS ***
FabronxRJ: raises $3 to $6
Chessnok: calls $3
*** FLOP *** [Td 3h Jh]
Chessnok: checks
FabronxRJ: bets $3
Chessnok: folds
Uncalled bet ($3) returned to FabronxRJ
FabronxRJ collected $11.76 from pot
FabronxRJ: doesn't show hand
*** SUMMARY ***
Total pot $12 | Rake $0.24
Board [Td 3h Jh]
Seat 4: Chessnok (big blind) folded on the Flop
Seat 5: FabronxRJ (button) (small blind) collected ($11.76)


PokerStars Hand #157266990621:  Hold'em Limit ($3/$6 USD) - 2016/08/14 11:55:14 ET
Table 'Thalia' 10-max Seat #4 is the button
Seat 4: Chessnok ($159.02 in chips)
Seat 5: FabronxRJ ($524.82 in chips)
Chessnok: posts small blind $1
FabronxRJ: posts big blind $3
*** HOLE CARDS ***
Chessnok: raises $3 to $6
FabronxRJ: calls $3
*** FLOP *** [Ks 8s 9h]
FabronxRJ: bets $3
Chessnok: calls $3
*** TURN *** [Ks 8s 9h] [Th]
FabronxRJ: checks
Chessnok: bets $6
FabronxRJ: folds
Uncalled bet ($6) returned to Chessnok
Chessnok collected $17.64 from pot
Chessnok: doesn't show hand
*** SUMMARY ***
Total pot $18 | Rake $0.36
Board [Ks 8s 9h Th]
Seat 4: Chessnok (button) (small blind) collected ($17.64)
Seat 5: FabronxRJ (big blind) folded on the Turn


PokerStars Hand #157267004359:  Hold'em Limit ($3/$6 USD) - 2016/08/14 11:55:41 ET
Table 'Thalia' 10-max Seat #4 is the button
Seat 4: Chessnok ($161.66 in chips)
Seat 5: FabronxRJ ($521.58 in chips)
Chessnok: posts small blind $1
FabronxRJ: posts big blind $3
*** HOLE CARDS ***
Chessnok: raises $3 to $6
FabronxRJ: calls $3
*** FLOP *** [9d Tc 8c]
FabronxRJ: checks
Chessnok: checks
*** TURN *** [9d Tc 8c] [Ah]
FabronxRJ: checks
Chessnok: bets $6
FabronxRJ: calls $6
*** RIVER *** [9d Tc 8c Ah] [2d]
FabronxRJ: checks
Chessnok: bets $6
FabronxRJ: folds
Uncalled bet ($6) returned to Chessnok
Chessnok collected $23.52 from pot
Chessnok: doesn't show hand
*** SUMMARY ***
Total pot $24 | Rake $0.48
Board [9d Tc 8c Ah 2d]
Seat 4: Chessnok (button) (small blind) collected ($23.52)
Seat 5: FabronxRJ (big blind) folded on the River


PokerStars Hand #157267019689:  Hold'em Limit ($3/$6 USD) - 2016/08/14 11:56:11 ET
Table 'Thalia' 10-max Seat #4 is the button
Seat 4: Chessnok ($170.18 in chips)
Seat 5: FabronxRJ ($512.58 in chips)
Chessnok: posts small blind $1
FabronxRJ: posts big blind $3
*** HOLE CARDS ***
Chessnok: raises $3 to $6
FabronxRJ: raises $3 to $9
Chessnok: calls $3
*** FLOP *** [Ac 2s 6c]
FabronxRJ: bets $3
Chessnok: calls $3
*** TURN *** [Ac 2s 6c] [Qd]
TinaTurner72 joins the table at seat #6
FabronxRJ: bets $6
Chessnok: calls $6
*** RIVER *** [Ac 2s 6c Qd] [7h]
FabronxRJ: bets $6
Chessnok: folds
Uncalled bet ($6) returned to FabronxRJ
FabronxRJ collected $35.50 from pot
FabronxRJ: doesn't show hand
*** SUMMARY ***
Total pot $36 | Rake $0.50
Board [Ac 2s 6c Qd 7h]
Seat 4: Chessnok (button) (small blind) folded on the River
Seat 5: FabronxRJ (big blind) collected ($35.50)


