PokerStars Hand #149097352644:  Hold'em Limit ($3/$6 USD) - 2016/02/19 21:42:35 ET
Table 'Thalia' 6-max Seat #6 is the button
Seat 3: Brama Br ($120 in chips)
Seat 6: NIGHTyxa ($72 in chips)
NIGHTyxa: posts small blind $1
Brama Br: posts big blind $3
*** HOLE CARDS ***
NIGHTyxa: raises $3 to $6
MissEKAmouse joins the table at seat #4
Brama Br: calls $3
*** FLOP *** [7s Jc 9h]
Brama Br: checks
NIGHTyxa: bets $3
Brama Br: calls $3
*** TURN *** [7s Jc 9h] [2d]
Brama Br: checks
NIGHTyxa: checks
*** RIVER *** [7s Jc 9h 2d] [8s]
Brama Br: bets $6
NIGHTyxa: folds
Uncalled bet ($6) returned to Brama Br
Brama Br collected $17.64 from pot
Brama Br: doesn't show hand
*** SUMMARY ***
Total pot $18 | Rake $0.36
Board [7s Jc 9h 2d 8s]
Seat 3: Brama Br (big blind) collected ($17.64)
Seat 6: NIGHTyxa (button) (small blind) folded on the River


PokerStars Hand #149099457758:  Hold'em Limit ($3/$6 USD) - 2016/02/19 23:13:18 ET
Table 'Thalia' 6-max Seat #5 is the button
Seat 4: KINGAAAA168 ($58.97 in chips)
Seat 5: Vaboss63 ($20.31 in chips)
Vaboss63: posts small blind $1
KINGAAAA168: posts big blind $3
*** HOLE CARDS ***
Vaboss63: raises $3 to $6
KINGAAAA168: calls $3
*** FLOP *** [Qs 4d Th]
KINGAAAA168: checks
Vaboss63: bets $3
KINGAAAA168: raises $3 to $6
Vaboss63: raises $3 to $9
KINGAAAA168: calls $3
*** TURN *** [Qs 4d Th] [Kd]
KINGAAAA168: bets $6
Vaboss63: calls $5.31 and is all-in
Uncalled bet ($0.69) returned to KINGAAAA168
*** RIVER *** [Qs 4d Th Kd] [8c]
*** SHOW DOWN ***
KINGAAAA168: shows [Js 4c] (a pair of Fours)
Vaboss63: shows [Ac 4s] (a pair of Fours - Ace kicker)
Vaboss63 collected $40.12 from pot
*** SUMMARY ***
Total pot $40.62 | Rake $0.50
Board [Qs 4d Th Kd 8c]
Seat 4: KINGAAAA168 (big blind) showed [Js 4c] and lost with a pair of Fours
Seat 5: Vaboss63 (button) (small blind) showed [Ac 4s] and won ($40.12) with a pair of Fours


PokerStars Hand #149099464022:  Hold'em Limit ($3/$6 USD) - 2016/02/19 23:13:37 ET
Table 'Thalia' 6-max Seat #4 is the button
Seat 4: KINGAAAA168 ($38.66 in chips)
Seat 5: Vaboss63 ($40.12 in chips)
KINGAAAA168: posts small blind $1
Vaboss63: posts big blind $3
*** HOLE CARDS ***
KINGAAAA168: raises $3 to $6
Vaboss63: calls $3
*** FLOP *** [3d 7s 6h]
Vaboss63: checks
KINGAAAA168: bets $3
Vaboss63: calls $3
*** TURN *** [3d 7s 6h] [Td]
Vaboss63: checks
KINGAAAA168: bets $6
Vaboss63: calls $6
*** RIVER *** [3d 7s 6h Td] [2s]
Vaboss63: checks
KINGAAAA168: bets $6
Vaboss63: calls $6
*** SHOW DOWN ***
KINGAAAA168: shows [5d Th] (a pair of Tens)
Vaboss63: mucks hand
KINGAAAA168 collected $41.50 from pot
*** SUMMARY ***
Total pot $42 | Rake $0.50
Board [3d 7s 6h Td 2s]
Seat 4: KINGAAAA168 (button) (small blind) showed [5d Th] and won ($41.50) with a pair of Tens
Seat 5: Vaboss63 (big blind) mucked


PokerStars Hand #149099492816:  Hold'em Limit ($3/$6 USD) - 2016/02/19 23:15:01 ET
Table 'Thalia' 6-max Seat #4 is the button
Seat 4: KINGAAAA168 ($40.04 in chips)
Seat 5: Vaboss63 ($37.02 in chips)
KINGAAAA168: posts small blind $1
Vaboss63: posts big blind $3
*** HOLE CARDS ***
KINGAAAA168: raises $3 to $6
Vaboss63: calls $3
*** FLOP *** [Td 5c As]
Vaboss63: checks
KINGAAAA168: bets $3
Vaboss63: calls $3
*** TURN *** [Td 5c As] [5s]
Vaboss63: checks
KINGAAAA168: bets $6
Vaboss63: folds
Uncalled bet ($6) returned to KINGAAAA168
KINGAAAA168 collected $17.64 from pot
KINGAAAA168: doesn't show hand
*** SUMMARY ***
Total pot $18 | Rake $0.36
Board [Td 5c As 5s]
Seat 4: KINGAAAA168 (button) (small blind) collected ($17.64)
Seat 5: Vaboss63 (big blind) folded on the Turn


PokerStars Hand #149099490938:  Hold'em Limit ($3/$6 USD) - 2016/02/19 23:14:56 ET
Table 'Thalia' 6-max Seat #5 is the button
Seat 4: KINGAAAA168 ($39.04 in chips)
Seat 5: Vaboss63 ($38.02 in chips)
Vaboss63: posts small blind $1
KINGAAAA168: posts big blind $3
*** HOLE CARDS ***
Vaboss63: folds
Uncalled bet ($2) returned to KINGAAAA168
KINGAAAA168 collected $2 from pot
KINGAAAA168: doesn't show hand
*** SUMMARY ***
Total pot $2 | Rake $0
Seat 4: KINGAAAA168 (big blind) collected ($2)
Seat 5: Vaboss63 (button) (small blind) folded before Flop


PokerStars Hand #149099489300:  Hold'em Limit ($3/$6 USD) - 2016/02/19 23:14:51 ET
Table 'Thalia' 6-max Seat #4 is the button
Seat 4: KINGAAAA168 ($40.04 in chips)
Seat 5: Vaboss63 ($37.02 in chips)
KINGAAAA168: posts small blind $1
Vaboss63: posts big blind $3
*** HOLE CARDS ***
KINGAAAA168: folds
Uncalled bet ($2) returned to Vaboss63
Vaboss63 collected $2 from pot
Vaboss63: doesn't show hand
*** SUMMARY ***
Total pot $2 | Rake $0
Seat 4: KINGAAAA168 (button) (small blind) folded before Flop
Seat 5: Vaboss63 (big blind) collected ($2)


PokerStars Hand #149099481813:  Hold'em Limit ($3/$6 USD) - 2016/02/19 23:14:29 ET
Table 'Thalia' 6-max Seat #5 is the button
Seat 4: KINGAAAA168 ($58.80 in chips)
Seat 5: Vaboss63 ($18.76 in chips)
Vaboss63: posts small blind $1
KINGAAAA168: posts big blind $3
*** HOLE CARDS ***
Vaboss63: raises $3 to $6
KINGAAAA168: calls $3
*** FLOP *** [3d Tc Qc]
KINGAAAA168: checks
Vaboss63: bets $3
KINGAAAA168: raises $3 to $6
Vaboss63: raises $3 to $9
KINGAAAA168: raises $3 to $12
Betting is capped
Vaboss63: calls $3
*** TURN *** [3d Tc Qc] [6d]
KINGAAAA168: bets $6
Vaboss63: calls $0.76 and is all-in
Uncalled bet ($5.24) returned to KINGAAAA168
*** RIVER *** [3d Tc Qc 6d] [As]
*** SHOW DOWN ***
KINGAAAA168: shows [7s Th] (a pair of Tens)
Vaboss63: shows [Qs Ts] (two pair, Queens and Tens)
Vaboss63 collected $37.02 from pot
*** SUMMARY ***
Total pot $37.52 | Rake $0.50
Board [3d Tc Qc 6d As]
Seat 4: KINGAAAA168 (big blind) showed [7s Th] and lost with a pair of Tens
Seat 5: Vaboss63 (button) (small blind) showed [Qs Ts] and won ($37.02) with two pair, Queens and Tens


PokerStars Hand #149099476901:  Hold'em Limit ($3/$6 USD) - 2016/02/19 23:14:15 ET
Table 'Thalia' 6-max Seat #4 is the button
Seat 4: KINGAAAA168 ($50.16 in chips)
Seat 5: Vaboss63 ($27.76 in chips)
KINGAAAA168: posts small blind $1
Vaboss63: posts big blind $3
*** HOLE CARDS ***
KINGAAAA168: raises $3 to $6
Vaboss63: calls $3
*** FLOP *** [2s 7d 6h]
Vaboss63: checks
KINGAAAA168: bets $3
Vaboss63: calls $3
*** TURN *** [2s 7d 6h] [9h]
Vaboss63: checks
KINGAAAA168: bets $6
Vaboss63: folds
Uncalled bet ($6) returned to KINGAAAA168
KINGAAAA168 collected $17.64 from pot
KINGAAAA168: doesn't show hand
*** SUMMARY ***
Total pot $18 | Rake $0.36
Board [2s 7d 6h 9h]
Seat 4: KINGAAAA168 (button) (small blind) collected ($17.64)
Seat 5: Vaboss63 (big blind) folded on the Turn


PokerStars Hand #149099516051:  Hold'em Limit ($3/$6 USD) - 2016/02/19 23:16:09 ET
Table 'Thalia' 6-max Seat #4 is the button
Seat 4: KINGAAAA168 ($44.18 in chips)
Seat 5: Vaboss63 ($31.54 in chips)
KINGAAAA168: posts small blind $1
Vaboss63: posts big blind $3
*** HOLE CARDS ***
KINGAAAA168: raises $3 to $6
Vaboss63: calls $3
*** FLOP *** [Qh Tc 6h]
Vaboss63: checks
KINGAAAA168: bets $3
Vaboss63: folds
Uncalled bet ($3) returned to KINGAAAA168
KINGAAAA168 collected $11.76 from pot
KINGAAAA168: doesn't show hand
*** SUMMARY ***
Total pot $12 | Rake $0.24
Board [Qh Tc 6h]
Seat 4: KINGAAAA168 (button) (small blind) collected ($11.76)
Seat 5: Vaboss63 (big blind) folded on the Flop


PokerStars Hand #149099509929:  Hold'em Limit ($3/$6 USD) - 2016/02/19 23:15:51 ET
Table 'Thalia' 6-max Seat #5 is the button
Seat 4: KINGAAAA168 ($60.20 in chips)
Seat 5: Vaboss63 ($16.02 in chips)
Vaboss63: posts small blind $1
KINGAAAA168: posts big blind $3
*** HOLE CARDS ***
Vaboss63: raises $3 to $6
KINGAAAA168: calls $3
*** FLOP *** [8d 9d Qc]
KINGAAAA168: bets $3
Vaboss63: raises $3 to $6
KINGAAAA168: calls $3
*** TURN *** [8d 9d Qc] [Td]
KINGAAAA168: checks
Vaboss63: bets $4.02 and is all-in
KINGAAAA168: calls $4.02
*** RIVER *** [8d 9d Qc Td] [8h]
*** SHOW DOWN ***
KINGAAAA168: shows [7s 9c] (two pair, Nines and Eights)
Vaboss63: shows [Qd 6s] (two pair, Queens and Eights)
Vaboss63 collected $31.54 from pot
*** SUMMARY ***
Total pot $32.04 | Rake $0.50
Board [8d 9d Qc Td 8h]
Seat 4: KINGAAAA168 (big blind) showed [7s 9c] and lost with two pair, Nines and Eights
Seat 5: Vaboss63 (button) (small blind) showed [Qd 6s] and won ($31.54) with two pair, Queens and Eights


PokerStars Hand #149099505503:  Hold'em Limit ($3/$6 USD) - 2016/02/19 23:15:38 ET
Table 'Thalia' 6-max Seat #4 is the button
Seat 4: KINGAAAA168 ($54.44 in chips)
Seat 5: Vaboss63 ($22.02 in chips)
KINGAAAA168: posts small blind $1
Vaboss63: posts big blind $3
*** HOLE CARDS ***
KINGAAAA168: raises $3 to $6
Vaboss63: calls $3
*** FLOP *** [4h 6s 9d]
Vaboss63: checks
KINGAAAA168: checks
*** TURN *** [4h 6s 9d] [Qd]
Vaboss63: checks
KINGAAAA168: bets $6
Vaboss63: folds
Uncalled bet ($6) returned to KINGAAAA168
KINGAAAA168 collected $11.76 from pot
KINGAAAA168: doesn't show hand
*** SUMMARY ***
Total pot $12 | Rake $0.24
Board [4h 6s 9d Qd]
Seat 4: KINGAAAA168 (button) (small blind) collected ($11.76)
Seat 5: Vaboss63 (big blind) folded on the Turn


PokerStars Hand #149099503720:  Hold'em Limit ($3/$6 USD) - 2016/02/19 23:15:33 ET
Table 'Thalia' 6-max Seat #5 is the button
Seat 4: KINGAAAA168 ($53.44 in chips)
Seat 5: Vaboss63 ($23.02 in chips)
Vaboss63: posts small blind $1
KINGAAAA168: posts big blind $3
*** HOLE CARDS ***
Vaboss63: folds
Uncalled bet ($2) returned to KINGAAAA168
KINGAAAA168 collected $2 from pot
KINGAAAA168: doesn't show hand
*** SUMMARY ***
Total pot $2 | Rake $0
Seat 4: KINGAAAA168 (big blind) collected ($2)
Seat 5: Vaboss63 (button) (small blind) folded before Flop


PokerStars Hand #149099502039:  Hold'em Limit ($3/$6 USD) - 2016/02/19 23:15:28 ET
Table 'Thalia' 6-max Seat #4 is the button
Seat 4: KINGAAAA168 ($54.44 in chips)
Seat 5: Vaboss63 ($22.02 in chips)
KINGAAAA168: posts small blind $1
Vaboss63: posts big blind $3
*** HOLE CARDS ***
KINGAAAA168: folds
Uncalled bet ($2) returned to Vaboss63
Vaboss63 collected $2 from pot
Vaboss63: doesn't show hand
*** SUMMARY ***
Total pot $2 | Rake $0
Seat 4: KINGAAAA168 (button) (small blind) folded before Flop
Seat 5: Vaboss63 (big blind) collected ($2)


PokerStars Hand #149099497442:  Hold'em Limit ($3/$6 USD) - 2016/02/19 23:15:14 ET
Table 'Thalia' 6-max Seat #5 is the button
Seat 4: KINGAAAA168 ($48.68 in chips)
Seat 5: Vaboss63 ($28.02 in chips)
Vaboss63: posts small blind $1
KINGAAAA168: posts big blind $3
*** HOLE CARDS ***
Vaboss63: raises $3 to $6
KINGAAAA168: calls $3
*** FLOP *** [Ts 2c 2s]
KINGAAAA168: checks
Vaboss63: checks
*** TURN *** [Ts 2c 2s] [Kc]
KINGAAAA168: bets $6
Vaboss63: folds
Uncalled bet ($6) returned to KINGAAAA168
KINGAAAA168 collected $11.76 from pot
KINGAAAA168: doesn't show hand
*** SUMMARY ***
Total pot $12 | Rake $0.24
Board [Ts 2c 2s Kc]
Seat 4: KINGAAAA168 (big blind) collected ($11.76)
Seat 5: Vaboss63 (button) (small blind) folded on the Turn


PokerStars Hand #149099532061:  Hold'em Limit ($3/$6 USD) - 2016/02/19 23:16:56 ET
Table 'Thalia' 6-max Seat #5 is the button
Seat 4: KINGAAAA168 ($55.70 in chips)
Seat 5: Vaboss63 ($19.54 in chips)
Vaboss63: posts small blind $1
KINGAAAA168: posts big blind $3
*** HOLE CARDS ***
Vaboss63: raises $3 to $6
KINGAAAA168: calls $3
*** FLOP *** [Jc 8h 4c]
KINGAAAA168: checks
Vaboss63: bets $3
KINGAAAA168: calls $3
*** TURN *** [Jc 8h 4c] [Ts]
KINGAAAA168: checks
Vaboss63: checks
*** RIVER *** [Jc 8h 4c Ts] [8s]
KINGAAAA168: bets $6
Vaboss63: calls $6
*** SHOW DOWN ***
KINGAAAA168: shows [7c Td] (two pair, Tens and Eights)
Vaboss63: mucks hand
KINGAAAA168 collected $29.50 from pot
*** SUMMARY ***
Total pot $30 | Rake $0.50
Board [Jc 8h 4c Ts 8s]
Seat 4: KINGAAAA168 (big blind) showed [7c Td] and won ($29.50) with two pair, Tens and Eights
Seat 5: Vaboss63 (button) (small blind) mucked


PokerStars Hand #149099528434:  Hold'em Limit ($3/$6 USD) - 2016/02/19 23:16:45 ET
Table 'Thalia' 6-max Seat #5 is the button
Seat 4: KINGAAAA168 ($55.70 in chips)
Seat 5: Vaboss63 ($19.54 in chips)
Vaboss63: posts small blind $1
KINGAAAA168: posts big blind $3
*** HOLE CARDS ***
Vaboss63: folds
Uncalled bet ($2) returned to KINGAAAA168
KINGAAAA168 collected $2 from pot
KINGAAAA168: doesn't show hand
*** SUMMARY ***
Total pot $2 | Rake $0
Seat 4: KINGAAAA168 (big blind) collected ($2)
Seat 5: Vaboss63 (button) (small blind) folded before Flop


PokerStars Hand #149099524886:  Hold'em Limit ($3/$6 USD) - 2016/02/19 23:16:35 ET
Table 'Thalia' 6-max Seat #4 is the button
Seat 4: KINGAAAA168 ($52.82 in chips)
Seat 5: Vaboss63 ($22.54 in chips)
KINGAAAA168: posts small blind $1
Vaboss63: posts big blind $3
*** HOLE CARDS ***
KINGAAAA168: calls $2
Vaboss63: checks
*** FLOP *** [5c Jd 8c]
Vaboss63: checks
KINGAAAA168: bets $3
Vaboss63: folds
Uncalled bet ($3) returned to KINGAAAA168
KINGAAAA168 collected $5.88 from pot
KINGAAAA168: doesn't show hand
*** SUMMARY ***
Total pot $6 | Rake $0.12
Board [5c Jd 8c]
Seat 4: KINGAAAA168 (button) (small blind) collected ($5.88)
Seat 5: Vaboss63 (big blind) folded on the Flop


PokerStars Hand #149099519617:  Hold'em Limit ($3/$6 USD) - 2016/02/19 23:16:19 ET
Table 'Thalia' 6-max Seat #5 is the button
Seat 4: KINGAAAA168 ($49.94 in chips)
Seat 5: Vaboss63 ($25.54 in chips)
Vaboss63: posts small blind $1
KINGAAAA168: posts big blind $3
*** HOLE CARDS ***
Vaboss63: calls $2
KINGAAAA168: checks
*** FLOP *** [2d 3h 5s]
KINGAAAA168: checks
Vaboss63: checks
*** TURN *** [2d 3h 5s] [2h]
KINGAAAA168: checks
Vaboss63: checks
*** RIVER *** [2d 3h 5s 2h] [Qd]
KINGAAAA168: checks
Vaboss63: checks
*** SHOW DOWN ***
KINGAAAA168: shows [8c 7c] (a pair of Deuces)
Vaboss63: mucks hand
KINGAAAA168 collected $5.88 from pot
*** SUMMARY ***
Total pot $6 | Rake $0.12
Board [2d 3h 5s 2h Qd]
Seat 4: KINGAAAA168 (big blind) showed [8c 7c] and won ($5.88) with a pair of Deuces
Seat 5: Vaboss63 (button) (small blind) mucked


PokerStars Hand #149099530265:  Hold'em Limit ($3/$6 USD) - 2016/02/19 23:16:51 ET
Table 'Thalia' 6-max Seat #4 is the button
Seat 4: KINGAAAA168 ($56.70 in chips)
Seat 5: Vaboss63 ($18.54 in chips)
KINGAAAA168: posts small blind $1
Vaboss63: posts big blind $3
*** HOLE CARDS ***
KINGAAAA168: folds
Uncalled bet ($2) returned to Vaboss63
Vaboss63 collected $2 from pot
Vaboss63: doesn't show hand
*** SUMMARY ***
Total pot $2 | Rake $0
Seat 4: KINGAAAA168 (button) (small blind) folded before Flop
Seat 5: Vaboss63 (big blind) collected ($2)


PokerStars Hand #149101642898:  Hold'em Limit ($3/$6 USD) - 2016/02/20 1:10:33 ET
Table 'Thalia' 6-max Seat #4 is the button
Seat 3: HaekJiu ($120 in chips)
Seat 4: Agrotait ($72 in chips)
Agrotait: posts small blind $1
HaekJiu: posts big blind $3
*** HOLE CARDS ***
Agrotait: raises $3 to $6
HaekJiu: calls $3
*** FLOP *** [5h 5c 5s]
HaekJiu: checks
Agrotait: bets $3
HaekJiu: folds
Uncalled bet ($3) returned to Agrotait
Agrotait collected $11.76 from pot
Agrotait: doesn't show hand
*** SUMMARY ***
Total pot $12 | Rake $0.24
Board [5h 5c 5s]
Seat 3: HaekJiu (big blind) folded on the Flop
Seat 4: Agrotait (button) (small blind) collected ($11.76)


PokerStars Hand #149101651343:  Hold'em Limit ($3/$6 USD) - 2016/02/20 1:11:00 ET
Table 'Thalia' 6-max Seat #3 is the button
Seat 3: HaekJiu ($114 in chips)
Seat 4: Agrotait ($77.76 in chips)
HaekJiu: posts small blind $1
Agrotait: posts big blind $3
*** HOLE CARDS ***
HaekJiu: raises $3 to $6
Agrotait: calls $3
*** FLOP *** [4d 3h 7h]
musicstacks joins the table at seat #1
Agrotait: checks
HaekJiu: bets $3
BuzovaPro joins the table at seat #2
Agrotait: calls $3
*** TURN *** [4d 3h 7h] [Js]
Agrotait: checks
HaekJiu: bets $6
Agrotait: folds
Uncalled bet ($6) returned to HaekJiu
HaekJiu collected $17.64 from pot
HaekJiu: doesn't show hand
*** SUMMARY ***
Total pot $18 | Rake $0.36
Board [4d 3h 7h Js]
Seat 3: HaekJiu (button) (small blind) collected ($17.64)
Seat 4: Agrotait (big blind) folded on the Turn


PokerStars Hand #149102469381:  Hold'em Limit ($3/$6 USD) - 2016/02/20 1:54:28 ET
Table 'Thalia' 6-max Seat #4 is the button
Seat 4: Agrotait ($125.82 in chips)
Seat 6: lugar88 ($91.67 in chips)
Agrotait: posts small blind $1
Bramboy73: is sitting out
lugar88: posts big blind $3
*** HOLE CARDS ***
parconxxx leaves the table
Bramboy73 leaves the table
Agrotait: folds
Uncalled bet ($2) returned to lugar88
lugar88 collected $2 from pot
lugar88: doesn't show hand
*** SUMMARY ***
Total pot $2 | Rake $0
Seat 4: Agrotait (button) (small blind) folded before Flop
Seat 6: lugar88 (big blind) collected ($2)


