PokerStars Hand #167129437939:  Hold'em Limit ($3/$6 USD) - 2017/03/04 22:38:11 ET
Table 'Thebe' 6-max Seat #1 is the button
Seat 1: LifeisagameX ($84 in chips)
Seat 3: Agniosius ($39.15 in chips)
LifeisagameX: posts small blind $1
Agniosius: posts big blind $3
*** HOLE CARDS ***
LifeisagameX: raises $3 to $6
Agniosius: folds
Uncalled bet ($3) returned to LifeisagameX
LifeisagameX collected $6 from pot
LifeisagameX: doesn't show hand
*** SUMMARY ***
Total pot $6 | Rake $0
Seat 1: LifeisagameX (button) (small blind) collected ($6)
Seat 3: Agniosius (big blind) folded before Flop


PokerStars Hand #167129484244:  Hold'em Limit ($3/$6 USD) - 2017/03/04 22:40:18 ET
Table 'Thebe' 6-max Seat #1 is the button
Seat 1: LifeisagameX ($88 in chips)
Seat 3: Agniosius ($58.65 in chips)
LifeisagameX: posts small blind $1
Agniosius: posts big blind $3
*** HOLE CARDS ***
LifeisagameX: raises $3 to $6
Agniosius: folds
Uncalled bet ($3) returned to LifeisagameX
LifeisagameX collected $6 from pot
LifeisagameX: doesn't show hand
*** SUMMARY ***
Total pot $6 | Rake $0
Seat 1: LifeisagameX (button) (small blind) collected ($6)
Seat 3: Agniosius (big blind) folded before Flop


PokerStars Hand #167129482277:  Hold'em Limit ($3/$6 USD) - 2017/03/04 22:40:12 ET
Table 'Thebe' 6-max Seat #3 is the button
Seat 1: LifeisagameX ($87 in chips)
Seat 3: Agniosius ($59.65 in chips)
Agniosius: posts small blind $1
LifeisagameX: posts big blind $3
*** HOLE CARDS ***
Agniosius: folds
Uncalled bet ($2) returned to LifeisagameX
LifeisagameX collected $2 from pot
LifeisagameX: doesn't show hand
*** SUMMARY ***
Total pot $2 | Rake $0
Seat 1: LifeisagameX (big blind) collected ($2)
Seat 3: Agniosius (button) (small blind) folded before Flop


PokerStars Hand #167129477311:  Hold'em Limit ($3/$6 USD) - 2017/03/04 22:39:59 ET
Table 'Thebe' 6-max Seat #1 is the button
Seat 1: LifeisagameX ($84 in chips)
Seat 3: Agniosius ($62.65 in chips)
LifeisagameX: posts small blind $1
Agniosius: posts big blind $3
*** HOLE CARDS ***
LifeisagameX: raises $3 to $6
Agniosius: folds
Uncalled bet ($3) returned to LifeisagameX
LifeisagameX collected $6 from pot
LifeisagameX: doesn't show hand
*** SUMMARY ***
Total pot $6 | Rake $0
Seat 1: LifeisagameX (button) (small blind) collected ($6)
Seat 3: Agniosius (big blind) folded before Flop


PokerStars Hand #167129449378:  Hold'em Limit ($3/$6 USD) - 2017/03/04 22:38:42 ET
Table 'Thebe' 6-max Seat #3 is the button
Seat 1: LifeisagameX ($87 in chips)
Seat 3: Agniosius ($36.15 in chips)
Agniosius: posts small blind $1
LifeisagameX: posts big blind $3
*** HOLE CARDS ***
Agniosius: raises $3 to $6
LifeisagameX: raises $3 to $9
Agniosius: calls $3
*** FLOP *** [6s 2d 5c]
LifeisagameX: bets $3
Agniosius: raises $3 to $6
LifeisagameX: calls $3
*** TURN *** [6s 2d 5c] [6d]
LifeisagameX: checks
Agniosius: bets $6
LifeisagameX: calls $6
*** RIVER *** [6s 2d 5c 6d] [Js]
LifeisagameX: checks
Agniosius: bets $6
LifeisagameX: calls $6
*** SHOW DOWN ***
Agniosius: shows [6c 8c] (three of a kind, Sixes)
LifeisagameX: mucks hand
Agniosius collected $53.50 from pot
*** SUMMARY ***
Total pot $54 | Rake $0.50
Board [6s 2d 5c 6d Js]
Seat 1: LifeisagameX (big blind) mucked
Seat 3: Agniosius (button) (small blind) showed [6c 8c] and won ($53.50) with three of a kind, Sixes


PokerStars Hand #167129487786:  Hold'em Limit ($3/$6 USD) - 2017/03/04 22:40:27 ET
Table 'Thebe' 6-max Seat #3 is the button
Seat 1: LifeisagameX ($91 in chips)
Seat 3: Agniosius ($55.65 in chips)
Agniosius: posts small blind $1
LifeisagameX: posts big blind $3
*** HOLE CARDS ***
Agniosius: raises $3 to $6
LifeisagameX: calls $3
*** FLOP *** [5d 9h 4d]
LifeisagameX: checks
Agniosius: bets $3
LifeisagameX: raises $3 to $6
Agniosius: calls $3
*** TURN *** [5d 9h 4d] [7c]
LifeisagameX: bets $6
Agniosius: raises $6 to $12
LifeisagameX: calls $6
*** RIVER *** [5d 9h 4d 7c] [Ad]
degal76 joins the table at seat #2
LifeisagameX: bets $6
Agniosius: raises $6 to $12
LifeisagameX: calls $6
*** SHOW DOWN ***
Agniosius: shows [7d Ah] (two pair, Aces and Sevens)
LifeisagameX: mucks hand
Agniosius collected $71.50 from pot
*** SUMMARY ***
Total pot $72 | Rake $0.50
Board [5d 9h 4d 7c Ad]
Seat 1: LifeisagameX (big blind) mucked
Seat 3: Agniosius (button) (small blind) showed [7d Ah] and won ($71.50) with two pair, Aces and Sevens


PokerStars Hand #167129538648:  Hold'em Limit ($3/$6 USD) - 2017/03/04 22:42:47 ET
Table 'Thebe' 6-max Seat #2 is the button
Seat 2: degal76 ($100.80 in chips)
Seat 3: Agniosius ($75.15 in chips)
degal76: posts small blind $1
Agniosius: posts big blind $3
*** HOLE CARDS ***
degal76: folds
Uncalled bet ($2) returned to Agniosius
Agniosius collected $2 from pot
*** SUMMARY ***
Total pot $2 | Rake $0
Seat 2: degal76 (button) (small blind) folded before Flop
Seat 3: Agniosius (big blind) collected ($2)


PokerStars Hand #167129533794:  Hold'em Limit ($3/$6 USD) - 2017/03/04 22:42:34 ET
Table 'Thebe' 6-max Seat #3 is the button
Seat 2: degal76 ($92.16 in chips)
Seat 3: Agniosius ($84.15 in chips)
Agniosius: posts small blind $1
degal76: posts big blind $3
*** HOLE CARDS ***
Agniosius: calls $2
degal76: raises $3 to $6
Agniosius: calls $3
*** FLOP *** [2h 8s 3d]
degal76: bets $3
Agniosius: calls $3
*** TURN *** [2h 8s 3d] [As]
degal76: bets $6
Agniosius: folds
Uncalled bet ($6) returned to degal76
degal76 collected $17.64 from pot
degal76: doesn't show hand
*** SUMMARY ***
Total pot $18 | Rake $0.36
Board [2h 8s 3d As]
Seat 2: degal76 (big blind) collected ($17.64)
Seat 3: Agniosius (button) (small blind) folded on the Turn


PokerStars Hand #167129530931:  Hold'em Limit ($3/$6 USD) - 2017/03/04 22:42:26 ET
Table 'Thebe' 6-max Seat #2 is the button
Seat 2: degal76 ($69.72 in chips)
Seat 3: Agniosius ($87.15 in chips)
degal76: posts small blind $1
Agniosius: posts big blind $3
*** HOLE CARDS ***
degal76: raises $3 to $6
Agniosius: folds
Uncalled bet ($3) returned to degal76
degal76 collected $6 from pot
*** SUMMARY ***
Total pot $6 | Rake $0
Seat 2: degal76 (button) (small blind) collected ($6)
Seat 3: Agniosius (big blind) folded before Flop


PokerStars Hand #167129529040:  Hold'em Limit ($3/$6 USD) - 2017/03/04 22:42:21 ET
Table 'Thebe' 6-max Seat #3 is the button
Seat 2: degal76 ($68.72 in chips)
Seat 3: Agniosius ($88.15 in chips)
Agniosius: posts small blind $1
degal76: posts big blind $3
*** HOLE CARDS ***
Agniosius: folds
Uncalled bet ($2) returned to degal76
degal76 collected $2 from pot
degal76: doesn't show hand
*** SUMMARY ***
Total pot $2 | Rake $0
Seat 2: degal76 (big blind) collected ($2)
Seat 3: Agniosius (button) (small blind) folded before Flop


PokerStars Hand #167129526306:  Hold'em Limit ($3/$6 USD) - 2017/03/04 22:42:14 ET
Table 'Thebe' 6-max Seat #2 is the button
Seat 2: degal76 ($65.72 in chips)
Seat 3: Agniosius ($91.15 in chips)
degal76: posts small blind $1
Agniosius: posts big blind $3
*** HOLE CARDS ***
degal76: raises $3 to $6
Agniosius: folds
Uncalled bet ($3) returned to degal76
degal76 collected $6 from pot
degal76: doesn't show hand
*** SUMMARY ***
Total pot $6 | Rake $0
Seat 2: degal76 (button) (small blind) collected ($6)
Seat 3: Agniosius (big blind) folded before Flop


PokerStars Hand #167129524062:  Hold'em Limit ($3/$6 USD) - 2017/03/04 22:42:07 ET
Table 'Thebe' 6-max Seat #3 is the button
Seat 2: degal76 ($64.72 in chips)
Seat 3: Agniosius ($92.15 in chips)
Agniosius: posts small blind $1
degal76: posts big blind $3
*** HOLE CARDS ***
Agniosius: folds
Uncalled bet ($2) returned to degal76
degal76 collected $2 from pot
LifeisagameX leaves the table
degal76: doesn't show hand
*** SUMMARY ***
Total pot $2 | Rake $0
Seat 2: degal76 (big blind) collected ($2)
Seat 3: Agniosius (button) (small blind) folded before Flop


PokerStars Hand #167129521714:  Hold'em Limit ($3/$6 USD) - 2017/03/04 22:42:01 ET
Table 'Thebe' 6-max Seat #2 is the button
Seat 2: degal76 ($65.72 in chips)
Seat 3: Agniosius ($91.15 in chips)
degal76: posts small blind $1
Agniosius: posts big blind $3
*** HOLE CARDS ***
degal76: folds
Uncalled bet ($2) returned to Agniosius
Agniosius collected $2 from pot
*** SUMMARY ***
Total pot $2 | Rake $0
Seat 2: degal76 (button) (small blind) folded before Flop
Seat 3: Agniosius (big blind) collected ($2)


PokerStars Hand #167129558607:  Hold'em Limit ($3/$6 USD) - 2017/03/04 22:43:42 ET
Table 'Thebe' 6-max Seat #2 is the button
Seat 2: degal76 ($90.20 in chips)
Seat 3: Agniosius ($84.65 in chips)
degal76: posts small blind $1
Agniosius: posts big blind $3
*** HOLE CARDS ***
degal76: raises $3 to $6
Agniosius: folds
Uncalled bet ($3) returned to degal76
degal76 collected $6 from pot
degal76: doesn't show hand
*** SUMMARY ***
Total pot $6 | Rake $0
Seat 2: degal76 (button) (small blind) collected ($6)
Seat 3: Agniosius (big blind) folded before Flop


PokerStars Hand #167129554010:  Hold'em Limit ($3/$6 USD) - 2017/03/04 22:43:29 ET
Table 'Thebe' 6-max Seat #3 is the button
Seat 2: degal76 ($81.56 in chips)
Seat 3: Agniosius ($93.65 in chips)
Agniosius: posts small blind $1
degal76: posts big blind $3
*** HOLE CARDS ***
Agniosius: calls $2
degal76: raises $3 to $6
Agniosius: calls $3
*** FLOP *** [Qh 2s 2d]
degal76: bets $3
Agniosius: calls $3
*** TURN *** [Qh 2s 2d] [Jc]
degal76: bets $6
Agniosius: folds
Uncalled bet ($6) returned to degal76
degal76 collected $17.64 from pot
degal76: doesn't show hand
*** SUMMARY ***
Total pot $18 | Rake $0.36
Board [Qh 2s 2d Jc]
Seat 2: degal76 (big blind) collected ($17.64)
Seat 3: Agniosius (button) (small blind) folded on the Turn


PokerStars Hand #167129549833:  Hold'em Limit ($3/$6 USD) - 2017/03/04 22:43:18 ET
Table 'Thebe' 6-max Seat #2 is the button
Seat 2: degal76 ($75.80 in chips)
Seat 3: Agniosius ($99.65 in chips)
degal76: posts small blind $1
Agniosius: posts big blind $3
*** HOLE CARDS ***
degal76: raises $3 to $6
Agniosius: calls $3
*** FLOP *** [Qh 3s Jd]
Agniosius: checks
degal76: bets $3
Agniosius: folds
Uncalled bet ($3) returned to degal76
degal76 collected $11.76 from pot
degal76: doesn't show hand
*** SUMMARY ***
Total pot $12 | Rake $0.24
Board [Qh 3s Jd]
Seat 2: degal76 (button) (small blind) collected ($11.76)
Seat 3: Agniosius (big blind) folded on the Flop


PokerStars Hand #167129544413:  Hold'em Limit ($3/$6 USD) - 2017/03/04 22:43:03 ET
Table 'Thebe' 6-max Seat #3 is the button
Seat 2: degal76 ($99.80 in chips)
Seat 3: Agniosius ($76.15 in chips)
Agniosius: posts small blind $1
degal76: posts big blind $3
*** HOLE CARDS ***
Agniosius: raises $3 to $6
degal76: raises $3 to $9
Agniosius: calls $3
*** FLOP *** [Kd 7h 5s]
degal76: bets $3
Agniosius: calls $3
*** TURN *** [Kd 7h 5s] [6h]
degal76: bets $6
Agniosius: calls $6
*** RIVER *** [Kd 7h 5s 6h] [Tc]
degal76: bets $6
Agniosius: calls $6
*** SHOW DOWN ***
degal76: shows [5c Ac] (a pair of Fives)
Agniosius: shows [9d Td] (a pair of Tens)
Agniosius collected $47.50 from pot
*** SUMMARY ***
Total pot $48 | Rake $0.50
Board [Kd 7h 5s 6h Tc]
Seat 2: degal76 (big blind) showed [5c Ac] and lost with a pair of Fives
Seat 3: Agniosius (button) (small blind) showed [9d Td] and won ($47.50) with a pair of Tens


PokerStars Hand #167129542593:  Hold'em Limit ($3/$6 USD) - 2017/03/04 22:42:58 ET
Table 'Thebe' 6-max Seat #2 is the button
Seat 2: degal76 ($100.80 in chips)
Seat 3: Agniosius ($75.15 in chips)
degal76: posts small blind $1
Agniosius: posts big blind $3
*** HOLE CARDS ***
degal76: folds
Uncalled bet ($2) returned to Agniosius
Agniosius collected $2 from pot
*** SUMMARY ***
Total pot $2 | Rake $0
Seat 2: degal76 (button) (small blind) folded before Flop
Seat 3: Agniosius (big blind) collected ($2)


PokerStars Hand #167129540648:  Hold'em Limit ($3/$6 USD) - 2017/03/04 22:42:53 ET
Table 'Thebe' 6-max Seat #3 is the button
Seat 2: degal76 ($99.80 in chips)
Seat 3: Agniosius ($76.15 in chips)
Agniosius: posts small blind $1
degal76: posts big blind $3
*** HOLE CARDS ***
Agniosius: folds
Uncalled bet ($2) returned to degal76
degal76 collected $2 from pot
degal76: doesn't show hand
*** SUMMARY ***
Total pot $2 | Rake $0
Seat 2: degal76 (big blind) collected ($2)
Seat 3: Agniosius (button) (small blind) folded before Flop


PokerStars Hand #167129579166:  Hold'em Limit ($3/$6 USD) - 2017/03/04 22:44:39 ET
Table 'Thebe' 6-max Seat #3 is the button
Seat 2: degal76 ($125.10 in chips)
Seat 3: Agniosius ($48.65 in chips)
Agniosius: posts small blind $1
degal76: posts big blind $3
*** HOLE CARDS ***
Agniosius: folds
Uncalled bet ($2) returned to degal76
degal76 collected $2 from pot
degal76: doesn't show hand
*** SUMMARY ***
Total pot $2 | Rake $0
Seat 2: degal76 (big blind) collected ($2)
Seat 3: Agniosius (button) (small blind) folded before Flop


PokerStars Hand #167129575464:  Hold'em Limit ($3/$6 USD) - 2017/03/04 22:44:29 ET
Table 'Thebe' 6-max Seat #2 is the button
Seat 2: degal76 ($119.34 in chips)
Seat 3: Agniosius ($54.65 in chips)
degal76: posts small blind $1
Agniosius: posts big blind $3
*** HOLE CARDS ***
degal76: raises $3 to $6
Agniosius: calls $3
*** FLOP *** [3c Qc Tc]
Agniosius: checks
degal76: bets $3
Agniosius: folds
Uncalled bet ($3) returned to degal76
degal76 collected $11.76 from pot
degal76: doesn't show hand
*** SUMMARY ***
Total pot $12 | Rake $0.24
Board [3c Qc Tc]
Seat 2: degal76 (button) (small blind) collected ($11.76)
Seat 3: Agniosius (big blind) folded on the Flop


PokerStars Hand #167129569731:  Hold'em Limit ($3/$6 USD) - 2017/03/04 22:44:13 ET
Table 'Thebe' 6-max Seat #3 is the button
Seat 2: degal76 ($110.70 in chips)
Seat 3: Agniosius ($63.65 in chips)
Agniosius: posts small blind $1
degal76: posts big blind $3
*** HOLE CARDS ***
Agniosius: raises $3 to $6
degal76: calls $3
*** FLOP *** [7s As Kc]
degal76: checks
Agniosius: bets $3
degal76: calls $3
*** TURN *** [7s As Kc] [Qs]
degal76: checks
Agniosius: checks
*** RIVER *** [7s As Kc Qs] [9s]
degal76: bets $6
Agniosius: folds
Uncalled bet ($6) returned to degal76
degal76 collected $17.64 from pot
degal76: doesn't show hand
*** SUMMARY ***
Total pot $18 | Rake $0.36
Board [7s As Kc Qs 9s]
Seat 2: degal76 (big blind) collected ($17.64)
Seat 3: Agniosius (button) (small blind) folded on the River


PokerStars Hand #167129562770:  Hold'em Limit ($3/$6 USD) - 2017/03/04 22:43:54 ET
Table 'Thebe' 6-max Seat #2 is the button
Seat 2: degal76 ($90.20 in chips)
Seat 3: Agniosius ($84.65 in chips)
degal76: posts small blind $1
Agniosius: posts big blind $3
*** HOLE CARDS ***
degal76: raises $3 to $6
Agniosius: calls $3
*** FLOP *** [8s 4d 7s]
Agniosius: checks
degal76: bets $3
Agniosius: calls $3
*** TURN *** [8s 4d 7s] [2s]
Agniosius: checks
degal76: bets $6
Agniosius: calls $6
*** RIVER *** [8s 4d 7s 2s] [2h]
Agniosius: checks
degal76: bets $6
Agniosius: calls $6
*** SHOW DOWN ***
degal76: shows [8h Ac] (two pair, Eights and Deuces)
Agniosius: mucks hand
degal76 collected $41.50 from pot
*** SUMMARY ***
Total pot $42 | Rake $0.50
Board [8s 4d 7s 2s 2h]
Seat 2: degal76 (button) (small blind) showed [8h Ac] and won ($41.50) with two pair, Eights and Deuces
Seat 3: Agniosius (big blind) mucked


PokerStars Hand #167129560664:  Hold'em Limit ($3/$6 USD) - 2017/03/04 22:43:48 ET
Table 'Thebe' 6-max Seat #3 is the button
Seat 2: degal76 ($93.20 in chips)
Seat 3: Agniosius ($81.65 in chips)
Agniosius: posts small blind $1
degal76: posts big blind $3
*** HOLE CARDS ***
Agniosius: raises $3 to $6
degal76: folds
Uncalled bet ($3) returned to Agniosius
Agniosius collected $6 from pot
*** SUMMARY ***
Total pot $6 | Rake $0
Seat 2: degal76 (big blind) folded before Flop
Seat 3: Agniosius (button) (small blind) collected ($6)


PokerStars Hand #167129598987:  Hold'em Limit ($3/$6 USD) - 2017/03/04 22:45:34 ET
Table 'Thebe' 6-max Seat #3 is the button
Seat 2: degal76 ($121.10 in chips)
Seat 3: Agniosius ($52.29 in chips)
Agniosius: posts small blind $1
degal76: posts big blind $3
*** HOLE CARDS ***
Agniosius: folds
Uncalled bet ($2) returned to degal76
degal76 collected $2 from pot
degal76: doesn't show hand
*** SUMMARY ***
Total pot $2 | Rake $0
Seat 2: degal76 (big blind) collected ($2)
Seat 3: Agniosius (button) (small blind) folded before Flop


PokerStars Hand #167129597095:  Hold'em Limit ($3/$6 USD) - 2017/03/04 22:45:29 ET
Table 'Thebe' 6-max Seat #2 is the button
Seat 2: degal76 ($122.10 in chips)
Seat 3: Agniosius ($51.29 in chips)
degal76: posts small blind $1
Agniosius: posts big blind $3
*** HOLE CARDS ***
degal76: folds
Uncalled bet ($2) returned to Agniosius
Agniosius collected $2 from pot
*** SUMMARY ***
Total pot $2 | Rake $0
Seat 2: degal76 (button) (small blind) folded before Flop
Seat 3: Agniosius (big blind) collected ($2)


PokerStars Hand #167129595263:  Hold'em Limit ($3/$6 USD) - 2017/03/04 22:45:24 ET
Table 'Thebe' 6-max Seat #3 is the button
Seat 2: degal76 ($121.10 in chips)
Seat 3: Agniosius ($52.29 in chips)
Agniosius: posts small blind $1
degal76: posts big blind $3
*** HOLE CARDS ***
Agniosius: folds
Uncalled bet ($2) returned to degal76
degal76 collected $2 from pot
degal76: doesn't show hand
*** SUMMARY ***
Total pot $2 | Rake $0
Seat 2: degal76 (big blind) collected ($2)
Seat 3: Agniosius (button) (small blind) folded before Flop


PokerStars Hand #167129592530:  Hold'em Limit ($3/$6 USD) - 2017/03/04 22:45:16 ET
Table 'Thebe' 6-max Seat #2 is the button
Seat 2: degal76 ($118.10 in chips)
Seat 3: Agniosius ($55.29 in chips)
degal76: posts small blind $1
Agniosius: posts big blind $3
*** HOLE CARDS ***
degal76: raises $3 to $6
Agniosius: folds
Uncalled bet ($3) returned to degal76
degal76 collected $6 from pot
degal76: doesn't show hand
*** SUMMARY ***
Total pot $6 | Rake $0
Seat 2: degal76 (button) (small blind) collected ($6)
Seat 3: Agniosius (big blind) folded before Flop


PokerStars Hand #167129590616:  Hold'em Limit ($3/$6 USD) - 2017/03/04 22:45:11 ET
Table 'Thebe' 6-max Seat #3 is the button
Seat 2: degal76 ($117.10 in chips)
Seat 3: Agniosius ($56.29 in chips)
Agniosius: posts small blind $1
degal76: posts big blind $3
*** HOLE CARDS ***
Agniosius: folds
Uncalled bet ($2) returned to degal76
degal76 collected $2 from pot
degal76: doesn't show hand
*** SUMMARY ***
Total pot $2 | Rake $0
Seat 2: degal76 (big blind) collected ($2)
Seat 3: Agniosius (button) (small blind) folded before Flop


PokerStars Hand #167129588656:  Hold'em Limit ($3/$6 USD) - 2017/03/04 22:45:05 ET
Table 'Thebe' 6-max Seat #2 is the button
Seat 2: degal76 ($118.10 in chips)
Seat 3: Agniosius ($55.29 in chips)
degal76: posts small blind $1
Agniosius: posts big blind $3
*** HOLE CARDS ***
degal76: folds
Uncalled bet ($2) returned to Agniosius
Agniosius collected $2 from pot
*** SUMMARY ***
Total pot $2 | Rake $0
Seat 2: degal76 (button) (small blind) folded before Flop
Seat 3: Agniosius (big blind) collected ($2)


PokerStars Hand #167129586785:  Hold'em Limit ($3/$6 USD) - 2017/03/04 22:45:00 ET
Table 'Thebe' 6-max Seat #3 is the button
Seat 2: degal76 ($117.10 in chips)
Seat 3: Agniosius ($56.29 in chips)
Agniosius: posts small blind $1
degal76: posts big blind $3
*** HOLE CARDS ***
Agniosius: folds
Uncalled bet ($2) returned to degal76
degal76 collected $2 from pot
degal76: doesn't show hand
*** SUMMARY ***
Total pot $2 | Rake $0
Seat 2: degal76 (big blind) collected ($2)
Seat 3: Agniosius (button) (small blind) folded before Flop


PokerStars Hand #167129581028:  Hold'em Limit ($3/$6 USD) - 2017/03/04 22:44:44 ET
Table 'Thebe' 6-max Seat #2 is the button
Seat 2: degal76 ($126.10 in chips)
Seat 3: Agniosius ($47.65 in chips)
degal76: posts small blind $1
Agniosius: posts big blind $3
*** HOLE CARDS ***
degal76: raises $3 to $6
Agniosius: calls $3
*** FLOP *** [6d 2d 9s]
Agniosius: checks
degal76: bets $3
Agniosius: calls $3
*** TURN *** [6d 2d 9s] [6h]
Agniosius: checks
degal76: checks
*** RIVER *** [6d 2d 9s 6h] [8c]
Agniosius: bets $6
degal76: folds
Uncalled bet ($6) returned to Agniosius
Agniosius collected $17.64 from pot
*** SUMMARY ***
Total pot $18 | Rake $0.36
Board [6d 2d 9s 6h 8c]
Seat 2: degal76 (button) (small blind) folded on the River
Seat 3: Agniosius (big blind) collected ($17.64)


PokerStars Hand #167129623899:  Hold'em Limit ($3/$6 USD) - 2017/03/04 22:46:44 ET
Table 'Thebe' 6-max Seat #3 is the button
Seat 2: degal76 ($118.62 in chips)
Seat 3: Agniosius ($53.79 in chips)
Agniosius: posts small blind $1
degal76: posts big blind $3
*** HOLE CARDS ***
Agniosius: raises $3 to $6
degal76: folds
Uncalled bet ($3) returned to Agniosius
Agniosius collected $6 from pot
*** SUMMARY ***
Total pot $6 | Rake $0
Seat 2: degal76 (big blind) folded before Flop
Seat 3: Agniosius (button) (small blind) collected ($6)


PokerStars Hand #167129621525:  Hold'em Limit ($3/$6 USD) - 2017/03/04 22:46:38 ET
Table 'Thebe' 6-max Seat #2 is the button
Seat 2: degal76 ($115.62 in chips)
Seat 3: Agniosius ($56.79 in chips)
degal76: posts small blind $1
Agniosius: posts big blind $3
*** HOLE CARDS ***
degal76: raises $3 to $6
Agniosius: folds
Uncalled bet ($3) returned to degal76
degal76 collected $6 from pot
degal76: doesn't show hand
*** SUMMARY ***
Total pot $6 | Rake $0
Seat 2: degal76 (button) (small blind) collected ($6)
Seat 3: Agniosius (big blind) folded before Flop


PokerStars Hand #167129612529:  Hold'em Limit ($3/$6 USD) - 2017/03/04 22:46:13 ET
Table 'Thebe' 6-max Seat #2 is the button
Seat 2: degal76 ($109.98 in chips)
Seat 3: Agniosius ($62.79 in chips)
degal76: posts small blind $1
Agniosius: posts big blind $3
*** HOLE CARDS ***
degal76: raises $3 to $6
Agniosius: calls $3
*** FLOP *** [7c 5c 6d]
Agniosius: checks
degal76: bets $3
Agniosius: calls $3
*** TURN *** [7c 5c 6d] [8d]
Agniosius: checks
degal76: bets $6
Agniosius: folds
Uncalled bet ($6) returned to degal76
degal76 collected $17.64 from pot
degal76: doesn't show hand
*** SUMMARY ***
Total pot $18 | Rake $0.36
Board [7c 5c 6d 8d]
Seat 2: degal76 (button) (small blind) collected ($17.64)
Seat 3: Agniosius (big blind) folded on the Turn


PokerStars Hand #167129608215:  Hold'em Limit ($3/$6 USD) - 2017/03/04 22:46:00 ET
Table 'Thebe' 6-max Seat #3 is the button
Seat 2: degal76 ($107.10 in chips)
Seat 3: Agniosius ($65.79 in chips)
Agniosius: posts small blind $1
degal76: posts big blind $3
*** HOLE CARDS ***
Agniosius: calls $2
degal76: checks
*** FLOP *** [Ah 3d Qh]
degal76: checks
Agniosius: checks
*** TURN *** [Ah 3d Qh] [Jh]
degal76: bets $6
Agniosius: folds
Uncalled bet ($6) returned to degal76
degal76 collected $5.88 from pot
degal76: doesn't show hand
*** SUMMARY ***
Total pot $6 | Rake $0.12
Board [Ah 3d Qh Jh]
Seat 2: degal76 (big blind) collected ($5.88)
Seat 3: Agniosius (button) (small blind) folded on the Turn


PokerStars Hand #167129600807:  Hold'em Limit ($3/$6 USD) - 2017/03/04 22:45:39 ET
Table 'Thebe' 6-max Seat #2 is the button
Seat 2: degal76 ($122.10 in chips)
Seat 3: Agniosius ($51.29 in chips)
degal76: posts small blind $1
Agniosius: posts big blind $3
*** HOLE CARDS ***
degal76: raises $3 to $6
Agniosius: calls $3
*** FLOP *** [6h Kh Tc]
Agniosius: checks
degal76: bets $3
Agniosius: calls $3
*** TURN *** [6h Kh Tc] [2d]
Agniosius: checks
degal76: bets $6
Agniosius: raises $6 to $12
degal76: folds
Uncalled bet ($6) returned to Agniosius
Agniosius collected $29.50 from pot
*** SUMMARY ***
Total pot $30 | Rake $0.50
Board [6h Kh Tc 2d]
Seat 2: degal76 (button) (small blind) folded on the Turn
Seat 3: Agniosius (big blind) collected ($29.50)


PokerStars Hand #167129643900:  Hold'em Limit ($3/$6 USD) - 2017/03/04 22:47:40 ET
Table 'Thebe' 6-max Seat #3 is the button
Seat 2: degal76 ($83.62 in chips)
Seat 3: Agniosius ($88.29 in chips)
Agniosius: posts small blind $1
degal76: posts big blind $3
*** HOLE CARDS ***
Agniosius: calls $2
degal76: checks
*** FLOP *** [Kd Td 8d]
degal76: checks
Agniosius: bets $3
degal76: folds
Uncalled bet ($3) returned to Agniosius
Agniosius collected $5.88 from pot
*** SUMMARY ***
Total pot $6 | Rake $0.12
Board [Kd Td 8d]
Seat 2: degal76 (big blind) folded on the Flop
Seat 3: Agniosius (button) (small blind) collected ($5.88)


PokerStars Hand #167129641970:  Hold'em Limit ($3/$6 USD) - 2017/03/04 22:47:35 ET
Table 'Thebe' 6-max Seat #2 is the button
Seat 2: degal76 ($84.62 in chips)
Seat 3: Agniosius ($87.29 in chips)
degal76: posts small blind $1
Agniosius: posts big blind $3
*** HOLE CARDS ***
degal76: folds
Uncalled bet ($2) returned to Agniosius
Agniosius collected $2 from pot
*** SUMMARY ***
Total pot $2 | Rake $0
Seat 2: degal76 (button) (small blind) folded before Flop
Seat 3: Agniosius (big blind) collected ($2)


PokerStars Hand #167129640072:  Hold'em Limit ($3/$6 USD) - 2017/03/04 22:47:30 ET
Table 'Thebe' 6-max Seat #3 is the button
Seat 2: degal76 ($83.62 in chips)
Seat 3: Agniosius ($88.29 in chips)
Agniosius: posts small blind $1
degal76: posts big blind $3
*** HOLE CARDS ***
Agniosius: folds
Uncalled bet ($2) returned to degal76
degal76 collected $2 from pot
degal76: doesn't show hand
*** SUMMARY ***
Total pot $2 | Rake $0
Seat 2: degal76 (big blind) collected ($2)
Seat 3: Agniosius (button) (small blind) folded before Flop


PokerStars Hand #167129635328:  Hold'em Limit ($3/$6 USD) - 2017/03/04 22:47:17 ET
Table 'Thebe' 6-max Seat #2 is the button
Seat 2: degal76 ($84.62 in chips)
Seat 3: Agniosius ($87.29 in chips)
degal76: posts small blind $1
Agniosius: posts big blind $3
*** HOLE CARDS ***
degal76: folds
Uncalled bet ($2) returned to Agniosius
Agniosius collected $2 from pot
*** SUMMARY ***
Total pot $2 | Rake $0
Seat 2: degal76 (button) (small blind) folded before Flop
Seat 3: Agniosius (big blind) collected ($2)


PokerStars Hand #167129627912:  Hold'em Limit ($3/$6 USD) - 2017/03/04 22:46:56 ET
Table 'Thebe' 6-max Seat #3 is the button
Seat 2: degal76 ($114.62 in chips)
Seat 3: Agniosius ($57.79 in chips)
Agniosius: posts small blind $1
degal76: posts big blind $3
*** HOLE CARDS ***
Agniosius: raises $3 to $6
degal76: calls $3
*** FLOP *** [Qs Qd 2d]
degal76: checks
Agniosius: bets $3
degal76: raises $3 to $6
Agniosius: raises $3 to $9
degal76: raises $3 to $12
Betting is capped
Agniosius: calls $3
*** TURN *** [Qs Qd 2d] [5c]
degal76: bets $6
Agniosius: calls $6
*** RIVER *** [Qs Qd 2d 5c] [Th]
degal76: bets $6
Agniosius: calls $6
*** SHOW DOWN ***
degal76: shows [Ad 8d] (a pair of Queens)
Agniosius: shows [Ah 2s] (two pair, Queens and Deuces)
Agniosius collected $59.50 from pot
*** SUMMARY ***
Total pot $60 | Rake $0.50
Board [Qs Qd 2d 5c Th]
Seat 2: degal76 (big blind) showed [Ad 8d] and lost with a pair of Queens
Seat 3: Agniosius (button) (small blind) showed [Ah 2s] and won ($59.50) with two pair, Queens and Deuces


PokerStars Hand #167129625833:  Hold'em Limit ($3/$6 USD) - 2017/03/04 22:46:50 ET
Table 'Thebe' 6-max Seat #2 is the button
Seat 2: degal76 ($115.62 in chips)
Seat 3: Agniosius ($56.79 in chips)
degal76: posts small blind $1
Agniosius: posts big blind $3
*** HOLE CARDS ***
degal76: folds
Uncalled bet ($2) returned to Agniosius
Agniosius collected $2 from pot
*** SUMMARY ***
Total pot $2 | Rake $0
Seat 2: degal76 (button) (small blind) folded before Flop
Seat 3: Agniosius (big blind) collected ($2)


PokerStars Hand #167129667337:  Hold'em Limit ($3/$6 USD) - 2017/03/04 22:48:46 ET
Table 'Thebe' 6-max Seat #3 is the button
Seat 2: degal76 ($70.38 in chips)
Seat 3: Agniosius ($100.57 in chips)
Agniosius: posts small blind $1
degal76: posts big blind $3
*** HOLE CARDS ***
Agniosius: folds
Uncalled bet ($2) returned to degal76
degal76 collected $2 from pot
degal76: doesn't show hand
*** SUMMARY ***
Total pot $2 | Rake $0
Seat 2: degal76 (big blind) collected ($2)
Seat 3: Agniosius (button) (small blind) folded before Flop


PokerStars Hand #167129662979:  Hold'em Limit ($3/$6 USD) - 2017/03/04 22:48:34 ET
Table 'Thebe' 6-max Seat #2 is the button
Seat 2: degal76 ($64.62 in chips)
Seat 3: Agniosius ($106.57 in chips)
degal76: posts small blind $1
Agniosius: posts big blind $3
*** HOLE CARDS ***
degal76: raises $3 to $6
Agniosius: calls $3
*** FLOP *** [Qh Ac 3d]
Agniosius: checks
degal76: bets $3
Agniosius: folds
Uncalled bet ($3) returned to degal76
degal76 collected $11.76 from pot
degal76: doesn't show hand
*** SUMMARY ***
Total pot $12 | Rake $0.24
Board [Qh Ac 3d]
Seat 2: degal76 (button) (small blind) collected ($11.76)
Seat 3: Agniosius (big blind) folded on the Flop


PokerStars Hand #167129658962:  Hold'em Limit ($3/$6 USD) - 2017/03/04 22:48:23 ET
Table 'Thebe' 6-max Seat #3 is the button
Seat 2: degal76 ($67.62 in chips)
Seat 3: Agniosius ($103.69 in chips)
Agniosius: posts small blind $1
degal76: posts big blind $3
*** HOLE CARDS ***
Agniosius: calls $2
degal76: checks
*** FLOP *** [Kc 7h 3d]
degal76: checks
Agniosius: bets $3
degal76: folds
Uncalled bet ($3) returned to Agniosius
Agniosius collected $5.88 from pot
*** SUMMARY ***
Total pot $6 | Rake $0.12
Board [Kc 7h 3d]
Seat 2: degal76 (big blind) folded on the Flop
Seat 3: Agniosius (button) (small blind) collected ($5.88)


PokerStars Hand #167129653147:  Hold'em Limit ($3/$6 USD) - 2017/03/04 22:48:07 ET
Table 'Thebe' 6-max Seat #2 is the button
Seat 2: degal76 ($76.62 in chips)
Seat 3: Agniosius ($95.05 in chips)
degal76: posts small blind $1
Agniosius: posts big blind $3
*** HOLE CARDS ***
degal76: raises $3 to $6
Agniosius: calls $3
*** FLOP *** [4d 4h 3d]
Agniosius: checks
degal76: bets $3
Agniosius: calls $3
*** TURN *** [4d 4h 3d] [2s]
Agniosius: checks
degal76: checks
*** RIVER *** [4d 4h 3d 2s] [6s]
Agniosius: bets $6
degal76: folds
Uncalled bet ($6) returned to Agniosius
Agniosius collected $17.64 from pot
*** SUMMARY ***
Total pot $18 | Rake $0.36
Board [4d 4h 3d 2s 6s]
Seat 2: degal76 (button) (small blind) folded on the River
Seat 3: Agniosius (big blind) collected ($17.64)


PokerStars Hand #167129649200:  Hold'em Limit ($3/$6 USD) - 2017/03/04 22:47:55 ET
Table 'Thebe' 6-max Seat #3 is the button
Seat 2: degal76 ($79.62 in chips)
Seat 3: Agniosius ($92.17 in chips)
Agniosius: posts small blind $1
degal76: posts big blind $3
*** HOLE CARDS ***
Agniosius: calls $2
degal76: checks
*** FLOP *** [9c Ad Js]
degal76: checks
Agniosius: bets $3
degal76: folds
Uncalled bet ($3) returned to Agniosius
Agniosius collected $5.88 from pot
*** SUMMARY ***
Total pot $6 | Rake $0.12
Board [9c Ad Js]
Seat 2: degal76 (big blind) folded on the Flop
Seat 3: Agniosius (button) (small blind) collected ($5.88)


PokerStars Hand #167129647480:  Hold'em Limit ($3/$6 USD) - 2017/03/04 22:47:50 ET
Table 'Thebe' 6-max Seat #2 is the button
Seat 2: degal76 ($80.62 in chips)
Seat 3: Agniosius ($91.17 in chips)
degal76: posts small blind $1
Agniosius: posts big blind $3
*** HOLE CARDS ***
degal76: folds
Uncalled bet ($2) returned to Agniosius
Agniosius collected $2 from pot
*** SUMMARY ***
Total pot $2 | Rake $0
Seat 2: degal76 (button) (small blind) folded before Flop
Seat 3: Agniosius (big blind) collected ($2)


PokerStars Hand #167129680657:  Hold'em Limit ($3/$6 USD) - 2017/03/04 22:49:24 ET
Table 'Thebe' 6-max Seat #3 is the button
Seat 2: degal76 ($66.38 in chips)
Seat 3: Agniosius ($104.45 in chips)
Agniosius: posts small blind $1
degal76: posts big blind $3
*** HOLE CARDS ***
Agniosius: raises $3 to $6
degal76: calls $3
*** FLOP *** [As 6s Js]
degal76: checks
Agniosius: bets $3
degal76: raises $3 to $6
Agniosius: raises $3 to $9
degal76: raises $3 to $12
Betting is capped
Agniosius: calls $3
*** TURN *** [As 6s Js] [3d]
degal76: bets $6
Agniosius: raises $6 to $12
degal76: calls $6
*** RIVER *** [As 6s Js 3d] [4s]
degal76: checks
Agniosius: bets $6
degal76: calls $6
*** SHOW DOWN ***
Agniosius: shows [8s 9s] (a flush, Ace high)
degal76: mucks hand
Agniosius collected $71.50 from pot
*** SUMMARY ***
Total pot $72 | Rake $0.50
Board [As 6s Js 3d 4s]
Seat 2: degal76 (big blind) mucked
Seat 3: Agniosius (button) (small blind) showed [8s 9s] and won ($71.50) with a flush, Ace high


PokerStars Hand #167129678690:  Hold'em Limit ($3/$6 USD) - 2017/03/04 22:49:19 ET
Table 'Thebe' 6-max Seat #2 is the button
Seat 2: degal76 ($67.38 in chips)
Seat 3: Agniosius ($103.45 in chips)
degal76: posts small blind $1
Agniosius: posts big blind $3
*** HOLE CARDS ***
degal76: folds
Uncalled bet ($2) returned to Agniosius
Agniosius collected $2 from pot
*** SUMMARY ***
Total pot $2 | Rake $0
Seat 2: degal76 (button) (small blind) folded before Flop
Seat 3: Agniosius (big blind) collected ($2)


PokerStars Hand #167129674977:  Hold'em Limit ($3/$6 USD) - 2017/03/04 22:49:08 ET
Table 'Thebe' 6-max Seat #3 is the button
Seat 2: degal76 ($70.38 in chips)
Seat 3: Agniosius ($100.57 in chips)
Agniosius: posts small blind $1
degal76: posts big blind $3
*** HOLE CARDS ***
Agniosius: calls $2
degal76: checks
*** FLOP *** [4d 7d Qd]
degal76: checks
Agniosius: bets $3
degal76: folds
Uncalled bet ($3) returned to Agniosius
Agniosius collected $5.88 from pot
*** SUMMARY ***
Total pot $6 | Rake $0.12
Board [4d 7d Qd]
Seat 2: degal76 (big blind) folded on the Flop
Seat 3: Agniosius (button) (small blind) collected ($5.88)


PokerStars Hand #167129673105:  Hold'em Limit ($3/$6 USD) - 2017/03/04 22:49:03 ET
Table 'Thebe' 6-max Seat #2 is the button
Seat 2: degal76 ($71.38 in chips)
Seat 3: Agniosius ($99.57 in chips)
degal76: posts small blind $1
Agniosius: posts big blind $3
*** HOLE CARDS ***
degal76: folds
Uncalled bet ($2) returned to Agniosius
Agniosius collected $2 from pot
*** SUMMARY ***
Total pot $2 | Rake $0
Seat 2: degal76 (button) (small blind) folded before Flop
Seat 3: Agniosius (big blind) collected ($2)


PokerStars Hand #167129671172:  Hold'em Limit ($3/$6 USD) - 2017/03/04 22:48:57 ET
Table 'Thebe' 6-max Seat #3 is the button
Seat 2: degal76 ($70.38 in chips)
Seat 3: Agniosius ($100.57 in chips)
Agniosius: posts small blind $1
degal76: posts big blind $3
*** HOLE CARDS ***
Agniosius: folds
Uncalled bet ($2) returned to degal76
degal76 collected $2 from pot
degal76: doesn't show hand
*** SUMMARY ***
Total pot $2 | Rake $0
Seat 2: degal76 (big blind) collected ($2)
Seat 3: Agniosius (button) (small blind) folded before Flop


PokerStars Hand #167129669256:  Hold'em Limit ($3/$6 USD) - 2017/03/04 22:48:52 ET
Table 'Thebe' 6-max Seat #2 is the button
Seat 2: degal76 ($71.38 in chips)
Seat 3: Agniosius ($99.57 in chips)
degal76: posts small blind $1
Agniosius: posts big blind $3
*** HOLE CARDS ***
degal76: folds
Uncalled bet ($2) returned to Agniosius
Agniosius collected $2 from pot
*** SUMMARY ***
Total pot $2 | Rake $0
Seat 2: degal76 (button) (small blind) folded before Flop
Seat 3: Agniosius (big blind) collected ($2)


PokerStars Hand #167129705316:  Hold'em Limit ($3/$6 USD) - 2017/03/04 22:50:34 ET
Table 'Thebe' 6-max Seat #2 is the button
Seat 2: degal76 ($30.02 in chips)
Seat 3: Agniosius ($139.59 in chips)
degal76: posts small blind $1
Agniosius: posts big blind $3
*** HOLE CARDS ***
degal76: folds
Uncalled bet ($2) returned to Agniosius
Agniosius collected $2 from pot
*** SUMMARY ***
Total pot $2 | Rake $0
Seat 2: degal76 (button) (small blind) folded before Flop
Seat 3: Agniosius (big blind) collected ($2)


PokerStars Hand #167129699835:  Hold'em Limit ($3/$6 USD) - 2017/03/04 22:50:18 ET
Table 'Thebe' 6-max Seat #3 is the button
Seat 2: degal76 ($21.38 in chips)
Seat 3: Agniosius ($148.59 in chips)
Agniosius: posts small blind $1
degal76: posts big blind $3
*** HOLE CARDS ***
Agniosius: calls $2
degal76: checks
*** FLOP *** [Th Jc Kd]
degal76: checks
Agniosius: bets $3
degal76: raises $3 to $6
Agniosius: calls $3
*** TURN *** [Th Jc Kd] [7c]
degal76: bets $6
Agniosius: folds
Uncalled bet ($6) returned to degal76
degal76 collected $17.64 from pot
degal76: doesn't show hand
*** SUMMARY ***
Total pot $18 | Rake $0.36
Board [Th Jc Kd 7c]
Seat 2: degal76 (big blind) collected ($17.64)
Seat 3: Agniosius (button) (small blind) folded on the Turn


PokerStars Hand #167129698054:  Hold'em Limit ($3/$6 USD) - 2017/03/04 22:50:13 ET
Table 'Thebe' 6-max Seat #2 is the button
Seat 2: degal76 ($22.38 in chips)
Seat 3: Agniosius ($147.59 in chips)
degal76: posts small blind $1
Agniosius: posts big blind $3
*** HOLE CARDS ***
degal76: folds
Uncalled bet ($2) returned to Agniosius
Agniosius collected $2 from pot
*** SUMMARY ***
Total pot $2 | Rake $0
Seat 2: degal76 (button) (small blind) folded before Flop
Seat 3: Agniosius (big blind) collected ($2)


PokerStars Hand #167129696164:  Hold'em Limit ($3/$6 USD) - 2017/03/04 22:50:08 ET
Table 'Thebe' 6-max Seat #3 is the button
Seat 2: degal76 ($21.38 in chips)
Seat 3: Agniosius ($148.59 in chips)
Agniosius: posts small blind $1
degal76: posts big blind $3
*** HOLE CARDS ***
Agniosius: folds
Uncalled bet ($2) returned to degal76
degal76 collected $2 from pot
degal76: doesn't show hand
*** SUMMARY ***
Total pot $2 | Rake $0
Seat 2: degal76 (big blind) collected ($2)
Seat 3: Agniosius (button) (small blind) folded before Flop


PokerStars Hand #167129689556:  Hold'em Limit ($3/$6 USD) - 2017/03/04 22:49:49 ET
Table 'Thebe' 6-max Seat #2 is the button
Seat 2: degal76 ($30.38 in chips)
Seat 3: Agniosius ($139.95 in chips)
degal76: posts small blind $1
Agniosius: posts big blind $3
*** HOLE CARDS ***
degal76: raises $3 to $6
Agniosius: calls $3
*** FLOP *** [6s 5h 7d]
Agniosius: checks
degal76: bets $3
Agniosius: calls $3
*** TURN *** [6s 5h 7d] [Kc]
Agniosius: checks
degal76: checks
*** RIVER *** [6s 5h 7d Kc] [3h]
Agniosius: checks
degal76: checks
*** SHOW DOWN ***
Agniosius: shows [3c 9c] (a pair of Threes)
degal76: mucks hand
Agniosius collected $17.64 from pot
*** SUMMARY ***
Total pot $18 | Rake $0.36
Board [6s 5h 7d Kc 3h]
Seat 2: degal76 (button) (small blind) mucked
Seat 3: Agniosius (big blind) showed [3c 9c] and won ($17.64) with a pair of Threes


PokerStars Hand #167129717862:  Hold'em Limit ($3/$6 USD) - 2017/03/04 22:51:10 ET
Table 'Thebe' 6-max Seat #3 is the button
Seat 2: degal76 ($46.30 in chips)
Seat 3: Agniosius ($122.59 in chips)
Agniosius: posts small blind $1
degal76: posts big blind $3
*** HOLE CARDS ***
Agniosius: calls $2
degal76: raises $3 to $6
Agniosius: calls $3
*** FLOP *** [Jd 7c 5d]
degal76: bets $3
Agniosius: calls $3
*** TURN *** [Jd 7c 5d] [2d]
degal76: bets $6
Agniosius: calls $6
*** RIVER *** [Jd 7c 5d 2d] [Ah]
degal76: bets $6
Agniosius: folds
Uncalled bet ($6) returned to degal76
degal76 collected $29.50 from pot
degal76: doesn't show hand
*** SUMMARY ***
Total pot $30 | Rake $0.50
Board [Jd 7c 5d 2d Ah]
Seat 2: degal76 (big blind) collected ($29.50)
Seat 3: Agniosius (button) (small blind) folded on the River


PokerStars Hand #167129712869:  Hold'em Limit ($3/$6 USD) - 2017/03/04 22:50:55 ET
Table 'Thebe' 6-max Seat #2 is the button
Seat 2: degal76 ($37.66 in chips)
Seat 3: Agniosius ($131.59 in chips)
degal76: posts small blind $1
Agniosius: posts big blind $3
*** HOLE CARDS ***
degal76: raises $3 to $6
Agniosius: calls $3
*** FLOP *** [Qd 2d 2h]
Agniosius: checks
degal76: bets $3
Agniosius: calls $3
*** TURN *** [Qd 2d 2h] [Js]
Agniosius: checks
degal76: bets $6
Agniosius: folds
Uncalled bet ($6) returned to degal76
degal76 collected $17.64 from pot
degal76: doesn't show hand
*** SUMMARY ***
Total pot $18 | Rake $0.36
Board [Qd 2d 2h Js]
Seat 2: degal76 (button) (small blind) collected ($17.64)
Seat 3: Agniosius (big blind) folded on the Turn


PokerStars Hand #167129707070:  Hold'em Limit ($3/$6 USD) - 2017/03/04 22:50:39 ET
Table 'Thebe' 6-max Seat #3 is the button
Seat 2: degal76 ($29.02 in chips)
Seat 3: Agniosius ($140.59 in chips)
Agniosius: posts small blind $1
degal76: posts big blind $3
*** HOLE CARDS ***
Agniosius: raises $3 to $6
degal76: calls $3
*** FLOP *** [9d Qs Js]
degal76: checks
Agniosius: bets $3
degal76: raises $3 to $6
Agniosius: folds
Uncalled bet ($3) returned to degal76
degal76 collected $17.64 from pot
degal76: doesn't show hand
*** SUMMARY ***
Total pot $18 | Rake $0.36
Board [9d Qs Js]
Seat 2: degal76 (big blind) collected ($17.64)
Seat 3: Agniosius (button) (small blind) folded on the Flop


PokerStars Hand #167129723189:  Hold'em Limit ($3/$6 USD) - 2017/03/04 22:51:25 ET
Table 'Thebe' 6-max Seat #2 is the button
Seat 2: degal76 ($60.80 in chips)
Seat 3: Agniosius ($107.59 in chips)
degal76: posts small blind $1
Agniosius: posts big blind $3
*** HOLE CARDS ***
degal76: raises $3 to $6
Agniosius: calls $3
*** FLOP *** [5h Js 7h]
Agniosius: checks
degal76: bets $3
Agniosius: calls $3
*** TURN *** [5h Js 7h] [Tc]
Agniosius: checks
degal76: bets $6
Agniosius: folds
Uncalled bet ($6) returned to degal76
degal76 collected $17.64 from pot
degal76: doesn't show hand
*** SUMMARY ***
Total pot $18 | Rake $0.36
Board [5h Js 7h Tc]
Seat 2: degal76 (button) (small blind) collected ($17.64)
Seat 3: Agniosius (big blind) folded on the Turn


PokerStars Hand #167129730897:  Hold'em Limit ($3/$6 USD) - 2017/03/04 22:51:47 ET
Table 'Thebe' 6-max Seat #2 is the button
Seat 2: degal76 ($70.44 in chips)
Seat 3: Agniosius ($97.59 in chips)
degal76: posts small blind $1
Agniosius: posts big blind $3
*** HOLE CARDS ***
degal76: folds
Uncalled bet ($2) returned to Agniosius
Agniosius collected $2 from pot
*** SUMMARY ***
Total pot $2 | Rake $0
Seat 2: degal76 (button) (small blind) folded before Flop
Seat 3: Agniosius (big blind) collected ($2)


PokerStars Hand #167129728736:  Hold'em Limit ($3/$6 USD) - 2017/03/04 22:51:41 ET
Table 'Thebe' 6-max Seat #3 is the button
Seat 2: degal76 ($69.44 in chips)
Seat 3: Agniosius ($98.59 in chips)
Agniosius: posts small blind $1
degal76: posts big blind $3
*** HOLE CARDS ***
Agniosius: folds
Uncalled bet ($2) returned to degal76
degal76 collected $2 from pot
degal76: doesn't show hand
*** SUMMARY ***
Total pot $2 | Rake $0
Seat 2: degal76 (big blind) collected ($2)
Seat 3: Agniosius (button) (small blind) folded before Flop


PokerStars Hand #167129734735:  Hold'em Limit ($3/$6 USD) - 2017/03/04 22:51:58 ET
Table 'Thebe' 6-max Seat #2 is the button
Seat 2: degal76 ($70.44 in chips)
Seat 3: Agniosius ($97.59 in chips)
degal76: posts small blind $1
Agniosius: posts big blind $3
*** HOLE CARDS ***
degal76: folds
Uncalled bet ($2) returned to Agniosius
Agniosius collected $2 from pot
*** SUMMARY ***
Total pot $2 | Rake $0
Seat 2: degal76 (button) (small blind) folded before Flop
Seat 3: Agniosius (big blind) collected ($2)


PokerStars Hand #167129736524:  Hold'em Limit ($3/$6 USD) - 2017/03/04 22:52:03 ET
Table 'Thebe' 6-max Seat #3 is the button
Seat 2: degal76 ($69.44 in chips)
Seat 3: Agniosius ($98.59 in chips)
Agniosius: posts small blind $1
degal76: posts big blind $3
*** HOLE CARDS ***
Agniosius: folds
Uncalled bet ($2) returned to degal76
degal76 collected $2 from pot
degal76: doesn't show hand
*** SUMMARY ***
Total pot $2 | Rake $0
Seat 2: degal76 (big blind) collected ($2)
Seat 3: Agniosius (button) (small blind) folded before Flop


PokerStars Hand #167129738283:  Hold'em Limit ($3/$6 USD) - 2017/03/04 22:52:08 ET
Table 'Thebe' 6-max Seat #2 is the button
Seat 2: degal76 ($70.44 in chips)
Seat 3: Agniosius ($97.59 in chips)
degal76: posts small blind $1
Agniosius: posts big blind $3
*** HOLE CARDS ***
degal76: raises $3 to $6
Agniosius: folds
Uncalled bet ($3) returned to degal76
degal76 collected $6 from pot
degal76: doesn't show hand
*** SUMMARY ***
Total pot $6 | Rake $0
Seat 2: degal76 (button) (small blind) collected ($6)
Seat 3: Agniosius (big blind) folded before Flop


PokerStars Hand #167129742381:  Hold'em Limit ($3/$6 USD) - 2017/03/04 22:52:20 ET
Table 'Thebe' 6-max Seat #2 is the button
Seat 2: degal76 ($74.44 in chips)
Seat 3: Agniosius ($93.59 in chips)
degal76: posts small blind $1
Agniosius: posts big blind $3
*** HOLE CARDS ***
degal76: raises $3 to $6
Agniosius: calls $3
*** FLOP *** [2d Tc 3c]
Agniosius: checks
degal76: bets $3
Agniosius: raises $3 to $6
degal76: calls $3
*** TURN *** [2d Tc 3c] [3s]
Agniosius: checks
degal76: bets $6
Agniosius: raises $6 to $12
degal76: folds
Uncalled bet ($6) returned to Agniosius
Agniosius collected $35.50 from pot
*** SUMMARY ***
Total pot $36 | Rake $0.50
Board [2d Tc 3c 3s]
Seat 2: degal76 (button) (small blind) folded on the Turn
Seat 3: Agniosius (big blind) collected ($35.50)


PokerStars Hand #167129750551:  Hold'em Limit ($3/$6 USD) - 2017/03/04 22:52:43 ET
Table 'Thebe' 6-max Seat #2 is the button
Seat 2: degal76 ($53.44 in chips)
Seat 3: Agniosius ($114.09 in chips)
degal76: posts small blind $1
Agniosius: posts big blind $3
*** HOLE CARDS ***
degal76: folds
Uncalled bet ($2) returned to Agniosius
Agniosius collected $2 from pot
*** SUMMARY ***
Total pot $2 | Rake $0
Seat 2: degal76 (button) (small blind) folded before Flop
Seat 3: Agniosius (big blind) collected ($2)


PokerStars Hand #167129758770:  Hold'em Limit ($3/$6 USD) - 2017/03/04 22:53:07 ET
Table 'Thebe' 6-max Seat #3 is the button
Seat 2: degal76 ($52.44 in chips)
Seat 3: Agniosius ($114.97 in chips)
Agniosius: posts small blind $1
degal76: posts big blind $3
*** HOLE CARDS ***
Agniosius: folds
Uncalled bet ($2) returned to degal76
degal76 collected $2 from pot
degal76: doesn't show hand
*** SUMMARY ***
Total pot $2 | Rake $0
Seat 2: degal76 (big blind) collected ($2)
Seat 3: Agniosius (button) (small blind) folded before Flop


PokerStars Hand #167129756344:  Hold'em Limit ($3/$6 USD) - 2017/03/04 22:53:00 ET
Table 'Thebe' 6-max Seat #2 is the button
Seat 2: degal76 ($49.44 in chips)
Seat 3: Agniosius ($117.97 in chips)
degal76: posts small blind $1
Agniosius: posts big blind $3
*** HOLE CARDS ***
degal76: raises $3 to $6
Agniosius: folds
Uncalled bet ($3) returned to degal76
degal76 collected $6 from pot
degal76: doesn't show hand
*** SUMMARY ***
Total pot $6 | Rake $0
Seat 2: degal76 (button) (small blind) collected ($6)
Seat 3: Agniosius (big blind) folded before Flop


PokerStars Hand #167129760531:  Hold'em Limit ($3/$6 USD) - 2017/03/04 22:53:12 ET
Table 'Thebe' 6-max Seat #2 is the button
Seat 2: degal76 ($53.44 in chips)
Seat 3: Agniosius ($113.97 in chips)
degal76: posts small blind $1
Agniosius: posts big blind $3
*** HOLE CARDS ***
degal76: raises $3 to $6
Agniosius: folds
Uncalled bet ($3) returned to degal76
degal76 collected $6 from pot
degal76: doesn't show hand
*** SUMMARY ***
Total pot $6 | Rake $0
Seat 2: degal76 (button) (small blind) collected ($6)
Seat 3: Agniosius (big blind) folded before Flop


PokerStars Hand #167129766096:  Hold'em Limit ($3/$6 USD) - 2017/03/04 22:53:28 ET
Table 'Thebe' 6-max Seat #2 is the button
Seat 2: degal76 ($50.44 in chips)
Seat 3: Agniosius ($116.73 in chips)
degal76: posts small blind $1
Agniosius: posts big blind $3
*** HOLE CARDS ***
degal76: folds
Uncalled bet ($2) returned to Agniosius
Agniosius collected $2 from pot
*** SUMMARY ***
Total pot $2 | Rake $0
Seat 2: degal76 (button) (small blind) folded before Flop
Seat 3: Agniosius (big blind) collected ($2)


PokerStars Hand #167129762769:  Hold'em Limit ($3/$6 USD) - 2017/03/04 22:53:18 ET
Table 'Thebe' 6-max Seat #3 is the button
Seat 2: degal76 ($56.44 in chips)
Seat 3: Agniosius ($110.97 in chips)
Agniosius: posts small blind $1
degal76: posts big blind $3
*** HOLE CARDS ***
Agniosius: raises $3 to $6
degal76: calls $3
*** FLOP *** [Qc Jd 6s]
degal76: checks
Agniosius: bets $3
degal76: folds
Uncalled bet ($3) returned to Agniosius
Agniosius collected $11.76 from pot
*** SUMMARY ***
Total pot $12 | Rake $0.24
Board [Qc Jd 6s]
Seat 2: degal76 (big blind) folded on the Flop
Seat 3: Agniosius (button) (small blind) collected ($11.76)


PokerStars Hand #167129767980:  Hold'em Limit ($3/$6 USD) - 2017/03/04 22:53:33 ET
Table 'Thebe' 6-max Seat #3 is the button
Seat 2: degal76 ($49.44 in chips)
Seat 3: Agniosius ($117.73 in chips)
Agniosius: posts small blind $1
degal76: posts big blind $3
*** HOLE CARDS ***
Agniosius: raises $3 to $6
degal76: folds
Uncalled bet ($3) returned to Agniosius
Agniosius collected $6 from pot
*** SUMMARY ***
Total pot $6 | Rake $0
Seat 2: degal76 (big blind) folded before Flop
Seat 3: Agniosius (button) (small blind) collected ($6)


PokerStars Hand #167129769986:  Hold'em Limit ($3/$6 USD) - 2017/03/04 22:53:39 ET
Table 'Thebe' 6-max Seat #2 is the button
Seat 2: degal76 ($46.44 in chips)
Seat 3: Agniosius ($120.73 in chips)
degal76: posts small blind $1
Agniosius: posts big blind $3
*** HOLE CARDS ***
degal76: folds
Uncalled bet ($2) returned to Agniosius
Agniosius collected $2 from pot
*** SUMMARY ***
Total pot $2 | Rake $0
Seat 2: degal76 (button) (small blind) folded before Flop
Seat 3: Agniosius (big blind) collected ($2)


PokerStars Hand #167129752500:  Hold'em Limit ($3/$6 USD) - 2017/03/04 22:52:49 ET
Table 'Thebe' 6-max Seat #3 is the button
Seat 2: degal76 ($52.44 in chips)
Seat 3: Agniosius ($115.09 in chips)
Agniosius: posts small blind $1
degal76: posts big blind $3
*** HOLE CARDS ***
Agniosius: calls $2
degal76: checks
*** FLOP *** [8s 3c 3d]
degal76: checks
Agniosius: bets $3
degal76: folds
Uncalled bet ($3) returned to Agniosius
Agniosius collected $5.88 from pot
*** SUMMARY ***
Total pot $6 | Rake $0.12
Board [8s 3c 3d]
Seat 2: degal76 (big blind) folded on the Flop
Seat 3: Agniosius (button) (small blind) collected ($5.88)


PokerStars Hand #167129777587:  Hold'em Limit ($3/$6 USD) - 2017/03/04 22:54:00 ET
Table 'Thebe' 6-max Seat #3 is the button
Seat 2: degal76 ($38.44 in chips)
Seat 3: Agniosius ($128.49 in chips)
Agniosius: posts small blind $1
degal76: posts big blind $3
*** HOLE CARDS ***
Agniosius: raises $3 to $6
degal76: calls $3
*** FLOP *** [7c Jd 3h]
degal76: checks
Agniosius: bets $3
degal76: calls $3
*** TURN *** [7c Jd 3h] [9c]
degal76: checks
Agniosius: checks
*** RIVER *** [7c Jd 3h 9c] [6d]
degal76: bets $6
Agniosius: folds
Uncalled bet ($6) returned to degal76
degal76 collected $17.64 from pot
degal76: doesn't show hand
*** SUMMARY ***
Total pot $18 | Rake $0.36
Board [7c Jd 3h 9c 6d]
Seat 2: degal76 (big blind) collected ($17.64)
Seat 3: Agniosius (button) (small blind) folded on the River


PokerStars Hand #167129783782:  Hold'em Limit ($3/$6 USD) - 2017/03/04 22:54:18 ET
Table 'Thebe' 6-max Seat #2 is the button
Seat 2: degal76 ($47.08 in chips)
Seat 3: Agniosius ($119.49 in chips)
degal76: posts small blind $1
Agniosius: posts big blind $3
*** HOLE CARDS ***
degal76: raises $3 to $6
Agniosius: calls $3
*** FLOP *** [4d 3h Jc]
Agniosius: checks
degal76: bets $3
Agniosius: calls $3
*** TURN *** [4d 3h Jc] [Kh]
Agniosius: checks
degal76: bets $6
Agniosius: raises $6 to $12
degal76: calls $6
*** RIVER *** [4d 3h Jc Kh] [8d]
Agniosius: bets $6
degal76: calls $6
*** SHOW DOWN ***
Agniosius: shows [Jd 3d] (two pair, Jacks and Threes)
degal76: mucks hand
Agniosius collected $53.50 from pot
*** SUMMARY ***
Total pot $54 | Rake $0.50
Board [4d 3h Jc Kh 8d]
Seat 2: degal76 (button) (small blind) mucked
Seat 3: Agniosius (big blind) showed [Jd 3d] and won ($53.50) with two pair, Jacks and Threes


PokerStars Hand #167129775577:  Hold'em Limit ($3/$6 USD) - 2017/03/04 22:53:55 ET
Table 'Thebe' 6-max Seat #2 is the button
Seat 2: degal76 ($39.44 in chips)
Seat 3: Agniosius ($127.49 in chips)
degal76: posts small blind $1
Agniosius: posts big blind $3
*** HOLE CARDS ***
degal76: folds
Uncalled bet ($2) returned to Agniosius
Agniosius collected $2 from pot
*** SUMMARY ***
Total pot $2 | Rake $0
Seat 2: degal76 (button) (small blind) folded before Flop
Seat 3: Agniosius (big blind) collected ($2)


PokerStars Hand #167129771916:  Hold'em Limit ($3/$6 USD) - 2017/03/04 22:53:44 ET
Table 'Thebe' 6-max Seat #3 is the button
Seat 2: degal76 ($45.44 in chips)
Seat 3: Agniosius ($121.73 in chips)
Agniosius: posts small blind $1
degal76: posts big blind $3
*** HOLE CARDS ***
Agniosius: raises $3 to $6
degal76: calls $3
*** FLOP *** [9s 5d Ac]
degal76: checks
Agniosius: bets $3
degal76: folds
Uncalled bet ($3) returned to Agniosius
Agniosius collected $11.76 from pot
*** SUMMARY ***
Total pot $12 | Rake $0.24
Board [9s 5d Ac]
Seat 2: degal76 (big blind) folded on the Flop
Seat 3: Agniosius (button) (small blind) collected ($11.76)


PokerStars Hand #167129791248:  Hold'em Limit ($3/$6 USD) - 2017/03/04 22:54:39 ET
Table 'Thebe' 6-max Seat #3 is the button
Seat 2: degal76 ($20.08 in chips)
Seat 3: Agniosius ($145.99 in chips)
Agniosius: posts small blind $1
degal76: posts big blind $3
*** HOLE CARDS ***
Agniosius: raises $3 to $6
degal76: raises $3 to $9
Agniosius: calls $3
*** FLOP *** [Th 3d 4d]
degal76: bets $3
Agniosius: calls $3
*** TURN *** [Th 3d 4d] [2d]
degal76: bets $6
Agniosius: raises $6 to $12
degal76: calls $2.08 and is all-in
Uncalled bet ($3.92) returned to Agniosius
*** RIVER *** [Th 3d 4d 2d] [4s]
*** SHOW DOWN ***
degal76: shows [Qh Qs] (two pair, Queens and Fours)
Agniosius: shows [3h 3c] (a full house, Threes full of Fours)
Agniosius collected $39.66 from pot
*** SUMMARY ***
Total pot $40.16 | Rake $0.50
Board [Th 3d 4d 2d 4s]
Seat 2: degal76 (big blind) showed [Qh Qs] and lost with two pair, Queens and Fours
Seat 3: Agniosius (button) (small blind) showed [3h 3c] and won ($39.66) with a full house, Threes full of Fours


