PokerStars Hand #146214396838:  Hold'em Limit ($3/$6 USD) - 2015/12/31 3:02:40 ET
Table 'Theemin' 6-max Seat #4 is the button
Seat 1: 19woody58 ($200.84 in chips)
Seat 4: Actionni13 ($151 in chips)
Actionni13: posts small blind $1
19woody58: posts big blind $3
*** HOLE CARDS ***
Actionni13: folds
Uncalled bet ($2) returned to 19woody58
19woody58 collected $2 from pot
*** SUMMARY ***
Total pot $2 | Rake $0
Seat 1: 19woody58 (big blind) collected ($2)
Seat 4: Actionni13 (button) (small blind) folded before Flop


PokerStars Hand #146214393062:  Hold'em Limit ($3/$6 USD) - 2015/12/31 3:02:29 ET
Table 'Theemin' 6-max Seat #1 is the button
Seat 1: 19woody58 ($201.84 in chips)
Seat 4: Actionni13 ($150 in chips)
19woody58: posts small blind $1
Actionni13: posts big blind $3
*** HOLE CARDS ***
19woody58: folds
Uncalled bet ($2) returned to Actionni13
Actionni13 collected $2 from pot
Actionni13: doesn't show hand
*** SUMMARY ***
Total pot $2 | Rake $0
Seat 1: 19woody58 (button) (small blind) folded before Flop
Seat 4: Actionni13 (big blind) collected ($2)


PokerStars Hand #146214411975:  Hold'em Limit ($3/$6 USD) - 2015/12/31 3:03:26 ET
Table 'Theemin' 6-max Seat #1 is the button
Seat 1: 19woody58 ($197.84 in chips)
Seat 4: Actionni13 ($154 in chips)
19woody58: posts small blind $1
Actionni13: posts big blind $3
*** HOLE CARDS ***
19woody58: calls $2
Actionni13: raises $3 to $6
19woody58: calls $3
*** FLOP *** [Kc 7c 5d]
Actionni13: bets $3
19woody58: calls $3
*** TURN *** [Kc 7c 5d] [9c]
Actionni13: checks
19woody58: bets $6
Actionni13: folds
Uncalled bet ($6) returned to 19woody58
19woody58 collected $17.64 from pot
*** SUMMARY ***
Total pot $18 | Rake $0.36
Board [Kc 7c 5d 9c]
Seat 1: 19woody58 (button) (small blind) collected ($17.64)
Seat 4: Actionni13 (big blind) folded on the Turn


PokerStars Hand #146214409174:  Hold'em Limit ($3/$6 USD) - 2015/12/31 3:03:17 ET
Table 'Theemin' 6-max Seat #4 is the button
Seat 1: 19woody58 ($196.84 in chips)
Seat 4: Actionni13 ($155 in chips)
Actionni13: posts small blind $1
19woody58: posts big blind $3
*** HOLE CARDS ***
Actionni13: folds
Uncalled bet ($2) returned to 19woody58
19woody58 collected $2 from pot
*** SUMMARY ***
Total pot $2 | Rake $0
Seat 1: 19woody58 (big blind) collected ($2)
Seat 4: Actionni13 (button) (small blind) folded before Flop


PokerStars Hand #146214407336:  Hold'em Limit ($3/$6 USD) - 2015/12/31 3:03:12 ET
Table 'Theemin' 6-max Seat #1 is the button
Seat 1: 19woody58 ($197.84 in chips)
Seat 4: Actionni13 ($154 in chips)
19woody58: posts small blind $1
Actionni13: posts big blind $3
*** HOLE CARDS ***
19woody58: folds
Uncalled bet ($2) returned to Actionni13
Actionni13 collected $2 from pot
Actionni13: doesn't show hand
*** SUMMARY ***
Total pot $2 | Rake $0
Seat 1: 19woody58 (button) (small blind) folded before Flop
Seat 4: Actionni13 (big blind) collected ($2)


PokerStars Hand #146214403661:  Hold'em Limit ($3/$6 USD) - 2015/12/31 3:03:01 ET
Table 'Theemin' 6-max Seat #4 is the button
Seat 1: 19woody58 ($200.84 in chips)
Seat 4: Actionni13 ($151 in chips)
Actionni13: posts small blind $1
19woody58: posts big blind $3
*** HOLE CARDS ***
Actionni13: raises $3 to $6
19woody58: folds
Uncalled bet ($3) returned to Actionni13
Actionni13 collected $6 from pot
Actionni13: doesn't show hand
*** SUMMARY ***
Total pot $6 | Rake $0
Seat 1: 19woody58 (big blind) folded before Flop
Seat 4: Actionni13 (button) (small blind) collected ($6)


PokerStars Hand #146214401767:  Hold'em Limit ($3/$6 USD) - 2015/12/31 3:02:55 ET
Table 'Theemin' 6-max Seat #1 is the button
Seat 1: 19woody58 ($201.84 in chips)
Seat 4: Actionni13 ($150 in chips)
19woody58: posts small blind $1
Actionni13: posts big blind $3
*** HOLE CARDS ***
19woody58: folds
Uncalled bet ($2) returned to Actionni13
Actionni13 collected $2 from pot
Actionni13: doesn't show hand
*** SUMMARY ***
Total pot $2 | Rake $0
Seat 1: 19woody58 (button) (small blind) folded before Flop
Seat 4: Actionni13 (big blind) collected ($2)


PokerStars Hand #146214426644:  Hold'em Limit ($3/$6 USD) - 2015/12/31 3:04:09 ET
Table 'Theemin' 6-max Seat #1 is the button
Seat 1: 19woody58 ($203.48 in chips)
Seat 4: Actionni13 ($153 in chips)
19woody58: posts small blind $1
Actionni13: posts big blind $3
*** HOLE CARDS ***
19woody58: raises $3 to $6
Actionni13: folds
Uncalled bet ($3) returned to 19woody58
19woody58 collected $6 from pot
*** SUMMARY ***
Total pot $6 | Rake $0
Seat 1: 19woody58 (button) (small blind) collected ($6)
Seat 4: Actionni13 (big blind) folded before Flop


PokerStars Hand #146214421090:  Hold'em Limit ($3/$6 USD) - 2015/12/31 3:03:53 ET
Table 'Theemin' 6-max Seat #4 is the button
Seat 1: 19woody58 ($206.48 in chips)
Seat 4: Actionni13 ($150 in chips)
Actionni13: posts small blind $1
19woody58: posts big blind $3
*** HOLE CARDS ***
Actionni13: raises $3 to $6
19woody58: folds
Uncalled bet ($3) returned to Actionni13
Actionni13 collected $6 from pot
Actionni13: doesn't show hand
*** SUMMARY ***
Total pot $6 | Rake $0
Seat 1: 19woody58 (big blind) folded before Flop
Seat 4: Actionni13 (button) (small blind) collected ($6)


PokerStars Hand #146214453778:  Hold'em Limit ($3/$6 USD) - 2015/12/31 3:05:28 ET
Table 'Theemin' 6-max Seat #1 is the button
Seat 1: 19woody58 ($177.48 in chips)
Seat 4: Actionni13 ($178.14 in chips)
19woody58: posts small blind $1
Actionni13: posts big blind $3
*** HOLE CARDS ***
19woody58: raises $3 to $6
Actionni13: raises $3 to $9
19woody58: calls $3
*** FLOP *** [9d 5s 2d]
Actionni13: bets $3
19woody58: calls $3
*** TURN *** [9d 5s 2d] [Qd]
Actionni13: checks
19woody58: bets $6
Actionni13: calls $6
*** RIVER *** [9d 5s 2d Qd] [4h]
Actionni13: checks
19woody58: bets $6
Actionni13: folds
Uncalled bet ($6) returned to 19woody58
19woody58 collected $35.50 from pot
*** SUMMARY ***
Total pot $36 | Rake $0.50
Board [9d 5s 2d Qd 4h]
Seat 1: 19woody58 (button) (small blind) collected ($35.50)
Seat 4: Actionni13 (big blind) folded on the River


PokerStars Hand #146214452149:  Hold'em Limit ($3/$6 USD) - 2015/12/31 3:05:23 ET
Table 'Theemin' 6-max Seat #4 is the button
Seat 1: 19woody58 ($176.48 in chips)
Seat 4: Actionni13 ($179.14 in chips)
Actionni13: posts small blind $1
19woody58: posts big blind $3
*** HOLE CARDS ***
Actionni13: folds
Uncalled bet ($2) returned to 19woody58
19woody58 collected $2 from pot
*** SUMMARY ***
Total pot $2 | Rake $0
Seat 1: 19woody58 (big blind) collected ($2)
Seat 4: Actionni13 (button) (small blind) folded before Flop


PokerStars Hand #146214440998:  Hold'em Limit ($3/$6 USD) - 2015/12/31 3:04:51 ET
Table 'Theemin' 6-max Seat #1 is the button
Seat 1: 19woody58 ($185.48 in chips)
Seat 4: Actionni13 ($170.50 in chips)
19woody58: posts small blind $1
Actionni13: posts big blind $3
*** HOLE CARDS ***
19woody58: raises $3 to $6
Actionni13: calls $3
*** FLOP *** [8d Ks Kh]
Actionni13: checks
19woody58: bets $3
Actionni13: calls $3
*** TURN *** [8d Ks Kh] [3c]
Actionni13: checks
19woody58: checks
*** RIVER *** [8d Ks Kh 3c] [Qc]
Actionni13: checks
19woody58: checks
*** SHOW DOWN ***
Actionni13: shows [9c Js] (a pair of Kings)
19woody58: mucks hand
Actionni13 collected $17.64 from pot
*** SUMMARY ***
Total pot $18 | Rake $0.36
Board [8d Ks Kh 3c Qc]
Seat 1: 19woody58 (button) (small blind) mucked
Seat 4: Actionni13 (big blind) showed [9c Js] and won ($17.64) with a pair of Kings


PokerStars Hand #146214471907:  Hold'em Limit ($3/$6 USD) - 2015/12/31 3:06:20 ET
Table 'Theemin' 6-max Seat #1 is the button
Seat 1: 19woody58 ($187.98 in chips)
Seat 4: Actionni13 ($167.14 in chips)
19woody58: posts small blind $1
Actionni13: posts big blind $3
*** HOLE CARDS ***
19woody58: raises $3 to $6
Actionni13: raises $3 to $9
19woody58: calls $3
*** FLOP *** [9h Jh 8h]
Actionni13: bets $3
19woody58: calls $3
*** TURN *** [9h Jh 8h] [5c]
Actionni13: bets $6
19woody58: folds
Uncalled bet ($6) returned to Actionni13
Actionni13 collected $23.52 from pot
Actionni13: doesn't show hand
*** SUMMARY ***
Total pot $24 | Rake $0.48
Board [9h Jh 8h 5c]
Seat 1: 19woody58 (button) (small blind) folded on the Turn
Seat 4: Actionni13 (big blind) collected ($23.52)


PokerStars Hand #146214469082:  Hold'em Limit ($3/$6 USD) - 2015/12/31 3:06:12 ET
Table 'Theemin' 6-max Seat #4 is the button
Seat 1: 19woody58 ($190.98 in chips)
Seat 4: Actionni13 ($164.14 in chips)
Actionni13: posts small blind $1
19woody58: posts big blind $3
*** HOLE CARDS ***
Actionni13: raises $3 to $6
19woody58: folds
Uncalled bet ($3) returned to Actionni13
Actionni13 collected $6 from pot
Actionni13: doesn't show hand
*** SUMMARY ***
Total pot $6 | Rake $0
Seat 1: 19woody58 (big blind) folded before Flop
Seat 4: Actionni13 (button) (small blind) collected ($6)


PokerStars Hand #146214467020:  Hold'em Limit ($3/$6 USD) - 2015/12/31 3:06:06 ET
Table 'Theemin' 6-max Seat #1 is the button
Seat 1: 19woody58 ($191.98 in chips)
Seat 4: Actionni13 ($163.14 in chips)
19woody58: posts small blind $1
Actionni13: posts big blind $3
*** HOLE CARDS ***
19woody58: folds
Uncalled bet ($2) returned to Actionni13
Actionni13 collected $2 from pot
Actionni13: doesn't show hand
*** SUMMARY ***
Total pot $2 | Rake $0
Seat 1: 19woody58 (button) (small blind) folded before Flop
Seat 4: Actionni13 (big blind) collected ($2)


PokerStars Hand #146214464505:  Hold'em Limit ($3/$6 USD) - 2015/12/31 3:05:59 ET
Table 'Theemin' 6-max Seat #4 is the button
Seat 1: 19woody58 ($194.98 in chips)
Seat 4: Actionni13 ($160.14 in chips)
Actionni13: posts small blind $1
19woody58: posts big blind $3
*** HOLE CARDS ***
Actionni13: raises $3 to $6
19woody58: folds
Uncalled bet ($3) returned to Actionni13
Actionni13 collected $6 from pot
Actionni13: doesn't show hand
*** SUMMARY ***
Total pot $6 | Rake $0
Seat 1: 19woody58 (big blind) folded before Flop
Seat 4: Actionni13 (button) (small blind) collected ($6)


PokerStars Hand #146214499362:  Hold'em Limit ($3/$6 USD) - 2015/12/31 3:07:40 ET
Table 'Theemin' 6-max Seat #1 is the button
Seat 1: 19woody58 ($178.62 in chips)
Seat 4: Actionni13 ($175.54 in chips)
19woody58: posts small blind $1
Actionni13: posts big blind $3
*** HOLE CARDS ***
19woody58: calls $2
Actionni13: checks
*** FLOP *** [9s 5d Td]
Actionni13: bets $3
19woody58: folds
Uncalled bet ($3) returned to Actionni13
Actionni13 collected $5.88 from pot
Actionni13: doesn't show hand
*** SUMMARY ***
Total pot $6 | Rake $0.12
Board [9s 5d Td]
Seat 1: 19woody58 (button) (small blind) folded on the Flop
Seat 4: Actionni13 (big blind) collected ($5.88)


PokerStars Hand #146214497120:  Hold'em Limit ($3/$6 USD) - 2015/12/31 3:07:34 ET
Table 'Theemin' 6-max Seat #4 is the button
Seat 1: 19woody58 ($181.62 in chips)
Seat 4: Actionni13 ($172.54 in chips)
Actionni13: posts small blind $1
19woody58: posts big blind $3
*** HOLE CARDS ***
Actionni13: raises $3 to $6
19woody58: folds
Uncalled bet ($3) returned to Actionni13
Actionni13 collected $6 from pot
Actionni13: doesn't show hand
*** SUMMARY ***
Total pot $6 | Rake $0
Seat 1: 19woody58 (big blind) folded before Flop
Seat 4: Actionni13 (button) (small blind) collected ($6)


PokerStars Hand #146214492136:  Hold'em Limit ($3/$6 USD) - 2015/12/31 3:07:19 ET
Table 'Theemin' 6-max Seat #1 is the button
Seat 1: 19woody58 ($184.62 in chips)
Seat 4: Actionni13 ($169.66 in chips)
19woody58: posts small blind $1
Actionni13: posts big blind $3
*** HOLE CARDS ***
19woody58: calls $2
Actionni13: checks
*** FLOP *** [Ad 8s Ac]
Actionni13: bets $3
19woody58: folds
Uncalled bet ($3) returned to Actionni13
Actionni13 collected $5.88 from pot
Actionni13: doesn't show hand
*** SUMMARY ***
Total pot $6 | Rake $0.12
Board [Ad 8s Ac]
Seat 1: 19woody58 (button) (small blind) folded on the Flop
Seat 4: Actionni13 (big blind) collected ($5.88)


PokerStars Hand #146214489852:  Hold'em Limit ($3/$6 USD) - 2015/12/31 3:07:12 ET
Table 'Theemin' 6-max Seat #4 is the button
Seat 1: 19woody58 ($187.62 in chips)
Seat 4: Actionni13 ($166.66 in chips)
Actionni13: posts small blind $1
19woody58: posts big blind $3
*** HOLE CARDS ***
Actionni13: raises $3 to $6
19woody58: folds
Uncalled bet ($3) returned to Actionni13
Actionni13 collected $6 from pot
Actionni13: doesn't show hand
*** SUMMARY ***
Total pot $6 | Rake $0
Seat 1: 19woody58 (big blind) folded before Flop
Seat 4: Actionni13 (button) (small blind) collected ($6)


PokerStars Hand #146214487284:  Hold'em Limit ($3/$6 USD) - 2015/12/31 3:07:05 ET
Table 'Theemin' 6-max Seat #1 is the button
Seat 1: 19woody58 ($184.62 in chips)
Seat 4: Actionni13 ($169.66 in chips)
19woody58: posts small blind $1
Actionni13: posts big blind $3
*** HOLE CARDS ***
19woody58: raises $3 to $6
Actionni13: folds
Uncalled bet ($3) returned to 19woody58
19woody58 collected $6 from pot
*** SUMMARY ***
Total pot $6 | Rake $0
Seat 1: 19woody58 (button) (small blind) collected ($6)
Seat 4: Actionni13 (big blind) folded before Flop


PokerStars Hand #146214478897:  Hold'em Limit ($3/$6 USD) - 2015/12/31 3:06:41 ET
Table 'Theemin' 6-max Seat #4 is the button
Seat 1: 19woody58 ($175.98 in chips)
Seat 4: Actionni13 ($178.66 in chips)
Actionni13: posts small blind $1
19woody58: posts big blind $3
*** HOLE CARDS ***
Actionni13: raises $3 to $6
19woody58: calls $3
*** FLOP *** [Qc Th Kc]
19woody58: checks
Actionni13: bets $3
19woody58: calls $3
*** TURN *** [Qc Th Kc] [Ah]
19woody58: checks
Actionni13: checks
*** RIVER *** [Qc Th Kc Ah] [9d]
19woody58: checks
Actionni13: checks
*** SHOW DOWN ***
19woody58: shows [Qd 4h] (a pair of Queens)
Actionni13: mucks hand
19woody58 collected $17.64 from pot
*** SUMMARY ***
Total pot $18 | Rake $0.36
Board [Qc Th Kc Ah 9d]
Seat 1: 19woody58 (big blind) showed [Qd 4h] and won ($17.64) with a pair of Queens
Seat 4: Actionni13 (button) (small blind) mucked


PokerStars Hand #146214516421:  Hold'em Limit ($3/$6 USD) - 2015/12/31 3:08:29 ET
Table 'Theemin' 6-max Seat #1 is the button
Seat 1: 19woody58 ($172.62 in chips)
Seat 4: Actionni13 ($181.42 in chips)
19woody58: posts small blind $1
Actionni13: posts big blind $3
*** HOLE CARDS ***
19woody58: folds
Uncalled bet ($2) returned to Actionni13
Actionni13 collected $2 from pot
Actionni13: doesn't show hand
*** SUMMARY ***
Total pot $2 | Rake $0
Seat 1: 19woody58 (button) (small blind) folded before Flop
Seat 4: Actionni13 (big blind) collected ($2)


PokerStars Hand #146214505030:  Hold'em Limit ($3/$6 USD) - 2015/12/31 3:07:56 ET
Table 'Theemin' 6-max Seat #4 is the button
Seat 1: 19woody58 ($175.62 in chips)
Seat 4: Actionni13 ($178.42 in chips)
Actionni13: posts small blind $1
19woody58: posts big blind $3
*** HOLE CARDS ***
Actionni13: raises $3 to $6
19woody58: folds
Uncalled bet ($3) returned to Actionni13
Actionni13 collected $6 from pot
Actionni13: doesn't show hand
*** SUMMARY ***
Total pot $6 | Rake $0
Seat 1: 19woody58 (big blind) folded before Flop
Seat 4: Actionni13 (button) (small blind) collected ($6)


PokerStars Hand #146214529608:  Hold'em Limit ($3/$6 USD) - 2015/12/31 3:09:06 ET
Table 'Theemin' 6-max Seat #4 is the button
Seat 1: 19woody58 ($191.12 in chips)
Seat 4: Actionni13 ($162.42 in chips)
Actionni13: posts small blind $1
19woody58: posts big blind $3
*** HOLE CARDS ***
Actionni13: folds
Uncalled bet ($2) returned to 19woody58
19woody58 collected $2 from pot
*** SUMMARY ***
Total pot $2 | Rake $0
Seat 1: 19woody58 (big blind) collected ($2)
Seat 4: Actionni13 (button) (small blind) folded before Flop


PokerStars Hand #146214527703:  Hold'em Limit ($3/$6 USD) - 2015/12/31 3:09:01 ET
Table 'Theemin' 6-max Seat #1 is the button
Seat 1: 19woody58 ($192.12 in chips)
Seat 4: Actionni13 ($161.42 in chips)
19woody58: posts small blind $1
Actionni13: posts big blind $3
*** HOLE CARDS ***
19woody58: folds
Uncalled bet ($2) returned to Actionni13
Actionni13 collected $2 from pot
Actionni13: doesn't show hand
*** SUMMARY ***
Total pot $2 | Rake $0
Seat 1: 19woody58 (button) (small blind) folded before Flop
Seat 4: Actionni13 (big blind) collected ($2)


PokerStars Hand #146214518255:  Hold'em Limit ($3/$6 USD) - 2015/12/31 3:08:34 ET
Table 'Theemin' 6-max Seat #4 is the button
Seat 1: 19woody58 ($171.62 in chips)
Seat 4: Actionni13 ($182.42 in chips)
Actionni13: posts small blind $1
19woody58: posts big blind $3
*** HOLE CARDS ***
Actionni13: raises $3 to $6
19woody58: calls $3
*** FLOP *** [6h Ts Qs]
19woody58: checks
Actionni13: bets $3
19woody58: calls $3
*** TURN *** [6h Ts Qs] [9d]
19woody58: checks
Actionni13: bets $6
19woody58: calls $6
*** RIVER *** [6h Ts Qs 9d] [2s]
19woody58: checks
Actionni13: bets $6
19woody58: calls $6
*** SHOW DOWN ***
Actionni13: shows [Qc 3s] (a pair of Queens)
19woody58: shows [Qd 2d] (two pair, Queens and Deuces)
19woody58 collected $41.50 from pot
*** SUMMARY ***
Total pot $42 | Rake $0.50
Board [6h Ts Qs 9d 2s]
Seat 1: 19woody58 (big blind) showed [Qd 2d] and won ($41.50) with two pair, Queens and Deuces
Seat 4: Actionni13 (button) (small blind) showed [Qc 3s] and lost with a pair of Queens


PokerStars Hand #146214531301:  Hold'em Limit ($3/$6 USD) - 2015/12/31 3:09:11 ET
Table 'Theemin' 6-max Seat #1 is the button
Seat 1: 19woody58 ($192.12 in chips)
Seat 4: Actionni13 ($161.42 in chips)
19woody58: posts small blind $1
Actionni13: posts big blind $3
*** HOLE CARDS ***
19woody58: raises $3 to $6
Actionni13: folds
Uncalled bet ($3) returned to 19woody58
19woody58 collected $6 from pot
*** SUMMARY ***
Total pot $6 | Rake $0
Seat 1: 19woody58 (button) (small blind) collected ($6)
Seat 4: Actionni13 (big blind) folded before Flop


PokerStars Hand #146214536381:  Hold'em Limit ($3/$6 USD) - 2015/12/31 3:09:25 ET
Table 'Theemin' 6-max Seat #4 is the button
Seat 1: 19woody58 ($195.12 in chips)
Seat 4: Actionni13 ($158.42 in chips)
Actionni13: posts small blind $1
19woody58: posts big blind $3
*** HOLE CARDS ***
Actionni13: raises $3 to $6
19woody58: calls $3
*** FLOP *** [5s 4d 5c]
19woody58: checks
Actionni13: bets $3
19woody58: calls $3
*** TURN *** [5s 4d 5c] [4h]
19woody58: checks
Actionni13: checks
*** RIVER *** [5s 4d 5c 4h] [Th]
19woody58: checks
Actionni13: checks
*** SHOW DOWN ***
19woody58: shows [Ks 8h] (two pair, Fives and Fours)
Actionni13: mucks hand
19woody58 collected $17.64 from pot
*** SUMMARY ***
Total pot $18 | Rake $0.36
Board [5s 4d 5c 4h Th]
Seat 1: 19woody58 (big blind) showed [Ks 8h] and won ($17.64) with two pair, Fives and Fours
Seat 4: Actionni13 (button) (small blind) mucked


PokerStars Hand #146214549706:  Hold'em Limit ($3/$6 USD) - 2015/12/31 3:10:04 ET
Table 'Theemin' 6-max Seat #1 is the button
Seat 1: 19woody58 ($203.76 in chips)
Seat 4: Actionni13 ($150 in chips)
19woody58: posts small blind $1
Actionni13: posts big blind $3
*** HOLE CARDS ***
19woody58: calls $2
Actionni13: checks
*** FLOP *** [Qd Qc As]
Actionni13: bets $3
19woody58: folds
Uncalled bet ($3) returned to Actionni13
Actionni13 collected $5.88 from pot
Actionni13: doesn't show hand
*** SUMMARY ***
Total pot $6 | Rake $0.12
Board [Qd Qc As]
Seat 1: 19woody58 (button) (small blind) folded on the Flop
Seat 4: Actionni13 (big blind) collected ($5.88)


PokerStars Hand #146214563079:  Hold'em Limit ($3/$6 USD) - 2015/12/31 3:10:42 ET
Table 'Theemin' 6-max Seat #1 is the button
Seat 1: 19woody58 ($209.40 in chips)
Seat 4: Actionni13 ($150 in chips)
19woody58: posts small blind $1
Actionni13: posts big blind $3
*** HOLE CARDS ***
19woody58: folds
Uncalled bet ($2) returned to Actionni13
Actionni13 collected $2 from pot
Actionni13: doesn't show hand
*** SUMMARY ***
Total pot $2 | Rake $0
Seat 1: 19woody58 (button) (small blind) folded before Flop
Seat 4: Actionni13 (big blind) collected ($2)


PokerStars Hand #146214553771:  Hold'em Limit ($3/$6 USD) - 2015/12/31 3:10:15 ET
Table 'Theemin' 6-max Seat #4 is the button
Seat 1: 19woody58 ($200.76 in chips)
Seat 4: Actionni13 ($152.88 in chips)
Actionni13: posts small blind $1
19woody58: posts big blind $3
*** HOLE CARDS ***
Actionni13: raises $3 to $6
19woody58: calls $3
*** FLOP *** [Js 9h Jh]
19woody58: checks
Actionni13: bets $3
19woody58: calls $3
*** TURN *** [Js 9h Jh] [6d]
19woody58: checks
Actionni13: checks
*** RIVER *** [Js 9h Jh 6d] [Ad]
19woody58: checks
Actionni13: checks
*** SHOW DOWN ***
19woody58: shows [8d Jd] (three of a kind, Jacks)
Actionni13: mucks hand
19woody58 collected $17.64 from pot
*** SUMMARY ***
Total pot $18 | Rake $0.36
Board [Js 9h Jh 6d Ad]
Seat 1: 19woody58 (big blind) showed [8d Jd] and won ($17.64) with three of a kind, Jacks
Seat 4: Actionni13 (button) (small blind) mucked


PokerStars Hand #146214564899:  Hold'em Limit ($3/$6 USD) - 2015/12/31 3:10:47 ET
Table 'Theemin' 6-max Seat #4 is the button
Seat 1: 19woody58 ($208.40 in chips)
Seat 4: Actionni13 ($151 in chips)
Actionni13: posts small blind $1
19woody58: posts big blind $3
*** HOLE CARDS ***
Actionni13: raises $3 to $6
19woody58: folds
Uncalled bet ($3) returned to Actionni13
Actionni13 collected $6 from pot
Actionni13: doesn't show hand
*** SUMMARY ***
Total pot $6 | Rake $0
Seat 1: 19woody58 (big blind) folded before Flop
Seat 4: Actionni13 (button) (small blind) collected ($6)


PokerStars Hand #146214567896:  Hold'em Limit ($3/$6 USD) - 2015/12/31 3:10:56 ET
Table 'Theemin' 6-max Seat #1 is the button
Seat 1: 19woody58 ($205.40 in chips)
Seat 4: Actionni13 ($154 in chips)
19woody58: posts small blind $1
Actionni13: posts big blind $3
*** HOLE CARDS ***
19woody58: raises $3 to $6
Actionni13: folds
Uncalled bet ($3) returned to 19woody58
19woody58 collected $6 from pot
*** SUMMARY ***
Total pot $6 | Rake $0
Seat 1: 19woody58 (button) (small blind) collected ($6)
Seat 4: Actionni13 (big blind) folded before Flop


PokerStars Hand #146214571337:  Hold'em Limit ($3/$6 USD) - 2015/12/31 3:11:05 ET
Table 'Theemin' 6-max Seat #4 is the button
Seat 1: 19woody58 ($208.40 in chips)
Seat 4: Actionni13 ($151 in chips)
Actionni13: posts small blind $1
19woody58: posts big blind $3
*** HOLE CARDS ***
Actionni13: raises $3 to $6
19woody58: calls $3
*** FLOP *** [Jc 4c 4h]
19woody58: checks
Actionni13: bets $3
19woody58: calls $3
*** TURN *** [Jc 4c 4h] [Ac]
19woody58: checks
Actionni13: checks
*** RIVER *** [Jc 4c 4h Ac] [7d]
19woody58: bets $6
Actionni13: folds
Uncalled bet ($6) returned to 19woody58
19woody58 collected $17.64 from pot
*** SUMMARY ***
Total pot $18 | Rake $0.36
Board [Jc 4c 4h Ac 7d]
Seat 1: 19woody58 (big blind) collected ($17.64)
Seat 4: Actionni13 (button) (small blind) folded on the River


PokerStars Hand #146214579844:  Hold'em Limit ($3/$6 USD) - 2015/12/31 3:11:30 ET
Table 'Theemin' 6-max Seat #1 is the button
Seat 1: 19woody58 ($217.04 in chips)
Seat 4: Actionni13 ($150 in chips)
19woody58: posts small blind $1
Actionni13: posts big blind $3
*** HOLE CARDS ***
19woody58: calls $2
Actionni13: checks
*** FLOP *** [3c As 6d]
Actionni13: bets $3
19woody58: folds
Uncalled bet ($3) returned to Actionni13
Actionni13 collected $5.88 from pot
Actionni13: doesn't show hand
*** SUMMARY ***
Total pot $6 | Rake $0.12
Board [3c As 6d]
Seat 1: 19woody58 (button) (small blind) folded on the Flop
Seat 4: Actionni13 (big blind) collected ($5.88)


PokerStars Hand #146214584418:  Hold'em Limit ($3/$6 USD) - 2015/12/31 3:11:43 ET
Table 'Theemin' 6-max Seat #4 is the button
Seat 1: 19woody58 ($214.04 in chips)
Seat 4: Actionni13 ($152.88 in chips)
Actionni13: posts small blind $1
19woody58: posts big blind $3
*** HOLE CARDS ***
Actionni13: raises $3 to $6
19woody58: calls $3
*** FLOP *** [4c Qc 8h]
19woody58: checks
Actionni13: bets $3
19woody58: calls $3
*** TURN *** [4c Qc 8h] [Qd]
19woody58: checks
Actionni13: checks
*** RIVER *** [4c Qc 8h Qd] [3d]
19woody58: bets $6
Actionni13: calls $6
*** SHOW DOWN ***
19woody58: shows [4h 4s] (a full house, Fours full of Queens)
Actionni13: mucks hand
19woody58 collected $29.50 from pot
*** SUMMARY ***
Total pot $30 | Rake $0.50
Board [4c Qc 8h Qd 3d]
Seat 1: 19woody58 (big blind) showed [4h 4s] and won ($29.50) with a full house, Fours full of Queens
Seat 4: Actionni13 (button) (small blind) mucked


PokerStars Hand #146214601636:  Hold'em Limit ($3/$6 USD) - 2015/12/31 3:12:33 ET
Table 'Theemin' 6-max Seat #4 is the button
Seat 1: 19woody58 ($231.42 in chips)
Seat 4: Actionni13 ($150 in chips)
Actionni13: posts small blind $1
19woody58: posts big blind $3
*** HOLE CARDS ***
Actionni13: raises $3 to $6
19woody58: folds
Uncalled bet ($3) returned to Actionni13
Actionni13 collected $6 from pot
Actionni13: doesn't show hand
*** SUMMARY ***
Total pot $6 | Rake $0
Seat 1: 19woody58 (big blind) folded before Flop
Seat 4: Actionni13 (button) (small blind) collected ($6)


PokerStars Hand #146214593135:  Hold'em Limit ($3/$6 USD) - 2015/12/31 3:12:08 ET
Table 'Theemin' 6-max Seat #1 is the button
Seat 1: 19woody58 ($228.54 in chips)
Seat 4: Actionni13 ($150 in chips)
19woody58: posts small blind $1
Actionni13: posts big blind $3
*** HOLE CARDS ***
19woody58: calls $2
Actionni13: checks
*** FLOP *** [As Ac Ah]
Actionni13: checks
19woody58: checks
*** TURN *** [As Ac Ah] [Ts]
Actionni13: checks
19woody58: checks
*** RIVER *** [As Ac Ah Ts] [7s]
Actionni13: checks
19woody58: bets $6
Actionni13: folds
Uncalled bet ($6) returned to 19woody58
19woody58 collected $5.88 from pot
*** SUMMARY ***
Total pot $6 | Rake $0.12
Board [As Ac Ah Ts 7s]
Seat 1: 19woody58 (button) (small blind) collected ($5.88)
Seat 4: Actionni13 (big blind) folded on the River


PokerStars Hand #146214604085:  Hold'em Limit ($3/$6 USD) - 2015/12/31 3:12:39 ET
Table 'Theemin' 6-max Seat #1 is the button
Seat 1: 19woody58 ($228.42 in chips)
Seat 4: Actionni13 ($153 in chips)
19woody58: posts small blind $1
Actionni13: posts big blind $3
*** HOLE CARDS ***
hades1225 joins the table at seat #3
19woody58: folds
Uncalled bet ($2) returned to Actionni13
Actionni13 collected $2 from pot
Actionni13: doesn't show hand
*** SUMMARY ***
Total pot $2 | Rake $0
Seat 1: 19woody58 (button) (small blind) folded before Flop
Seat 4: Actionni13 (big blind) collected ($2)


PokerStars Hand #146214606217:  Hold'em Limit ($3/$6 USD) - 2015/12/31 3:12:46 ET
Table 'Theemin' 6-max Seat #4 is the button
Seat 1: 19woody58 ($227.42 in chips)
Seat 4: Actionni13 ($154 in chips)
Actionni13: posts small blind $1
19woody58: posts big blind $3
*** HOLE CARDS ***
Actionni13: folds
Uncalled bet ($2) returned to 19woody58
19woody58 collected $2 from pot
*** SUMMARY ***
Total pot $2 | Rake $0
Seat 1: 19woody58 (big blind) collected ($2)
Seat 4: Actionni13 (button) (small blind) folded before Flop


PokerStars Hand #146215131998:  Hold'em Limit ($3/$6 USD) - 2015/12/31 3:36:58 ET
Table 'Theemin' 6-max Seat #1 is the button
Seat 1: 19woody58 ($177.17 in chips)
Seat 4: Actionni13 ($165.87 in chips)
19woody58: posts small blind $1
Actionni13: posts big blind $3
*** HOLE CARDS ***
19woody58: raises $3 to $6
Actionni13: calls $3
*** FLOP *** [5d Qc Tc]
Actionni13: checks
19woody58: bets $3
Actionni13: folds
Uncalled bet ($3) returned to 19woody58
19woody58 collected $11.76 from pot
*** SUMMARY ***
Total pot $12 | Rake $0.24
Board [5d Qc Tc]
Seat 1: 19woody58 (button) (small blind) collected ($11.76)
Seat 4: Actionni13 (big blind) folded on the Flop


PokerStars Hand #146215112226:  Hold'em Limit ($3/$6 USD) - 2015/12/31 3:36:05 ET
Table 'Theemin' 6-max Seat #4 is the button
Seat 1: 19woody58 ($171.41 in chips)
Seat 4: Actionni13 ($171.87 in chips)
Actionni13: posts small blind $1
19woody58: posts big blind $3
*** HOLE CARDS ***
zizonmusang leaves the table
Actionni13: raises $3 to $6
19woody58: calls $3
*** FLOP *** [2h Tc 7c]
19woody58: checks
lordlebedev is disconnected
Actionni13: checks
*** TURN *** [2h Tc 7c] [Td]
19woody58: checks
Actionni13: checks
*** RIVER *** [2h Tc 7c Td] [6c]
19woody58: checks
Actionni13: checks
*** SHOW DOWN ***
19woody58: shows [7h Th] (a full house, Tens full of Sevens)
Actionni13: mucks hand
19woody58 collected $11.76 from pot
*** SUMMARY ***
Total pot $12 | Rake $0.24
Board [2h Tc 7c Td 6c]
Seat 1: 19woody58 (big blind) showed [7h Th] and won ($11.76) with a full house, Tens full of Sevens
Seat 4: Actionni13 (button) (small blind) mucked


PokerStars Hand #146215154636:  Hold'em Limit ($3/$6 USD) - 2015/12/31 3:37:58 ET
Table 'Theemin' 6-max Seat #1 is the button
Seat 1: 19woody58 ($179.93 in chips)
Seat 4: Actionni13 ($162.87 in chips)
19woody58: posts small blind $1
Actionni13: posts big blind $3
*** HOLE CARDS ***
19woody58: raises $3 to $6
Actionni13: calls $3
*** FLOP *** [2h Ac Ts]
Actionni13: checks
19woody58: bets $3
Actionni13: folds
Uncalled bet ($3) returned to 19woody58
19woody58 collected $11.76 from pot
*** SUMMARY ***
Total pot $12 | Rake $0.24
Board [2h Ac Ts]
Seat 1: 19woody58 (button) (small blind) collected ($11.76)
Seat 4: Actionni13 (big blind) folded on the Flop


PokerStars Hand #146215146288:  Hold'em Limit ($3/$6 USD) - 2015/12/31 3:37:36 ET
Table 'Theemin' 6-max Seat #4 is the button
Seat 1: 19woody58 ($182.93 in chips)
Seat 4: Actionni13 ($159.87 in chips)
Actionni13: posts small blind $1
19woody58: posts big blind $3
*** HOLE CARDS ***
Actionni13: raises $3 to $6
19woody58: folds
Uncalled bet ($3) returned to Actionni13
Actionni13 collected $6 from pot
Actionni13: doesn't show hand
*** SUMMARY ***
Total pot $6 | Rake $0
Seat 1: 19woody58 (big blind) folded before Flop
Seat 4: Actionni13 (button) (small blind) collected ($6)


PokerStars Hand #146215165161:  Hold'em Limit ($3/$6 USD) - 2015/12/31 3:38:27 ET
Table 'Theemin' 6-max Seat #4 is the button
Seat 1: 19woody58 ($185.69 in chips)
Seat 4: Actionni13 ($156.87 in chips)
Actionni13: posts small blind $1
19woody58: posts big blind $3
*** HOLE CARDS ***
Actionni13: raises $3 to $6
19woody58: calls $3
*** FLOP *** [As 4s 6d]
19woody58: checks
Actionni13: bets $3
19woody58: calls $3
*** TURN *** [As 4s 6d] [5c]
19woody58: checks
Actionni13: bets $6
19woody58: calls $6
*** RIVER *** [As 4s 6d 5c] [3h]
19woody58: checks
Actionni13: bets $6
19woody58: raises $6 to $12
Actionni13: folds
Uncalled bet ($6) returned to 19woody58
19woody58 collected $41.50 from pot
*** SUMMARY ***
Total pot $42 | Rake $0.50
Board [As 4s 6d 5c 3h]
Seat 1: 19woody58 (big blind) collected ($41.50)
Seat 4: Actionni13 (button) (small blind) folded on the River


PokerStars Hand #146215182407:  Hold'em Limit ($3/$6 USD) - 2015/12/31 3:39:13 ET
Table 'Theemin' 6-max Seat #1 is the button
Seat 1: 19woody58 ($206.19 in chips)
Seat 4: Actionni13 ($150 in chips)
19woody58: posts small blind $1
Actionni13: posts big blind $3
*** HOLE CARDS ***
19woody58: calls $2
Actionni13: checks
*** FLOP *** [4s Jh 4h]
Actionni13: checks
19woody58: bets $3
Actionni13: calls $3
*** TURN *** [4s Jh 4h] [4c]
Actionni13: checks
19woody58: bets $6
Actionni13: calls $6
*** RIVER *** [4s Jh 4h 4c] [3c]
Actionni13: checks
19woody58: bets $6
Actionni13: calls $6
*** SHOW DOWN ***
19woody58: shows [4d Qs] (four of a kind, Fours)
Actionni13: mucks hand
19woody58 collected $35.50 from pot
*** SUMMARY ***
Total pot $36 | Rake $0.50
Board [4s Jh 4h 4c 3c]
Seat 1: 19woody58 (button) (small blind) showed [4d Qs] and won ($35.50) with four of a kind, Fours
Seat 4: Actionni13 (big blind) mucked


PokerStars Hand #146215205579:  Hold'em Limit ($3/$6 USD) - 2015/12/31 3:40:15 ET
Table 'Theemin' 6-max Seat #4 is the button
Seat 1: 19woody58 ($223.69 in chips)
Seat 4: Actionni13 ($150 in chips)
Actionni13: posts small blind $1
lordlebedev was removed from the table for failing to post
19woody58: posts big blind $3
*** HOLE CARDS ***
bigwin28 joins the table at seat #2
Actionni13: raises $3 to $6
19woody58: folds
Uncalled bet ($3) returned to Actionni13
Actionni13 collected $6 from pot
Actionni13: doesn't show hand
*** SUMMARY ***
Total pot $6 | Rake $0
Seat 1: 19woody58 (big blind) folded before Flop
Seat 4: Actionni13 (button) (small blind) collected ($6)


PokerStars Hand #146215268025:  Hold'em Limit ($3/$6 USD) - 2015/12/31 3:43:03 ET
Table 'Theemin' 6-max Seat #4 is the button
Seat 1: 19woody58 ($203.69 in chips)
Seat 4: Actionni13 ($159.43 in chips)
Actionni13: posts small blind $1
19woody58: posts big blind $3
*** HOLE CARDS ***
Actionni13: raises $3 to $6
19woody58: calls $3
*** FLOP *** [3d 4c 6s]
19woody58: checks
Actionni13: bets $3
19woody58: calls $3
*** TURN *** [3d 4c 6s] [Ts]
19woody58: checks
Actionni13: bets $6
19woody58: calls $6
*** RIVER *** [3d 4c 6s Ts] [Ah]
19woody58: checks
Actionni13: bets $6
19woody58: calls $6
*** SHOW DOWN ***
Actionni13: shows [Kc Ad] (a pair of Aces)
19woody58: mucks hand
Actionni13 collected $41.50 from pot
*** SUMMARY ***
Total pot $42 | Rake $0.50
Board [3d 4c 6s Ts Ah]
Seat 1: 19woody58 (big blind) mucked
Seat 4: Actionni13 (button) (small blind) showed [Kc Ad] and won ($41.50) with a pair of Aces


PokerStars Hand #146215284880:  Hold'em Limit ($3/$6 USD) - 2015/12/31 3:43:48 ET
Table 'Theemin' 6-max Seat #1 is the button
Seat 1: 19woody58 ($182.69 in chips)
Seat 4: Actionni13 ($179.93 in chips)
19woody58: posts small blind $1
Actionni13: posts big blind $3
*** HOLE CARDS ***
19woody58: raises $3 to $6
Actionni13: raises $3 to $9
19woody58: calls $3
*** FLOP *** [8c As 2c]
Actionni13: bets $3
19woody58: folds
Uncalled bet ($3) returned to Actionni13
Actionni13 collected $17.64 from pot
Actionni13: doesn't show hand
*** SUMMARY ***
Total pot $18 | Rake $0.36
Board [8c As 2c]
Seat 1: 19woody58 (button) (small blind) folded on the Flop
Seat 4: Actionni13 (big blind) collected ($17.64)


PokerStars Hand #146215293872:  Hold'em Limit ($3/$6 USD) - 2015/12/31 3:44:12 ET
Table 'Theemin' 6-max Seat #4 is the button
Seat 1: 19woody58 ($173.69 in chips)
Seat 4: Actionni13 ($188.57 in chips)
Actionni13: posts small blind $1
19woody58: posts big blind $3
*** HOLE CARDS ***
Actionni13: raises $3 to $6
19woody58: calls $3
*** FLOP *** [4d 6s 7h]
19woody58: checks
Actionni13: checks
*** TURN *** [4d 6s 7h] [2h]
19woody58: checks
Actionni13: checks
*** RIVER *** [4d 6s 7h 2h] [Qs]
19woody58: bets $6
Actionni13: calls $6
*** SHOW DOWN ***
19woody58: shows [Qd 5h] (a pair of Queens)
Actionni13: shows [Kc Qh] (a pair of Queens - King kicker)
Actionni13 collected $23.52 from pot
*** SUMMARY ***
Total pot $24 | Rake $0.48
Board [4d 6s 7h 2h Qs]
Seat 1: 19woody58 (big blind) showed [Qd 5h] and lost with a pair of Queens
Seat 4: Actionni13 (button) (small blind) showed [Kc Qh] and won ($23.52) with a pair of Queens


PokerStars Hand #146215307494:  Hold'em Limit ($3/$6 USD) - 2015/12/31 3:44:48 ET
Table 'Theemin' 6-max Seat #4 is the button
Seat 1: 19woody58 ($160.69 in chips)
Seat 4: Actionni13 ($201.09 in chips)
Actionni13: posts small blind $1
19woody58: posts big blind $3
*** HOLE CARDS ***
Actionni13: folds
Uncalled bet ($2) returned to 19woody58
19woody58 collected $2 from pot
*** SUMMARY ***
Total pot $2 | Rake $0
Seat 1: 19woody58 (big blind) collected ($2)
Seat 4: Actionni13 (button) (small blind) folded before Flop


PokerStars Hand #146215305430:  Hold'em Limit ($3/$6 USD) - 2015/12/31 3:44:43 ET
Table 'Theemin' 6-max Seat #1 is the button
Seat 1: 19woody58 ($161.69 in chips)
Seat 4: Actionni13 ($200.09 in chips)
19woody58: posts small blind $1
Actionni13: posts big blind $3
*** HOLE CARDS ***
19woody58: folds
Uncalled bet ($2) returned to Actionni13
Actionni13 collected $2 from pot
Actionni13: doesn't show hand
*** SUMMARY ***
Total pot $2 | Rake $0
Seat 1: 19woody58 (button) (small blind) folded before Flop
Seat 4: Actionni13 (big blind) collected ($2)


PokerStars Hand #146215311459:  Hold'em Limit ($3/$6 USD) - 2015/12/31 3:44:59 ET
Table 'Theemin' 6-max Seat #4 is the button
Seat 1: 19woody58 ($160.69 in chips)
Seat 4: Actionni13 ($201.09 in chips)
Actionni13: posts small blind $1
19woody58: posts big blind $3
*** HOLE CARDS ***
Actionni13: raises $3 to $6
19woody58: calls $3
*** FLOP *** [9d Tc Qd]
19woody58: checks
Actionni13: bets $3
19woody58: calls $3
*** TURN *** [9d Tc Qd] [3h]
19woody58: checks
Actionni13: checks
*** RIVER *** [9d Tc Qd 3h] [8h]
19woody58: checks
Actionni13: bets $6
19woody58: calls $6
*** SHOW DOWN ***
Actionni13: shows [2d Js] (a straight, Eight to Queen)
19woody58: mucks hand
Actionni13 collected $29.50 from pot
*** SUMMARY ***
Total pot $30 | Rake $0.50
Board [9d Tc Qd 3h 8h]
Seat 1: 19woody58 (big blind) mucked
Seat 4: Actionni13 (button) (small blind) showed [2d Js] and won ($29.50) with a straight, Eight to Queen


PokerStars Hand #146215309377:  Hold'em Limit ($3/$6 USD) - 2015/12/31 3:44:53 ET
Table 'Theemin' 6-max Seat #1 is the button
Seat 1: 19woody58 ($161.69 in chips)
Seat 4: Actionni13 ($200.09 in chips)
19woody58: posts small blind $1
Actionni13: posts big blind $3
*** HOLE CARDS ***
19woody58: folds
Uncalled bet ($2) returned to Actionni13
Actionni13 collected $2 from pot
Actionni13: doesn't show hand
*** SUMMARY ***
Total pot $2 | Rake $0
Seat 1: 19woody58 (button) (small blind) folded before Flop
Seat 4: Actionni13 (big blind) collected ($2)


PokerStars Hand #146215327257:  Hold'em Limit ($3/$6 USD) - 2015/12/31 3:45:40 ET
Table 'Theemin' 6-max Seat #1 is the button
Seat 1: 19woody58 ($145.69 in chips)
Seat 4: Actionni13 ($215.59 in chips)
19woody58: posts small blind $1
Actionni13: posts big blind $3
*** HOLE CARDS ***
19woody58: raises $3 to $6
Actionni13: calls $3
*** FLOP *** [Qh Js 6d]
Actionni13: checks
19woody58: bets $3
Actionni13: calls $3
*** TURN *** [Qh Js 6d] [7s]
Actionni13: checks
19woody58: checks
*** RIVER *** [Qh Js 6d 7s] [Kc]
Actionni13: bets $6
19woody58: folds
Uncalled bet ($6) returned to Actionni13
Actionni13 collected $17.64 from pot
Actionni13: doesn't show hand
*** SUMMARY ***
Total pot $18 | Rake $0.36
Board [Qh Js 6d 7s Kc]
Seat 1: 19woody58 (button) (small blind) folded on the River
Seat 4: Actionni13 (big blind) collected ($17.64)


PokerStars Hand #146215350633:  Hold'em Limit ($3/$6 USD) - 2015/12/31 3:46:42 ET
Table 'Theemin' 6-max Seat #1 is the button
Seat 1: 19woody58 ($142.45 in chips)
Seat 4: Actionni13 ($218.23 in chips)
19woody58: posts small blind $1
Actionni13: posts big blind $3
*** HOLE CARDS ***
19woody58: folds
Uncalled bet ($2) returned to Actionni13
Actionni13 collected $2 from pot
Actionni13: doesn't show hand
*** SUMMARY ***
Total pot $2 | Rake $0
Seat 1: 19woody58 (button) (small blind) folded before Flop
Seat 4: Actionni13 (big blind) collected ($2)


PokerStars Hand #146215339019:  Hold'em Limit ($3/$6 USD) - 2015/12/31 3:46:11 ET
Table 'Theemin' 6-max Seat #4 is the button
Seat 1: 19woody58 ($136.69 in chips)
Seat 4: Actionni13 ($224.23 in chips)
Actionni13: posts small blind $1
19woody58: posts big blind $3
*** HOLE CARDS ***
Actionni13: raises $3 to $6
19woody58: calls $3
*** FLOP *** [5h 7d 3c]
19woody58: checks
Actionni13: checks
*** TURN *** [5h 7d 3c] [Js]
19woody58: bets $6
Actionni13: folds
Uncalled bet ($6) returned to 19woody58
19woody58 collected $11.76 from pot
*** SUMMARY ***
Total pot $12 | Rake $0.24
Board [5h 7d 3c Js]
Seat 1: 19woody58 (big blind) collected ($11.76)
Seat 4: Actionni13 (button) (small blind) folded on the Turn


PokerStars Hand #146215363267:  Hold'em Limit ($3/$6 USD) - 2015/12/31 3:47:04 ET
Table 'Theemin' 6-max Seat #4 is the button
Seat 1: 19woody58 ($137.45 in chips)
Seat 4: Actionni13 ($223.23 in chips)
Actionni13: posts small blind $1
19woody58: posts big blind $3
*** HOLE CARDS ***
Actionni13: raises $3 to $6
19woody58: calls $3
*** FLOP *** [Qs 7d 4s]
19woody58: checks
Actionni13: bets $3
19woody58: calls $3
*** TURN *** [Qs 7d 4s] [Qd]
19woody58: checks
Actionni13: checks
*** RIVER *** [Qs 7d 4s Qd] [Jh]
19woody58: bets $6
Actionni13: folds
Uncalled bet ($6) returned to 19woody58
19woody58 collected $17.64 from pot
*** SUMMARY ***
Total pot $18 | Rake $0.36
Board [Qs 7d 4s Qd Jh]
Seat 1: 19woody58 (big blind) collected ($17.64)
Seat 4: Actionni13 (button) (small blind) folded on the River


PokerStars Hand #146215378157:  Hold'em Limit ($3/$6 USD) - 2015/12/31 3:47:31 ET
Table 'Theemin' 6-max Seat #1 is the button
Seat 1: 19woody58 ($146.09 in chips)
Seat 4: Actionni13 ($214.23 in chips)
19woody58: posts small blind $1
Actionni13: posts big blind $3
*** HOLE CARDS ***
19woody58: raises $3 to $6
Actionni13: folds
Uncalled bet ($3) returned to 19woody58
19woody58 collected $6 from pot
*** SUMMARY ***
Total pot $6 | Rake $0
Seat 1: 19woody58 (button) (small blind) collected ($6)
Seat 4: Actionni13 (big blind) folded before Flop


PokerStars Hand #146215357028:  Hold'em Limit ($3/$6 USD) - 2015/12/31 3:46:58 ET
Table 'Theemin' 6-max Seat #1 is the button
Seat 1: 19woody58 ($138.45 in chips)
Seat 4: Actionni13 ($222.23 in chips)
19woody58: posts small blind $1
Actionni13: posts big blind $3
*** HOLE CARDS ***
19woody58: folds
Uncalled bet ($2) returned to Actionni13
Actionni13 collected $2 from pot
Actionni13: doesn't show hand
*** SUMMARY ***
Total pot $2 | Rake $0
Seat 1: 19woody58 (button) (small blind) folded before Flop
Seat 4: Actionni13 (big blind) collected ($2)


PokerStars Hand #146215352711:  Hold'em Limit ($3/$6 USD) - 2015/12/31 3:46:47 ET
Table 'Theemin' 6-max Seat #4 is the button
Seat 1: 19woody58 ($141.45 in chips)
Seat 4: Actionni13 ($219.23 in chips)
Actionni13: posts small blind $1
19woody58: posts big blind $3
*** HOLE CARDS ***
Actionni13: raises $3 to $6
19woody58: folds
Uncalled bet ($3) returned to Actionni13
Actionni13 collected $6 from pot
Actionni13: doesn't show hand
*** SUMMARY ***
Total pot $6 | Rake $0
Seat 1: 19woody58 (big blind) folded before Flop
Seat 4: Actionni13 (button) (small blind) collected ($6)


PokerStars Hand #146215382012:  Hold'em Limit ($3/$6 USD) - 2015/12/31 3:47:39 ET
Table 'Theemin' 6-max Seat #4 is the button
Seat 1: 19woody58 ($149.09 in chips)
Seat 4: Actionni13 ($211.23 in chips)
Actionni13: posts small blind $1
19woody58: posts big blind $3
*** HOLE CARDS ***
Actionni13: raises $3 to $6
19woody58: calls $3
*** FLOP *** [Ah 9s 6h]
19woody58: checks
Actionni13: bets $3
19woody58: calls $3
*** TURN *** [Ah 9s 6h] [2h]
19woody58: checks
Actionni13: bets $6
19woody58: calls $6
*** RIVER *** [Ah 9s 6h 2h] [Qd]
19woody58: checks
Actionni13: bets $6
19woody58: folds
Uncalled bet ($6) returned to Actionni13
Actionni13 collected $29.50 from pot
Actionni13: doesn't show hand
*** SUMMARY ***
Total pot $30 | Rake $0.50
Board [Ah 9s 6h 2h Qd]
Seat 1: 19woody58 (big blind) folded on the River
Seat 4: Actionni13 (button) (small blind) collected ($29.50)


PokerStars Hand #146215393936:  Hold'em Limit ($3/$6 USD) - 2015/12/31 3:48:09 ET
Table 'Theemin' 6-max Seat #1 is the button
Seat 1: 19woody58 ($134.09 in chips)
Seat 4: Actionni13 ($225.73 in chips)
19woody58: posts small blind $1
Actionni13: posts big blind $3
*** HOLE CARDS ***
nrooooooooib joins the table at seat #2
19woody58: raises $3 to $6
Actionni13: calls $3
*** FLOP *** [4s 2h 2c]
Actionni13: checks
19woody58: bets $3
Actionni13: calls $3
*** TURN *** [4s 2h 2c] [Js]
Actionni13: checks
19woody58: bets $6
Actionni13: folds
Uncalled bet ($6) returned to 19woody58
19woody58 collected $17.64 from pot
*** SUMMARY ***
Total pot $18 | Rake $0.36
Board [4s 2h 2c Js]
Seat 1: 19woody58 (button) (small blind) collected ($17.64)
Seat 4: Actionni13 (big blind) folded on the Turn


PokerStars Hand #146215409147:  Hold'em Limit ($3/$6 USD) - 2015/12/31 3:48:48 ET
Table 'Theemin' 6-max Seat #4 is the button
Seat 1: 19woody58 ($142.73 in chips)
Seat 4: Actionni13 ($216.73 in chips)
Actionni13: posts small blind $1
19woody58: posts big blind $3
*** HOLE CARDS ***
Actionni13: raises $3 to $6
19woody58: folds
Uncalled bet ($3) returned to Actionni13
Actionni13 collected $6 from pot
Actionni13: doesn't show hand
*** SUMMARY ***
Total pot $6 | Rake $0
Seat 1: 19woody58 (big blind) folded before Flop
Seat 4: Actionni13 (button) (small blind) collected ($6)


PokerStars Hand #146215476273:  Hold'em Limit ($3/$6 USD) - 2015/12/31 3:51:43 ET
Table 'Theemin' 6-max Seat #4 is the button
Seat 1: 19woody58 ($129.73 in chips)
Seat 4: Actionni13 ($234.74 in chips)
Actionni13: posts small blind $1
19woody58: posts big blind $3
*** HOLE CARDS ***
Actionni13: raises $3 to $6
19woody58: folds
Uncalled bet ($3) returned to Actionni13
Actionni13 collected $6 from pot
Actionni13: doesn't show hand
*** SUMMARY ***
Total pot $6 | Rake $0
Seat 1: 19woody58 (big blind) folded before Flop
Seat 4: Actionni13 (button) (small blind) collected ($6)


PokerStars Hand #146215469940:  Hold'em Limit ($3/$6 USD) - 2015/12/31 3:51:26 ET
Table 'Theemin' 6-max Seat #1 is the button
Seat 1: 19woody58 ($126.73 in chips)
Seat 4: Actionni13 ($237.74 in chips)
19woody58: posts small blind $1
nrooooooooib: is sitting out
Actionni13: posts big blind $3
*** HOLE CARDS ***
nrooooooooib leaves the table
19woody58: raises $3 to $6
Actionni13: folds
Uncalled bet ($3) returned to 19woody58
19woody58 collected $6 from pot
*** SUMMARY ***
Total pot $6 | Rake $0
Seat 1: 19woody58 (button) (small blind) collected ($6)
Seat 4: Actionni13 (big blind) folded before Flop


PokerStars Hand #146215481028:  Hold'em Limit ($3/$6 USD) - 2015/12/31 3:51:55 ET
Table 'Theemin' 6-max Seat #1 is the button
Seat 1: 19woody58 ($126.73 in chips)
Seat 4: Actionni13 ($237.74 in chips)
19woody58: posts small blind $1
Actionni13: posts big blind $3
*** HOLE CARDS ***
19woody58: raises $3 to $6
Actionni13: calls $3
*** FLOP *** [7h As 7c]
Actionni13: checks
19woody58: bets $3
Actionni13: folds
Uncalled bet ($3) returned to 19woody58
19woody58 collected $11.76 from pot
*** SUMMARY ***
Total pot $12 | Rake $0.24
Board [7h As 7c]
Seat 1: 19woody58 (button) (small blind) collected ($11.76)
Seat 4: Actionni13 (big blind) folded on the Flop


PokerStars Hand #146215496615:  Hold'em Limit ($3/$6 USD) - 2015/12/31 3:52:35 ET
Table 'Theemin' 6-max Seat #4 is the button
Seat 1: 19woody58 ($132.49 in chips)
Seat 4: Actionni13 ($231.74 in chips)
Actionni13: posts small blind $1
19woody58: posts big blind $3
*** HOLE CARDS ***
Actionni13: folds
Uncalled bet ($2) returned to 19woody58
19woody58 collected $2 from pot
*** SUMMARY ***
Total pot $2 | Rake $0
Seat 1: 19woody58 (big blind) collected ($2)
Seat 4: Actionni13 (button) (small blind) folded before Flop


PokerStars Hand #146215498507:  Hold'em Limit ($3/$6 USD) - 2015/12/31 3:52:40 ET
Table 'Theemin' 6-max Seat #1 is the button
Seat 1: 19woody58 ($133.49 in chips)
Seat 4: Actionni13 ($230.74 in chips)
19woody58: posts small blind $1
Actionni13: posts big blind $3
*** HOLE CARDS ***
19woody58: calls $2
Actionni13: checks
*** FLOP *** [3c 5s Ts]
Actionni13: checks
19woody58: bets $3
Actionni13: calls $3
*** TURN *** [3c 5s Ts] [8h]
Actionni13: checks
19woody58: bets $6
Actionni13: folds
Uncalled bet ($6) returned to 19woody58
19woody58 collected $11.76 from pot
*** SUMMARY ***
Total pot $12 | Rake $0.24
Board [3c 5s Ts 8h]
Seat 1: 19woody58 (button) (small blind) collected ($11.76)
Seat 4: Actionni13 (big blind) folded on the Turn


PokerStars Hand #146215531271:  Hold'em Limit ($3/$6 USD) - 2015/12/31 3:54:06 ET
Table 'Theemin' 6-max Seat #4 is the button
Seat 1: 19woody58 ($132.25 in chips)
Seat 4: Actionni13 ($231.50 in chips)
Actionni13: posts small blind $1
19woody58: posts big blind $3
*** HOLE CARDS ***
Actionni13: raises $3 to $6
19woody58: calls $3
*** FLOP *** [Th Kh Qd]
19woody58: checks
Actionni13: bets $3
19woody58: calls $3
*** TURN *** [Th Kh Qd] [Qs]
19woody58: checks
Actionni13: bets $6
19woody58: calls $6
*** RIVER *** [Th Kh Qd Qs] [3d]
19woody58: bets $6
Actionni13: raises $6 to $12
19woody58: folds
Uncalled bet ($6) returned to Actionni13
Actionni13 collected $41.50 from pot
Actionni13: doesn't show hand
*** SUMMARY ***
Total pot $42 | Rake $0.50
Board [Th Kh Qd Qs 3d]
Seat 1: 19woody58 (big blind) folded on the River
Seat 4: Actionni13 (button) (small blind) collected ($41.50)


PokerStars Hand #146215547630:  Hold'em Limit ($3/$6 USD) - 2015/12/31 3:54:48 ET
Table 'Theemin' 6-max Seat #1 is the button
Seat 1: 19woody58 ($111.25 in chips)
Seat 4: Actionni13 ($252 in chips)
19woody58: posts small blind $1
Actionni13: posts big blind $3
*** HOLE CARDS ***
19woody58: folds
Uncalled bet ($2) returned to Actionni13
Actionni13 collected $2 from pot
Actionni13: doesn't show hand
*** SUMMARY ***
Total pot $2 | Rake $0
Seat 1: 19woody58 (button) (small blind) folded before Flop
Seat 4: Actionni13 (big blind) collected ($2)


PokerStars Hand #146215529215:  Hold'em Limit ($3/$6 USD) - 2015/12/31 3:54:01 ET
Table 'Theemin' 6-max Seat #1 is the button
Seat 1: 19woody58 ($133.25 in chips)
Seat 4: Actionni13 ($230.50 in chips)
19woody58: posts small blind $1
Actionni13: posts big blind $3
*** HOLE CARDS ***
19woody58: folds
Uncalled bet ($2) returned to Actionni13
Actionni13 collected $2 from pot
*** SUMMARY ***
Total pot $2 | Rake $0
Seat 1: 19woody58 (button) (small blind) folded before Flop
Seat 4: Actionni13 (big blind) collected ($2)


PokerStars Hand #146215520321:  Hold'em Limit ($3/$6 USD) - 2015/12/31 3:53:37 ET
Table 'Theemin' 6-max Seat #4 is the button
Seat 1: 19woody58 ($139.25 in chips)
Seat 4: Actionni13 ($224.74 in chips)
Actionni13: posts small blind $1
19woody58: posts big blind $3
*** HOLE CARDS ***
Actionni13: raises $3 to $6
19woody58: calls $3
*** FLOP *** [9h Ks 8d]
19woody58: checks
Actionni13: bets $3
19woody58: folds
Uncalled bet ($3) returned to Actionni13
Actionni13 collected $11.76 from pot
Actionni13: doesn't show hand
*** SUMMARY ***
Total pot $12 | Rake $0.24
Board [9h Ks 8d]
Seat 1: 19woody58 (big blind) folded on the Flop
Seat 4: Actionni13 (button) (small blind) collected ($11.76)


PokerStars Hand #146215565500:  Hold'em Limit ($3/$6 USD) - 2015/12/31 3:55:36 ET
Table 'Theemin' 6-max Seat #4 is the button
Seat 1: 19woody58 ($98.25 in chips)
Seat 4: Actionni13 ($264.50 in chips)
Actionni13: posts small blind $1
19woody58: posts big blind $3
*** HOLE CARDS ***
Actionni13: raises $3 to $6
19woody58: folds
Uncalled bet ($3) returned to Actionni13
Actionni13 collected $6 from pot
Actionni13: doesn't show hand
*** SUMMARY ***
Total pot $6 | Rake $0
Seat 1: 19woody58 (big blind) folded before Flop
Seat 4: Actionni13 (button) (small blind) collected ($6)


PokerStars Hand #146215561992:  Hold'em Limit ($3/$6 USD) - 2015/12/31 3:55:27 ET
Table 'Theemin' 6-max Seat #1 is the button
Seat 1: 19woody58 ($95.25 in chips)
Seat 4: Actionni13 ($267.50 in chips)
19woody58: posts small blind $1
Actionni13: posts big blind $3
*** HOLE CARDS ***
19woody58: raises $3 to $6
Actionni13: folds
Uncalled bet ($3) returned to 19woody58
19woody58 collected $6 from pot
*** SUMMARY ***
Total pot $6 | Rake $0
Seat 1: 19woody58 (button) (small blind) collected ($6)
Seat 4: Actionni13 (big blind) folded before Flop


PokerStars Hand #146215549652:  Hold'em Limit ($3/$6 USD) - 2015/12/31 3:54:53 ET
Table 'Theemin' 6-max Seat #4 is the button
Seat 1: 19woody58 ($110.25 in chips)
Seat 4: Actionni13 ($253 in chips)
Actionni13: posts small blind $1
19woody58: posts big blind $3
*** HOLE CARDS ***
Actionni13: raises $3 to $6
19woody58: calls $3
*** FLOP *** [Jd Kh 7h]
19woody58: checks
Actionni13: bets $3
19woody58: calls $3
*** TURN *** [Jd Kh 7h] [9d]
19woody58: checks
Actionni13: checks
*** RIVER *** [Jd Kh 7h 9d] [9h]
19woody58: bets $6
Actionni13: calls $6
*** SHOW DOWN ***
19woody58: shows [5h 5c] (two pair, Nines and Fives)
Actionni13: shows [7c Ts] (two pair, Nines and Sevens)
Actionni13 collected $29.50 from pot
*** SUMMARY ***
Total pot $30 | Rake $0.50
Board [Jd Kh 7h 9d 9h]
Seat 1: 19woody58 (big blind) showed [5h 5c] and lost with two pair, Nines and Fives
Seat 4: Actionni13 (button) (small blind) showed [7c Ts] and won ($29.50) with two pair, Nines and Sevens


PokerStars Hand #146215580171:  Hold'em Limit ($3/$6 USD) - 2015/12/31 3:56:18 ET
Table 'Theemin' 6-max Seat #1 is the button
Seat 1: 19woody58 ($95.01 in chips)
Seat 4: Actionni13 ($267.26 in chips)
19woody58: posts small blind $1
Actionni13: posts big blind $3
*** HOLE CARDS ***
19woody58: raises $3 to $6
Actionni13: calls $3
*** FLOP *** [7d 8s 5s]
Actionni13: checks
19woody58: bets $3
hades1225 joins the table at seat #3
Actionni13: raises $3 to $6
19woody58: calls $3
*** TURN *** [7d 8s 5s] [Td]
Actionni13: bets $6
19woody58: calls $6
*** RIVER *** [7d 8s 5s Td] [5h]
Actionni13: bets $6
19woody58: calls $6
*** SHOW DOWN ***
Actionni13: shows [7c 9c] (two pair, Sevens and Fives)
19woody58: shows [As 7s] (two pair, Sevens and Fives - Ace kicker)
19woody58 collected $47.50 from pot
*** SUMMARY ***
Total pot $48 | Rake $0.50
Board [7d 8s 5s Td 5h]
Seat 1: 19woody58 (button) (small blind) showed [As 7s] and won ($47.50) with two pair, Sevens and Fives
Seat 4: Actionni13 (big blind) showed [7c 9c] and lost with two pair, Sevens and Fives


PokerStars Hand #146215575177:  Hold'em Limit ($3/$6 USD) - 2015/12/31 3:56:04 ET
Table 'Theemin' 6-max Seat #4 is the button
Seat 1: 19woody58 ($101.01 in chips)
Seat 4: Actionni13 ($261.50 in chips)
Actionni13: posts small blind $1
19woody58: posts big blind $3
*** HOLE CARDS ***
Actionni13: raises $3 to $6
19woody58: calls $3
*** FLOP *** [6s As Jd]
19woody58: checks
Actionni13: bets $3
19woody58: folds
Uncalled bet ($3) returned to Actionni13
Actionni13 collected $11.76 from pot
*** SUMMARY ***
Total pot $12 | Rake $0.24
Board [6s As Jd]
Seat 1: 19woody58 (big blind) folded on the Flop
Seat 4: Actionni13 (button) (small blind) collected ($11.76)


PokerStars Hand #146215567451:  Hold'em Limit ($3/$6 USD) - 2015/12/31 3:55:42 ET
Table 'Theemin' 6-max Seat #1 is the button
Seat 1: 19woody58 ($95.25 in chips)
Seat 4: Actionni13 ($267.50 in chips)
19woody58: posts small blind $1
Actionni13: posts big blind $3
*** HOLE CARDS ***
19woody58: raises $3 to $6
Actionni13: calls $3
*** FLOP *** [4s 3h Ah]
Actionni13: checks
19woody58: bets $3
Actionni13: folds
Uncalled bet ($3) returned to 19woody58
19woody58 collected $11.76 from pot
*** SUMMARY ***
Total pot $12 | Rake $0.24
Board [4s 3h Ah]
Seat 1: 19woody58 (button) (small blind) collected ($11.76)
Seat 4: Actionni13 (big blind) folded on the Flop


PokerStars Hand #146215592914:  Hold'em Limit ($3/$6 USD) - 2015/12/31 3:56:53 ET
Table 'Theemin' 6-max Seat #4 is the button
Seat 1: 19woody58 ($118.51 in chips)
Seat 4: Actionni13 ($243.26 in chips)
Actionni13: posts small blind $1
19woody58: posts big blind $3
*** HOLE CARDS ***
Actionni13: raises $3 to $6
19woody58: calls $3
*** FLOP *** [Ts 2d 7s]
19woody58: checks
Actionni13: checks
*** TURN *** [Ts 2d 7s] [Ks]
19woody58: bets $6
Actionni13: calls $6
*** RIVER *** [Ts 2d 7s Ks] [2s]
19woody58: checks
Actionni13: bets $6
19woody58: calls $6
*** SHOW DOWN ***
Actionni13: shows [6s Qc] (a flush, King high)
19woody58: mucks hand
Actionni13 collected $35.50 from pot
*** SUMMARY ***
Total pot $36 | Rake $0.50
Board [Ts 2d 7s Ks 2s]
Seat 1: 19woody58 (big blind) mucked
Seat 4: Actionni13 (button) (small blind) showed [6s Qc] and won ($35.50) with a flush, King high


PokerStars Hand #146216394723:  Hold'em Limit ($3/$6 USD) - 2015/12/31 4:29:32 ET
Table 'Theemin' 6-max Seat #6 is the button
Seat 4: Actionni13 ($252.80 in chips)
Seat 6: lordlebedev ($56.38 in chips)
lordlebedev: posts small blind $1
Actionni13: posts big blind $3
*** HOLE CARDS ***
lordlebedev: calls $2
Actionni13: raises $3 to $6
lordlebedev: calls $3
*** FLOP *** [Kd 6s Ah]
Actionni13: bets $3
lordlebedev: folds
Uncalled bet ($3) returned to Actionni13
Actionni13 collected $11.76 from pot
Actionni13: doesn't show hand
*** SUMMARY ***
Total pot $12 | Rake $0.24
Board [Kd 6s Ah]
Seat 4: Actionni13 (big blind) collected ($11.76)
Seat 6: lordlebedev (button) (small blind) folded on the Flop


PokerStars Hand #146216400480:  Hold'em Limit ($3/$6 USD) - 2015/12/31 4:29:45 ET
Table 'Theemin' 6-max Seat #4 is the button
Seat 4: Actionni13 ($258.56 in chips)
Seat 6: lordlebedev ($50.38 in chips)
Actionni13: posts small blind $1
lordlebedev: posts big blind $3
*** HOLE CARDS ***
bigwin28 joins the table at seat #2
Actionni13: raises $3 to $6
lordlebedev: calls $3
*** FLOP *** [6s 2h 8s]
lordlebedev: bets $3
Actionni13: calls $3
*** TURN *** [6s 2h 8s] [3c]
lordlebedev: bets $6
Actionni13: calls $6
*** RIVER *** [6s 2h 8s 3c] [7s]
bigwin28 leaves the table
lordlebedev: bets $6
Actionni13: raises $6 to $12
lordlebedev: calls $6
*** SHOW DOWN ***
Actionni13: shows [Ks Qs] (a flush, King high)
lordlebedev: mucks hand
Actionni13 collected $53.50 from pot
*** SUMMARY ***
Total pot $54 | Rake $0.50
Board [6s 2h 8s 3c 7s]
Seat 4: Actionni13 (button) (small blind) showed [Ks Qs] and won ($53.50) with a flush, King high
Seat 6: lordlebedev (big blind) mucked


PokerStars Hand #146230519249:  Hold'em Limit ($3/$6 USD) - 2015/12/31 10:37:01 ET
Table 'Theemin' 6-max Seat #4 is the button
Seat 1: AAAbeta ($65.61 in chips)
Seat 4: Tichonov28 ($132.50 in chips)
Tichonov28: posts small blind $1
AAAbeta: posts big blind $3
*** HOLE CARDS ***
Tichonov28: raises $3 to $6
AAAbeta: calls $3
*** FLOP *** [Ts 2c 7s]
AAAbeta: checks
Tichonov28: bets $3
AAAbeta: folds
Uncalled bet ($3) returned to Tichonov28
Tichonov28 collected $11.76 from pot
Tichonov28: doesn't show hand
*** SUMMARY ***
Total pot $12 | Rake $0.24
Board [Ts 2c 7s]
Seat 1: AAAbeta (big blind) folded on the Flop
Seat 4: Tichonov28 (button) (small blind) collected ($11.76)


PokerStars Hand #146230466582:  Hold'em Limit ($3/$6 USD) - 2015/12/31 10:35:57 ET
Table 'Theemin' 6-max Seat #1 is the button
Seat 1: AAAbeta ($86.61 in chips)
Seat 4: Tichonov28 ($112 in chips)
AAAbeta: posts small blind $1
N2N182: is sitting out
Kajind: is sitting out
Tichonov28: posts big blind $3
*** HOLE CARDS ***
AAAbeta: calls $2
Tichonov28: raises $3 to $6
AAAbeta: calls $3
*** FLOP *** [8d 6h Ts]
Tichonov28: bets $3
N2N182 said, "Happy New Year!! U guys."
AAAbeta: calls $3
*** TURN *** [8d 6h Ts] [Jc]
Tichonov28: bets $6
AAAbeta: raises $6 to $12
N2N182 leaves the table
Kajind leaves the table
Tichonov28: calls $6
*** RIVER *** [8d 6h Ts Jc] [4s]
Tichonov28: checks
AAAbeta: checks
*** SHOW DOWN ***
Tichonov28: shows [6d 8h] (two pair, Eights and Sixes)
AAAbeta: mucks hand
Tichonov28 collected $41.50 from pot
*** SUMMARY ***
Total pot $42 | Rake $0.50
Board [8d 6h Ts Jc 4s]
Seat 1: AAAbeta (button) (small blind) mucked
Seat 4: Tichonov28 (big blind) showed [6d 8h] and won ($41.50) with two pair, Eights and Sixes


PokerStars Hand #146230537662:  Hold'em Limit ($3/$6 USD) - 2015/12/31 10:37:23 ET
Table 'Theemin' 6-max Seat #1 is the button
Seat 1: AAAbeta ($59.61 in chips)
Seat 4: Tichonov28 ($138.26 in chips)
AAAbeta: posts small blind $1
Tichonov28: posts big blind $3
*** HOLE CARDS ***
sasha_shade joins the table at seat #3
AAAbeta: raises $3 to $6
Tichonov28: calls $3
*** FLOP *** [4h Jh As]
Tichonov28: checks
AAAbeta: bets $3
Tichonov28: folds
Uncalled bet ($3) returned to AAAbeta
AAAbeta collected $11.76 from pot
*** SUMMARY ***
Total pot $12 | Rake $0.24
Board [4h Jh As]
Seat 1: AAAbeta (button) (small blind) collected ($11.76)
Seat 4: Tichonov28 (big blind) folded on the Flop


PokerStars Hand #146230548923:  Hold'em Limit ($3/$6 USD) - 2015/12/31 10:37:37 ET
Table 'Theemin' 6-max Seat #4 is the button
Seat 1: AAAbeta ($65.37 in chips)
Seat 4: Tichonov28 ($132.26 in chips)
Tichonov28: posts small blind $1
AAAbeta: posts big blind $3
*** HOLE CARDS ***
Tichonov28: raises $3 to $6
AAAbeta: folds
Uncalled bet ($3) returned to Tichonov28
Tichonov28 collected $6 from pot
Tichonov28: doesn't show hand
*** SUMMARY ***
Total pot $6 | Rake $0
Seat 1: AAAbeta (big blind) folded before Flop
Seat 4: Tichonov28 (button) (small blind) collected ($6)


PokerStars Hand #146236234496:  Hold'em Limit ($3/$6 USD) - 2015/12/31 12:36:43 ET
Table 'Theemin' 6-max Seat #5 is the button
Seat 5: BelSv ($78 in chips)
Seat 6: Nicksteven28 ($38.91 in chips)
BelSv: posts small blind $1
Nicksteven28: posts big blind $3
*** HOLE CARDS ***
artiZzt joins the table at seat #1
BelSv: folds
Uncalled bet ($2) returned to Nicksteven28
Nicksteven28 collected $2 from pot
Nicksteven28: doesn't show hand
*** SUMMARY ***
Total pot $2 | Rake $0
Seat 5: BelSv (button) (small blind) folded before Flop
Seat 6: Nicksteven28 (big blind) collected ($2)


PokerStars Hand #146236287793:  Hold'em Limit ($3/$6 USD) - 2015/12/31 12:37:53 ET
Table 'Theemin' 6-max Seat #1 is the button
Seat 1: artiZzt ($72 in chips)
Seat 6: Nicksteven28 ($39.01 in chips)
artiZzt: posts small blind $1
BelSv: is sitting out
Nicksteven28: posts big blind $3
*** HOLE CARDS ***
artiZzt: raises $3 to $6
BelSv leaves the table
Nicksteven28: calls $3
*** FLOP *** [7h 2c 8c]
Nicksteven28: checks
artiZzt: bets $3
Nicksteven28: raises $3 to $6
artiZzt: calls $3
*** TURN *** [7h 2c 8c] [Tc]
Nicksteven28: bets $6
artiZzt: calls $6
*** RIVER *** [7h 2c 8c Tc] [6s]
Nicksteven28: checks
artiZzt: bets $6
Nicksteven28: calls $6
*** SHOW DOWN ***
artiZzt: shows [9d 7c] (a straight, Six to Ten)
Nicksteven28: mucks hand
artiZzt collected $47.50 from pot
*** SUMMARY ***
Total pot $48 | Rake $0.50
Board [7h 2c 8c Tc 6s]
Seat 1: artiZzt (button) (small blind) showed [9d 7c] and won ($47.50) with a straight, Six to Ten
Seat 6: Nicksteven28 (big blind) mucked


PokerStars Hand #146236317564:  Hold'em Limit ($3/$6 USD) - 2015/12/31 12:38:32 ET
Table 'Theemin' 6-max Seat #6 is the button
Seat 1: artiZzt ($95.50 in chips)
Seat 6: Nicksteven28 ($15.01 in chips)
Nicksteven28: posts small blind $1
artiZzt: posts big blind $3
*** HOLE CARDS ***
Nicksteven28: raises $3 to $6
artiZzt: calls $3
*** FLOP *** [3d 5h Js]
artiZzt: checks
Nicksteven28: bets $3
artiZzt: calls $3
*** TURN *** [3d 5h Js] [7s]
artiZzt: checks
Nicksteven28: bets $6
artiZzt: folds
Uncalled bet ($6) returned to Nicksteven28
Nicksteven28 collected $17.64 from pot
Nicksteven28: doesn't show hand
*** SUMMARY ***
Total pot $18 | Rake $0.36
Board [3d 5h Js 7s]
Seat 1: artiZzt (big blind) folded on the Turn
Seat 6: Nicksteven28 (button) (small blind) collected ($17.64)


PokerStars Hand #146236335476:  Hold'em Limit ($3/$6 USD) - 2015/12/31 12:38:56 ET
Table 'Theemin' 6-max Seat #1 is the button
Seat 1: artiZzt ($86.50 in chips)
Seat 6: Nicksteven28 ($23.65 in chips)
artiZzt: posts small blind $1
Nicksteven28: posts big blind $3
*** HOLE CARDS ***
artiZzt: raises $3 to $6
Nicksteven28: calls $3
*** FLOP *** [Qc Ad Jh]
Nicksteven28: checks
artiZzt: bets $3
Nicksteven28: calls $3
*** TURN *** [Qc Ad Jh] [6c]
Nicksteven28: checks
artiZzt: bets $6
Nicksteven28: calls $6
*** RIVER *** [Qc Ad Jh 6c] [2s]
Nicksteven28: checks
artiZzt: bets $6
Nicksteven28: calls $6
*** SHOW DOWN ***
artiZzt: shows [Qh 5h] (a pair of Queens)
Nicksteven28: mucks hand
artiZzt collected $41.50 from pot
*** SUMMARY ***
Total pot $42 | Rake $0.50
Board [Qc Ad Jh 6c 2s]
Seat 1: artiZzt (button) (small blind) showed [Qh 5h] and won ($41.50) with a pair of Queens
Seat 6: Nicksteven28 (big blind) mucked


PokerStars Hand #146237212591:  Hold'em Limit ($3/$6 USD) - 2015/12/31 12:56:52 ET
Table 'Theemin' 6-max Seat #4 is the button
Seat 3: artiZzt ($72 in chips)
Seat 4: sasha_shade ($649.95 in chips)
sasha_shade: posts small blind $1
artiZzt: posts big blind $3
*** HOLE CARDS ***
BelSv joins the table at seat #5
sasha_shade: raises $3 to $6
artiZzt: calls $3
*** FLOP *** [4h 5h Jh]
artiZzt: checks
sasha_shade: checks
*** TURN *** [4h 5h Jh] [9h]
artiZzt: checks
sasha_shade: bets $6
artiZzt: calls $6
*** RIVER *** [4h 5h Jh 9h] [8c]
artiZzt: checks
sasha_shade: checks
*** SHOW DOWN ***
artiZzt: shows [9d 5s] (two pair, Nines and Fives)
sasha_shade: mucks hand
artiZzt collected $23.52 from pot
*** SUMMARY ***
Total pot $24 | Rake $0.48
Board [4h 5h Jh 9h 8c]
Seat 3: artiZzt (big blind) showed [9d 5s] and won ($23.52) with two pair, Nines and Fives
Seat 4: sasha_shade (button) (small blind) mucked


PokerStars Hand #146237188829:  Hold'em Limit ($3/$6 USD) - 2015/12/31 12:56:19 ET
Table 'Theemin' 6-max Seat #3 is the button
Seat 3: artiZzt ($72 in chips)
Seat 4: sasha_shade ($638.43 in chips)
artiZzt: posts small blind $1
sasha_shade: posts big blind $3
*** HOLE CARDS ***
artiZzt: raises $3 to $6
sasha_shade: calls $3
*** FLOP *** [Ad Th 5s]
sasha_shade: checks
artiZzt: bets $3
sasha_shade: raises $3 to $6
artiZzt: calls $3
*** TURN *** [Ad Th 5s] [Ts]
sasha_shade: bets $6
artiZzt: folds
Uncalled bet ($6) returned to sasha_shade
sasha_shade collected $23.52 from pot
sasha_shade: doesn't show hand
*** SUMMARY ***
Total pot $24 | Rake $0.48
Board [Ad Th 5s Ts]
Seat 3: artiZzt (button) (small blind) folded on the Turn
Seat 4: sasha_shade (big blind) collected ($23.52)


PokerStars Hand #146237226629:  Hold'em Limit ($3/$6 USD) - 2015/12/31 12:57:11 ET
Table 'Theemin' 6-max Seat #3 is the button
Seat 3: artiZzt ($83.52 in chips)
Seat 4: sasha_shade ($637.95 in chips)
artiZzt: posts small blind $1
sasha_shade: posts big blind $3
*** HOLE CARDS ***
artiZzt: raises $3 to $6
sasha_shade: raises $3 to $9
artiZzt: raises $3 to $12
Betting is capped
sasha_shade: calls $3
*** FLOP *** [6d 7s 8h]
sasha_shade: bets $3
artiZzt: raises $3 to $6
sasha_shade: raises $3 to $9
artiZzt: calls $3
*** TURN *** [6d 7s 8h] [4s]
sasha_shade: bets $6
artiZzt: raises $6 to $12
sasha_shade: calls $6
*** RIVER *** [6d 7s 8h 4s] [3h]
sasha_shade: checks
artiZzt: bets $6
sasha_shade: calls $6
*** SHOW DOWN ***
artiZzt: shows [Ad Ac] (a pair of Aces)
sasha_shade: mucks hand
artiZzt collected $77.50 from pot
*** SUMMARY ***
Total pot $78 | Rake $0.50
Board [6d 7s 8h 4s 3h]
Seat 3: artiZzt (button) (small blind) showed [Ad Ac] and won ($77.50) with a pair of Aces
Seat 4: sasha_shade (big blind) mucked


PokerStars Hand #146239023401:  Hold'em Limit ($3/$6 USD) - 2015/12/31 13:37:02 ET
Table 'Theemin' 6-max Seat #6 is the button
Seat 3: artiZzt ($343.56 in chips)
Seat 6: dwergbiesjes ($42.16 in chips)
dwergbiesjes: posts small blind $1
artiZzt: posts big blind $3
*** HOLE CARDS ***
dwergbiesjes: raises $3 to $6
artiZzt: folds
Uncalled bet ($3) returned to dwergbiesjes
costakis28 leaves the table
dwergbiesjes collected $6 from pot
dwergbiesjes: doesn't show hand
*** SUMMARY ***
Total pot $6 | Rake $0
Seat 3: artiZzt (big blind) folded before Flop
Seat 6: dwergbiesjes (button) (small blind) collected ($6)


PokerStars Hand #146239046032:  Hold'em Limit ($3/$6 USD) - 2015/12/31 13:37:35 ET
Table 'Theemin' 6-max Seat #6 is the button
Seat 3: artiZzt ($355.06 in chips)
Seat 6: dwergbiesjes ($30.16 in chips)
dwergbiesjes: posts small blind $1
artiZzt: posts big blind $3
*** HOLE CARDS ***
dwergbiesjes: folds
Uncalled bet ($2) returned to artiZzt
artiZzt collected $2 from pot
artiZzt: doesn't show hand
*** SUMMARY ***
Total pot $2 | Rake $0
Seat 3: artiZzt (big blind) collected ($2)
Seat 6: dwergbiesjes (button) (small blind) folded before Flop


PokerStars Hand #146239028520:  Hold'em Limit ($3/$6 USD) - 2015/12/31 13:37:09 ET
Table 'Theemin' 6-max Seat #3 is the button
Seat 3: artiZzt ($340.56 in chips)
Seat 6: dwergbiesjes ($45.16 in chips)
artiZzt: posts small blind $1
dwergbiesjes: posts big blind $3
*** HOLE CARDS ***
artiZzt: raises $3 to $6
dwergbiesjes: calls $3
*** FLOP *** [8c 2s Th]
dwergbiesjes: checks
artiZzt: bets $3
dwergbiesjes: calls $3
*** TURN *** [8c 2s Th] [5s]
dwergbiesjes: checks
artiZzt: checks
*** RIVER *** [8c 2s Th 5s] [Kd]
dwergbiesjes: bets $6
artiZzt: raises $6 to $12
dwergbiesjes: folds
Uncalled bet ($6) returned to artiZzt
artiZzt collected $29.50 from pot
artiZzt: doesn't show hand
*** SUMMARY ***
Total pot $30 | Rake $0.50
Board [8c 2s Th 5s Kd]
Seat 3: artiZzt (button) (small blind) collected ($29.50)
Seat 6: dwergbiesjes (big blind) folded on the River


PokerStars Hand #146239056597:  Hold'em Limit ($3/$6 USD) - 2015/12/31 13:37:50 ET
Table 'Theemin' 6-max Seat #6 is the button
Seat 3: artiZzt ($361.82 in chips)
Seat 6: dwergbiesjes ($23.16 in chips)
dwergbiesjes: posts small blind $1
artiZzt: posts big blind $3
*** HOLE CARDS ***
dwergbiesjes: folds
Uncalled bet ($2) returned to artiZzt
artiZzt collected $2 from pot
artiZzt: doesn't show hand
*** SUMMARY ***
Total pot $2 | Rake $0
Seat 3: artiZzt (big blind) collected ($2)
Seat 6: dwergbiesjes (button) (small blind) folded before Flop


PokerStars Hand #146239049116:  Hold'em Limit ($3/$6 USD) - 2015/12/31 13:37:39 ET
Table 'Theemin' 6-max Seat #3 is the button
Seat 3: artiZzt ($356.06 in chips)
Seat 6: dwergbiesjes ($29.16 in chips)
artiZzt: posts small blind $1
dwergbiesjes: posts big blind $3
*** HOLE CARDS ***
artiZzt: raises $3 to $6
dwergbiesjes: calls $3
*** FLOP *** [Th Tc 6d]
dwergbiesjes: checks
artiZzt: bets $3
dwergbiesjes: folds
Uncalled bet ($3) returned to artiZzt
artiZzt collected $11.76 from pot
artiZzt: doesn't show hand
*** SUMMARY ***
Total pot $12 | Rake $0.24
Board [Th Tc 6d]
Seat 3: artiZzt (button) (small blind) collected ($11.76)
Seat 6: dwergbiesjes (big blind) folded on the Flop


PokerStars Hand #146239059599:  Hold'em Limit ($3/$6 USD) - 2015/12/31 13:37:54 ET
Table 'Theemin' 6-max Seat #3 is the button
Seat 3: artiZzt ($362.82 in chips)
Seat 6: dwergbiesjes ($22.16 in chips)
artiZzt: posts small blind $1
dwergbiesjes: posts big blind $3
*** HOLE CARDS ***
artiZzt: raises $3 to $6
dwergbiesjes: calls $3
*** FLOP *** [8h 6s Td]
dwergbiesjes: checks
artiZzt: checks
*** TURN *** [8h 6s Td] [Jc]
dwergbiesjes: bets $6
artiZzt: folds
Uncalled bet ($6) returned to dwergbiesjes
dwergbiesjes collected $11.76 from pot
dwergbiesjes: doesn't show hand
*** SUMMARY ***
Total pot $12 | Rake $0.24
Board [8h 6s Td Jc]
Seat 3: artiZzt (button) (small blind) folded on the Turn
Seat 6: dwergbiesjes (big blind) collected ($11.76)


PokerStars Hand #146239072287:  Hold'em Limit ($3/$6 USD) - 2015/12/31 13:38:13 ET
Table 'Theemin' 6-max Seat #6 is the button
Seat 3: artiZzt ($356.82 in chips)
Seat 6: dwergbiesjes ($27.92 in chips)
dwergbiesjes: posts small blind $1
artiZzt: posts big blind $3
*** HOLE CARDS ***
dwergbiesjes: raises $3 to $6
artiZzt: raises $3 to $9
dwergbiesjes: raises $3 to $12
Betting is capped
artiZzt: calls $3
*** FLOP *** [Kc 6h 4h]
artiZzt: checks
dwergbiesjes: bets $3
artiZzt: raises $3 to $6
dwergbiesjes: raises $3 to $9
artiZzt: raises $3 to $12
Betting is capped
dwergbiesjes: calls $3
*** TURN *** [Kc 6h 4h] [Qh]
artiZzt: bets $6
dwergbiesjes: calls $3.92 and is all-in
Uncalled bet ($2.08) returned to artiZzt
*** RIVER *** [Kc 6h 4h Qh] [Qd]
*** SHOW DOWN ***
artiZzt: shows [Ks Jh] (two pair, Kings and Queens)
dwergbiesjes: mucks hand
artiZzt collected $55.34 from pot
*** SUMMARY ***
Total pot $55.84 | Rake $0.50
Board [Kc 6h 4h Qh Qd]
Seat 3: artiZzt (big blind) showed [Ks Jh] and won ($55.34) with two pair, Kings and Queens
Seat 6: dwergbiesjes (button) (small blind) mucked


