PokerStars Hand #146987965756:  Hold'em Limit ($3/$6 USD) - 2016/01/13 16:01:35 ET
Table 'Theemin III' 6-max Seat #5 is the button
Seat 4: scorpio04 ($72 in chips)
Seat 5: pompier40 ($80 in chips)
pompier40: posts small blind $1
PelonCabelao: is sitting out
scorpio04: posts big blind $3
*** HOLE CARDS ***
PelonCabelao leaves the table
pompier40: raises $3 to $6
sussie118 leaves the table
scorpio04: raises $3 to $9
pompier40: calls $3
*** FLOP *** [Kc 7s Ac]
scorpio04: bets $3
pompier40: raises $3 to $6
scorpio04: folds
Uncalled bet ($3) returned to pompier40
pompier40 collected $23.52 from pot
*** SUMMARY ***
Total pot $24 | Rake $0.48
Board [Kc 7s Ac]
Seat 4: scorpio04 (big blind) folded on the Flop
Seat 5: pompier40 (button) (small blind) collected ($23.52)


PokerStars Hand #146988036132:  Hold'em Limit ($3/$6 USD) - 2016/01/13 16:02:44 ET
Table 'Theemin III' 6-max Seat #4 is the button
Seat 4: scorpio04 ($73 in chips)
Seat 5: pompier40 ($99.16 in chips)
scorpio04: posts small blind $1
pompier40: posts big blind $3
*** HOLE CARDS ***
scorpio04: raises $3 to $6
pompier40: folds
Uncalled bet ($3) returned to scorpio04
scorpio04 collected $6 from pot
scorpio04: doesn't show hand
*** SUMMARY ***
Total pot $6 | Rake $0
Seat 4: scorpio04 (button) (small blind) collected ($6)
Seat 5: pompier40 (big blind) folded before Flop


PokerStars Hand #146988030348:  Hold'em Limit ($3/$6 USD) - 2016/01/13 16:02:38 ET
Table 'Theemin III' 6-max Seat #5 is the button
Seat 4: scorpio04 ($72 in chips)
Seat 5: pompier40 ($100.16 in chips)
pompier40: posts small blind $1
scorpio04: posts big blind $3
*** HOLE CARDS ***
pompier40: folds
Uncalled bet ($2) returned to scorpio04
scorpio04 collected $2 from pot
scorpio04: doesn't show hand
*** SUMMARY ***
Total pot $2 | Rake $0
Seat 4: scorpio04 (big blind) collected ($2)
Seat 5: pompier40 (button) (small blind) folded before Flop


PokerStars Hand #146987992006:  Hold'em Limit ($3/$6 USD) - 2016/01/13 16:02:02 ET
Table 'Theemin III' 6-max Seat #4 is the button
Seat 4: scorpio04 ($72 in chips)
Seat 5: pompier40 ($91.52 in chips)
scorpio04: posts small blind $1
pompier40: posts big blind $3
*** HOLE CARDS ***
scorpio04: raises $3 to $6
pompier40: calls $3
*** FLOP *** [Ks Ac Js]
pompier40: checks
scorpio04: bets $3
pompier40: calls $3
*** TURN *** [Ks Ac Js] [5s]
pompier40: bets $6
scorpio04: folds
Uncalled bet ($6) returned to pompier40
pompier40 collected $17.64 from pot
*** SUMMARY ***
Total pot $18 | Rake $0.36
Board [Ks Ac Js 5s]
Seat 4: scorpio04 (button) (small blind) folded on the Turn
Seat 5: pompier40 (big blind) collected ($17.64)


PokerStars Hand #146988045358:  Hold'em Limit ($3/$6 USD) - 2016/01/13 16:02:53 ET
Table 'Theemin III' 6-max Seat #5 is the button
Seat 4: scorpio04 ($76 in chips)
Seat 5: pompier40 ($96.16 in chips)
pompier40: posts small blind $1
scorpio04: posts big blind $3
*** HOLE CARDS ***
pompier40: raises $3 to $6
scorpio04: calls $3
*** FLOP *** [Js 8s 3c]
scorpio04: checks
pompier40: bets $3
scorpio04: folds
Uncalled bet ($3) returned to pompier40
pompier40 collected $11.76 from pot
*** SUMMARY ***
Total pot $12 | Rake $0.24
Board [Js 8s 3c]
Seat 4: scorpio04 (big blind) folded on the Flop
Seat 5: pompier40 (button) (small blind) collected ($11.76)


PokerStars Hand #146988090816:  Hold'em Limit ($3/$6 USD) - 2016/01/13 16:03:36 ET
Table 'Theemin III' 6-max Seat #5 is the button
Seat 4: scorpio04 ($75 in chips)
Seat 5: pompier40 ($98.92 in chips)
pompier40: posts small blind $1
scorpio04: posts big blind $3
*** HOLE CARDS ***
pompier40: folds
Uncalled bet ($2) returned to scorpio04
scorpio04 collected $2 from pot
scorpio04: doesn't show hand
*** SUMMARY ***
Total pot $2 | Rake $0
Seat 4: scorpio04 (big blind) collected ($2)
Seat 5: pompier40 (button) (small blind) folded before Flop


PokerStars Hand #146988069095:  Hold'em Limit ($3/$6 USD) - 2016/01/13 16:03:16 ET
Table 'Theemin III' 6-max Seat #4 is the button
Seat 4: scorpio04 ($72 in chips)
Seat 5: pompier40 ($101.92 in chips)
scorpio04: posts small blind $1
pompier40: posts big blind $3
*** HOLE CARDS ***
scorpio04: raises $3 to $6
pompier40: folds
Uncalled bet ($3) returned to scorpio04
scorpio04 collected $6 from pot
scorpio04: doesn't show hand
*** SUMMARY ***
Total pot $6 | Rake $0
Seat 4: scorpio04 (button) (small blind) collected ($6)
Seat 5: pompier40 (big blind) folded before Flop


PokerStars Hand #146988133968:  Hold'em Limit ($3/$6 USD) - 2016/01/13 16:04:17 ET
Table 'Theemin III' 6-max Seat #5 is the button
Seat 4: scorpio04 ($81.76 in chips)
Seat 5: pompier40 ($91.92 in chips)
pompier40: posts small blind $1
scorpio04: posts big blind $3
*** HOLE CARDS ***
pompier40: folds
Uncalled bet ($2) returned to scorpio04
scorpio04 collected $2 from pot
scorpio04: doesn't show hand
*** SUMMARY ***
Total pot $2 | Rake $0
Seat 4: scorpio04 (big blind) collected ($2)
Seat 5: pompier40 (button) (small blind) folded before Flop


PokerStars Hand #146988095878:  Hold'em Limit ($3/$6 USD) - 2016/01/13 16:03:41 ET
Table 'Theemin III' 6-max Seat #4 is the button
Seat 4: scorpio04 ($76 in chips)
Seat 5: pompier40 ($97.92 in chips)
scorpio04: posts small blind $1
pompier40: posts big blind $3
*** HOLE CARDS ***
scorpio04: raises $3 to $6
pompier40: calls $3
*** FLOP *** [5s Td Qs]
pompier40: checks
scorpio04: bets $3
pompier40: folds
Uncalled bet ($3) returned to scorpio04
scorpio04 collected $11.76 from pot
scorpio04: doesn't show hand
*** SUMMARY ***
Total pot $12 | Rake $0.24
Board [5s Td Qs]
Seat 4: scorpio04 (button) (small blind) collected ($11.76)
Seat 5: pompier40 (big blind) folded on the Flop


PokerStars Hand #146988139559:  Hold'em Limit ($3/$6 USD) - 2016/01/13 16:04:22 ET
Table 'Theemin III' 6-max Seat #4 is the button
Seat 4: scorpio04 ($82.76 in chips)
Seat 5: pompier40 ($90.92 in chips)
scorpio04: posts small blind $1
pompier40: posts big blind $3
*** HOLE CARDS ***
scorpio04: raises $3 to $6
pompier40: folds
Uncalled bet ($3) returned to scorpio04
scorpio04 collected $6 from pot
scorpio04: doesn't show hand
*** SUMMARY ***
Total pot $6 | Rake $0
Seat 4: scorpio04 (button) (small blind) collected ($6)
Seat 5: pompier40 (big blind) folded before Flop


PokerStars Hand #146988151963:  Hold'em Limit ($3/$6 USD) - 2016/01/13 16:04:34 ET
Table 'Theemin III' 6-max Seat #5 is the button
Seat 4: scorpio04 ($85.76 in chips)
Seat 5: pompier40 ($87.92 in chips)
pompier40: posts small blind $1
scorpio04: posts big blind $3
*** HOLE CARDS ***
pompier40: raises $3 to $6
scorpio04: raises $3 to $9
pompier40: calls $3
*** FLOP *** [Td 8c Jd]
scorpio04: bets $3
pompier40: calls $3
*** TURN *** [Td 8c Jd] [3h]
scorpio04: checks
pompier40: bets $6
scorpio04: calls $6
*** RIVER *** [Td 8c Jd 3h] [5h]
scorpio04: checks
pompier40: checks
*** SHOW DOWN ***
scorpio04: shows [6h 6c] (a pair of Sixes)
pompier40: mucks hand
scorpio04 collected $35.50 from pot
*** SUMMARY ***
Total pot $36 | Rake $0.50
Board [Td 8c Jd 3h 5h]
Seat 4: scorpio04 (big blind) showed [6h 6c] and won ($35.50) with a pair of Sixes
Seat 5: pompier40 (button) (small blind) mucked


PokerStars Hand #146988257119:  Hold'em Limit ($3/$6 USD) - 2016/01/13 16:06:12 ET
Table 'Theemin III' 6-max Seat #5 is the button
Seat 4: scorpio04 ($84.26 in chips)
Seat 5: pompier40 ($88.42 in chips)
pompier40: posts small blind $1
scorpio04: posts big blind $3
*** HOLE CARDS ***
pompier40: folds
Uncalled bet ($2) returned to scorpio04
scorpio04 collected $2 from pot
scorpio04: doesn't show hand
*** SUMMARY ***
Total pot $2 | Rake $0
Seat 4: scorpio04 (big blind) collected ($2)
Seat 5: pompier40 (button) (small blind) folded before Flop


PokerStars Hand #146988204126:  Hold'em Limit ($3/$6 USD) - 2016/01/13 16:05:23 ET
Table 'Theemin III' 6-max Seat #4 is the button
Seat 4: scorpio04 ($103.26 in chips)
Seat 5: pompier40 ($69.92 in chips)
scorpio04: posts small blind $1
pompier40: posts big blind $3
*** HOLE CARDS ***
scorpio04: raises $3 to $6
pompier40: calls $3
*** FLOP *** [2d As 4h]
pompier40: checks
scorpio04: bets $3
pompier40: calls $3
*** TURN *** [2d As 4h] [5s]
pompier40: checks
scorpio04: checks
*** RIVER *** [2d As 4h 5s] [Qh]
pompier40: bets $6
scorpio04: calls $6
*** SHOW DOWN ***
pompier40: shows [Ah 5c] (two pair, Aces and Fives)
scorpio04: mucks hand
pompier40 collected $29.50 from pot
*** SUMMARY ***
Total pot $30 | Rake $0.50
Board [2d As 4h 5s Qh]
Seat 4: scorpio04 (button) (small blind) mucked
Seat 5: pompier40 (big blind) showed [Ah 5c] and won ($29.50) with two pair, Aces and Fives


PokerStars Hand #146988250186:  Hold'em Limit ($3/$6 USD) - 2016/01/13 16:06:06 ET
Table 'Theemin III' 6-max Seat #4 is the button
Seat 4: scorpio04 ($85.26 in chips)
Seat 5: pompier40 ($87.42 in chips)
scorpio04: posts small blind $1
pompier40: posts big blind $3
*** HOLE CARDS ***
scorpio04: folds
Uncalled bet ($2) returned to pompier40
pompier40 collected $2 from pot
*** SUMMARY ***
Total pot $2 | Rake $0
Seat 4: scorpio04 (button) (small blind) folded before Flop
Seat 5: pompier40 (big blind) collected ($2)


PokerStars Hand #146988240847:  Hold'em Limit ($3/$6 USD) - 2016/01/13 16:05:57 ET
Table 'Theemin III' 6-max Seat #5 is the button
Seat 4: scorpio04 ($88.26 in chips)
Seat 5: pompier40 ($84.42 in chips)
pompier40: posts small blind $1
scorpio04: posts big blind $3
*** HOLE CARDS ***
pompier40: raises $3 to $6
scorpio04: folds
Uncalled bet ($3) returned to pompier40
pompier40 collected $6 from pot
*** SUMMARY ***
Total pot $6 | Rake $0
Seat 4: scorpio04 (big blind) folded before Flop
Seat 5: pompier40 (button) (small blind) collected ($6)


PokerStars Hand #146988263942:  Hold'em Limit ($3/$6 USD) - 2016/01/13 16:06:19 ET
Table 'Theemin III' 6-max Seat #4 is the button
Seat 4: scorpio04 ($85.26 in chips)
Seat 5: pompier40 ($87.42 in chips)
scorpio04: posts small blind $1
pompier40: posts big blind $3
*** HOLE CARDS ***
scorpio04: raises $3 to $6
pompier40: calls $3
*** FLOP *** [4s 5d 9d]
pompier40: checks
scorpio04: checks
*** TURN *** [4s 5d 9d] [Js]
pompier40: bets $6
scorpio04: folds
Uncalled bet ($6) returned to pompier40
pompier40 collected $11.76 from pot
*** SUMMARY ***
Total pot $12 | Rake $0.24
Board [4s 5d 9d Js]
Seat 4: scorpio04 (button) (small blind) folded on the Turn
Seat 5: pompier40 (big blind) collected ($11.76)


PokerStars Hand #146988295056:  Hold'em Limit ($3/$6 USD) - 2016/01/13 16:06:48 ET
Table 'Theemin III' 6-max Seat #5 is the button
Seat 4: scorpio04 ($79.26 in chips)
Seat 5: pompier40 ($93.18 in chips)
pompier40: posts small blind $1
scorpio04: posts big blind $3
*** HOLE CARDS ***
pompier40: raises $3 to $6
scorpio04: calls $3
*** FLOP *** [Ks Jd 9h]
scorpio04: checks
pompier40: bets $3
scorpio04: folds
Uncalled bet ($3) returned to pompier40
pompier40 collected $11.76 from pot
*** SUMMARY ***
Total pot $12 | Rake $0.24
Board [Ks Jd 9h]
Seat 4: scorpio04 (big blind) folded on the Flop
Seat 5: pompier40 (button) (small blind) collected ($11.76)


PokerStars Hand #146988341859:  Hold'em Limit ($3/$6 USD) - 2016/01/13 16:07:32 ET
Table 'Theemin III' 6-max Seat #5 is the button
Seat 4: scorpio04 ($79.02 in chips)
Seat 5: pompier40 ($92.94 in chips)
pompier40: posts small blind $1
scorpio04: posts big blind $3
*** HOLE CARDS ***
pompier40: folds
Uncalled bet ($2) returned to scorpio04
scorpio04 collected $2 from pot
scorpio04: doesn't show hand
*** SUMMARY ***
Total pot $2 | Rake $0
Seat 4: scorpio04 (big blind) collected ($2)
Seat 5: pompier40 (button) (small blind) folded before Flop


PokerStars Hand #146988348159:  Hold'em Limit ($3/$6 USD) - 2016/01/13 16:07:38 ET
Table 'Theemin III' 6-max Seat #4 is the button
Seat 4: scorpio04 ($80.02 in chips)
Seat 5: pompier40 ($91.94 in chips)
scorpio04: posts small blind $1
pompier40: posts big blind $3
*** HOLE CARDS ***
scorpio04: raises $3 to $6
pompier40: calls $3
*** FLOP *** [4s Th Td]
pompier40: checks
scorpio04: bets $3
pompier40: folds
Uncalled bet ($3) returned to scorpio04
scorpio04 collected $11.76 from pot
scorpio04: doesn't show hand
*** SUMMARY ***
Total pot $12 | Rake $0.24
Board [4s Th Td]
Seat 4: scorpio04 (button) (small blind) collected ($11.76)
Seat 5: pompier40 (big blind) folded on the Flop


PokerStars Hand #146988372838:  Hold'em Limit ($3/$6 USD) - 2016/01/13 16:08:01 ET
Table 'Theemin III' 6-max Seat #5 is the button
Seat 4: scorpio04 ($85.78 in chips)
Seat 5: pompier40 ($85.94 in chips)
pompier40: posts small blind $1
scorpio04: posts big blind $3
*** HOLE CARDS ***
pompier40: folds
Uncalled bet ($2) returned to scorpio04
scorpio04 collected $2 from pot
scorpio04: doesn't show hand
*** SUMMARY ***
Total pot $2 | Rake $0
Seat 4: scorpio04 (big blind) collected ($2)
Seat 5: pompier40 (button) (small blind) folded before Flop


PokerStars Hand #146988323719:  Hold'em Limit ($3/$6 USD) - 2016/01/13 16:07:15 ET
Table 'Theemin III' 6-max Seat #4 is the button
Seat 4: scorpio04 ($73.26 in chips)
Seat 5: pompier40 ($98.94 in chips)
scorpio04: posts small blind $1
pompier40: posts big blind $3
*** HOLE CARDS ***
scorpio04: raises $3 to $6
pompier40: calls $3
*** FLOP *** [7d 4c Th]
pompier40: checks
scorpio04: bets $3
pompier40: folds
Uncalled bet ($3) returned to scorpio04
scorpio04 collected $11.76 from pot
scorpio04: doesn't show hand
*** SUMMARY ***
Total pot $12 | Rake $0.24
Board [7d 4c Th]
Seat 4: scorpio04 (button) (small blind) collected ($11.76)
Seat 5: pompier40 (big blind) folded on the Flop


PokerStars Hand #146988414106:  Hold'em Limit ($3/$6 USD) - 2016/01/13 16:08:40 ET
Table 'Theemin III' 6-max Seat #4 is the button
Seat 4: scorpio04 ($90.78 in chips)
Seat 5: pompier40 ($80.94 in chips)
scorpio04: posts small blind $1
pompier40: posts big blind $3
*** HOLE CARDS ***
scorpio04: raises $3 to $6
pompier40: calls $3
*** FLOP *** [6h 4c 8d]
pompier40: bets $3
scorpio04: calls $3
*** TURN *** [6h 4c 8d] [5s]
pompier40: bets $6
scorpio04: folds
Uncalled bet ($6) returned to pompier40
pompier40 collected $17.64 from pot
*** SUMMARY ***
Total pot $18 | Rake $0.36
Board [6h 4c 8d 5s]
Seat 4: scorpio04 (button) (small blind) folded on the Turn
Seat 5: pompier40 (big blind) collected ($17.64)


PokerStars Hand #146988408296:  Hold'em Limit ($3/$6 USD) - 2016/01/13 16:08:35 ET
Table 'Theemin III' 6-max Seat #5 is the button
Seat 4: scorpio04 ($89.78 in chips)
Seat 5: pompier40 ($81.94 in chips)
pompier40: posts small blind $1
scorpio04: posts big blind $3
*** HOLE CARDS ***
pompier40: folds
Uncalled bet ($2) returned to scorpio04
scorpio04 collected $2 from pot
scorpio04: doesn't show hand
*** SUMMARY ***
Total pot $2 | Rake $0
Seat 4: scorpio04 (big blind) collected ($2)
Seat 5: pompier40 (button) (small blind) folded before Flop


PokerStars Hand #146988389764:  Hold'em Limit ($3/$6 USD) - 2016/01/13 16:08:17 ET
Table 'Theemin III' 6-max Seat #4 is the button
Seat 4: scorpio04 ($86.78 in chips)
Seat 5: pompier40 ($84.94 in chips)
scorpio04: posts small blind $1
pompier40: posts big blind $3
*** HOLE CARDS ***
scorpio04: raises $3 to $6
pompier40: folds
Uncalled bet ($3) returned to scorpio04
scorpio04 collected $6 from pot
scorpio04: doesn't show hand
*** SUMMARY ***
Total pot $6 | Rake $0
Seat 4: scorpio04 (button) (small blind) collected ($6)
Seat 5: pompier40 (big blind) folded before Flop


PokerStars Hand #146988454089:  Hold'em Limit ($3/$6 USD) - 2016/01/13 16:09:18 ET
Table 'Theemin III' 6-max Seat #5 is the button
Seat 4: scorpio04 ($81.78 in chips)
Seat 5: pompier40 ($89.58 in chips)
pompier40: posts small blind $1
scorpio04: posts big blind $3
*** HOLE CARDS ***
pompier40: folds
Uncalled bet ($2) returned to scorpio04
scorpio04 collected $2 from pot
scorpio04: doesn't show hand
*** SUMMARY ***
Total pot $2 | Rake $0
Seat 4: scorpio04 (big blind) collected ($2)
Seat 5: pompier40 (button) (small blind) folded before Flop


PokerStars Hand #146988459811:  Hold'em Limit ($3/$6 USD) - 2016/01/13 16:09:24 ET
Table 'Theemin III' 6-max Seat #4 is the button
Seat 4: scorpio04 ($82.78 in chips)
Seat 5: pompier40 ($88.58 in chips)
scorpio04: posts small blind $1
pompier40: posts big blind $3
*** HOLE CARDS ***
scorpio04: raises $3 to $6
pompier40: calls $3
*** FLOP *** [Ah 4h Qc]
pompier40: checks
scorpio04: bets $3
pompier40: calls $3
*** TURN *** [Ah 4h Qc] [5c]
pompier40: checks
scorpio04: checks
*** RIVER *** [Ah 4h Qc 5c] [7h]
pompier40: bets $6
scorpio04: calls $6
*** SHOW DOWN ***
pompier40: shows [Jc 9c] (high card Ace)
scorpio04: shows [9h 7d] (a pair of Sevens)
scorpio04 collected $29.50 from pot
*** SUMMARY ***
Total pot $30 | Rake $0.50
Board [Ah 4h Qc 5c 7h]
Seat 4: scorpio04 (button) (small blind) showed [9h 7d] and won ($29.50) with a pair of Sevens
Seat 5: pompier40 (big blind) showed [Jc 9c] and lost with high card Ace


PokerStars Hand #146988555033:  Hold'em Limit ($3/$6 USD) - 2016/01/13 16:10:56 ET
Table 'Theemin III' 6-max Seat #5 is the button
Seat 4: scorpio04 ($101.28 in chips)
Seat 5: pompier40 ($69.58 in chips)
pompier40: posts small blind $1
scorpio04: posts big blind $3
*** HOLE CARDS ***
pompier40: folds
Uncalled bet ($2) returned to scorpio04
scorpio04 collected $2 from pot
scorpio04: doesn't show hand
*** SUMMARY ***
Total pot $2 | Rake $0
Seat 4: scorpio04 (big blind) collected ($2)
Seat 5: pompier40 (button) (small blind) folded before Flop


PokerStars Hand #146988537648:  Hold'em Limit ($3/$6 USD) - 2016/01/13 16:10:39 ET
Table 'Theemin III' 6-max Seat #4 is the button
Seat 4: scorpio04 ($98.28 in chips)
Seat 5: pompier40 ($72.58 in chips)
scorpio04: posts small blind $1
pompier40: posts big blind $3
*** HOLE CARDS ***
scorpio04: raises $3 to $6
pompier40: folds
Uncalled bet ($3) returned to scorpio04
scorpio04 collected $6 from pot
scorpio04: doesn't show hand
*** SUMMARY ***
Total pot $6 | Rake $0
Seat 4: scorpio04 (button) (small blind) collected ($6)
Seat 5: pompier40 (big blind) folded before Flop


PokerStars Hand #146988528901:  Hold'em Limit ($3/$6 USD) - 2016/01/13 16:10:31 ET
Table 'Theemin III' 6-max Seat #5 is the button
Seat 4: scorpio04 ($97.28 in chips)
Seat 5: pompier40 ($73.58 in chips)
pompier40: posts small blind $1
scorpio04: posts big blind $3
*** HOLE CARDS ***
pompier40: folds
Uncalled bet ($2) returned to scorpio04
scorpio04 collected $2 from pot
scorpio04: doesn't show hand
*** SUMMARY ***
Total pot $2 | Rake $0
Seat 4: scorpio04 (big blind) collected ($2)
Seat 5: pompier40 (button) (small blind) folded before Flop


PokerStars Hand #146988560537:  Hold'em Limit ($3/$6 USD) - 2016/01/13 16:11:01 ET
Table 'Theemin III' 6-max Seat #4 is the button
Seat 4: scorpio04 ($102.28 in chips)
Seat 5: pompier40 ($68.58 in chips)
scorpio04: posts small blind $1
pompier40: posts big blind $3
*** HOLE CARDS ***
scorpio04: raises $3 to $6
pompier40: folds
Uncalled bet ($3) returned to scorpio04
scorpio04 collected $6 from pot
scorpio04: doesn't show hand
*** SUMMARY ***
Total pot $6 | Rake $0
Seat 4: scorpio04 (button) (small blind) collected ($6)
Seat 5: pompier40 (big blind) folded before Flop


PokerStars Hand #146988586900:  Hold'em Limit ($3/$6 USD) - 2016/01/13 16:11:27 ET
Table 'Theemin III' 6-max Seat #5 is the button
Seat 4: scorpio04 ($105.28 in chips)
Seat 5: pompier40 ($65.58 in chips)
pompier40: posts small blind $1
scorpio04: posts big blind $3
*** HOLE CARDS ***
pompier40: calls $2
scorpio04: checks
*** FLOP *** [3h Ad 5h]
scorpio04: checks
pompier40: bets $3
scorpio04: calls $3
*** TURN *** [3h Ad 5h] [Jd]
scorpio04: checks
pompier40: bets $6
scorpio04: folds
Uncalled bet ($6) returned to pompier40
pompier40 collected $11.76 from pot
*** SUMMARY ***
Total pot $12 | Rake $0.24
Board [3h Ad 5h Jd]
Seat 4: scorpio04 (big blind) folded on the Turn
Seat 5: pompier40 (button) (small blind) collected ($11.76)


PokerStars Hand #146988718471:  Hold'em Limit ($3/$6 USD) - 2016/01/13 16:13:33 ET
Table 'Theemin III' 6-max Seat #4 is the button
Seat 4: scorpio04 ($82.28 in chips)
Seat 5: pompier40 ($87.84 in chips)
scorpio04: posts small blind $1
pompier40: posts big blind $3
*** HOLE CARDS ***
scorpio04: folds
Uncalled bet ($2) returned to pompier40
pompier40 collected $2 from pot
*** SUMMARY ***
Total pot $2 | Rake $0
Seat 4: scorpio04 (button) (small blind) folded before Flop
Seat 5: pompier40 (big blind) collected ($2)


PokerStars Hand #146988731161:  Hold'em Limit ($3/$6 USD) - 2016/01/13 16:13:45 ET
Table 'Theemin III' 6-max Seat #5 is the button
Seat 4: scorpio04 ($81.28 in chips)
Seat 5: pompier40 ($88.84 in chips)
pompier40: posts small blind $1
scorpio04: posts big blind $3
*** HOLE CARDS ***
pompier40: raises $3 to $6
scorpio04: calls $3
*** FLOP *** [6c 2h 7s]
scorpio04: checks
pompier40: checks
*** TURN *** [6c 2h 7s] [8s]
scorpio04: bets $6
pompier40: folds
Uncalled bet ($6) returned to scorpio04
scorpio04 collected $11.76 from pot
scorpio04: doesn't show hand
*** SUMMARY ***
Total pot $12 | Rake $0.24
Board [6c 2h 7s 8s]
Seat 4: scorpio04 (big blind) collected ($11.76)
Seat 5: pompier40 (button) (small blind) folded on the Turn


PokerStars Hand #146988711115:  Hold'em Limit ($3/$6 USD) - 2016/01/13 16:13:25 ET
Table 'Theemin III' 6-max Seat #5 is the button
Seat 4: scorpio04 ($81.28 in chips)
Seat 5: pompier40 ($88.84 in chips)
pompier40: posts small blind $1
scorpio04: posts big blind $3
*** HOLE CARDS ***
pompier40: folds
Uncalled bet ($2) returned to scorpio04
scorpio04 collected $2 from pot
scorpio04: doesn't show hand
*** SUMMARY ***
Total pot $2 | Rake $0
Seat 4: scorpio04 (big blind) collected ($2)
Seat 5: pompier40 (button) (small blind) folded before Flop


PokerStars Hand #146988637950:  Hold'em Limit ($3/$6 USD) - 2016/01/13 16:12:16 ET
Table 'Theemin III' 6-max Seat #4 is the button
Seat 4: scorpio04 ($99.28 in chips)
Seat 5: pompier40 ($71.34 in chips)
scorpio04: posts small blind $1
pompier40: posts big blind $3
*** HOLE CARDS ***
scorpio04: raises $3 to $6
pompier40: raises $3 to $9
scorpio04: calls $3
*** FLOP *** [Ts 5d 4s]
pompier40: bets $3
scorpio04: calls $3
*** TURN *** [Ts 5d 4s] [2s]
pompier40: bets $6
scorpio04: calls $6
*** RIVER *** [Ts 5d 4s 2s] [9d]
pompier40: bets $6
scorpio04: folds
Uncalled bet ($6) returned to pompier40
pompier40 collected $35.50 from pot
*** SUMMARY ***
Total pot $36 | Rake $0.50
Board [Ts 5d 4s 2s 9d]
Seat 4: scorpio04 (button) (small blind) folded on the River
Seat 5: pompier40 (big blind) collected ($35.50)


PokerStars Hand #146988762872:  Hold'em Limit ($3/$6 USD) - 2016/01/13 16:14:16 ET
Table 'Theemin III' 6-max Seat #4 is the button
Seat 4: scorpio04 ($87.04 in chips)
Seat 5: pompier40 ($82.84 in chips)
scorpio04: posts small blind $1
pompier40: posts big blind $3
*** HOLE CARDS ***
scorpio04: raises $3 to $6
pompier40: raises $3 to $9
scorpio04: calls $3
*** FLOP *** [Th Qd 9c]
pompier40: bets $3
scorpio04: folds
Uncalled bet ($3) returned to pompier40
pompier40 collected $17.64 from pot
*** SUMMARY ***
Total pot $18 | Rake $0.36
Board [Th Qd 9c]
Seat 4: scorpio04 (button) (small blind) folded on the Flop
Seat 5: pompier40 (big blind) collected ($17.64)


PokerStars Hand #146988784139:  Hold'em Limit ($3/$6 USD) - 2016/01/13 16:14:37 ET
Table 'Theemin III' 6-max Seat #5 is the button
Seat 4: scorpio04 ($78.04 in chips)
Seat 5: pompier40 ($91.48 in chips)
pompier40: posts small blind $1
scorpio04: posts big blind $3
*** HOLE CARDS ***
pompier40: folds
Uncalled bet ($2) returned to scorpio04
scorpio04 collected $2 from pot
scorpio04: doesn't show hand
*** SUMMARY ***
Total pot $2 | Rake $0
Seat 4: scorpio04 (big blind) collected ($2)
Seat 5: pompier40 (button) (small blind) folded before Flop


PokerStars Hand #146988789477:  Hold'em Limit ($3/$6 USD) - 2016/01/13 16:14:42 ET
Table 'Theemin III' 6-max Seat #4 is the button
Seat 4: scorpio04 ($79.04 in chips)
Seat 5: pompier40 ($90.48 in chips)
scorpio04: posts small blind $1
pompier40: posts big blind $3
*** HOLE CARDS ***
scorpio04: raises $3 to $6
pompier40: folds
Uncalled bet ($3) returned to scorpio04
scorpio04 collected $6 from pot
scorpio04: doesn't show hand
*** SUMMARY ***
Total pot $6 | Rake $0
Seat 4: scorpio04 (button) (small blind) collected ($6)
Seat 5: pompier40 (big blind) folded before Flop


PokerStars Hand #146988804565:  Hold'em Limit ($3/$6 USD) - 2016/01/13 16:14:57 ET
Table 'Theemin III' 6-max Seat #5 is the button
Seat 4: scorpio04 ($82.04 in chips)
Seat 5: pompier40 ($87.48 in chips)
pompier40: posts small blind $1
scorpio04: posts big blind $3
*** HOLE CARDS ***
pompier40: folds
Uncalled bet ($2) returned to scorpio04
scorpio04 collected $2 from pot
scorpio04: doesn't show hand
*** SUMMARY ***
Total pot $2 | Rake $0
Seat 4: scorpio04 (big blind) collected ($2)
Seat 5: pompier40 (button) (small blind) folded before Flop


PokerStars Hand #146988838815:  Hold'em Limit ($3/$6 USD) - 2016/01/13 16:15:30 ET
Table 'Theemin III' 6-max Seat #5 is the button
Seat 4: scorpio04 ($88.80 in chips)
Seat 5: pompier40 ($80.48 in chips)
pompier40: posts small blind $1
scorpio04: posts big blind $3
*** HOLE CARDS ***
pompier40: folds
Uncalled bet ($2) returned to scorpio04
scorpio04 collected $2 from pot
scorpio04: doesn't show hand
*** SUMMARY ***
Total pot $2 | Rake $0
Seat 4: scorpio04 (big blind) collected ($2)
Seat 5: pompier40 (button) (small blind) folded before Flop


PokerStars Hand #146988813415:  Hold'em Limit ($3/$6 USD) - 2016/01/13 16:15:06 ET
Table 'Theemin III' 6-max Seat #4 is the button
Seat 4: scorpio04 ($83.04 in chips)
Seat 5: pompier40 ($86.48 in chips)
scorpio04: posts small blind $1
pompier40: posts big blind $3
*** HOLE CARDS ***
scorpio04: raises $3 to $6
pompier40: calls $3
*** FLOP *** [Tc 4d Jc]
pompier40: checks
scorpio04: bets $3
pompier40: folds
Uncalled bet ($3) returned to scorpio04
scorpio04 collected $11.76 from pot
scorpio04: doesn't show hand
*** SUMMARY ***
Total pot $12 | Rake $0.24
Board [Tc 4d Jc]
Seat 4: scorpio04 (button) (small blind) collected ($11.76)
Seat 5: pompier40 (big blind) folded on the Flop


PokerStars Hand #146988846579:  Hold'em Limit ($3/$6 USD) - 2016/01/13 16:15:37 ET
Table 'Theemin III' 6-max Seat #4 is the button
Seat 4: scorpio04 ($89.80 in chips)
Seat 5: pompier40 ($79.48 in chips)
scorpio04: posts small blind $1
pompier40: posts big blind $3
*** HOLE CARDS ***
scorpio04: raises $3 to $6
pompier40: calls $3
*** FLOP *** [9c 2d 6d]
pompier40: bets $3
scorpio04: calls $3
*** TURN *** [9c 2d 6d] [8d]
pompier40: checks
scorpio04: checks
*** RIVER *** [9c 2d 6d 8d] [7d]
pompier40: checks
scorpio04: bets $6
pompier40: folds
Uncalled bet ($6) returned to scorpio04
scorpio04 collected $17.64 from pot
scorpio04: doesn't show hand
*** SUMMARY ***
Total pot $18 | Rake $0.36
Board [9c 2d 6d 8d 7d]
Seat 4: scorpio04 (button) (small blind) collected ($17.64)
Seat 5: pompier40 (big blind) folded on the River


PokerStars Hand #146988912986:  Hold'em Limit ($3/$6 USD) - 2016/01/13 16:16:40 ET
Table 'Theemin III' 6-max Seat #5 is the button
Seat 4: scorpio04 ($98.44 in chips)
Seat 5: pompier40 ($70.48 in chips)
pompier40: posts small blind $1
scorpio04: posts big blind $3
*** HOLE CARDS ***
pompier40: raises $3 to $6
scorpio04: calls $3
*** FLOP *** [6h 9c Qc]
scorpio04: checks
pompier40: bets $3
scorpio04: calls $3
*** TURN *** [6h 9c Qc] [7c]
scorpio04: checks
pompier40: bets $6
scorpio04: calls $6
*** RIVER *** [6h 9c Qc 7c] [4d]
scorpio04: checks
pompier40: checks
*** SHOW DOWN ***
scorpio04: shows [Ad 7h] (a pair of Sevens)
pompier40: mucks hand
scorpio04 collected $29.50 from pot
*** SUMMARY ***
Total pot $30 | Rake $0.50
Board [6h 9c Qc 7c 4d]
Seat 4: scorpio04 (big blind) showed [Ad 7h] and won ($29.50) with a pair of Sevens
Seat 5: pompier40 (button) (small blind) mucked


