PokerStars Hand #144599941132:  Hold'em Limit ($3/$6 USD) - 2015/11/30 4:34:46 ET
Table 'Theemin II' 2-max Seat #1 is the button
Seat 1: barman_cix ($75.50 in chips)
Seat 2: annjne ($163 in chips)
barman_cix: posts small blind $1
annjne: posts big blind $3
*** HOLE CARDS ***
barman_cix: raises $3 to $6
annjne: calls $3
*** FLOP *** [8c 9d 9s]
annjne: checks
barman_cix: bets $3
annjne: calls $3
*** TURN *** [8c 9d 9s] [As]
annjne: checks
barman_cix: bets $6
annjne: folds
Uncalled bet ($6) returned to barman_cix
barman_cix collected $17.64 from pot
barman_cix: doesn't show hand
*** SUMMARY ***
Total pot $18 | Rake $0.36
Board [8c 9d 9s As]
Seat 1: barman_cix (button) (small blind) collected ($17.64)
Seat 2: annjne (big blind) folded on the Turn


PokerStars Hand #144599932018:  Hold'em Limit ($3/$6 USD) - 2015/11/30 4:34:21 ET
Table 'Theemin II' 2-max Seat #2 is the button
Seat 1: barman_cix ($105.50 in chips)
Seat 2: annjne ($133.50 in chips)
annjne: posts small blind $1
barman_cix: posts big blind $3
*** HOLE CARDS ***
annjne: raises $3 to $6
barman_cix: folds
Uncalled bet ($3) returned to annjne
annjne collected $6 from pot
*** SUMMARY ***
Total pot $6 | Rake $0
Seat 1: barman_cix (big blind) folded before Flop
Seat 2: annjne (button) (small blind) collected ($6)


PokerStars Hand #144599926750:  Hold'em Limit ($3/$6 USD) - 2015/11/30 4:34:06 ET
Table 'Theemin II' 2-max Seat #1 is the button
Seat 1: barman_cix ($91 in chips)
Seat 2: annjne ($148.50 in chips)
barman_cix: posts small blind $1
annjne: posts big blind $3
*** HOLE CARDS ***
barman_cix: raises $3 to $6
annjne: calls $3
*** FLOP *** [4s 7c Qs]
annjne: checks
barman_cix: bets $3
annjne: calls $3
*** TURN *** [4s 7c Qs] [7d]
annjne: checks
barman_cix: bets $6
annjne: calls $6
*** RIVER *** [4s 7c Qs 7d] [2h]
annjne: checks
barman_cix: bets $6
annjne: folds
Uncalled bet ($6) returned to barman_cix
barman_cix collected $29.50 from pot
barman_cix: doesn't show hand
*** SUMMARY ***
Total pot $30 | Rake $0.50
Board [4s 7c Qs 7d 2h]
Seat 1: barman_cix (button) (small blind) collected ($29.50)
Seat 2: annjne (big blind) folded on the River


PokerStars Hand #144599924944:  Hold'em Limit ($3/$6 USD) - 2015/11/30 4:34:01 ET
Table 'Theemin II' 2-max Seat #2 is the button
Seat 1: barman_cix ($90 in chips)
Seat 2: annjne ($149.50 in chips)
annjne: posts small blind $1
barman_cix: posts big blind $3
*** HOLE CARDS ***
annjne: folds
Uncalled bet ($2) returned to barman_cix
barman_cix collected $2 from pot
barman_cix: doesn't show hand
*** SUMMARY ***
Total pot $2 | Rake $0
Seat 1: barman_cix (big blind) collected ($2)
Seat 2: annjne (button) (small blind) folded before Flop


PokerStars Hand #144599938994:  Hold'em Limit ($3/$6 USD) - 2015/11/30 4:34:40 ET
Table 'Theemin II' 2-max Seat #2 is the button
Seat 1: barman_cix ($78.50 in chips)
Seat 2: annjne ($160 in chips)
annjne: posts small blind $1
barman_cix: posts big blind $3
*** HOLE CARDS ***
annjne: raises $3 to $6
barman_cix: folds
Uncalled bet ($3) returned to annjne
annjne collected $6 from pot
*** SUMMARY ***
Total pot $6 | Rake $0
Seat 1: barman_cix (big blind) folded before Flop
Seat 2: annjne (button) (small blind) collected ($6)


PokerStars Hand #144599934033:  Hold'em Limit ($3/$6 USD) - 2015/11/30 4:34:26 ET
Table 'Theemin II' 2-max Seat #1 is the button
Seat 1: barman_cix ($102.50 in chips)
Seat 2: annjne ($136.50 in chips)
barman_cix: posts small blind $1
annjne: posts big blind $3
*** HOLE CARDS ***
barman_cix: raises $3 to $6
annjne: raises $3 to $9
barman_cix: calls $3
*** FLOP *** [Ad Qh 8d]
annjne: bets $3
barman_cix: calls $3
*** TURN *** [Ad Qh 8d] [Th]
annjne: bets $6
barman_cix: calls $6
*** RIVER *** [Ad Qh 8d Th] [5s]
annjne: bets $6
barman_cix: calls $6
*** SHOW DOWN ***
annjne: shows [4h Ah] (a pair of Aces)
barman_cix: mucks hand
annjne collected $47.50 from pot
*** SUMMARY ***
Total pot $48 | Rake $0.50
Board [Ad Qh 8d Th 5s]
Seat 1: barman_cix (button) (small blind) mucked
Seat 2: annjne (big blind) showed [4h Ah] and won ($47.50) with a pair of Aces


PokerStars Hand #144599956519:  Hold'em Limit ($3/$6 USD) - 2015/11/30 4:35:29 ET
Table 'Theemin II' 2-max Seat #1 is the button
Seat 1: barman_cix ($103.64 in chips)
Seat 2: annjne ($134 in chips)
barman_cix: posts small blind $1
annjne: posts big blind $3
*** HOLE CARDS ***
barman_cix: folds
Uncalled bet ($2) returned to annjne
annjne collected $2 from pot
*** SUMMARY ***
Total pot $2 | Rake $0
Seat 1: barman_cix (button) (small blind) folded before Flop
Seat 2: annjne (big blind) collected ($2)


PokerStars Hand #144599949574:  Hold'em Limit ($3/$6 USD) - 2015/11/30 4:35:10 ET
Table 'Theemin II' 2-max Seat #2 is the button
Seat 1: barman_cix ($80.14 in chips)
Seat 2: annjne ($158 in chips)
annjne: posts small blind $1
barman_cix: posts big blind $3
*** HOLE CARDS ***
annjne: raises $3 to $6
barman_cix: raises $3 to $9
annjne: calls $3
*** FLOP *** [Kd 6c 4c]
barman_cix: bets $3
annjne: calls $3
*** TURN *** [Kd 6c 4c] [9h]
barman_cix: bets $6
annjne: calls $6
*** RIVER *** [Kd 6c 4c 9h] [8d]
barman_cix: bets $6
annjne: calls $6
*** SHOW DOWN ***
barman_cix: shows [Kh Qh] (a pair of Kings)
annjne: mucks hand
barman_cix collected $47.50 from pot
*** SUMMARY ***
Total pot $48 | Rake $0.50
Board [Kd 6c 4c 9h 8d]
Seat 1: barman_cix (big blind) showed [Kh Qh] and won ($47.50) with a pair of Kings
Seat 2: annjne (button) (small blind) mucked


PokerStars Hand #144599947994:  Hold'em Limit ($3/$6 USD) - 2015/11/30 4:35:05 ET
Table 'Theemin II' 2-max Seat #1 is the button
Seat 1: barman_cix ($81.14 in chips)
Seat 2: annjne ($157 in chips)
barman_cix: posts small blind $1
annjne: posts big blind $3
*** HOLE CARDS ***
barman_cix: folds
Uncalled bet ($2) returned to annjne
annjne collected $2 from pot
*** SUMMARY ***
Total pot $2 | Rake $0
Seat 1: barman_cix (button) (small blind) folded before Flop
Seat 2: annjne (big blind) collected ($2)


PokerStars Hand #144599945968:  Hold'em Limit ($3/$6 USD) - 2015/11/30 4:35:00 ET
Table 'Theemin II' 2-max Seat #2 is the button
Seat 1: barman_cix ($84.14 in chips)
Seat 2: annjne ($154 in chips)
annjne: posts small blind $1
barman_cix: posts big blind $3
*** HOLE CARDS ***
annjne: raises $3 to $6
barman_cix: folds
Uncalled bet ($3) returned to annjne
annjne collected $6 from pot
*** SUMMARY ***
Total pot $6 | Rake $0
Seat 1: barman_cix (big blind) folded before Flop
Seat 2: annjne (button) (small blind) collected ($6)


PokerStars Hand #144599961841:  Hold'em Limit ($3/$6 USD) - 2015/11/30 4:35:43 ET
Table 'Theemin II' 2-max Seat #1 is the button
Seat 1: barman_cix ($103.64 in chips)
Seat 2: annjne ($134 in chips)
barman_cix: posts small blind $1
annjne: posts big blind $3
*** HOLE CARDS ***
barman_cix: raises $3 to $6
annjne: calls $3
*** FLOP *** [9c 4s 2h]
annjne: checks
barman_cix: bets $3
annjne: calls $3
*** TURN *** [9c 4s 2h] [Jh]
annjne: checks
barman_cix: bets $6
annjne: calls $6
*** RIVER *** [9c 4s 2h Jh] [2d]
annjne: checks
barman_cix: checks
*** SHOW DOWN ***
annjne: shows [Kd 4h] (two pair, Fours and Deuces)
barman_cix: mucks hand
annjne collected $29.50 from pot
*** SUMMARY ***
Total pot $30 | Rake $0.50
Board [9c 4s 2h Jh 2d]
Seat 1: barman_cix (button) (small blind) mucked
Seat 2: annjne (big blind) showed [Kd 4h] and won ($29.50) with two pair, Fours and Deuces


PokerStars Hand #144599959469:  Hold'em Limit ($3/$6 USD) - 2015/11/30 4:35:37 ET
Table 'Theemin II' 2-max Seat #2 is the button
Seat 1: barman_cix ($102.64 in chips)
Seat 2: annjne ($135 in chips)
annjne: posts small blind $1
barman_cix: posts big blind $3
*** HOLE CARDS ***
annjne: folds
Uncalled bet ($2) returned to barman_cix
barman_cix collected $2 from pot
barman_cix: doesn't show hand
*** SUMMARY ***
Total pot $2 | Rake $0
Seat 1: barman_cix (big blind) collected ($2)
Seat 2: annjne (button) (small blind) folded before Flop


PokerStars Hand #144599981607:  Hold'em Limit ($3/$6 USD) - 2015/11/30 4:36:38 ET
Table 'Theemin II' 2-max Seat #2 is the button
Seat 1: barman_cix ($67.64 in chips)
Seat 2: annjne ($169 in chips)
annjne: posts small blind $1
barman_cix: posts big blind $3
*** HOLE CARDS ***
annjne: raises $3 to $6
barman_cix: folds
Uncalled bet ($3) returned to annjne
annjne collected $6 from pot
*** SUMMARY ***
Total pot $6 | Rake $0
Seat 1: barman_cix (big blind) folded before Flop
Seat 2: annjne (button) (small blind) collected ($6)


PokerStars Hand #144599976539:  Hold'em Limit ($3/$6 USD) - 2015/11/30 4:36:24 ET
Table 'Theemin II' 2-max Seat #1 is the button
Seat 1: barman_cix ($85.64 in chips)
Seat 2: annjne ($151.50 in chips)
barman_cix: posts small blind $1
annjne: posts big blind $3
*** HOLE CARDS ***
barman_cix: raises $3 to $6
annjne: raises $3 to $9
barman_cix: calls $3
*** FLOP *** [4d Qd Jc]
annjne: bets $3
barman_cix: calls $3
*** TURN *** [4d Qd Jc] [As]
annjne: bets $6
barman_cix: calls $6
*** RIVER *** [4d Qd Jc As] [5h]
annjne: bets $6
barman_cix: folds
Uncalled bet ($6) returned to annjne
annjne collected $35.50 from pot
*** SUMMARY ***
Total pot $36 | Rake $0.50
Board [4d Qd Jc As 5h]
Seat 1: barman_cix (button) (small blind) folded on the River
Seat 2: annjne (big blind) collected ($35.50)


PokerStars Hand #144599974284:  Hold'em Limit ($3/$6 USD) - 2015/11/30 4:36:18 ET
Table 'Theemin II' 2-max Seat #2 is the button
Seat 1: barman_cix ($88.64 in chips)
Seat 2: annjne ($148.50 in chips)
annjne: posts small blind $1
barman_cix: posts big blind $3
*** HOLE CARDS ***
annjne: raises $3 to $6
barman_cix: folds
Uncalled bet ($3) returned to annjne
annjne collected $6 from pot
*** SUMMARY ***
Total pot $6 | Rake $0
Seat 1: barman_cix (big blind) folded before Flop
Seat 2: annjne (button) (small blind) collected ($6)


PokerStars Hand #144599967259:  Hold'em Limit ($3/$6 USD) - 2015/11/30 4:35:58 ET
Table 'Theemin II' 2-max Seat #2 is the button
Seat 1: barman_cix ($88.64 in chips)
Seat 2: annjne ($148.50 in chips)
annjne: posts small blind $1
barman_cix: posts big blind $3
*** HOLE CARDS ***
annjne: raises $3 to $6
barman_cix: folds
Uncalled bet ($3) returned to annjne
annjne collected $6 from pot
*** SUMMARY ***
Total pot $6 | Rake $0
Seat 1: barman_cix (big blind) folded before Flop
Seat 2: annjne (button) (small blind) collected ($6)


PokerStars Hand #144599992501:  Hold'em Limit ($3/$6 USD) - 2015/11/30 4:37:09 ET
Table 'Theemin II' 2-max Seat #1 is the button
Seat 1: barman_cix ($67.39 in chips)
Seat 2: annjne ($168.75 in chips)
barman_cix: posts small blind $1
annjne: posts big blind $3
*** HOLE CARDS ***
barman_cix: raises $3 to $6
annjne: calls $3
*** FLOP *** [2d 5c Th]
annjne: checks
barman_cix: bets $3
annjne: calls $3
*** TURN *** [2d 5c Th] [3h]
annjne: checks
barman_cix: bets $6
annjne: calls $6
*** RIVER *** [2d 5c Th 3h] [Ad]
annjne: checks
barman_cix: bets $6
annjne: folds
Uncalled bet ($6) returned to barman_cix
barman_cix collected $29.50 from pot
barman_cix: doesn't show hand
*** SUMMARY ***
Total pot $30 | Rake $0.50
Board [2d 5c Th 3h Ad]
Seat 1: barman_cix (button) (small blind) collected ($29.50)
Seat 2: annjne (big blind) folded on the River


PokerStars Hand #144599987053:  Hold'em Limit ($3/$6 USD) - 2015/11/30 4:36:54 ET
Table 'Theemin II' 2-max Seat #2 is the button
Seat 1: barman_cix ($67.64 in chips)
Seat 2: annjne ($169 in chips)
annjne: posts small blind $1
barman_cix: posts big blind $3
*** HOLE CARDS ***
annjne: raises $3 to $6
barman_cix: raises $3 to $9
annjne: calls $3
*** FLOP *** [Qs Ks 7s]
barman_cix: bets $3
annjne: calls $3
*** TURN *** [Qs Ks 7s] [3d]
barman_cix: bets $6
annjne: calls $6
*** RIVER *** [Qs Ks 7s 3d] [Qd]
barman_cix: bets $6
annjne: calls $6
*** SHOW DOWN ***
barman_cix: shows [Td 7d] (two pair, Queens and Sevens)
annjne: shows [7c 8s] (two pair, Queens and Sevens)
barman_cix collected $23.75 from pot
annjne collected $23.75 from pot
*** SUMMARY ***
Total pot $48 | Rake $0.50
Board [Qs Ks 7s 3d Qd]
Seat 1: barman_cix (big blind) showed [Td 7d] and won ($23.75) with two pair, Queens and Sevens
Seat 2: annjne (button) (small blind) showed [7c 8s] and won ($23.75) with two pair, Queens and Sevens


PokerStars Hand #144600027102:  Hold'em Limit ($3/$6 USD) - 2015/11/30 4:38:45 ET
Table 'Theemin II' 2-max Seat #2 is the button
Seat 1: barman_cix ($102.15 in chips)
Seat 2: annjne ($132.75 in chips)
annjne: posts small blind $1
barman_cix: posts big blind $3
*** HOLE CARDS ***
annjne: raises $3 to $6
barman_cix: folds
Uncalled bet ($3) returned to annjne
annjne collected $6 from pot
*** SUMMARY ***
Total pot $6 | Rake $0
Seat 1: barman_cix (big blind) folded before Flop
Seat 2: annjne (button) (small blind) collected ($6)


PokerStars Hand #144600000964:  Hold'em Limit ($3/$6 USD) - 2015/11/30 4:37:33 ET
Table 'Theemin II' 2-max Seat #2 is the button
Seat 1: barman_cix ($81.89 in chips)
Seat 2: annjne ($153.75 in chips)
annjne: posts small blind $1
barman_cix: posts big blind $3
*** HOLE CARDS ***
annjne: raises $3 to $6
barman_cix: calls $3
*** FLOP *** [3d 8h 4d]
barman_cix: checks
annjne: checks
*** TURN *** [3d 8h 4d] [Kh]
barman_cix: bets $6
annjne: folds
Uncalled bet ($6) returned to barman_cix
barman_cix collected $11.76 from pot
barman_cix: doesn't show hand
*** SUMMARY ***
Total pot $12 | Rake $0.24
Board [3d 8h 4d Kh]
Seat 1: barman_cix (big blind) collected ($11.76)
Seat 2: annjne (button) (small blind) folded on the Turn


PokerStars Hand #144600029721:  Hold'em Limit ($3/$6 USD) - 2015/11/30 4:38:53 ET
Table 'Theemin II' 2-max Seat #1 is the button
Seat 1: barman_cix ($99.15 in chips)
Seat 2: annjne ($135.75 in chips)
barman_cix: posts small blind $1
annjne: posts big blind $3
*** HOLE CARDS ***
barman_cix: raises $3 to $6
annjne: calls $3
*** FLOP *** [Jc 2h Ad]
annjne: checks
barman_cix: checks
*** TURN *** [Jc 2h Ad] [9d]
annjne: bets $6
barman_cix: folds
Uncalled bet ($6) returned to annjne
annjne collected $11.76 from pot
*** SUMMARY ***
Total pot $12 | Rake $0.24
Board [Jc 2h Ad 9d]
Seat 1: barman_cix (button) (small blind) folded on the Turn
Seat 2: annjne (big blind) collected ($11.76)


PokerStars Hand #144600039647:  Hold'em Limit ($3/$6 USD) - 2015/11/30 4:39:20 ET
Table 'Theemin II' 2-max Seat #2 is the button
Seat 1: barman_cix ($93.15 in chips)
Seat 2: annjne ($141.51 in chips)
annjne: posts small blind $1
barman_cix: posts big blind $3
*** HOLE CARDS ***
annjne: raises $3 to $6
barman_cix: calls $3
*** FLOP *** [8c 9s 2h]
barman_cix: checks
annjne: checks
*** TURN *** [8c 9s 2h] [2s]
barman_cix: checks
annjne: checks
*** RIVER *** [8c 9s 2h 2s] [Ac]
barman_cix: bets $6
annjne: folds
Uncalled bet ($6) returned to barman_cix
barman_cix collected $11.76 from pot
barman_cix: doesn't show hand
*** SUMMARY ***
Total pot $12 | Rake $0.24
Board [8c 9s 2h 2s Ac]
Seat 1: barman_cix (big blind) collected ($11.76)
Seat 2: annjne (button) (small blind) folded on the River


PokerStars Hand #144600067225:  Hold'em Limit ($3/$6 USD) - 2015/11/30 4:40:37 ET
Table 'Theemin II' 2-max Seat #1 is the button
Seat 1: barman_cix ($110.55 in chips)
Seat 2: annjne ($123.51 in chips)
barman_cix: posts small blind $1
annjne: posts big blind $3
*** HOLE CARDS ***
barman_cix: raises $3 to $6
annjne: raises $3 to $9
barman_cix: calls $3
*** FLOP *** [6s As Th]
annjne: bets $3
barman_cix: calls $3
*** TURN *** [6s As Th] [7c]
annjne: bets $6
barman_cix: raises $6 to $12
annjne: calls $6
*** RIVER *** [6s As Th 7c] [8c]
annjne: checks
barman_cix: bets $6
annjne: folds
Uncalled bet ($6) returned to barman_cix
barman_cix collected $47.50 from pot
barman_cix: doesn't show hand
*** SUMMARY ***
Total pot $48 | Rake $0.50
Board [6s As Th 7c 8c]
Seat 1: barman_cix (button) (small blind) collected ($47.50)
Seat 2: annjne (big blind) folded on the River


PokerStars Hand #144600052696:  Hold'em Limit ($3/$6 USD) - 2015/11/30 4:39:57 ET
Table 'Theemin II' 2-max Seat #2 is the button
Seat 1: barman_cix ($101.91 in chips)
Seat 2: annjne ($132.51 in chips)
annjne: posts small blind $1
barman_cix: posts big blind $3
*** HOLE CARDS ***
annjne: raises $3 to $6
barman_cix: calls $3
*** FLOP *** [2s Jd 7h]
barman_cix: checks
annjne: bets $3
barman_cix: raises $3 to $6
annjne: folds
Uncalled bet ($3) returned to barman_cix
barman_cix collected $17.64 from pot
barman_cix: doesn't show hand
*** SUMMARY ***
Total pot $18 | Rake $0.36
Board [2s Jd 7h]
Seat 1: barman_cix (big blind) collected ($17.64)
Seat 2: annjne (button) (small blind) folded on the Flop


PokerStars Hand #144600088187:  Hold'em Limit ($3/$6 USD) - 2015/11/30 4:41:35 ET
Table 'Theemin II' 2-max Seat #1 is the button
Seat 1: barman_cix ($117.69 in chips)
Seat 2: annjne ($115.01 in chips)
barman_cix: posts small blind $1
annjne: posts big blind $3
*** HOLE CARDS ***
barman_cix: raises $3 to $6
annjne: calls $3
*** FLOP *** [Th Qc Qd]
annjne: checks
barman_cix: bets $3
annjne: folds
Uncalled bet ($3) returned to barman_cix
barman_cix collected $11.76 from pot
barman_cix: doesn't show hand
*** SUMMARY ***
Total pot $12 | Rake $0.24
Board [Th Qc Qd]
Seat 1: barman_cix (button) (small blind) collected ($11.76)
Seat 2: annjne (big blind) folded on the Flop


PokerStars Hand #144600080928:  Hold'em Limit ($3/$6 USD) - 2015/11/30 4:41:15 ET
Table 'Theemin II' 2-max Seat #1 is the button
Seat 1: barman_cix ($110.05 in chips)
Seat 2: annjne ($123.01 in chips)
barman_cix: posts small blind $1
annjne: posts big blind $3
*** HOLE CARDS ***
barman_cix: folds
Uncalled bet ($2) returned to annjne
annjne collected $2 from pot
*** SUMMARY ***
Total pot $2 | Rake $0
Seat 1: barman_cix (button) (small blind) folded before Flop
Seat 2: annjne (big blind) collected ($2)


PokerStars Hand #144600074075:  Hold'em Limit ($3/$6 USD) - 2015/11/30 4:40:56 ET
Table 'Theemin II' 2-max Seat #2 is the button
Seat 1: barman_cix ($134.05 in chips)
Seat 2: annjne ($99.51 in chips)
annjne: posts small blind $1
barman_cix: posts big blind $3
*** HOLE CARDS ***
annjne: raises $3 to $6
barman_cix: raises $3 to $9
annjne: calls $3
*** FLOP *** [7s 4d 3h]
barman_cix: bets $3
annjne: calls $3
*** TURN *** [7s 4d 3h] [8d]
barman_cix: bets $6
annjne: calls $6
*** RIVER *** [7s 4d 3h 8d] [Qh]
barman_cix: checks
annjne: bets $6
barman_cix: calls $6
*** SHOW DOWN ***
annjne: shows [8s Tc] (a pair of Eights)
barman_cix: mucks hand
annjne collected $47.50 from pot
*** SUMMARY ***
Total pot $48 | Rake $0.50
Board [7s 4d 3h 8d Qh]
Seat 1: barman_cix (big blind) mucked
Seat 2: annjne (button) (small blind) showed [8s Tc] and won ($47.50) with a pair of Eights


PokerStars Hand #144600082979:  Hold'em Limit ($3/$6 USD) - 2015/11/30 4:41:20 ET
Table 'Theemin II' 2-max Seat #2 is the button
Seat 1: barman_cix ($109.05 in chips)
Seat 2: annjne ($124.01 in chips)
annjne: posts small blind $1
barman_cix: posts big blind $3
*** HOLE CARDS ***
annjne: raises $3 to $6
barman_cix: raises $3 to $9
annjne: calls $3
*** FLOP *** [Ts 6c Qc]
barman_cix: checks
annjne: checks
*** TURN *** [Ts 6c Qc] [2s]
barman_cix: bets $6
annjne: folds
Uncalled bet ($6) returned to barman_cix
barman_cix collected $17.64 from pot
*** SUMMARY ***
Total pot $18 | Rake $0.36
Board [Ts 6c Qc 2s]
Seat 1: barman_cix (big blind) collected ($17.64)
Seat 2: annjne (button) (small blind) folded on the Turn


PokerStars Hand #144600101488:  Hold'em Limit ($3/$6 USD) - 2015/11/30 4:42:11 ET
Table 'Theemin II' 2-max Seat #1 is the button
Seat 1: barman_cix ($124.45 in chips)
Seat 2: annjne ($108.01 in chips)
barman_cix: posts small blind $1
annjne: posts big blind $3
*** HOLE CARDS ***
barman_cix: folds
Uncalled bet ($2) returned to annjne
annjne collected $2 from pot
*** SUMMARY ***
Total pot $2 | Rake $0
Seat 1: barman_cix (button) (small blind) folded before Flop
Seat 2: annjne (big blind) collected ($2)


PokerStars Hand #144600103647:  Hold'em Limit ($3/$6 USD) - 2015/11/30 4:42:17 ET
Table 'Theemin II' 2-max Seat #2 is the button
Seat 1: barman_cix ($123.45 in chips)
Seat 2: annjne ($109.01 in chips)
annjne: posts small blind $1
barman_cix: posts big blind $3
*** HOLE CARDS ***
annjne: raises $3 to $6
barman_cix: calls $3
*** FLOP *** [Ts Ac 9c]
barman_cix: checks
annjne: checks
*** TURN *** [Ts Ac 9c] [5c]
barman_cix: checks
annjne: checks
*** RIVER *** [Ts Ac 9c 5c] [8s]
barman_cix: checks
annjne: checks
*** SHOW DOWN ***
barman_cix: shows [2h 7h] (high card Ace)
annjne: shows [8h Ks] (a pair of Eights)
annjne collected $11.76 from pot
*** SUMMARY ***
Total pot $12 | Rake $0.24
Board [Ts Ac 9c 5c 8s]
Seat 1: barman_cix (big blind) showed [2h 7h] and lost with high card Ace
Seat 2: annjne (button) (small blind) showed [8h Ks] and won ($11.76) with a pair of Eights


PokerStars Hand #144600107501:  Hold'em Limit ($3/$6 USD) - 2015/11/30 4:42:28 ET
Table 'Theemin II' 2-max Seat #1 is the button
Seat 1: barman_cix ($117.45 in chips)
Seat 2: annjne ($114.77 in chips)
barman_cix: posts small blind $1
annjne: posts big blind $3
*** HOLE CARDS ***
barman_cix: folds
Uncalled bet ($2) returned to annjne
annjne collected $2 from pot
*** SUMMARY ***
Total pot $2 | Rake $0
Seat 1: barman_cix (button) (small blind) folded before Flop
Seat 2: annjne (big blind) collected ($2)


PokerStars Hand #144600109243:  Hold'em Limit ($3/$6 USD) - 2015/11/30 4:42:32 ET
Table 'Theemin II' 2-max Seat #2 is the button
Seat 1: barman_cix ($116.45 in chips)
Seat 2: annjne ($115.77 in chips)
annjne: posts small blind $1
barman_cix: posts big blind $3
*** HOLE CARDS ***
annjne: raises $3 to $6
barman_cix: raises $3 to $9
annjne: calls $3
*** FLOP *** [Qs 3s 7s]
barman_cix: bets $3
annjne: folds
Uncalled bet ($3) returned to barman_cix
barman_cix collected $17.64 from pot
barman_cix: doesn't show hand
*** SUMMARY ***
Total pot $18 | Rake $0.36
Board [Qs 3s 7s]
Seat 1: barman_cix (big blind) collected ($17.64)
Seat 2: annjne (button) (small blind) folded on the Flop


PokerStars Hand #144600096455:  Hold'em Limit ($3/$6 USD) - 2015/11/30 4:41:58 ET
Table 'Theemin II' 2-max Seat #2 is the button
Seat 1: barman_cix ($123.45 in chips)
Seat 2: annjne ($109.01 in chips)
annjne: posts small blind $1
barman_cix: posts big blind $3
*** HOLE CARDS ***
annjne: folds
Uncalled bet ($2) returned to barman_cix
barman_cix collected $2 from pot
barman_cix: doesn't show hand
*** SUMMARY ***
Total pot $2 | Rake $0
Seat 1: barman_cix (big blind) collected ($2)
Seat 2: annjne (button) (small blind) folded before Flop


PokerStars Hand #144600116597:  Hold'em Limit ($3/$6 USD) - 2015/11/30 4:42:53 ET
Table 'Theemin II' 2-max Seat #1 is the button
Seat 1: barman_cix ($125.09 in chips)
Seat 2: annjne ($106.77 in chips)
barman_cix: posts small blind $1
annjne: posts big blind $3
*** HOLE CARDS ***
barman_cix: raises $3 to $6
annjne: raises $3 to $9
barman_cix: raises $3 to $12
Betting is capped
annjne: calls $3
*** FLOP *** [9h 2d 5d]
annjne: checks
barman_cix: bets $3
annjne: calls $3
*** TURN *** [9h 2d 5d] [7c]
annjne: checks
barman_cix: bets $6
annjne: folds
Uncalled bet ($6) returned to barman_cix
barman_cix collected $29.50 from pot
barman_cix: doesn't show hand
*** SUMMARY ***
Total pot $30 | Rake $0.50
Board [9h 2d 5d 7c]
Seat 1: barman_cix (button) (small blind) collected ($29.50)
Seat 2: annjne (big blind) folded on the Turn


PokerStars Hand #144600127360:  Hold'em Limit ($3/$6 USD) - 2015/11/30 4:43:22 ET
Table 'Theemin II' 2-max Seat #2 is the button
Seat 1: barman_cix ($139.59 in chips)
Seat 2: annjne ($91.77 in chips)
annjne: posts small blind $1
barman_cix: posts big blind $3
*** HOLE CARDS ***
annjne: raises $3 to $6
barman_cix: calls $3
*** FLOP *** [Qc Kh Kc]
barman_cix: checks
annjne: bets $3
barman_cix: folds
Uncalled bet ($3) returned to annjne
annjne collected $11.76 from pot
*** SUMMARY ***
Total pot $12 | Rake $0.24
Board [Qc Kh Kc]
Seat 1: barman_cix (big blind) folded on the Flop
Seat 2: annjne (button) (small blind) collected ($11.76)


PokerStars Hand #144600131191:  Hold'em Limit ($3/$6 USD) - 2015/11/30 4:43:32 ET
Table 'Theemin II' 2-max Seat #1 is the button
Seat 1: barman_cix ($133.59 in chips)
Seat 2: annjne ($97.53 in chips)
barman_cix: posts small blind $1
annjne: posts big blind $3
*** HOLE CARDS ***
barman_cix: raises $3 to $6
annjne: calls $3
*** FLOP *** [8h Qs Kd]
annjne: checks
barman_cix: bets $3
annjne: calls $3
*** TURN *** [8h Qs Kd] [Kh]
annjne: checks
barman_cix: bets $6
annjne: calls $6
*** RIVER *** [8h Qs Kd Kh] [5c]
annjne: checks
barman_cix: bets $6
annjne: raises $6 to $12
barman_cix: folds
Uncalled bet ($6) returned to annjne
annjne collected $41.50 from pot
*** SUMMARY ***
Total pot $42 | Rake $0.50
Board [8h Qs Kd Kh 5c]
Seat 1: barman_cix (button) (small blind) folded on the River
Seat 2: annjne (big blind) collected ($41.50)


PokerStars Hand #144600145987:  Hold'em Limit ($3/$6 USD) - 2015/11/30 4:44:13 ET
Table 'Theemin II' 2-max Seat #2 is the button
Seat 1: barman_cix ($112.59 in chips)
Seat 2: annjne ($118.03 in chips)
annjne: posts small blind $1
barman_cix: posts big blind $3
*** HOLE CARDS ***
annjne: raises $3 to $6
barman_cix: folds
Uncalled bet ($3) returned to annjne
annjne collected $6 from pot
*** SUMMARY ***
Total pot $6 | Rake $0
Seat 1: barman_cix (big blind) folded before Flop
Seat 2: annjne (button) (small blind) collected ($6)


PokerStars Hand #144600144260:  Hold'em Limit ($3/$6 USD) - 2015/11/30 4:44:08 ET
Table 'Theemin II' 2-max Seat #1 is the button
Seat 1: barman_cix ($113.59 in chips)
Seat 2: annjne ($117.03 in chips)
barman_cix: posts small blind $1
annjne: posts big blind $3
*** HOLE CARDS ***
barman_cix: folds
Uncalled bet ($2) returned to annjne
annjne collected $2 from pot
*** SUMMARY ***
Total pot $2 | Rake $0
Seat 1: barman_cix (button) (small blind) folded before Flop
Seat 2: annjne (big blind) collected ($2)


PokerStars Hand #144600148646:  Hold'em Limit ($3/$6 USD) - 2015/11/30 4:44:20 ET
Table 'Theemin II' 2-max Seat #1 is the button
Seat 1: barman_cix ($109.59 in chips)
Seat 2: annjne ($121.03 in chips)
barman_cix: posts small blind $1
annjne: posts big blind $3
*** HOLE CARDS ***
barman_cix: folds
Uncalled bet ($2) returned to annjne
annjne collected $2 from pot
*** SUMMARY ***
Total pot $2 | Rake $0
Seat 1: barman_cix (button) (small blind) folded before Flop
Seat 2: annjne (big blind) collected ($2)


PokerStars Hand #144600140392:  Hold'em Limit ($3/$6 USD) - 2015/11/30 4:43:57 ET
Table 'Theemin II' 2-max Seat #2 is the button
Seat 1: barman_cix ($112.59 in chips)
Seat 2: annjne ($118.03 in chips)
annjne: posts small blind $1
barman_cix: posts big blind $3
*** HOLE CARDS ***
annjne: folds
Uncalled bet ($2) returned to barman_cix
barman_cix collected $2 from pot
barman_cix: doesn't show hand
*** SUMMARY ***
Total pot $2 | Rake $0
Seat 1: barman_cix (big blind) collected ($2)
Seat 2: annjne (button) (small blind) folded before Flop


PokerStars Hand #144600166835:  Hold'em Limit ($3/$6 USD) - 2015/11/30 4:45:09 ET
Table 'Theemin II' 2-max Seat #2 is the button
Seat 1: barman_cix ($125.09 in chips)
Seat 2: annjne ($105.03 in chips)
annjne: posts small blind $1
barman_cix: posts big blind $3
*** HOLE CARDS ***
annjne: raises $3 to $6
barman_cix: raises $3 to $9
annjne: calls $3
*** FLOP *** [8c 6d 7s]
barman_cix: bets $3
annjne: raises $3 to $6
barman_cix: calls $3
*** TURN *** [8c 6d 7s] [9h]
barman_cix: checks
annjne: checks
*** RIVER *** [8c 6d 7s 9h] [5c]
barman_cix: checks
annjne: checks
*** SHOW DOWN ***
barman_cix: shows [4c Kd] (a straight, Five to Nine)
annjne: shows [8d Ah] (a straight, Five to Nine)
barman_cix collected $14.75 from pot
annjne collected $14.75 from pot
*** SUMMARY ***
Total pot $30 | Rake $0.50
Board [8c 6d 7s 9h 5c]
Seat 1: barman_cix (big blind) showed [4c Kd] and won ($14.75) with a straight, Five to Nine
Seat 2: annjne (button) (small blind) showed [8d Ah] and won ($14.75) with a straight, Five to Nine


PokerStars Hand #144600172902:  Hold'em Limit ($3/$6 USD) - 2015/11/30 4:45:26 ET
Table 'Theemin II' 2-max Seat #1 is the button
Seat 1: barman_cix ($124.84 in chips)
Seat 2: annjne ($104.78 in chips)
barman_cix: posts small blind $1
annjne: posts big blind $3
*** HOLE CARDS ***
barman_cix: raises $3 to $6
annjne: raises $3 to $9
barman_cix: raises $3 to $12
Betting is capped
annjne: calls $3
*** FLOP *** [4c 6h Kc]
annjne: checks
barman_cix: bets $3
annjne: folds
Uncalled bet ($3) returned to barman_cix
barman_cix collected $23.52 from pot
barman_cix: doesn't show hand
*** SUMMARY ***
Total pot $24 | Rake $0.48
Board [4c 6h Kc]
Seat 1: barman_cix (button) (small blind) collected ($23.52)
Seat 2: annjne (big blind) folded on the Flop


PokerStars Hand #144600164639:  Hold'em Limit ($3/$6 USD) - 2015/11/30 4:45:03 ET
Table 'Theemin II' 2-max Seat #1 is the button
Seat 1: barman_cix ($126.09 in chips)
Seat 2: annjne ($104.03 in chips)
barman_cix: posts small blind $1
annjne: posts big blind $3
*** HOLE CARDS ***
barman_cix: folds
Uncalled bet ($2) returned to annjne
annjne collected $2 from pot
*** SUMMARY ***
Total pot $2 | Rake $0
Seat 1: barman_cix (button) (small blind) folded before Flop
Seat 2: annjne (big blind) collected ($2)


PokerStars Hand #144600150772:  Hold'em Limit ($3/$6 USD) - 2015/11/30 4:44:26 ET
Table 'Theemin II' 2-max Seat #2 is the button
Seat 1: barman_cix ($108.59 in chips)
Seat 2: annjne ($122.03 in chips)
annjne: posts small blind $1
barman_cix: posts big blind $3
*** HOLE CARDS ***
annjne: raises $3 to $6
barman_cix: raises $3 to $9
annjne: calls $3
*** FLOP *** [7c 5c 2c]
barman_cix: checks
annjne: bets $3
barman_cix: calls $3
*** TURN *** [7c 5c 2c] [9s]
barman_cix: checks
annjne: checks
*** RIVER *** [7c 5c 2c 9s] [3s]
barman_cix: bets $6
annjne: calls $6
*** SHOW DOWN ***
barman_cix: shows [7d Kc] (a pair of Sevens)
annjne: mucks hand
barman_cix collected $35.50 from pot
*** SUMMARY ***
Total pot $36 | Rake $0.50
Board [7c 5c 2c 9s 3s]
Seat 1: barman_cix (big blind) showed [7d Kc] and won ($35.50) with a pair of Sevens
Seat 2: annjne (button) (small blind) mucked


PokerStars Hand #144600193848:  Hold'em Limit ($3/$6 USD) - 2015/11/30 4:46:23 ET
Table 'Theemin II' 2-max Seat #2 is the button
Seat 1: barman_cix ($150.88 in chips)
Seat 2: annjne ($77.78 in chips)
annjne: posts small blind $1
barman_cix: posts big blind $3
*** HOLE CARDS ***
annjne: raises $3 to $6
barman_cix: raises $3 to $9
annjne: calls $3
*** FLOP *** [Kc 9s Th]
barman_cix: bets $3
annjne: calls $3
*** TURN *** [Kc 9s Th] [5d]
barman_cix: bets $6
annjne: calls $6
*** RIVER *** [Kc 9s Th 5d] [4s]
barman_cix: checks
annjne: checks
*** SHOW DOWN ***
barman_cix: shows [5c 2c] (a pair of Fives)
annjne: shows [9d Jh] (a pair of Nines)
annjne collected $35.50 from pot
*** SUMMARY ***
Total pot $36 | Rake $0.50
Board [Kc 9s Th 5d 4s]
Seat 1: barman_cix (big blind) showed [5c 2c] and lost with a pair of Fives
Seat 2: annjne (button) (small blind) showed [9d Jh] and won ($35.50) with a pair of Nines


PokerStars Hand #144600185732:  Hold'em Limit ($3/$6 USD) - 2015/11/30 4:46:01 ET
Table 'Theemin II' 2-max Seat #2 is the button
Seat 1: barman_cix ($136.36 in chips)
Seat 2: annjne ($92.78 in chips)
annjne: posts small blind $1
barman_cix: posts big blind $3
*** HOLE CARDS ***
annjne: raises $3 to $6
barman_cix: raises $3 to $9
annjne: calls $3
*** FLOP *** [9s 8s Qc]
barman_cix: bets $3
annjne: calls $3
*** TURN *** [9s 8s Qc] [6h]
barman_cix: bets $6
annjne: folds
Uncalled bet ($6) returned to barman_cix
barman_cix collected $23.52 from pot
barman_cix: doesn't show hand
*** SUMMARY ***
Total pot $24 | Rake $0.48
Board [9s 8s Qc 6h]
Seat 1: barman_cix (big blind) collected ($23.52)
Seat 2: annjne (button) (small blind) folded on the Turn


PokerStars Hand #144600191512:  Hold'em Limit ($3/$6 USD) - 2015/11/30 4:46:16 ET
Table 'Theemin II' 2-max Seat #1 is the button
Seat 1: barman_cix ($147.88 in chips)
Seat 2: annjne ($80.78 in chips)
barman_cix: posts small blind $1
annjne: posts big blind $3
*** HOLE CARDS ***
barman_cix: raises $3 to $6
annjne: folds
Uncalled bet ($3) returned to barman_cix
barman_cix collected $6 from pot
barman_cix: doesn't show hand
*** SUMMARY ***
Total pot $6 | Rake $0
Seat 1: barman_cix (button) (small blind) collected ($6)
Seat 2: annjne (big blind) folded before Flop


PokerStars Hand #144600211345:  Hold'em Limit ($3/$6 USD) - 2015/11/30 4:47:11 ET
Table 'Theemin II' 2-max Seat #1 is the button
Seat 1: barman_cix ($135.64 in chips)
Seat 2: annjne ($92.28 in chips)
barman_cix: posts small blind $1
annjne: posts big blind $3
*** HOLE CARDS ***
barman_cix: raises $3 to $6
annjne: raises $3 to $9
barman_cix: calls $3
*** FLOP *** [Kd 9h 3h]
annjne: bets $3
barman_cix: calls $3
*** TURN *** [Kd 9h 3h] [2s]
annjne: bets $6
barman_cix: raises $6 to $12
annjne: calls $6
*** RIVER *** [Kd 9h 3h 2s] [Ad]
annjne: checks
barman_cix: bets $6
annjne: calls $6
*** SHOW DOWN ***
barman_cix: shows [As 2d] (two pair, Aces and Deuces)
annjne: mucks hand
barman_cix collected $59.50 from pot
*** SUMMARY ***
Total pot $60 | Rake $0.50
Board [Kd 9h 3h 2s Ad]
Seat 1: barman_cix (button) (small blind) showed [As 2d] and won ($59.50) with two pair, Aces and Deuces
Seat 2: annjne (big blind) mucked


PokerStars Hand #144600223741:  Hold'em Limit ($3/$6 USD) - 2015/11/30 4:47:45 ET
Table 'Theemin II' 2-max Seat #1 is the button
Seat 1: barman_cix ($159.14 in chips)
Seat 2: annjne ($72.26 in chips)
barman_cix: posts small blind $1
annjne: posts big blind $3
*** HOLE CARDS ***
barman_cix: raises $3 to $6
annjne: calls $3
*** FLOP *** [Qh Jc Js]
annjne: checks
barman_cix: bets $3
annjne: folds
Uncalled bet ($3) returned to barman_cix
barman_cix collected $11.76 from pot
barman_cix: doesn't show hand
*** SUMMARY ***
Total pot $12 | Rake $0.24
Board [Qh Jc Js]
Seat 1: barman_cix (button) (small blind) collected ($11.76)
Seat 2: annjne (big blind) folded on the Flop


PokerStars Hand #144600209149:  Hold'em Limit ($3/$6 USD) - 2015/11/30 4:47:05 ET
Table 'Theemin II' 2-max Seat #2 is the button
Seat 1: barman_cix ($138.64 in chips)
Seat 2: annjne ($89.28 in chips)
annjne: posts small blind $1
barman_cix: posts big blind $3
*** HOLE CARDS ***
annjne: raises $3 to $6
barman_cix: folds
Uncalled bet ($3) returned to annjne
annjne collected $6 from pot
*** SUMMARY ***
Total pot $6 | Rake $0
Seat 1: barman_cix (big blind) folded before Flop
Seat 2: annjne (button) (small blind) collected ($6)


PokerStars Hand #144600240898:  Hold'em Limit ($3/$6 USD) - 2015/11/30 4:48:32 ET
Table 'Theemin II' 2-max Seat #2 is the button
Seat 1: barman_cix ($185.40 in chips)
Seat 2: annjne ($45.26 in chips)
annjne: posts small blind $1
barman_cix: posts big blind $3
*** HOLE CARDS ***
annjne: raises $3 to $6
barman_cix: raises $3 to $9
annjne: calls $3
*** FLOP *** [Qc 5d Qd]
barman_cix: bets $3
annjne: calls $3
*** TURN *** [Qc 5d Qd] [Td]
barman_cix: bets $6
annjne: calls $6
*** RIVER *** [Qc 5d Qd Td] [5s]
barman_cix: bets $6
annjne: raises $6 to $12
barman_cix: calls $6
*** SHOW DOWN ***
annjne: shows [5c As] (a full house, Fives full of Queens)
barman_cix: mucks hand
annjne collected $59.50 from pot
*** SUMMARY ***
Total pot $60 | Rake $0.50
Board [Qc 5d Qd Td 5s]
Seat 1: barman_cix (big blind) mucked
Seat 2: annjne (button) (small blind) showed [5c As] and won ($59.50) with a full house, Fives full of Queens


PokerStars Hand #144600234407:  Hold'em Limit ($3/$6 USD) - 2015/11/30 4:48:15 ET
Table 'Theemin II' 2-max Seat #1 is the button
Seat 1: barman_cix ($182.40 in chips)
Seat 2: annjne ($48.26 in chips)
barman_cix: posts small blind $1
annjne: posts big blind $3
*** HOLE CARDS ***
barman_cix: raises $3 to $6
annjne: folds
Uncalled bet ($3) returned to barman_cix
barman_cix collected $6 from pot
barman_cix: doesn't show hand
*** SUMMARY ***
Total pot $6 | Rake $0
Seat 1: barman_cix (button) (small blind) collected ($6)
Seat 2: annjne (big blind) folded before Flop


PokerStars Hand #144600226988:  Hold'em Limit ($3/$6 USD) - 2015/11/30 4:47:54 ET
Table 'Theemin II' 2-max Seat #2 is the button
Seat 1: barman_cix ($164.90 in chips)
Seat 2: annjne ($66.26 in chips)
annjne: posts small blind $1
barman_cix: posts big blind $3
*** HOLE CARDS ***
annjne: raises $3 to $6
barman_cix: raises $3 to $9
annjne: calls $3
*** FLOP *** [Qh 6c Tc]
barman_cix: bets $3
annjne: calls $3
*** TURN *** [Qh 6c Tc] [4c]
barman_cix: bets $6
annjne: calls $6
*** RIVER *** [Qh 6c Tc 4c] [4d]
barman_cix: bets $6
annjne: folds
Uncalled bet ($6) returned to barman_cix
barman_cix collected $35.50 from pot
barman_cix: doesn't show hand
*** SUMMARY ***
Total pot $36 | Rake $0.50
Board [Qh 6c Tc 4c 4d]
Seat 1: barman_cix (big blind) collected ($35.50)
Seat 2: annjne (button) (small blind) folded on the River


PokerStars Hand #144600238950:  Hold'em Limit ($3/$6 USD) - 2015/11/30 4:48:27 ET
Table 'Theemin II' 2-max Seat #1 is the button
Seat 1: barman_cix ($186.40 in chips)
Seat 2: annjne ($44.26 in chips)
barman_cix: posts small blind $1
annjne: posts big blind $3
*** HOLE CARDS ***
barman_cix: folds
Uncalled bet ($2) returned to annjne
annjne collected $2 from pot
*** SUMMARY ***
Total pot $2 | Rake $0
Seat 1: barman_cix (button) (small blind) folded before Flop
Seat 2: annjne (big blind) collected ($2)


PokerStars Hand #144600258819:  Hold'em Limit ($3/$6 USD) - 2015/11/30 4:49:21 ET
Table 'Theemin II' 2-max Seat #1 is the button
Seat 1: barman_cix ($134.04 in chips)
Seat 2: annjne ($95.26 in chips)
barman_cix: posts small blind $1
annjne: posts big blind $3
*** HOLE CARDS ***
barman_cix: raises $3 to $6
annjne: calls $3
*** FLOP *** [Ac 5h 9c]
annjne: checks
barman_cix: bets $3
annjne: folds
Uncalled bet ($3) returned to barman_cix
barman_cix collected $11.76 from pot
barman_cix: doesn't show hand
*** SUMMARY ***
Total pot $12 | Rake $0.24
Board [Ac 5h 9c]
Seat 1: barman_cix (button) (small blind) collected ($11.76)
Seat 2: annjne (big blind) folded on the Flop


PokerStars Hand #144600252345:  Hold'em Limit ($3/$6 USD) - 2015/11/30 4:49:04 ET
Table 'Theemin II' 2-max Seat #2 is the button
Seat 1: barman_cix ($164.04 in chips)
Seat 2: annjne ($65.76 in chips)
annjne: posts small blind $1
barman_cix: posts big blind $3
*** HOLE CARDS ***
annjne: raises $3 to $6
barman_cix: raises $3 to $9
annjne: calls $3
*** FLOP *** [2h Jc 9d]
barman_cix: bets $3
annjne: calls $3
*** TURN *** [2h Jc 9d] [Qd]
barman_cix: bets $6
annjne: raises $6 to $12
barman_cix: calls $6
*** RIVER *** [2h Jc 9d Qd] [Jh]
barman_cix: checks
annjne: bets $6
barman_cix: calls $6
*** SHOW DOWN ***
annjne: shows [Th Ks] (a straight, Nine to King)
barman_cix: mucks hand
annjne collected $59.50 from pot
*** SUMMARY ***
Total pot $60 | Rake $0.50
Board [2h Jc 9d Qd Jh]
Seat 1: barman_cix (big blind) mucked
Seat 2: annjne (button) (small blind) showed [Th Ks] and won ($59.50) with a straight, Nine to King


PokerStars Hand #144600279485:  Hold'em Limit ($3/$6 USD) - 2015/11/30 4:50:18 ET
Table 'Theemin II' 2-max Seat #1 is the button
Seat 1: barman_cix ($171.80 in chips)
Seat 2: annjne ($56.26 in chips)
barman_cix: posts small blind $1
annjne: posts big blind $3
*** HOLE CARDS ***
barman_cix: folds
Uncalled bet ($2) returned to annjne
annjne collected $2 from pot
*** SUMMARY ***
Total pot $2 | Rake $0
Seat 1: barman_cix (button) (small blind) folded before Flop
Seat 2: annjne (big blind) collected ($2)


PokerStars Hand #144600277398:  Hold'em Limit ($3/$6 USD) - 2015/11/30 4:50:12 ET
Table 'Theemin II' 2-max Seat #2 is the button
Seat 1: barman_cix ($174.80 in chips)
Seat 2: annjne ($53.26 in chips)
annjne: posts small blind $1
barman_cix: posts big blind $3
*** HOLE CARDS ***
annjne: raises $3 to $6
barman_cix: folds
Uncalled bet ($3) returned to annjne
annjne collected $6 from pot
*** SUMMARY ***
Total pot $6 | Rake $0
Seat 1: barman_cix (big blind) folded before Flop
Seat 2: annjne (button) (small blind) collected ($6)


PokerStars Hand #144600283189:  Hold'em Limit ($3/$6 USD) - 2015/11/30 4:50:28 ET
Table 'Theemin II' 2-max Seat #1 is the button
Seat 1: barman_cix ($171.80 in chips)
Seat 2: annjne ($56.26 in chips)
barman_cix: posts small blind $1
annjne: posts big blind $3
*** HOLE CARDS ***
barman_cix: folds
Uncalled bet ($2) returned to annjne
annjne collected $2 from pot
*** SUMMARY ***
Total pot $2 | Rake $0
Seat 1: barman_cix (button) (small blind) folded before Flop
Seat 2: annjne (big blind) collected ($2)


PokerStars Hand #144600281475:  Hold'em Limit ($3/$6 USD) - 2015/11/30 4:50:23 ET
Table 'Theemin II' 2-max Seat #2 is the button
Seat 1: barman_cix ($170.80 in chips)
Seat 2: annjne ($57.26 in chips)
annjne: posts small blind $1
barman_cix: posts big blind $3
*** HOLE CARDS ***
annjne: folds
Uncalled bet ($2) returned to barman_cix
barman_cix collected $2 from pot
barman_cix: doesn't show hand
*** SUMMARY ***
Total pot $2 | Rake $0
Seat 1: barman_cix (big blind) collected ($2)
Seat 2: annjne (button) (small blind) folded before Flop


PokerStars Hand #144600285053:  Hold'em Limit ($3/$6 USD) - 2015/11/30 4:50:33 ET
Table 'Theemin II' 2-max Seat #2 is the button
Seat 1: barman_cix ($170.80 in chips)
Seat 2: annjne ($57.26 in chips)
annjne: posts small blind $1
barman_cix: posts big blind $3
*** HOLE CARDS ***
annjne: raises $3 to $6
barman_cix: calls $3
*** FLOP *** [5c 5s Td]
barman_cix: checks
annjne: bets $3
barman_cix: calls $3
*** TURN *** [5c 5s Td] [7s]
barman_cix: checks
annjne: checks
*** RIVER *** [5c 5s Td 7s] [As]
barman_cix: checks
annjne: bets $6
barman_cix: calls $6
*** SHOW DOWN ***
annjne: shows [6s 2d] (a pair of Fives)
barman_cix: shows [Qs 6c] (a pair of Fives - Ace+Queen kicker)
barman_cix collected $29.50 from pot
*** SUMMARY ***
Total pot $30 | Rake $0.50
Board [5c 5s Td 7s As]
Seat 1: barman_cix (big blind) showed [Qs 6c] and won ($29.50) with a pair of Fives
Seat 2: annjne (button) (small blind) showed [6s 2d] and lost with a pair of Fives


PokerStars Hand #144600269106:  Hold'em Limit ($3/$6 USD) - 2015/11/30 4:49:49 ET
Table 'Theemin II' 2-max Seat #1 is the button
Seat 1: barman_cix ($160.30 in chips)
Seat 2: annjne ($68.26 in chips)
barman_cix: posts small blind $1
annjne: posts big blind $3
*** HOLE CARDS ***
barman_cix: raises $3 to $6
annjne: calls $3
*** FLOP *** [4c Kh 7d]
annjne: checks
barman_cix: bets $3
annjne: calls $3
*** TURN *** [4c Kh 7d] [5h]
annjne: checks
barman_cix: checks
*** RIVER *** [4c Kh 7d 5h] [Tc]
annjne: bets $6
barman_cix: raises $6 to $12
annjne: folds
Uncalled bet ($6) returned to barman_cix
barman_cix collected $29.50 from pot
barman_cix: doesn't show hand
*** SUMMARY ***
Total pot $30 | Rake $0.50
Board [4c Kh 7d 5h Tc]
Seat 1: barman_cix (button) (small blind) collected ($29.50)
Seat 2: annjne (big blind) folded on the River


PokerStars Hand #144600292227:  Hold'em Limit ($3/$6 USD) - 2015/11/30 4:50:52 ET
Table 'Theemin II' 2-max Seat #1 is the button
Seat 1: barman_cix ($185.30 in chips)
Seat 2: annjne ($42.26 in chips)
barman_cix: posts small blind $1
annjne: posts big blind $3
*** HOLE CARDS ***
barman_cix: calls $2
annjne: checks
*** FLOP *** [2h 8c 7h]
annjne: checks
barman_cix: bets $3
annjne: calls $3
*** TURN *** [2h 8c 7h] [Js]
annjne: checks
barman_cix: bets $6
annjne: calls $6
*** RIVER *** [2h 8c 7h Js] [Kh]
annjne: checks
barman_cix: checks
*** SHOW DOWN ***
annjne: shows [9d 6c] (high card King)
barman_cix: shows [7d 9s] (a pair of Sevens)
barman_cix collected $23.52 from pot
*** SUMMARY ***
Total pot $24 | Rake $0.48
Board [2h 8c 7h Js Kh]
Seat 1: barman_cix (button) (small blind) showed [7d 9s] and won ($23.52) with a pair of Sevens
Seat 2: annjne (big blind) showed [9d 6c] and lost with high card King


PokerStars Hand #144600297473:  Hold'em Limit ($3/$6 USD) - 2015/11/30 4:51:06 ET
Table 'Theemin II' 2-max Seat #2 is the button
Seat 1: barman_cix ($196.82 in chips)
Seat 2: annjne ($30.26 in chips)
annjne: posts small blind $1
barman_cix: posts big blind $3
*** HOLE CARDS ***
annjne: raises $3 to $6
barman_cix: calls $3
*** FLOP *** [9d 7s 7h]
barman_cix: checks
annjne: bets $3
barman_cix: calls $3
*** TURN *** [9d 7s 7h] [9c]
barman_cix: checks
annjne: checks
*** RIVER *** [9d 7s 7h 9c] [6c]
barman_cix: checks
annjne: checks
*** SHOW DOWN ***
barman_cix: shows [5c Kc] (two pair, Nines and Sevens)
annjne: shows [Kd 6d] (two pair, Nines and Sevens)
barman_cix collected $8.82 from pot
annjne collected $8.82 from pot
*** SUMMARY ***
Total pot $18 | Rake $0.36
Board [9d 7s 7h 9c 6c]
Seat 1: barman_cix (big blind) showed [5c Kc] and won ($8.82) with two pair, Nines and Sevens
Seat 2: annjne (button) (small blind) showed [Kd 6d] and won ($8.82) with two pair, Nines and Sevens


PokerStars Hand #144600303047:  Hold'em Limit ($3/$6 USD) - 2015/11/30 4:51:21 ET
Table 'Theemin II' 2-max Seat #1 is the button
Seat 1: barman_cix ($196.64 in chips)
Seat 2: annjne ($30.08 in chips)
barman_cix: posts small blind $1
annjne: posts big blind $3
*** HOLE CARDS ***
barman_cix: folds
Uncalled bet ($2) returned to annjne
annjne collected $2 from pot
*** SUMMARY ***
Total pot $2 | Rake $0
Seat 1: barman_cix (button) (small blind) folded before Flop
Seat 2: annjne (big blind) collected ($2)


PokerStars Hand #144600305010:  Hold'em Limit ($3/$6 USD) - 2015/11/30 4:51:26 ET
Table 'Theemin II' 2-max Seat #2 is the button
Seat 1: barman_cix ($195.64 in chips)
Seat 2: annjne ($31.08 in chips)
annjne: posts small blind $1
barman_cix: posts big blind $3
*** HOLE CARDS ***
annjne: raises $3 to $6
barman_cix: calls $3
*** FLOP *** [6c Ah 8s]
barman_cix: checks
annjne: bets $3
barman_cix: raises $3 to $6
annjne: calls $3
*** TURN *** [6c Ah 8s] [Jc]
barman_cix: bets $6
annjne: calls $6
*** RIVER *** [6c Ah 8s Jc] [Jh]
barman_cix: bets $6
annjne: calls $6
*** SHOW DOWN ***
barman_cix: shows [6s Kc] (two pair, Jacks and Sixes)
annjne: shows [Ts Th] (two pair, Jacks and Tens)
annjne collected $47.50 from pot
*** SUMMARY ***
Total pot $48 | Rake $0.50
Board [6c Ah 8s Jc Jh]
Seat 1: barman_cix (big blind) showed [6s Kc] and lost with two pair, Jacks and Sixes
Seat 2: annjne (button) (small blind) showed [Ts Th] and won ($47.50) with two pair, Jacks and Tens


PokerStars Hand #144600310870:  Hold'em Limit ($3/$6 USD) - 2015/11/30 4:51:42 ET
Table 'Theemin II' 2-max Seat #1 is the button
Seat 1: barman_cix ($171.64 in chips)
Seat 2: annjne ($54.58 in chips)
barman_cix: posts small blind $1
annjne: posts big blind $3
*** HOLE CARDS ***
barman_cix: calls $2
annjne: checks
*** FLOP *** [Qh Th Td]
annjne: bets $3
barman_cix: folds
Uncalled bet ($3) returned to annjne
annjne collected $5.88 from pot
*** SUMMARY ***
Total pot $6 | Rake $0.12
Board [Qh Th Td]
Seat 1: barman_cix (button) (small blind) folded on the Flop
Seat 2: annjne (big blind) collected ($5.88)


