PokerStars Hand #157079902938:  Hold'em Limit ($3/$6 USD) - 2016/08/09 18:33:51 ET
Table 'Theemin' 10-max Seat #8 is the button
Seat 1: batman-K8 ($60.12 in chips)
Seat 8: TinaTurner72 ($121 in chips)
TinaTurner72: posts small blind $1
batman-K8: posts big blind $3
*** HOLE CARDS ***
TinaTurner72: raises $3 to $6
batman-K8: calls $3
*** FLOP *** [Tc 9s 3c]
batman-K8: bets $3
TinaTurner72: calls $3
*** TURN *** [Tc 9s 3c] [5c]
batman-K8: bets $6
TinaTurner72: folds
Uncalled bet ($6) returned to batman-K8
batman-K8 collected $17.64 from pot
*** SUMMARY ***
Total pot $18 | Rake $0.36
Board [Tc 9s 3c 5c]
Seat 1: batman-K8 (big blind) collected ($17.64)
Seat 8: TinaTurner72 (button) (small blind) folded on the Turn


PokerStars Hand #157079893177:  Hold'em Limit ($3/$6 USD) - 2016/08/09 18:33:36 ET
Table 'Theemin' 10-max Seat #1 is the button
Seat 1: batman-K8 ($57.24 in chips)
Seat 8: TinaTurner72 ($124 in chips)
batman-K8: posts small blind $1
TinaTurner72: posts big blind $3
*** HOLE CARDS ***
batman-K8: calls $2
TinaTurner72: checks
*** FLOP *** [4d Qc 6s]
TinaTurner72: checks
batman-K8: bets $3
TinaTurner72: folds
Uncalled bet ($3) returned to batman-K8
batman-K8 collected $5.88 from pot
*** SUMMARY ***
Total pot $6 | Rake $0.12
Board [4d Qc 6s]
Seat 1: batman-K8 (button) (small blind) collected ($5.88)
Seat 8: TinaTurner72 (big blind) folded on the Flop


PokerStars Hand #157079938319:  Hold'em Limit ($3/$6 USD) - 2016/08/09 18:34:48 ET
Table 'Theemin' 10-max Seat #8 is the button
Seat 1: batman-K8 ($47.76 in chips)
Seat 8: TinaTurner72 ($132.50 in chips)
TinaTurner72: posts small blind $1
batman-K8: posts big blind $3
*** HOLE CARDS ***
TinaTurner72: folds
Uncalled bet ($2) returned to batman-K8
batman-K8 collected $2 from pot
*** SUMMARY ***
Total pot $2 | Rake $0
Seat 1: batman-K8 (big blind) collected ($2)
Seat 8: TinaTurner72 (button) (small blind) folded before Flop


PokerStars Hand #157079917378:  Hold'em Limit ($3/$6 USD) - 2016/08/09 18:34:14 ET
Table 'Theemin' 10-max Seat #1 is the button
Seat 1: batman-K8 ($68.76 in chips)
Seat 8: TinaTurner72 ($112 in chips)
batman-K8: posts small blind $1
TinaTurner72: posts big blind $3
*** HOLE CARDS ***
batman-K8: calls $2
TinaTurner72: raises $3 to $6
batman-K8: calls $3
*** FLOP *** [3h 3c Ks]
TinaTurner72: bets $3
batman-K8: calls $3
*** TURN *** [3h 3c Ks] [6h]
TinaTurner72: checks
batman-K8: bets $6
TinaTurner72: calls $6
*** RIVER *** [3h 3c Ks 6h] [2s]
TinaTurner72: checks
batman-K8: bets $6
TinaTurner72: calls $6
*** SHOW DOWN ***
batman-K8: shows [Th Jh] (a pair of Threes)
TinaTurner72: shows [Ac 2c] (two pair, Threes and Deuces)
TinaTurner72 collected $41.50 from pot
*** SUMMARY ***
Total pot $42 | Rake $0.50
Board [3h 3c Ks 6h 2s]
Seat 1: batman-K8 (button) (small blind) showed [Th Jh] and lost with a pair of Threes
Seat 8: TinaTurner72 (big blind) showed [Ac 2c] and won ($41.50) with two pair, Threes and Deuces


PokerStars Hand #157079941835:  Hold'em Limit ($3/$6 USD) - 2016/08/09 18:34:53 ET
Table 'Theemin' 10-max Seat #1 is the button
Seat 1: batman-K8 ($48.76 in chips)
Seat 8: TinaTurner72 ($131.50 in chips)
batman-K8: posts small blind $1
TinaTurner72: posts big blind $3
*** HOLE CARDS ***
batman-K8: calls $2
TinaTurner72: raises $3 to $6
batman-K8: calls $3
*** FLOP *** [9s 5d Js]
TinaTurner72: bets $3
batman-K8: calls $3
*** TURN *** [9s 5d Js] [8s]
TinaTurner72: bets $6
batman-K8: raises $6 to $12
TinaTurner72: calls $6
*** RIVER *** [9s 5d Js 8s] [2c]
TinaTurner72: checks
batman-K8: bets $6
TinaTurner72: calls $6
*** SHOW DOWN ***
batman-K8: shows [5s 2s] (a flush, Jack high)
TinaTurner72: mucks hand
batman-K8 collected $53.50 from pot
*** SUMMARY ***
Total pot $54 | Rake $0.50
Board [9s 5d Js 8s 2c]
Seat 1: batman-K8 (button) (small blind) showed [5s 2s] and won ($53.50) with a flush, Jack high
Seat 8: TinaTurner72 (big blind) mucked


PokerStars Hand #157079957230:  Hold'em Limit ($3/$6 USD) - 2016/08/09 18:35:18 ET
Table 'Theemin' 10-max Seat #8 is the button
Seat 1: batman-K8 ($75.26 in chips)
Seat 8: TinaTurner72 ($104.50 in chips)
TinaTurner72: posts small blind $1
batman-K8: posts big blind $3
*** HOLE CARDS ***
TinaTurner72: raises $3 to $6
batman-K8: raises $3 to $9
TinaTurner72: calls $3
*** FLOP *** [Td As 6d]
batman-K8: bets $3
TinaTurner72: folds
Uncalled bet ($3) returned to batman-K8
batman-K8 collected $17.64 from pot
*** SUMMARY ***
Total pot $18 | Rake $0.36
Board [Td As 6d]
Seat 1: batman-K8 (big blind) collected ($17.64)
Seat 8: TinaTurner72 (button) (small blind) folded on the Flop


PokerStars Hand #157079979806:  Hold'em Limit ($3/$6 USD) - 2016/08/09 18:35:53 ET
Table 'Theemin' 10-max Seat #8 is the button
Seat 1: batman-K8 ($107.40 in chips)
Seat 8: TinaTurner72 ($71.50 in chips)
TinaTurner72: posts small blind $1
batman-K8: posts big blind $3
*** HOLE CARDS ***
TinaTurner72: raises $3 to $6
batman-K8: calls $3
*** FLOP *** [2c Kh 5c]
batman-K8: bets $3
TinaTurner72: raises $3 to $6
batman-K8: calls $3
*** TURN *** [2c Kh 5c] [2s]
batman-K8: checks
TinaTurner72: bets $6
batman-K8: calls $6
*** RIVER *** [2c Kh 5c 2s] [3d]
batman-K8: bets $6
TinaTurner72: folds
Uncalled bet ($6) returned to batman-K8
batman-K8 collected $35.50 from pot
*** SUMMARY ***
Total pot $36 | Rake $0.50
Board [2c Kh 5c 2s 3d]
Seat 1: batman-K8 (big blind) collected ($35.50)
Seat 8: TinaTurner72 (button) (small blind) folded on the River


PokerStars Hand #157079964995:  Hold'em Limit ($3/$6 USD) - 2016/08/09 18:35:30 ET
Table 'Theemin' 10-max Seat #1 is the button
Seat 1: batman-K8 ($83.90 in chips)
Seat 8: TinaTurner72 ($95.50 in chips)
batman-K8: posts small blind $1
TinaTurner72: posts big blind $3
*** HOLE CARDS ***
batman-K8: raises $3 to $6
TinaTurner72: calls $3
*** FLOP *** [5s Js 3d]
TinaTurner72: checks
batman-K8: bets $3
TinaTurner72: raises $3 to $6
batman-K8: calls $3
*** TURN *** [5s Js 3d] [6s]
TinaTurner72: bets $6
batman-K8: calls $6
*** RIVER *** [5s Js 3d 6s] [Ad]
TinaTurner72: checks
batman-K8: bets $6
TinaTurner72: calls $6
*** SHOW DOWN ***
batman-K8: shows [Qc Ac] (a pair of Aces)
TinaTurner72: mucks hand
batman-K8 collected $47.50 from pot
*** SUMMARY ***
Total pot $48 | Rake $0.50
Board [5s Js 3d 6s Ad]
Seat 1: batman-K8 (button) (small blind) showed [Qc Ac] and won ($47.50) with a pair of Aces
Seat 8: TinaTurner72 (big blind) mucked


PokerStars Hand #157080025789:  Hold'em Limit ($3/$6 USD) - 2016/08/09 18:37:06 ET
Table 'Theemin' 10-max Seat #8 is the button
Seat 1: batman-K8 ($135.42 in chips)
Seat 8: TinaTurner72 ($102.50 in chips)
TinaTurner72: posts small blind $1
batman-K8: posts big blind $3
*** HOLE CARDS ***
TinaTurner72: raises $3 to $6
batman-K8: calls $3
*** FLOP *** [8h 9s Qc]
batman-K8: bets $3
TinaTurner72: folds
Uncalled bet ($3) returned to batman-K8
batman-K8 collected $11.76 from pot
*** SUMMARY ***
Total pot $12 | Rake $0.24
Board [8h 9s Qc]
Seat 1: batman-K8 (big blind) collected ($11.76)
Seat 8: TinaTurner72 (button) (small blind) folded on the Flop


PokerStars Hand #157080022629:  Hold'em Limit ($3/$6 USD) - 2016/08/09 18:37:01 ET
Table 'Theemin' 10-max Seat #1 is the button
Seat 1: batman-K8 ($136.42 in chips)
Seat 8: TinaTurner72 ($101.50 in chips)
batman-K8: posts small blind $1
TinaTurner72: posts big blind $3
*** HOLE CARDS ***
batman-K8: folds
Uncalled bet ($2) returned to TinaTurner72
TinaTurner72 collected $2 from pot
TinaTurner72: doesn't show hand
*** SUMMARY ***
Total pot $2 | Rake $0
Seat 1: batman-K8 (button) (small blind) folded before Flop
Seat 8: TinaTurner72 (big blind) collected ($2)


PokerStars Hand #157080014704:  Hold'em Limit ($3/$6 USD) - 2016/08/09 18:36:48 ET
Table 'Theemin' 10-max Seat #8 is the button
Seat 1: batman-K8 ($130.66 in chips)
Seat 8: TinaTurner72 ($107.50 in chips)
TinaTurner72: posts small blind $1
batman-K8: posts big blind $3
*** HOLE CARDS ***
TinaTurner72: raises $3 to $6
batman-K8: calls $3
*** FLOP *** [Qc 4h 9d]
batman-K8: bets $3
TinaTurner72: folds
Uncalled bet ($3) returned to batman-K8
batman-K8 collected $11.76 from pot
*** SUMMARY ***
Total pot $12 | Rake $0.24
Board [Qc 4h 9d]
Seat 1: batman-K8 (big blind) collected ($11.76)
Seat 8: TinaTurner72 (button) (small blind) folded on the Flop


PokerStars Hand #157080061247:  Hold'em Limit ($3/$6 USD) - 2016/08/09 18:38:02 ET
Table 'Theemin' 10-max Seat #8 is the button
Seat 1: batman-K8 ($137.06 in chips)
Seat 8: TinaTurner72 ($100.26 in chips)
TinaTurner72: posts small blind $1
batman-K8: posts big blind $3
*** HOLE CARDS ***
TinaTurner72: raises $3 to $6
batman-K8: calls $3
*** FLOP *** [6h Kd Qd]
batman-K8: bets $3
TinaTurner72: folds
Uncalled bet ($3) returned to batman-K8
batman-K8 collected $11.76 from pot
*** SUMMARY ***
Total pot $12 | Rake $0.24
Board [6h Kd Qd]
Seat 1: batman-K8 (big blind) collected ($11.76)
Seat 8: TinaTurner72 (button) (small blind) folded on the Flop


PokerStars Hand #157080058159:  Hold'em Limit ($3/$6 USD) - 2016/08/09 18:37:57 ET
Table 'Theemin' 10-max Seat #1 is the button
Seat 1: batman-K8 ($138.06 in chips)
Seat 8: TinaTurner72 ($99.26 in chips)
batman-K8: posts small blind $1
TinaTurner72: posts big blind $3
*** HOLE CARDS ***
batman-K8: folds
Uncalled bet ($2) returned to TinaTurner72
TinaTurner72 collected $2 from pot
TinaTurner72: doesn't show hand
*** SUMMARY ***
Total pot $2 | Rake $0
Seat 1: batman-K8 (button) (small blind) folded before Flop
Seat 8: TinaTurner72 (big blind) collected ($2)


PokerStars Hand #157080041105:  Hold'em Limit ($3/$6 USD) - 2016/08/09 18:37:30 ET
Table 'Theemin' 10-max Seat #8 is the button
Seat 1: batman-K8 ($144.06 in chips)
Seat 8: TinaTurner72 ($93.50 in chips)
TinaTurner72: posts small blind $1
batman-K8: posts big blind $3
*** HOLE CARDS ***
TinaTurner72: raises $3 to $6
batman-K8: calls $3
*** FLOP *** [7d Th 6h]
batman-K8: checks
TinaTurner72: checks
*** TURN *** [7d Th 6h] [Kc]
batman-K8: checks
TinaTurner72: bets $6
batman-K8: folds
Uncalled bet ($6) returned to TinaTurner72
TinaTurner72 collected $11.76 from pot
TinaTurner72: doesn't show hand
*** SUMMARY ***
Total pot $12 | Rake $0.24
Board [7d Th 6h Kc]
Seat 1: batman-K8 (big blind) folded on the Turn
Seat 8: TinaTurner72 (button) (small blind) collected ($11.76)


PokerStars Hand #157080033298:  Hold'em Limit ($3/$6 USD) - 2016/08/09 18:37:18 ET
Table 'Theemin' 10-max Seat #1 is the button
Seat 1: batman-K8 ($141.18 in chips)
Seat 8: TinaTurner72 ($96.50 in chips)
batman-K8: posts small blind $1
TinaTurner72: posts big blind $3
*** HOLE CARDS ***
batman-K8: calls $2
TinaTurner72: checks
*** FLOP *** [Kh Ks 3s]
TinaTurner72: checks
batman-K8: bets $3
TinaTurner72: folds
Uncalled bet ($3) returned to batman-K8
batman-K8 collected $5.88 from pot
*** SUMMARY ***
Total pot $6 | Rake $0.12
Board [Kh Ks 3s]
Seat 1: batman-K8 (button) (small blind) collected ($5.88)
Seat 8: TinaTurner72 (big blind) folded on the Flop


PokerStars Hand #157080104685:  Hold'em Limit ($3/$6 USD) - 2016/08/09 18:39:12 ET
Table 'Theemin' 10-max Seat #8 is the button
Seat 1: batman-K8 ($142.46 in chips)
Seat 8: TinaTurner72 ($93.78 in chips)
TinaTurner72: posts small blind $1
batman-K8: posts big blind $3
*** HOLE CARDS ***
TinaTurner72: folds
Uncalled bet ($2) returned to batman-K8
batman-K8 collected $2 from pot
*** SUMMARY ***
Total pot $2 | Rake $0
Seat 1: batman-K8 (big blind) collected ($2)
Seat 8: TinaTurner72 (button) (small blind) folded before Flop


PokerStars Hand #157080099631:  Hold'em Limit ($3/$6 USD) - 2016/08/09 18:39:03 ET
Table 'Theemin' 10-max Seat #1 is the button
Seat 1: batman-K8 ($139.46 in chips)
Seat 8: TinaTurner72 ($96.78 in chips)
batman-K8: posts small blind $1
TinaTurner72: posts big blind $3
*** HOLE CARDS ***
batman-K8: raises $3 to $6
TinaTurner72: folds
Uncalled bet ($3) returned to batman-K8
batman-K8 collected $6 from pot
*** SUMMARY ***
Total pot $6 | Rake $0
Seat 1: batman-K8 (button) (small blind) collected ($6)
Seat 8: TinaTurner72 (big blind) folded before Flop


PokerStars Hand #157080090667:  Hold'em Limit ($3/$6 USD) - 2016/08/09 18:38:49 ET
Table 'Theemin' 10-max Seat #8 is the button
Seat 1: batman-K8 ($130.82 in chips)
Seat 8: TinaTurner72 ($105.78 in chips)
TinaTurner72: posts small blind $1
batman-K8: posts big blind $3
*** HOLE CARDS ***
TinaTurner72: raises $3 to $6
batman-K8: raises $3 to $9
TinaTurner72: calls $3
*** FLOP *** [Kd 2c 5s]
batman-K8: bets $3
TinaTurner72: folds
Uncalled bet ($3) returned to batman-K8
batman-K8 collected $17.64 from pot
*** SUMMARY ***
Total pot $18 | Rake $0.36
Board [Kd 2c 5s]
Seat 1: batman-K8 (big blind) collected ($17.64)
Seat 8: TinaTurner72 (button) (small blind) folded on the Flop


PokerStars Hand #157080067241:  Hold'em Limit ($3/$6 USD) - 2016/08/09 18:38:12 ET
Table 'Theemin' 10-max Seat #1 is the button
Seat 1: batman-K8 ($142.82 in chips)
Seat 8: TinaTurner72 ($94.26 in chips)
batman-K8: posts small blind $1
TinaTurner72: posts big blind $3
*** HOLE CARDS ***
batman-K8: calls $2
TinaTurner72: raises $3 to $6
batman-K8: calls $3
*** FLOP *** [As 5h 2s]
TinaTurner72: checks
batman-K8: bets $3
TinaTurner72: raises $3 to $6
batman-K8: calls $3
*** TURN *** [As 5h 2s] [8h]
TinaTurner72: bets $6
batman-K8: folds
Uncalled bet ($6) returned to TinaTurner72
TinaTurner72 collected $23.52 from pot
TinaTurner72: doesn't show hand
*** SUMMARY ***
Total pot $24 | Rake $0.48
Board [As 5h 2s 8h]
Seat 1: batman-K8 (button) (small blind) folded on the Turn
Seat 8: TinaTurner72 (big blind) collected ($23.52)


PokerStars Hand #157080107258:  Hold'em Limit ($3/$6 USD) - 2016/08/09 18:39:16 ET
Table 'Theemin' 10-max Seat #1 is the button
Seat 1: batman-K8 ($143.46 in chips)
Seat 8: TinaTurner72 ($92.78 in chips)
batman-K8: posts small blind $1
TinaTurner72: posts big blind $3
*** HOLE CARDS ***
batman-K8: calls $2
TinaTurner72: raises $3 to $6
batman-K8: calls $3
*** FLOP *** [Th 8c 2s]
TinaTurner72: checks
batman-K8: checks
*** TURN *** [Th 8c 2s] [2d]
TinaTurner72: checks
batman-K8: checks
*** RIVER *** [Th 8c 2s 2d] [8d]
TinaTurner72: checks
batman-K8: bets $6
TinaTurner72: calls $6
*** SHOW DOWN ***
batman-K8: shows [4h 9h] (two pair, Eights and Deuces)
TinaTurner72: shows [Kc 3c] (two pair, Eights and Deuces - King kicker)
TinaTurner72 collected $23.52 from pot
*** SUMMARY ***
Total pot $24 | Rake $0.48
Board [Th 8c 2s 2d 8d]
Seat 1: batman-K8 (button) (small blind) showed [4h 9h] and lost with two pair, Eights and Deuces
Seat 8: TinaTurner72 (big blind) showed [Kc 3c] and won ($23.52) with two pair, Eights and Deuces


PokerStars Hand #157080163392:  Hold'em Limit ($3/$6 USD) - 2016/08/09 18:40:46 ET
Table 'Theemin' 10-max Seat #2 is the button
Seat 1: batman-K8 ($130.22 in chips)
Seat 2: Hannibal2211 ($72 in chips)
Hannibal2211: posts small blind $1
TinaTurner72: is sitting out
batman-K8: posts big blind $3
*** HOLE CARDS ***
Hannibal2211: raises $3 to $6
batman-K8: calls $3
*** FLOP *** [2d 6h Qh]
batman-K8: bets $3
TinaTurner72 leaves the table
Hannibal2211: calls $3
*** TURN *** [2d 6h Qh] [3d]
batman-K8: bets $6
Hannibal2211: calls $6
*** RIVER *** [2d 6h Qh 3d] [Ks]
batman-K8: bets $6
Hannibal2211: folds
Uncalled bet ($6) returned to batman-K8
batman-K8 collected $29.50 from pot
*** SUMMARY ***
Total pot $30 | Rake $0.50
Board [2d 6h Qh 3d Ks]
Seat 1: batman-K8 (big blind) collected ($29.50)
Seat 2: Hannibal2211 (button) (small blind) folded on the River


PokerStars Hand #157080198594:  Hold'em Limit ($3/$6 USD) - 2016/08/09 18:41:43 ET
Table 'Theemin' 10-max Seat #2 is the button
Seat 1: batman-K8 ($141.72 in chips)
Seat 2: Hannibal2211 ($74.88 in chips)
Hannibal2211: posts small blind $1
batman-K8: posts big blind $3
*** HOLE CARDS ***
Hannibal2211: raises $3 to $6
batman-K8: raises $3 to $9
Hannibal2211: calls $3
*** FLOP *** [3d Qs Ts]
batman-K8: bets $3
Hannibal2211: folds
Uncalled bet ($3) returned to batman-K8
batman-K8 collected $17.64 from pot
*** SUMMARY ***
Total pot $18 | Rake $0.36
Board [3d Qs Ts]
Seat 1: batman-K8 (big blind) collected ($17.64)
Seat 2: Hannibal2211 (button) (small blind) folded on the Flop


PokerStars Hand #157080186208:  Hold'em Limit ($3/$6 USD) - 2016/08/09 18:41:23 ET
Table 'Theemin' 10-max Seat #1 is the button
Seat 1: batman-K8 ($144.72 in chips)
Seat 2: Hannibal2211 ($72 in chips)
batman-K8: posts small blind $1
Hannibal2211: posts big blind $3
*** HOLE CARDS ***
batman-K8: calls $2
Hannibal2211: checks
*** FLOP *** [2c 6h 3d]
Hannibal2211: checks
batman-K8: checks
*** TURN *** [2c 6h 3d] [5c]
Hannibal2211: bets $6
batman-K8: folds
Uncalled bet ($6) returned to Hannibal2211
Hannibal2211 collected $5.88 from pot
*** SUMMARY ***
Total pot $6 | Rake $0.12
Board [2c 6h 3d 5c]
Seat 1: batman-K8 (button) (small blind) folded on the Turn
Seat 2: Hannibal2211 (big blind) collected ($5.88)


PokerStars Hand #157080209470:  Hold'em Limit ($3/$6 USD) - 2016/08/09 18:42:01 ET
Table 'Theemin' 10-max Seat #1 is the button
Seat 1: batman-K8 ($150.36 in chips)
Seat 2: Hannibal2211 ($72 in chips)
batman-K8: posts small blind $1
Hannibal2211: posts big blind $3
*** HOLE CARDS ***
batman-K8: calls $2
Hannibal2211: checks
*** FLOP *** [9d Ts 6h]
Hannibal2211: checks
batman-K8: checks
*** TURN *** [9d Ts 6h] [As]
Hannibal2211: checks
batman-K8: bets $6
Hannibal2211: folds
Uncalled bet ($6) returned to batman-K8
batman-K8 collected $5.88 from pot
*** SUMMARY ***
Total pot $6 | Rake $0.12
Board [9d Ts 6h As]
Seat 1: batman-K8 (button) (small blind) collected ($5.88)
Seat 2: Hannibal2211 (big blind) folded on the Turn


PokerStars Hand #157080246191:  Hold'em Limit ($3/$6 USD) - 2016/08/09 18:43:00 ET
Table 'Theemin' 10-max Seat #2 is the button
Seat 1: batman-K8 ($138.24 in chips)
Seat 2: Hannibal2211 ($86.40 in chips)
Hannibal2211: posts small blind $1
batman-K8: posts big blind $3
*** HOLE CARDS ***
Hannibal2211: raises $3 to $6
batman-K8: calls $3
*** FLOP *** [2c 6d Jd]
batman-K8: bets $3
Hannibal2211: raises $3 to $6
batman-K8: calls $3
*** TURN *** [2c 6d Jd] [6c]
batman-K8: checks
Hannibal2211: bets $6
batman-K8: calls $6
*** RIVER *** [2c 6d Jd 6c] [Qc]
batman-K8: checks
Hannibal2211: bets $6
batman-K8: folds
Uncalled bet ($6) returned to Hannibal2211
Hannibal2211 collected $35.50 from pot
*** SUMMARY ***
Total pot $36 | Rake $0.50
Board [2c 6d Jd 6c Qc]
Seat 1: batman-K8 (big blind) folded on the River
Seat 2: Hannibal2211 (button) (small blind) collected ($35.50)


PokerStars Hand #157080237335:  Hold'em Limit ($3/$6 USD) - 2016/08/09 18:42:45 ET
Table 'Theemin' 10-max Seat #1 is the button
Seat 1: batman-K8 ($144.24 in chips)
Seat 2: Hannibal2211 ($80.64 in chips)
batman-K8: posts small blind $1
Hannibal2211: posts big blind $3
*** HOLE CARDS ***
batman-K8: calls $2
Hannibal2211: raises $3 to $6
batman-K8: calls $3
*** FLOP *** [Ad Tc Qd]
Hannibal2211: bets $3
batman-K8: folds
Uncalled bet ($3) returned to Hannibal2211
Hannibal2211 collected $11.76 from pot
*** SUMMARY ***
Total pot $12 | Rake $0.24
Board [Ad Tc Qd]
Seat 1: batman-K8 (button) (small blind) folded on the Flop
Seat 2: Hannibal2211 (big blind) collected ($11.76)


PokerStars Hand #157080228176:  Hold'em Limit ($3/$6 USD) - 2016/08/09 18:42:31 ET
Table 'Theemin' 10-max Seat #2 is the button
Seat 1: batman-K8 ($153.24 in chips)
Seat 2: Hannibal2211 ($72 in chips)
Hannibal2211: posts small blind $1
batman-K8: posts big blind $3
*** HOLE CARDS ***
Hannibal2211: raises $3 to $6
batman-K8: calls $3
*** FLOP *** [3d 7s Kd]
batman-K8: bets $3
Hannibal2211: calls $3
*** TURN *** [3d 7s Kd] [Qc]
batman-K8: checks
Hannibal2211: bets $6
batman-K8: folds
Uncalled bet ($6) returned to Hannibal2211
Hannibal2211 collected $17.64 from pot
*** SUMMARY ***
Total pot $18 | Rake $0.36
Board [3d 7s Kd Qc]
Seat 1: batman-K8 (big blind) folded on the Turn
Seat 2: Hannibal2211 (button) (small blind) collected ($17.64)


PokerStars Hand #157080294530:  Hold'em Limit ($3/$6 USD) - 2016/08/09 18:44:11 ET
Table 'Theemin' 10-max Seat #2 is the button
Seat 1: batman-K8 ($111.24 in chips)
Seat 2: Hannibal2211 ($112.42 in chips)
Hannibal2211: posts small blind $1
batman-K8: posts big blind $3
*** HOLE CARDS ***
Hannibal2211: folds
Uncalled bet ($2) returned to batman-K8
batman-K8 collected $2 from pot
*** SUMMARY ***
Total pot $2 | Rake $0
Seat 1: batman-K8 (big blind) collected ($2)
Seat 2: Hannibal2211 (button) (small blind) folded before Flop


PokerStars Hand #157080287734:  Hold'em Limit ($3/$6 USD) - 2016/08/09 18:44:00 ET
Table 'Theemin' 10-max Seat #1 is the button
Seat 1: batman-K8 ($108.24 in chips)
Seat 2: Hannibal2211 ($115.42 in chips)
batman-K8: posts small blind $1
Hannibal2211: posts big blind $3
*** HOLE CARDS ***
batman-K8: raises $3 to $6
Hannibal2211: folds
Uncalled bet ($3) returned to batman-K8
batman-K8 collected $6 from pot
*** SUMMARY ***
Total pot $6 | Rake $0
Seat 1: batman-K8 (button) (small blind) collected ($6)
Seat 2: Hannibal2211 (big blind) folded before Flop


PokerStars Hand #157080266323:  Hold'em Limit ($3/$6 USD) - 2016/08/09 18:43:33 ET
Table 'Theemin' 10-max Seat #2 is the button
Seat 1: batman-K8 ($114.24 in chips)
Seat 2: Hannibal2211 ($109.66 in chips)
Hannibal2211: posts small blind $1
batman-K8: posts big blind $3
*** HOLE CARDS ***
Hannibal2211: raises $3 to $6
batman-K8: calls $3
*** FLOP *** [4d Jh As]
batman-K8: checks
Hannibal2211: checks
*** TURN *** [4d Jh As] [9h]
batman-K8: checks
Hannibal2211: checks
*** RIVER *** [4d Jh As 9h] [Qh]
batman-K8: checks
Hannibal2211: bets $6
batman-K8: folds
Uncalled bet ($6) returned to Hannibal2211
Hannibal2211 collected $11.76 from pot
*** SUMMARY ***
Total pot $12 | Rake $0.24
Board [4d Jh As 9h Qh]
Seat 1: batman-K8 (big blind) folded on the River
Seat 2: Hannibal2211 (button) (small blind) collected ($11.76)


PokerStars Hand #157080259702:  Hold'em Limit ($3/$6 USD) - 2016/08/09 18:43:22 ET
Table 'Theemin' 10-max Seat #1 is the button
Seat 1: batman-K8 ($120.24 in chips)
Seat 2: Hannibal2211 ($103.90 in chips)
batman-K8: posts small blind $1
Hannibal2211: posts big blind $3
*** HOLE CARDS ***
batman-K8: calls $2
Hannibal2211: raises $3 to $6
batman-K8: calls $3
*** FLOP *** [2c 4d Kc]
Hannibal2211: bets $3
batman-K8: folds
Uncalled bet ($3) returned to Hannibal2211
Hannibal2211 collected $11.76 from pot
*** SUMMARY ***
Total pot $12 | Rake $0.24
Board [2c 4d Kc]
Seat 1: batman-K8 (button) (small blind) folded on the Flop
Seat 2: Hannibal2211 (big blind) collected ($11.76)


PokerStars Hand #157080297764:  Hold'em Limit ($3/$6 USD) - 2016/08/09 18:44:17 ET
Table 'Theemin' 10-max Seat #1 is the button
Seat 1: batman-K8 ($112.24 in chips)
Seat 2: Hannibal2211 ($111.42 in chips)
batman-K8: posts small blind $1
Hannibal2211: posts big blind $3
*** HOLE CARDS ***
batman-K8: calls $2
iskambil joins the table at seat #8
Hannibal2211: checks
*** FLOP *** [6h 7h 3h]
Hannibal2211: checks
batman-K8: bets $3
Hannibal2211: calls $3
*** TURN *** [6h 7h 3h] [9c]
Hannibal2211: checks
batman-K8: bets $6
Hannibal2211: folds
Uncalled bet ($6) returned to batman-K8
batman-K8 collected $11.76 from pot
*** SUMMARY ***
Total pot $12 | Rake $0.24
Board [6h 7h 3h 9c]
Seat 1: batman-K8 (button) (small blind) collected ($11.76)
Seat 2: Hannibal2211 (big blind) folded on the Turn


PokerStars Hand #157080632277:  Hold'em Limit ($3/$6 USD) - 2016/08/09 18:53:32 ET
Table 'Theemin' 10-max Seat #2 is the button
Seat 1: batman-K8 ($132.72 in chips)
Seat 2: Hannibal2211 ($117.09 in chips)
Hannibal2211: posts small blind $1
Chessnok: is sitting out
batman-K8: posts big blind $3
*** HOLE CARDS ***
Hannibal2211: raises $3 to $6
batman-K8: calls $3
*** FLOP *** [Jc Ah 3h]
batman-K8: checks
Hannibal2211: bets $3
batman-K8: folds
Uncalled bet ($3) returned to Hannibal2211
Hannibal2211 collected $11.76 from pot
*** SUMMARY ***
Total pot $12 | Rake $0.24
Board [Jc Ah 3h]
Seat 1: batman-K8 (big blind) folded on the Flop
Seat 2: Hannibal2211 (button) (small blind) collected ($11.76)


PokerStars Hand #157080639000:  Hold'em Limit ($3/$6 USD) - 2016/08/09 18:53:44 ET
Table 'Theemin' 10-max Seat #1 is the button
Seat 1: batman-K8 ($126.72 in chips)
Seat 2: Hannibal2211 ($122.85 in chips)
batman-K8: posts small blind $1
Hannibal2211: posts big blind $3
*** HOLE CARDS ***
batman-K8: raises $3 to $6
Hannibal2211: calls $3
*** FLOP *** [9c Kh 3h]
Hannibal2211: checks
batman-K8: checks
*** TURN *** [9c Kh 3h] [Jc]
Hannibal2211: bets $6
batman-K8: raises $6 to $12
Hannibal2211: calls $6
*** RIVER *** [9c Kh 3h Jc] [4d]
Hannibal2211: checks
batman-K8: bets $6
Hannibal2211: calls $6
*** SHOW DOWN ***
batman-K8: shows [Kc 2c] (a pair of Kings)
Hannibal2211: shows [Ks 9d] (two pair, Kings and Nines)
Hannibal2211 collected $47.50 from pot
*** SUMMARY ***
Total pot $48 | Rake $0.50
Board [9c Kh 3h Jc 4d]
Seat 1: batman-K8 (button) (small blind) showed [Kc 2c] and lost with a pair of Kings
Seat 2: Hannibal2211 (big blind) showed [Ks 9d] and won ($47.50) with two pair, Kings and Nines


PokerStars Hand #157080648789:  Hold'em Limit ($3/$6 USD) - 2016/08/09 18:54:01 ET
Table 'Theemin' 10-max Seat #2 is the button
Seat 1: batman-K8 ($102.72 in chips)
Seat 2: Hannibal2211 ($146.35 in chips)
Hannibal2211: posts small blind $1
batman-K8: posts big blind $3
*** HOLE CARDS ***
Hannibal2211: raises $3 to $6
batman-K8: calls $3
*** FLOP *** [Th Jc 2c]
batman-K8: checks
Hannibal2211: checks
*** TURN *** [Th Jc 2c] [3d]
batman-K8: checks
Hannibal2211: checks
*** RIVER *** [Th Jc 2c 3d] [4h]
batman-K8: checks
Hannibal2211: checks
*** SHOW DOWN ***
batman-K8: shows [6s Qc] (high card Queen)
Hannibal2211: shows [Ah 7s] (high card Ace)
Hannibal2211 collected $11.76 from pot
*** SUMMARY ***
Total pot $12 | Rake $0.24
Board [Th Jc 2c 3d 4h]
Seat 1: batman-K8 (big blind) showed [6s Qc] and lost with high card Queen
Seat 2: Hannibal2211 (button) (small blind) showed [Ah 7s] and won ($11.76) with high card Ace


PokerStars Hand #157080657627:  Hold'em Limit ($3/$6 USD) - 2016/08/09 18:54:16 ET
Table 'Theemin' 10-max Seat #1 is the button
Seat 1: batman-K8 ($96.72 in chips)
Seat 2: Hannibal2211 ($152.11 in chips)
batman-K8: posts small blind $1
Hannibal2211: posts big blind $3
*** HOLE CARDS ***
batman-K8: calls $2
Hannibal2211: raises $3 to $6
batman-K8: calls $3
*** FLOP *** [8h Ac Jc]
Hannibal2211: bets $3
batman-K8: raises $3 to $6
Hannibal2211: calls $3
*** TURN *** [8h Ac Jc] [7s]
Hannibal2211: checks
batman-K8: bets $6
Hannibal2211: calls $6
*** RIVER *** [8h Ac Jc 7s] [Js]
Hannibal2211: checks
batman-K8: bets $6
Hannibal2211: raises $6 to $12
batman-K8: calls $6
*** SHOW DOWN ***
Hannibal2211: shows [Jd Ts] (three of a kind, Jacks)
batman-K8: mucks hand
Hannibal2211 collected $59.50 from pot
*** SUMMARY ***
Total pot $60 | Rake $0.50
Board [8h Ac Jc 7s Js]
Seat 1: batman-K8 (button) (small blind) mucked
Seat 2: Hannibal2211 (big blind) showed [Jd Ts] and won ($59.50) with three of a kind, Jacks


PokerStars Hand #157080670242:  Hold'em Limit ($3/$6 USD) - 2016/08/09 18:54:38 ET
Table 'Theemin' 10-max Seat #2 is the button
Seat 1: batman-K8 ($66.72 in chips)
Seat 2: Hannibal2211 ($181.61 in chips)
Hannibal2211: posts small blind $1
batman-K8: posts big blind $3
*** HOLE CARDS ***
Hannibal2211: raises $3 to $6
batman-K8: raises $3 to $9
Hannibal2211: calls $3
*** FLOP *** [5d Qh Th]
batman-K8: bets $3
Hannibal2211: calls $3
*** TURN *** [5d Qh Th] [9c]
batman-K8: bets $6
Hannibal2211: calls $6
*** RIVER *** [5d Qh Th 9c] [6h]
batman-K8: bets $6
Hannibal2211: calls $6
*** SHOW DOWN ***
batman-K8: shows [6c 6d] (three of a kind, Sixes)
Hannibal2211: mucks hand
batman-K8 collected $47.50 from pot
*** SUMMARY ***
Total pot $48 | Rake $0.50
Board [5d Qh Th 9c 6h]
Seat 1: batman-K8 (big blind) showed [6c 6d] and won ($47.50) with three of a kind, Sixes
Seat 2: Hannibal2211 (button) (small blind) mucked


PokerStars Hand #157080709816:  Hold'em Limit ($3/$6 USD) - 2016/08/09 18:55:56 ET
Table 'Theemin' 10-max Seat #2 is the button
Seat 1: batman-K8 ($116.72 in chips)
Seat 2: Hannibal2211 ($130.61 in chips)
Hannibal2211: posts small blind $1
batman-K8: posts big blind $3
*** HOLE CARDS ***
Hannibal2211: raises $3 to $6
batman-K8: calls $3
*** FLOP *** [Qh Ad Jh]
batman-K8: checks
Hannibal2211: bets $3
batman-K8: calls $3
*** TURN *** [Qh Ad Jh] [2s]
batman-K8: checks
Hannibal2211: bets $6
batman-K8: calls $6
*** RIVER *** [Qh Ad Jh 2s] [Qd]
batman-K8: checks
Hannibal2211: bets $6
batman-K8: calls $6
*** SHOW DOWN ***
Hannibal2211: shows [6s As] (two pair, Aces and Queens)
batman-K8: mucks hand
Hannibal2211 collected $41.50 from pot
*** SUMMARY ***
Total pot $42 | Rake $0.50
Board [Qh Ad Jh 2s Qd]
Seat 1: batman-K8 (big blind) mucked
Seat 2: Hannibal2211 (button) (small blind) showed [6s As] and won ($41.50) with two pair, Aces and Queens


PokerStars Hand #157080731423:  Hold'em Limit ($3/$6 USD) - 2016/08/09 18:56:41 ET
Table 'Theemin' 10-max Seat #2 is the button
Seat 1: batman-K8 ($101.48 in chips)
Seat 2: Hannibal2211 ($145.11 in chips)
Hannibal2211: posts small blind $1
batman-K8: posts big blind $3
*** HOLE CARDS ***
Hannibal2211: raises $3 to $6
batman-K8: folds
Uncalled bet ($3) returned to Hannibal2211
Hannibal2211 collected $6 from pot
*** SUMMARY ***
Total pot $6 | Rake $0
Seat 1: batman-K8 (big blind) folded before Flop
Seat 2: Hannibal2211 (button) (small blind) collected ($6)


PokerStars Hand #157080734609:  Hold'em Limit ($3/$6 USD) - 2016/08/09 18:56:47 ET
Table 'Theemin' 10-max Seat #1 is the button
Seat 1: batman-K8 ($98.48 in chips)
Seat 2: Hannibal2211 ($148.11 in chips)
batman-K8: posts small blind $1
Hannibal2211: posts big blind $3
*** HOLE CARDS ***
batman-K8: raises $3 to $6
Hannibal2211: calls $3
*** FLOP *** [7s 5s Kh]
Hannibal2211: checks
batman-K8: bets $3
Hannibal2211: raises $3 to $6
batman-K8: raises $3 to $9
Chessnok leaves the table
Hannibal2211: calls $3
*** TURN *** [7s 5s Kh] [Jh]
Hannibal2211: checks
batman-K8: bets $6
Hannibal2211: calls $6
*** RIVER *** [7s 5s Kh Jh] [9c]
Hannibal2211: checks
batman-K8: bets $6
Hannibal2211: calls $6
*** SHOW DOWN ***
batman-K8: shows [5h 5c] (three of a kind, Fives)
Hannibal2211: mucks hand
batman-K8 collected $53.50 from pot
*** SUMMARY ***
Total pot $54 | Rake $0.50
Board [7s 5s Kh Jh 9c]
Seat 1: batman-K8 (button) (small blind) showed [5h 5c] and won ($53.50) with three of a kind, Fives
Seat 2: Hannibal2211 (big blind) mucked


PokerStars Hand #157080753994:  Hold'em Limit ($3/$6 USD) - 2016/08/09 18:57:27 ET
Table 'Theemin' 10-max Seat #2 is the button
Seat 1: batman-K8 ($124.98 in chips)
Seat 2: Hannibal2211 ($121.11 in chips)
Hannibal2211: posts small blind $1
batman-K8: posts big blind $3
*** HOLE CARDS ***
Hannibal2211: raises $3 to $6
batman-K8: calls $3
*** FLOP *** [As 2c Td]
batman-K8: checks
Hannibal2211: bets $3
batman-K8: folds
Uncalled bet ($3) returned to Hannibal2211
Hannibal2211 collected $11.76 from pot
*** SUMMARY ***
Total pot $12 | Rake $0.24
Board [As 2c Td]
Seat 1: batman-K8 (big blind) folded on the Flop
Seat 2: Hannibal2211 (button) (small blind) collected ($11.76)


PokerStars Hand #157080759335:  Hold'em Limit ($3/$6 USD) - 2016/08/09 18:57:38 ET
Table 'Theemin' 10-max Seat #1 is the button
Seat 1: batman-K8 ($118.98 in chips)
Seat 2: Hannibal2211 ($126.87 in chips)
batman-K8: posts small blind $1
Hannibal2211: posts big blind $3
*** HOLE CARDS ***
batman-K8: calls $2
Hannibal2211: checks
*** FLOP *** [8s 5c 8h]
Hannibal2211: checks
batman-K8: checks
*** TURN *** [8s 5c 8h] [5d]
Hannibal2211: checks
batman-K8: bets $6
Hannibal2211: calls $6
*** RIVER *** [8s 5c 8h 5d] [Qh]
Hannibal2211: checks
batman-K8: checks
*** SHOW DOWN ***
Hannibal2211: shows [7c Th] (two pair, Eights and Fives)
batman-K8: shows [9d 7d] (two pair, Eights and Fives)
Hannibal2211 collected $8.82 from pot
batman-K8 collected $8.82 from pot
*** SUMMARY ***
Total pot $18 | Rake $0.36
Board [8s 5c 8h 5d Qh]
Seat 1: batman-K8 (button) (small blind) showed [9d 7d] and won ($8.82) with two pair, Eights and Fives
Seat 2: Hannibal2211 (big blind) showed [7c Th] and won ($8.82) with two pair, Eights and Fives


PokerStars Hand #157080772241:  Hold'em Limit ($3/$6 USD) - 2016/08/09 18:58:04 ET
Table 'Theemin' 10-max Seat #2 is the button
Seat 1: batman-K8 ($118.80 in chips)
Seat 2: Hannibal2211 ($126.69 in chips)
Hannibal2211: posts small blind $1
batman-K8: posts big blind $3
*** HOLE CARDS ***
Hannibal2211: raises $3 to $6
batman-K8: raises $3 to $9
Hannibal2211: calls $3
*** FLOP *** [9s Ks Jd]
batman-K8: bets $3
Hannibal2211: calls $3
*** TURN *** [9s Ks Jd] [5d]
batman-K8: bets $6
Hannibal2211: folds
Uncalled bet ($6) returned to batman-K8
batman-K8 collected $23.52 from pot
*** SUMMARY ***
Total pot $24 | Rake $0.48
Board [9s Ks Jd 5d]
Seat 1: batman-K8 (big blind) collected ($23.52)
Seat 2: Hannibal2211 (button) (small blind) folded on the Turn


PokerStars Hand #157080783207:  Hold'em Limit ($3/$6 USD) - 2016/08/09 18:58:27 ET
Table 'Theemin' 10-max Seat #1 is the button
Seat 1: batman-K8 ($130.32 in chips)
Seat 2: Hannibal2211 ($114.69 in chips)
batman-K8: posts small blind $1
Hannibal2211: posts big blind $3
*** HOLE CARDS ***
batman-K8: raises $3 to $6
Hannibal2211: calls $3
*** FLOP *** [Jd Ac 9c]
Hannibal2211: checks
batman-K8: bets $3
Hannibal2211: raises $3 to $6
batman-K8: calls $3
*** TURN *** [Jd Ac 9c] [8c]
Hannibal2211: bets $6
batman-K8: calls $6
*** RIVER *** [Jd Ac 9c 8c] [Qc]
Hannibal2211: bets $6
batman-K8: calls $6
*** SHOW DOWN ***
Hannibal2211: shows [Jh Qs] (two pair, Queens and Jacks)
batman-K8: mucks hand
Hannibal2211 collected $47.50 from pot
*** SUMMARY ***
Total pot $48 | Rake $0.50
Board [Jd Ac 9c 8c Qc]
Seat 1: batman-K8 (button) (small blind) mucked
Seat 2: Hannibal2211 (big blind) showed [Jh Qs] and won ($47.50) with two pair, Queens and Jacks


PokerStars Hand #157080792612:  Hold'em Limit ($3/$6 USD) - 2016/08/09 18:58:46 ET
Table 'Theemin' 10-max Seat #2 is the button
Seat 1: batman-K8 ($106.32 in chips)
Seat 2: Hannibal2211 ($138.19 in chips)
Hannibal2211: posts small blind $1
batman-K8: posts big blind $3
*** HOLE CARDS ***
Hannibal2211: raises $3 to $6
batman-K8: calls $3
*** FLOP *** [Jd 4h Jh]
batman-K8: bets $3
Hannibal2211: calls $3
*** TURN *** [Jd 4h Jh] [Qh]
batman-K8: bets $6
Hannibal2211: calls $6
*** RIVER *** [Jd 4h Jh Qh] [9h]
batman-K8: bets $6
Hannibal2211: calls $6
*** SHOW DOWN ***
batman-K8: shows [Ks 8h] (a flush, Queen high)
Hannibal2211: mucks hand
batman-K8 collected $41.50 from pot
*** SUMMARY ***
Total pot $42 | Rake $0.50
Board [Jd 4h Jh Qh 9h]
Seat 1: batman-K8 (big blind) showed [Ks 8h] and won ($41.50) with a flush, Queen high
Seat 2: Hannibal2211 (button) (small blind) mucked


PokerStars Hand #157080801950:  Hold'em Limit ($3/$6 USD) - 2016/08/09 18:59:05 ET
Table 'Theemin' 10-max Seat #1 is the button
Seat 1: batman-K8 ($126.82 in chips)
Seat 2: Hannibal2211 ($117.19 in chips)
batman-K8: posts small blind $1
Hannibal2211: posts big blind $3
*** HOLE CARDS ***
batman-K8: raises $3 to $6
Hannibal2211: calls $3
*** FLOP *** [3s Kc 6d]
Hannibal2211: checks
batman-K8: bets $3
Hannibal2211: calls $3
*** TURN *** [3s Kc 6d] [Ts]
Hannibal2211: checks
batman-K8: checks
*** RIVER *** [3s Kc 6d Ts] [Js]
Hannibal2211: checks
batman-K8: bets $6
Hannibal2211: folds
Uncalled bet ($6) returned to batman-K8
batman-K8 collected $17.64 from pot
*** SUMMARY ***
Total pot $18 | Rake $0.36
Board [3s Kc 6d Ts Js]
Seat 1: batman-K8 (button) (small blind) collected ($17.64)
Seat 2: Hannibal2211 (big blind) folded on the River


PokerStars Hand #157080818505:  Hold'em Limit ($3/$6 USD) - 2016/08/09 18:59:40 ET
Table 'Theemin' 10-max Seat #2 is the button
Seat 1: batman-K8 ($135.46 in chips)
Seat 2: Hannibal2211 ($108.19 in chips)
Hannibal2211: posts small blind $1
batman-K8: posts big blind $3
*** HOLE CARDS ***
Hannibal2211: raises $3 to $6
batman-K8: calls $3
*** FLOP *** [Tc Jc Jd]
batman-K8: checks
Hannibal2211: bets $3
batman-K8: folds
Uncalled bet ($3) returned to Hannibal2211
Hannibal2211 collected $11.76 from pot
*** SUMMARY ***
Total pot $12 | Rake $0.24
Board [Tc Jc Jd]
Seat 1: batman-K8 (big blind) folded on the Flop
Seat 2: Hannibal2211 (button) (small blind) collected ($11.76)


PokerStars Hand #157080839531:  Hold'em Limit ($3/$6 USD) - 2016/08/09 19:00:23 ET
Table 'Theemin' 10-max Seat #2 is the button
Seat 1: batman-K8 ($117.46 in chips)
Seat 2: Hannibal2211 ($125.47 in chips)
Hannibal2211: posts small blind $1
batman-K8: posts big blind $3
*** HOLE CARDS ***
Hannibal2211: raises $3 to $6
batman-K8: folds
Uncalled bet ($3) returned to Hannibal2211
Hannibal2211 collected $6 from pot
*** SUMMARY ***
Total pot $6 | Rake $0
Seat 1: batman-K8 (big blind) folded before Flop
Seat 2: Hannibal2211 (button) (small blind) collected ($6)


PokerStars Hand #157080823967:  Hold'em Limit ($3/$6 USD) - 2016/08/09 18:59:51 ET
Table 'Theemin' 10-max Seat #1 is the button
Seat 1: batman-K8 ($129.46 in chips)
Seat 2: Hannibal2211 ($113.95 in chips)
batman-K8: posts small blind $1
Hannibal2211: posts big blind $3
*** HOLE CARDS ***
batman-K8: calls $2
Hannibal2211: checks
*** FLOP *** [6c Jh Kc]
Hannibal2211: checks
batman-K8: bets $3
Hannibal2211: calls $3
*** TURN *** [6c Jh Kc] [6h]
Hannibal2211: checks
batman-K8: checks
*** RIVER *** [6c Jh Kc 6h] [9s]
Hannibal2211: bets $6
batman-K8: calls $6
*** SHOW DOWN ***
Hannibal2211: shows [2h Jc] (two pair, Jacks and Sixes)
batman-K8: mucks hand
Hannibal2211 collected $23.52 from pot
*** SUMMARY ***
Total pot $24 | Rake $0.48
Board [6c Jh Kc 6h 9s]
Seat 1: batman-K8 (button) (small blind) mucked
Seat 2: Hannibal2211 (big blind) showed [2h Jc] and won ($23.52) with two pair, Jacks and Sixes


PokerStars Hand #157080851467:  Hold'em Limit ($3/$6 USD) - 2016/08/09 19:00:30 ET
Table 'Theemin' 10-max Seat #1 is the button
Seat 1: batman-K8 ($114.46 in chips)
Seat 2: Hannibal2211 ($128.47 in chips)
batman-K8: posts small blind $1
Hannibal2211: posts big blind $3
*** HOLE CARDS ***
batman-K8: folds
Uncalled bet ($2) returned to Hannibal2211
Hannibal2211 collected $2 from pot
*** SUMMARY ***
Total pot $2 | Rake $0
Seat 1: batman-K8 (button) (small blind) folded before Flop
Seat 2: Hannibal2211 (big blind) collected ($2)


PokerStars Hand #157080857849:  Hold'em Limit ($3/$6 USD) - 2016/08/09 19:00:42 ET
Table 'Theemin' 10-max Seat #1 is the button
Seat 1: batman-K8 ($114.46 in chips)
Seat 2: Hannibal2211 ($128.47 in chips)
batman-K8: posts small blind $1
Hannibal2211: posts big blind $3
*** HOLE CARDS ***
batman-K8: raises $3 to $6
Hannibal2211: folds
Uncalled bet ($3) returned to batman-K8
batman-K8 collected $6 from pot
*** SUMMARY ***
Total pot $6 | Rake $0
Seat 1: batman-K8 (button) (small blind) collected ($6)
Seat 2: Hannibal2211 (big blind) folded before Flop


PokerStars Hand #157080854094:  Hold'em Limit ($3/$6 USD) - 2016/08/09 19:00:35 ET
Table 'Theemin' 10-max Seat #2 is the button
Seat 1: batman-K8 ($113.46 in chips)
Seat 2: Hannibal2211 ($129.47 in chips)
Hannibal2211: posts small blind $1
batman-K8: posts big blind $3
*** HOLE CARDS ***
Hannibal2211: folds
Uncalled bet ($2) returned to batman-K8
batman-K8 collected $2 from pot
*** SUMMARY ***
Total pot $2 | Rake $0
Seat 1: batman-K8 (big blind) collected ($2)
Seat 2: Hannibal2211 (button) (small blind) folded before Flop


PokerStars Hand #157080862178:  Hold'em Limit ($3/$6 USD) - 2016/08/09 19:00:50 ET
Table 'Theemin' 10-max Seat #2 is the button
Seat 1: batman-K8 ($117.46 in chips)
Seat 2: Hannibal2211 ($125.47 in chips)
Hannibal2211: posts small blind $1
batman-K8: posts big blind $3
*** HOLE CARDS ***
Hannibal2211: raises $3 to $6
batman-K8: calls $3
*** FLOP *** [Jc Qc Kc]
batman-K8: bets $3
Hannibal2211: calls $3
*** TURN *** [Jc Qc Kc] [Ks]
batman-K8: bets $6
Hannibal2211: calls $6
*** RIVER *** [Jc Qc Kc Ks] [7c]
batman-K8: bets $6
Hannibal2211: calls $6
*** SHOW DOWN ***
batman-K8: shows [4s 4c] (a flush, King high)
Hannibal2211: mucks hand
batman-K8 collected $41.50 from pot
*** SUMMARY ***
Total pot $42 | Rake $0.50
Board [Jc Qc Kc Ks 7c]
Seat 1: batman-K8 (big blind) showed [4s 4c] and won ($41.50) with a flush, King high
Seat 2: Hannibal2211 (button) (small blind) mucked


PokerStars Hand #157080872774:  Hold'em Limit ($3/$6 USD) - 2016/08/09 19:01:10 ET
Table 'Theemin' 10-max Seat #1 is the button
Seat 1: batman-K8 ($137.96 in chips)
Seat 2: Hannibal2211 ($104.47 in chips)
batman-K8: posts small blind $1
Hannibal2211: posts big blind $3
*** HOLE CARDS ***
batman-K8: calls $2
Hannibal2211: checks
*** FLOP *** [3s 6h 2h]
Hannibal2211: checks
batman-K8: bets $3
Hannibal2211: calls $3
*** TURN *** [3s 6h 2h] [9c]
Hannibal2211: checks
batman-K8: checks
*** RIVER *** [3s 6h 2h 9c] [4d]
Hannibal2211: checks
batman-K8: bets $6
Hannibal2211: folds
Uncalled bet ($6) returned to batman-K8
batman-K8 collected $11.76 from pot
*** SUMMARY ***
Total pot $12 | Rake $0.24
Board [3s 6h 2h 9c 4d]
Seat 1: batman-K8 (button) (small blind) collected ($11.76)
Seat 2: Hannibal2211 (big blind) folded on the River


PokerStars Hand #157080889046:  Hold'em Limit ($3/$6 USD) - 2016/08/09 19:01:40 ET
Table 'Theemin' 10-max Seat #2 is the button
Seat 1: batman-K8 ($143.72 in chips)
Seat 2: Hannibal2211 ($98.47 in chips)
Hannibal2211: posts small blind $1
batman-K8: posts big blind $3
*** HOLE CARDS ***
Hannibal2211: raises $3 to $6
batman-K8: folds
Uncalled bet ($3) returned to Hannibal2211
Hannibal2211 collected $6 from pot
*** SUMMARY ***
Total pot $6 | Rake $0
Seat 1: batman-K8 (big blind) folded before Flop
Seat 2: Hannibal2211 (button) (small blind) collected ($6)


PokerStars Hand #157080895861:  Hold'em Limit ($3/$6 USD) - 2016/08/09 19:01:52 ET
Table 'Theemin' 10-max Seat #2 is the button
Seat 1: batman-K8 ($139.72 in chips)
Seat 2: Hannibal2211 ($102.47 in chips)
Hannibal2211: posts small blind $1
batman-K8: posts big blind $3
*** HOLE CARDS ***
Hannibal2211: folds
Uncalled bet ($2) returned to batman-K8
batman-K8 collected $2 from pot
*** SUMMARY ***
Total pot $2 | Rake $0
Seat 1: batman-K8 (big blind) collected ($2)
Seat 2: Hannibal2211 (button) (small blind) folded before Flop


PokerStars Hand #157080893099:  Hold'em Limit ($3/$6 USD) - 2016/08/09 19:01:47 ET
Table 'Theemin' 10-max Seat #1 is the button
Seat 1: batman-K8 ($140.72 in chips)
Seat 2: Hannibal2211 ($101.47 in chips)
batman-K8: posts small blind $1
Hannibal2211: posts big blind $3
*** HOLE CARDS ***
batman-K8: folds
Uncalled bet ($2) returned to Hannibal2211
Hannibal2211 collected $2 from pot
*** SUMMARY ***
Total pot $2 | Rake $0
Seat 1: batman-K8 (button) (small blind) folded before Flop
Seat 2: Hannibal2211 (big blind) collected ($2)


PokerStars Hand #157080914102:  Hold'em Limit ($3/$6 USD) - 2016/08/09 19:02:25 ET
Table 'Theemin' 10-max Seat #2 is the button
Seat 1: batman-K8 ($137.72 in chips)
Seat 2: Hannibal2211 ($104.35 in chips)
Hannibal2211: posts small blind $1
batman-K8: posts big blind $3
*** HOLE CARDS ***
Hannibal2211: folds
Uncalled bet ($2) returned to batman-K8
batman-K8 collected $2 from pot
*** SUMMARY ***
Total pot $2 | Rake $0
Seat 1: batman-K8 (big blind) collected ($2)
Seat 2: Hannibal2211 (button) (small blind) folded before Flop


PokerStars Hand #157080898500:  Hold'em Limit ($3/$6 USD) - 2016/08/09 19:01:57 ET
Table 'Theemin' 10-max Seat #1 is the button
Seat 1: batman-K8 ($140.72 in chips)
Seat 2: Hannibal2211 ($101.47 in chips)
batman-K8: posts small blind $1
Hannibal2211: posts big blind $3
*** HOLE CARDS ***
batman-K8: calls $2
Hannibal2211: checks
*** FLOP *** [Ts Qd 8h]
Hannibal2211: checks
batman-K8: checks
*** TURN *** [Ts Qd 8h] [Jh]
Hannibal2211: bets $6
batman-K8: folds
Uncalled bet ($6) returned to Hannibal2211
Hannibal2211 collected $5.88 from pot
*** SUMMARY ***
Total pot $6 | Rake $0.12
Board [Ts Qd 8h Jh]
Seat 1: batman-K8 (button) (small blind) folded on the Turn
Seat 2: Hannibal2211 (big blind) collected ($5.88)


PokerStars Hand #157080917028:  Hold'em Limit ($3/$6 USD) - 2016/08/09 19:02:30 ET
Table 'Theemin' 10-max Seat #1 is the button
Seat 1: batman-K8 ($138.72 in chips)
Seat 2: Hannibal2211 ($103.35 in chips)
batman-K8: posts small blind $1
Hannibal2211: posts big blind $3
*** HOLE CARDS ***
batman-K8: raises $3 to $6
Hannibal2211: calls $3
*** FLOP *** [Ks 2d 2c]
Hannibal2211: checks
batman-K8: bets $3
Hannibal2211: calls $3
*** TURN *** [Ks 2d 2c] [3h]
Hannibal2211: checks
batman-K8: bets $6
Hannibal2211: calls $6
*** RIVER *** [Ks 2d 2c 3h] [Th]
Hannibal2211: checks
batman-K8: bets $6
Hannibal2211: calls $6
*** SHOW DOWN ***
batman-K8: shows [6d 6s] (two pair, Sixes and Deuces)
Hannibal2211: mucks hand
batman-K8 collected $41.50 from pot
*** SUMMARY ***
Total pot $42 | Rake $0.50
Board [Ks 2d 2c 3h Th]
Seat 1: batman-K8 (button) (small blind) showed [6d 6s] and won ($41.50) with two pair, Sixes and Deuces
Seat 2: Hannibal2211 (big blind) mucked


PokerStars Hand #157080932943:  Hold'em Limit ($3/$6 USD) - 2016/08/09 19:02:58 ET
Table 'Theemin' 10-max Seat #2 is the button
Seat 1: batman-K8 ($159.22 in chips)
Seat 2: Hannibal2211 ($82.35 in chips)
Hannibal2211: posts small blind $1
batman-K8: posts big blind $3
*** HOLE CARDS ***
Hannibal2211: folds
Uncalled bet ($2) returned to batman-K8
batman-K8 collected $2 from pot
*** SUMMARY ***
Total pot $2 | Rake $0
Seat 1: batman-K8 (big blind) collected ($2)
Seat 2: Hannibal2211 (button) (small blind) folded before Flop


PokerStars Hand #157080936023:  Hold'em Limit ($3/$6 USD) - 2016/08/09 19:03:03 ET
Table 'Theemin' 10-max Seat #1 is the button
Seat 1: batman-K8 ($160.22 in chips)
Seat 2: Hannibal2211 ($81.35 in chips)
batman-K8: posts small blind $1
Hannibal2211: posts big blind $3
*** HOLE CARDS ***
batman-K8: calls $2
Hannibal2211: raises $3 to $6
batman-K8: calls $3
*** FLOP *** [5c 8c Tc]
Hannibal2211: bets $3
batman-K8: folds
Uncalled bet ($3) returned to Hannibal2211
Hannibal2211 collected $11.76 from pot
*** SUMMARY ***
Total pot $12 | Rake $0.24
Board [5c 8c Tc]
Seat 1: batman-K8 (button) (small blind) folded on the Flop
Seat 2: Hannibal2211 (big blind) collected ($11.76)


PokerStars Hand #157080942196:  Hold'em Limit ($3/$6 USD) - 2016/08/09 19:03:14 ET
Table 'Theemin' 10-max Seat #2 is the button
Seat 1: batman-K8 ($154.22 in chips)
Seat 2: Hannibal2211 ($87.11 in chips)
Hannibal2211: posts small blind $1
batman-K8: posts big blind $3
*** HOLE CARDS ***
Hannibal2211: raises $3 to $6
batman-K8: calls $3
*** FLOP *** [2d 8h 9s]
batman-K8: checks
Hannibal2211: bets $3
batman-K8: calls $3
*** TURN *** [2d 8h 9s] [4s]
batman-K8: checks
Hannibal2211: bets $6
batman-K8: folds
Uncalled bet ($6) returned to Hannibal2211
Hannibal2211 collected $17.64 from pot
*** SUMMARY ***
Total pot $18 | Rake $0.36
Board [2d 8h 9s 4s]
Seat 1: batman-K8 (big blind) folded on the Turn
Seat 2: Hannibal2211 (button) (small blind) collected ($17.64)


PokerStars Hand #157080951215:  Hold'em Limit ($3/$6 USD) - 2016/08/09 19:03:30 ET
Table 'Theemin' 10-max Seat #1 is the button
Seat 1: batman-K8 ($145.22 in chips)
Seat 2: Hannibal2211 ($95.75 in chips)
batman-K8: posts small blind $1
Hannibal2211: posts big blind $3
*** HOLE CARDS ***
batman-K8: calls $2
Hannibal2211: checks
*** FLOP *** [Td 6d 6h]
Hannibal2211: checks
batman-K8: bets $3
Hannibal2211: calls $3
*** TURN *** [Td 6d 6h] [Kc]
Hannibal2211: checks
batman-K8: bets $6
Hannibal2211: folds
Uncalled bet ($6) returned to batman-K8
batman-K8 collected $11.76 from pot
*** SUMMARY ***
Total pot $12 | Rake $0.24
Board [Td 6d 6h Kc]
Seat 1: batman-K8 (button) (small blind) collected ($11.76)
Seat 2: Hannibal2211 (big blind) folded on the Turn


PokerStars Hand #157080960399:  Hold'em Limit ($3/$6 USD) - 2016/08/09 19:03:46 ET
Table 'Theemin' 10-max Seat #2 is the button
Seat 1: batman-K8 ($150.98 in chips)
Seat 2: Hannibal2211 ($89.75 in chips)
Hannibal2211: posts small blind $1
batman-K8: posts big blind $3
*** HOLE CARDS ***
Hannibal2211: raises $3 to $6
batman-K8: raises $3 to $9
Hannibal2211: raises $3 to $12
Betting is capped
batman-K8: calls $3
*** FLOP *** [9h 9c 4s]
batman-K8: bets $3
Hannibal2211: calls $3
*** TURN *** [9h 9c 4s] [5c]
batman-K8: bets $6
Hannibal2211: raises $6 to $12
batman-K8: calls $6
*** RIVER *** [9h 9c 4s 5c] [3h]
batman-K8: bets $6
Hannibal2211: calls $6
*** SHOW DOWN ***
batman-K8: shows [As Jh] (a pair of Nines)
Hannibal2211: mucks hand
batman-K8 collected $65.50 from pot
*** SUMMARY ***
Total pot $66 | Rake $0.50
Board [9h 9c 4s 5c 3h]
Seat 1: batman-K8 (big blind) showed [As Jh] and won ($65.50) with a pair of Nines
Seat 2: Hannibal2211 (button) (small blind) mucked


PokerStars Hand #157080975916:  Hold'em Limit ($3/$6 USD) - 2016/08/09 19:04:13 ET
Table 'Theemin' 10-max Seat #1 is the button
Seat 1: batman-K8 ($183.48 in chips)
Seat 2: Hannibal2211 ($72 in chips)
batman-K8: posts small blind $1
Hannibal2211: posts big blind $3
*** HOLE CARDS ***
batman-K8: calls $2
Hannibal2211: checks
*** FLOP *** [9c 6d 7s]
Hannibal2211: checks
batman-K8: bets $3
Hannibal2211: raises $3 to $6
batman-K8: raises $3 to $9
Hannibal2211: calls $3
*** TURN *** [9c 6d 7s] [Td]
Hannibal2211: checks
batman-K8: bets $6
Hannibal2211: raises $6 to $12
batman-K8: calls $6
*** RIVER *** [9c 6d 7s Td] [4c]
Hannibal2211: bets $6
batman-K8: calls $6
*** SHOW DOWN ***
Hannibal2211: shows [3h 8s] (a straight, Six to Ten)
batman-K8: mucks hand
Hannibal2211 collected $59.50 from pot
*** SUMMARY ***
Total pot $60 | Rake $0.50
Board [9c 6d 7s Td 4c]
Seat 1: batman-K8 (button) (small blind) mucked
Seat 2: Hannibal2211 (big blind) showed [3h 8s] and won ($59.50) with a straight, Six to Ten


PokerStars Hand #157080989740:  Hold'em Limit ($3/$6 USD) - 2016/08/09 19:04:37 ET
Table 'Theemin' 10-max Seat #2 is the button
Seat 1: batman-K8 ($153.48 in chips)
Seat 2: Hannibal2211 ($101.50 in chips)
Hannibal2211: posts small blind $1
batman-K8: posts big blind $3
*** HOLE CARDS ***
Hannibal2211: raises $3 to $6
batman-K8: raises $3 to $9
Hannibal2211: calls $3
*** FLOP *** [Qs Tc 2c]
batman-K8: bets $3
Hannibal2211: calls $3
*** TURN *** [Qs Tc 2c] [Qh]
batman-K8: bets $6
Hannibal2211: calls $6
*** RIVER *** [Qs Tc 2c Qh] [Qd]
batman-K8: bets $6
Hannibal2211: calls $6
*** SHOW DOWN ***
batman-K8: shows [Ad 8h] (three of a kind, Queens)
Hannibal2211: shows [Td 6c] (a full house, Queens full of Tens)
Hannibal2211 collected $47.50 from pot
*** SUMMARY ***
Total pot $48 | Rake $0.50
Board [Qs Tc 2c Qh Qd]
Seat 1: batman-K8 (big blind) showed [Ad 8h] and lost with three of a kind, Queens
Seat 2: Hannibal2211 (button) (small blind) showed [Td 6c] and won ($47.50) with a full house, Queens full of Tens


PokerStars Hand #157081014262:  Hold'em Limit ($3/$6 USD) - 2016/08/09 19:05:20 ET
Table 'Theemin' 10-max Seat #1 is the button
Seat 1: batman-K8 ($112.48 in chips)
Seat 2: Hannibal2211 ($141.50 in chips)
batman-K8: posts small blind $1
Hannibal2211: posts big blind $3
*** HOLE CARDS ***
batman-K8: folds
Uncalled bet ($2) returned to Hannibal2211
Hannibal2211 collected $2 from pot
*** SUMMARY ***
Total pot $2 | Rake $0
Seat 1: batman-K8 (button) (small blind) folded before Flop
Seat 2: Hannibal2211 (big blind) collected ($2)


PokerStars Hand #157081011463:  Hold'em Limit ($3/$6 USD) - 2016/08/09 19:05:15 ET
Table 'Theemin' 10-max Seat #2 is the button
Seat 1: batman-K8 ($111.48 in chips)
Seat 2: Hannibal2211 ($142.50 in chips)
Hannibal2211: posts small blind $1
batman-K8: posts big blind $3
*** HOLE CARDS ***
Hannibal2211: folds
Uncalled bet ($2) returned to batman-K8
batman-K8 collected $2 from pot
*** SUMMARY ***
Total pot $2 | Rake $0
Seat 1: batman-K8 (big blind) collected ($2)
Seat 2: Hannibal2211 (button) (small blind) folded before Flop


PokerStars Hand #157080999577:  Hold'em Limit ($3/$6 USD) - 2016/08/09 19:04:55 ET
Table 'Theemin' 10-max Seat #1 is the button
Seat 1: batman-K8 ($129.48 in chips)
Seat 2: Hannibal2211 ($125 in chips)
batman-K8: posts small blind $1
Hannibal2211: posts big blind $3
*** HOLE CARDS ***
batman-K8: raises $3 to $6
Hannibal2211: calls $3
*** FLOP *** [4d 5s 4h]
Hannibal2211: checks
batman-K8: bets $3
Hannibal2211: raises $3 to $6
batman-K8: calls $3
*** TURN *** [4d 5s 4h] [8s]
Hannibal2211: bets $6
batman-K8: calls $6
*** RIVER *** [4d 5s 4h 8s] [Kc]
Hannibal2211: checks
batman-K8: checks
*** SHOW DOWN ***
Hannibal2211: shows [2c 5c] (two pair, Fives and Fours)
batman-K8: mucks hand
Hannibal2211 collected $35.50 from pot
*** SUMMARY ***
Total pot $36 | Rake $0.50
Board [4d 5s 4h 8s Kc]
Seat 1: batman-K8 (button) (small blind) mucked
Seat 2: Hannibal2211 (big blind) showed [2c 5c] and won ($35.50) with two pair, Fives and Fours


PokerStars Hand #157081038983:  Hold'em Limit ($3/$6 USD) - 2016/08/09 19:06:04 ET
Table 'Theemin' 10-max Seat #1 is the button
Seat 1: batman-K8 ($119.88 in chips)
Seat 2: Hannibal2211 ($133.26 in chips)
batman-K8: posts small blind $1
Hannibal2211: posts big blind $3
*** HOLE CARDS ***
batman-K8: folds
Uncalled bet ($2) returned to Hannibal2211
Hannibal2211 collected $2 from pot
*** SUMMARY ***
Total pot $2 | Rake $0
Seat 1: batman-K8 (button) (small blind) folded before Flop
Seat 2: Hannibal2211 (big blind) collected ($2)


PokerStars Hand #157081029697:  Hold'em Limit ($3/$6 USD) - 2016/08/09 19:05:47 ET
Table 'Theemin' 10-max Seat #2 is the button
Seat 1: batman-K8 ($111.24 in chips)
Seat 2: Hannibal2211 ($142.26 in chips)
Hannibal2211: posts small blind $1
batman-K8: posts big blind $3
*** HOLE CARDS ***
Hannibal2211: raises $3 to $6
batman-K8: calls $3
*** FLOP *** [2c Jd Js]
batman-K8: bets $3
Hannibal2211: calls $3
*** TURN *** [2c Jd Js] [2d]
batman-K8: bets $6
Hannibal2211: folds
Uncalled bet ($6) returned to batman-K8
batman-K8 collected $17.64 from pot
*** SUMMARY ***
Total pot $18 | Rake $0.36
Board [2c Jd Js 2d]
Seat 1: batman-K8 (big blind) collected ($17.64)
Seat 2: Hannibal2211 (button) (small blind) folded on the Turn


PokerStars Hand #157081023736:  Hold'em Limit ($3/$6 USD) - 2016/08/09 19:05:37 ET
Table 'Theemin' 10-max Seat #1 is the button
Seat 1: batman-K8 ($105.48 in chips)
Seat 2: Hannibal2211 ($148.26 in chips)
batman-K8: posts small blind $1
Hannibal2211: posts big blind $3
*** HOLE CARDS ***
batman-K8: raises $3 to $6
Hannibal2211: calls $3
*** FLOP *** [2s 8d Tc]
Hannibal2211: checks
batman-K8: bets $3
Hannibal2211: folds
Uncalled bet ($3) returned to batman-K8
batman-K8 collected $11.76 from pot
*** SUMMARY ***
Total pot $12 | Rake $0.24
Board [2s 8d Tc]
Seat 1: batman-K8 (button) (small blind) collected ($11.76)
Seat 2: Hannibal2211 (big blind) folded on the Flop


PokerStars Hand #157081041858:  Hold'em Limit ($3/$6 USD) - 2016/08/09 19:06:09 ET
Table 'Theemin' 10-max Seat #2 is the button
Seat 1: batman-K8 ($118.88 in chips)
Seat 2: Hannibal2211 ($134.26 in chips)
Hannibal2211: posts small blind $1
batman-K8: posts big blind $3
*** HOLE CARDS ***
Hannibal2211: raises $3 to $6
batman-K8: calls $3
*** FLOP *** [Jd 9h 4h]
batman-K8: checks
Hannibal2211: bets $3
batman-K8: calls $3
*** TURN *** [Jd 9h 4h] [2h]
batman-K8: checks
Hannibal2211: checks
*** RIVER *** [Jd 9h 4h 2h] [4s]
batman-K8: bets $6
Hannibal2211: folds
Uncalled bet ($6) returned to batman-K8
batman-K8 collected $17.64 from pot
*** SUMMARY ***
Total pot $18 | Rake $0.36
Board [Jd 9h 4h 2h 4s]
Seat 1: batman-K8 (big blind) collected ($17.64)
Seat 2: Hannibal2211 (button) (small blind) folded on the River


PokerStars Hand #157081077351:  Hold'em Limit ($3/$6 USD) - 2016/08/09 19:07:11 ET
Table 'Theemin' 10-max Seat #1 is the button
Seat 1: batman-K8 ($97.52 in chips)
Seat 2: Hannibal2211 ($154.64 in chips)
batman-K8: posts small blind $1
Hannibal2211: posts big blind $3
*** HOLE CARDS ***
batman-K8: calls $2
Hannibal2211: raises $3 to $6
batman-K8: calls $3
*** FLOP *** [7d 5c Qh]
Hannibal2211: bets $3
batman-K8: calls $3
*** TURN *** [7d 5c Qh] [Ah]
Hannibal2211: bets $6
batman-K8: folds
Uncalled bet ($6) returned to Hannibal2211
Hannibal2211 collected $17.64 from pot
*** SUMMARY ***
Total pot $18 | Rake $0.36
Board [7d 5c Qh Ah]
Seat 1: batman-K8 (button) (small blind) folded on the Turn
Seat 2: Hannibal2211 (big blind) collected ($17.64)


PokerStars Hand #157081066145:  Hold'em Limit ($3/$6 USD) - 2016/08/09 19:06:51 ET
Table 'Theemin' 10-max Seat #2 is the button
Seat 1: batman-K8 ($124.52 in chips)
Seat 2: Hannibal2211 ($128.14 in chips)
Hannibal2211: posts small blind $1
batman-K8: posts big blind $3
*** HOLE CARDS ***
Hannibal2211: raises $3 to $6
batman-K8: raises $3 to $9
Hannibal2211: calls $3
*** FLOP *** [Qh 4c 7c]
batman-K8: bets $3
Hannibal2211: raises $3 to $6
batman-K8: calls $3
*** TURN *** [Qh 4c 7c] [6s]
batman-K8: bets $6
Hannibal2211: calls $6
*** RIVER *** [Qh 4c 7c 6s] [3h]
batman-K8: bets $6
Hannibal2211: calls $6
*** SHOW DOWN ***
batman-K8: shows [Ah 6h] (a pair of Sixes)
Hannibal2211: shows [Jd 7h] (a pair of Sevens)
Hannibal2211 collected $53.50 from pot
*** SUMMARY ***
Total pot $54 | Rake $0.50
Board [Qh 4c 7c 6s 3h]
Seat 1: batman-K8 (big blind) showed [Ah 6h] and lost with a pair of Sixes
Seat 2: Hannibal2211 (button) (small blind) showed [Jd 7h] and won ($53.50) with a pair of Sevens


PokerStars Hand #157081058050:  Hold'em Limit ($3/$6 USD) - 2016/08/09 19:06:37 ET
Table 'Theemin' 10-max Seat #1 is the button
Seat 1: batman-K8 ($127.52 in chips)
Seat 2: Hannibal2211 ($125.26 in chips)
batman-K8: posts small blind $1
Hannibal2211: posts big blind $3
*** HOLE CARDS ***
batman-K8: calls $2
Hannibal2211: checks
*** FLOP *** [4h 9s 2d]
Hannibal2211: checks
batman-K8: checks
*** TURN *** [4h 9s 2d] [Ac]
Hannibal2211: bets $6
batman-K8: folds
Uncalled bet ($6) returned to Hannibal2211
Hannibal2211 collected $5.88 from pot
*** SUMMARY ***
Total pot $6 | Rake $0.12
Board [4h 9s 2d Ac]
Seat 1: batman-K8 (button) (small blind) folded on the Turn
Seat 2: Hannibal2211 (big blind) collected ($5.88)


PokerStars Hand #157081101985:  Hold'em Limit ($3/$6 USD) - 2016/08/09 19:07:56 ET
Table 'Theemin' 10-max Seat #2 is the button
Seat 1: batman-K8 ($112.02 in chips)
Seat 2: Hannibal2211 ($139.28 in chips)
Hannibal2211: posts small blind $1
batman-K8: posts big blind $3
*** HOLE CARDS ***
Hannibal2211: raises $3 to $6
batman-K8: calls $3
*** FLOP *** [5s 3s Js]
batman-K8: bets $3
Hannibal2211: calls $3
*** TURN *** [5s 3s Js] [5c]
batman-K8: bets $6
Hannibal2211: calls $6
*** RIVER *** [5s 3s Js 5c] [Ks]
batman-K8: bets $6
Hannibal2211: folds
Uncalled bet ($6) returned to batman-K8
batman-K8 collected $29.50 from pot
*** SUMMARY ***
Total pot $30 | Rake $0.50
Board [5s 3s Js 5c Ks]
Seat 1: batman-K8 (big blind) collected ($29.50)
Seat 2: Hannibal2211 (button) (small blind) folded on the River


PokerStars Hand #157081090156:  Hold'em Limit ($3/$6 USD) - 2016/08/09 19:07:34 ET
Table 'Theemin' 10-max Seat #1 is the button
Seat 1: batman-K8 ($85.52 in chips)
Seat 2: Hannibal2211 ($166.28 in chips)
batman-K8: posts small blind $1
Hannibal2211: posts big blind $3
*** HOLE CARDS ***
batman-K8: raises $3 to $6
Hannibal2211: raises $3 to $9
batman-K8: raises $3 to $12
Betting is capped
Hannibal2211: calls $3
*** FLOP *** [Qc 4h 4s]
Hannibal2211: checks
batman-K8: bets $3
Hannibal2211: calls $3
*** TURN *** [Qc 4h 4s] [2c]
Hannibal2211: checks
batman-K8: bets $6
Hannibal2211: calls $6
*** RIVER *** [Qc 4h 4s 2c] [2s]
Hannibal2211: checks
batman-K8: bets $6
Hannibal2211: calls $6
*** SHOW DOWN ***
batman-K8: shows [Jh Jc] (two pair, Jacks and Fours)
Hannibal2211: mucks hand
batman-K8 collected $53.50 from pot
*** SUMMARY ***
Total pot $54 | Rake $0.50
Board [Qc 4h 4s 2c 2s]
Seat 1: batman-K8 (button) (small blind) showed [Jh Jc] and won ($53.50) with two pair, Jacks and Fours
Seat 2: Hannibal2211 (big blind) mucked


PokerStars Hand #157081086182:  Hold'em Limit ($3/$6 USD) - 2016/08/09 19:07:27 ET
Table 'Theemin' 10-max Seat #2 is the button
Seat 1: batman-K8 ($88.52 in chips)
Seat 2: Hannibal2211 ($163.28 in chips)
Hannibal2211: posts small blind $1
batman-K8: posts big blind $3
*** HOLE CARDS ***
Hannibal2211: raises $3 to $6
batman-K8: folds
Uncalled bet ($3) returned to Hannibal2211
Hannibal2211 collected $6 from pot
*** SUMMARY ***
Total pot $6 | Rake $0
Seat 1: batman-K8 (big blind) folded before Flop
Seat 2: Hannibal2211 (button) (small blind) collected ($6)


PokerStars Hand #157081146054:  Hold'em Limit ($3/$6 USD) - 2016/08/09 19:09:13 ET
Table 'Theemin' 10-max Seat #2 is the button
Seat 1: batman-K8 ($128.66 in chips)
Seat 2: Hannibal2211 ($120.78 in chips)
Hannibal2211: posts small blind $1
batman-K8: posts big blind $3
*** HOLE CARDS ***
Hannibal2211: raises $3 to $6
batman-K8: calls $3
*** FLOP *** [8c 7h Th]
batman-K8: bets $3
Hannibal2211: calls $3
*** TURN *** [8c 7h Th] [3h]
batman-K8: bets $6
Hannibal2211: calls $6
*** RIVER *** [8c 7h Th 3h] [Ks]
batman-K8: bets $6
Hannibal2211: calls $6
*** SHOW DOWN ***
batman-K8: shows [9h Ts] (a pair of Tens)
Hannibal2211: mucks hand
batman-K8 collected $41.50 from pot
*** SUMMARY ***
Total pot $42 | Rake $0.50
Board [8c 7h Th 3h Ks]
Seat 1: batman-K8 (big blind) showed [9h Ts] and won ($41.50) with a pair of Tens
Seat 2: Hannibal2211 (button) (small blind) mucked


PokerStars Hand #157081134304:  Hold'em Limit ($3/$6 USD) - 2016/08/09 19:08:53 ET
Table 'Theemin' 10-max Seat #1 is the button
Seat 1: batman-K8 ($152.66 in chips)
Seat 2: Hannibal2211 ($97.28 in chips)
batman-K8: posts small blind $1
Hannibal2211: posts big blind $3
*** HOLE CARDS ***
batman-K8: raises $3 to $6
Hannibal2211: calls $3
*** FLOP *** [9c 9h 6s]
Hannibal2211: checks
batman-K8: bets $3
Hannibal2211: raises $3 to $6
batman-K8: calls $3
*** TURN *** [9c 9h 6s] [9d]
Hannibal2211: bets $6
batman-K8: calls $6
*** RIVER *** [9c 9h 6s 9d] [2c]
Hannibal2211: bets $6
batman-K8: calls $6
*** SHOW DOWN ***
Hannibal2211: shows [Jc 9s] (four of a kind, Nines)
batman-K8: mucks hand
Hannibal2211 collected $47.50 from pot
*** SUMMARY ***
Total pot $48 | Rake $0.50
Board [9c 9h 6s 9d 2c]
Seat 1: batman-K8 (button) (small blind) mucked
Seat 2: Hannibal2211 (big blind) showed [Jc 9s] and won ($47.50) with four of a kind, Nines


PokerStars Hand #157081112479:  Hold'em Limit ($3/$6 USD) - 2016/08/09 19:08:14 ET
Table 'Theemin' 10-max Seat #1 is the button
Seat 1: batman-K8 ($126.52 in chips)
Seat 2: Hannibal2211 ($124.28 in chips)
batman-K8: posts small blind $1
Hannibal2211: posts big blind $3
*** HOLE CARDS ***
batman-K8: calls $2
Hannibal2211: raises $3 to $6
batman-K8: calls $3
*** FLOP *** [6d 8c Qd]
Hannibal2211: bets $3
batman-K8: calls $3
*** TURN *** [6d 8c Qd] [2d]
Hannibal2211: checks
batman-K8: bets $6
Hannibal2211: folds
Uncalled bet ($6) returned to batman-K8
batman-K8 collected $17.64 from pot
*** SUMMARY ***
Total pot $18 | Rake $0.36
Board [6d 8c Qd 2d]
Seat 1: batman-K8 (button) (small blind) collected ($17.64)
Seat 2: Hannibal2211 (big blind) folded on the Turn


PokerStars Hand #157081179405:  Hold'em Limit ($3/$6 USD) - 2016/08/09 19:10:13 ET
Table 'Theemin' 10-max Seat #2 is the button
Seat 1: batman-K8 ($149.04 in chips)
Seat 2: Hannibal2211 ($99.54 in chips)
Hannibal2211: posts small blind $1
batman-K8: posts big blind $3
*** HOLE CARDS ***
Hannibal2211: folds
Uncalled bet ($2) returned to batman-K8
batman-K8 collected $2 from pot
*** SUMMARY ***
Total pot $2 | Rake $0
Seat 1: batman-K8 (big blind) collected ($2)
Seat 2: Hannibal2211 (button) (small blind) folded before Flop


PokerStars Hand #157081175501:  Hold'em Limit ($3/$6 USD) - 2016/08/09 19:10:05 ET
Table 'Theemin' 10-max Seat #1 is the button
Seat 1: batman-K8 ($146.04 in chips)
Seat 2: Hannibal2211 ($102.54 in chips)
batman-K8: posts small blind $1
Hannibal2211: posts big blind $3
*** HOLE CARDS ***
batman-K8: raises $3 to $6
Hannibal2211: folds
Uncalled bet ($3) returned to batman-K8
batman-K8 collected $6 from pot
*** SUMMARY ***
Total pot $6 | Rake $0
Seat 1: batman-K8 (button) (small blind) collected ($6)
Seat 2: Hannibal2211 (big blind) folded before Flop


PokerStars Hand #157081169009:  Hold'em Limit ($3/$6 USD) - 2016/08/09 19:09:54 ET
Table 'Theemin' 10-max Seat #2 is the button
Seat 1: batman-K8 ($152.04 in chips)
Seat 2: Hannibal2211 ($96.78 in chips)
Hannibal2211: posts small blind $1
batman-K8: posts big blind $3
*** HOLE CARDS ***
Hannibal2211: raises $3 to $6
batman-K8: calls $3
*** FLOP *** [3c 3h 7d]
batman-K8: checks
Hannibal2211: bets $3
batman-K8: folds
Uncalled bet ($3) returned to Hannibal2211
Hannibal2211 collected $11.76 from pot
*** SUMMARY ***
Total pot $12 | Rake $0.24
Board [3c 3h 7d]
Seat 1: batman-K8 (big blind) folded on the Flop
Seat 2: Hannibal2211 (button) (small blind) collected ($11.76)


PokerStars Hand #157081161019:  Hold'em Limit ($3/$6 USD) - 2016/08/09 19:09:40 ET
Table 'Theemin' 10-max Seat #1 is the button
Seat 1: batman-K8 ($149.16 in chips)
Seat 2: Hannibal2211 ($99.78 in chips)
batman-K8: posts small blind $1
Hannibal2211: posts big blind $3
*** HOLE CARDS ***
batman-K8: calls $2
Hannibal2211: checks
*** FLOP *** [Qh 9c 4c]
Hannibal2211: checks
batman-K8: checks
*** TURN *** [Qh 9c 4c] [Td]
Hannibal2211: checks
batman-K8: bets $6
Hannibal2211: folds
Uncalled bet ($6) returned to batman-K8
batman-K8 collected $5.88 from pot
*** SUMMARY ***
Total pot $6 | Rake $0.12
Board [Qh 9c 4c Td]
Seat 1: batman-K8 (button) (small blind) collected ($5.88)
Seat 2: Hannibal2211 (big blind) folded on the Turn


PokerStars Hand #157081158360:  Hold'em Limit ($3/$6 USD) - 2016/08/09 19:09:35 ET
Table 'Theemin' 10-max Seat #2 is the button
Seat 1: batman-K8 ($148.16 in chips)
Seat 2: Hannibal2211 ($100.78 in chips)
Hannibal2211: posts small blind $1
batman-K8: posts big blind $3
*** HOLE CARDS ***
Hannibal2211: folds
Uncalled bet ($2) returned to batman-K8
batman-K8 collected $2 from pot
*** SUMMARY ***
Total pot $2 | Rake $0
Seat 1: batman-K8 (big blind) collected ($2)
Seat 2: Hannibal2211 (button) (small blind) folded before Flop


PokerStars Hand #157081155519:  Hold'em Limit ($3/$6 USD) - 2016/08/09 19:09:30 ET
Table 'Theemin' 10-max Seat #1 is the button
Seat 1: batman-K8 ($149.16 in chips)
Seat 2: Hannibal2211 ($99.78 in chips)
batman-K8: posts small blind $1
Hannibal2211: posts big blind $3
*** HOLE CARDS ***
batman-K8: folds
Uncalled bet ($2) returned to Hannibal2211
Hannibal2211 collected $2 from pot
*** SUMMARY ***
Total pot $2 | Rake $0
Seat 1: batman-K8 (button) (small blind) folded before Flop
Seat 2: Hannibal2211 (big blind) collected ($2)


PokerStars Hand #157081206259:  Hold'em Limit ($3/$6 USD) - 2016/08/09 19:11:00 ET
Table 'Theemin' 10-max Seat #1 is the button
Seat 1: batman-K8 ($164.54 in chips)
Seat 2: Hannibal2211 ($83.04 in chips)
batman-K8: posts small blind $1
Hannibal2211: posts big blind $3
*** HOLE CARDS ***
batman-K8: calls $2
Hannibal2211: raises $3 to $6
batman-K8: calls $3
*** FLOP *** [3c 2d Qs]
Hannibal2211: bets $3
batman-K8: folds
Uncalled bet ($3) returned to Hannibal2211
Hannibal2211 collected $11.76 from pot
*** SUMMARY ***
Total pot $12 | Rake $0.24
Board [3c 2d Qs]
Seat 1: batman-K8 (button) (small blind) folded on the Flop
Seat 2: Hannibal2211 (big blind) collected ($11.76)


PokerStars Hand #157081193824:  Hold'em Limit ($3/$6 USD) - 2016/08/09 19:10:38 ET
Table 'Theemin' 10-max Seat #2 is the button
Seat 1: batman-K8 ($132.04 in chips)
Seat 2: Hannibal2211 ($116.04 in chips)
Hannibal2211: posts small blind $1
batman-K8: posts big blind $3
*** HOLE CARDS ***
Hannibal2211: raises $3 to $6
batman-K8: raises $3 to $9
Hannibal2211: calls $3
*** FLOP *** [6c 2d 7d]
batman-K8: bets $3
Hannibal2211: raises $3 to $6
batman-K8: raises $3 to $9
Hannibal2211: raises $3 to $12
Betting is capped
batman-K8: calls $3
*** TURN *** [6c 2d 7d] [3h]
batman-K8: bets $6
Hannibal2211: calls $6
*** RIVER *** [6c 2d 7d 3h] [As]
batman-K8: bets $6
Hannibal2211: calls $6
*** SHOW DOWN ***
batman-K8: shows [Th Ts] (a pair of Tens)
Hannibal2211: mucks hand
batman-K8 collected $65.50 from pot
*** SUMMARY ***
Total pot $66 | Rake $0.50
Board [6c 2d 7d 3h As]
Seat 1: batman-K8 (big blind) showed [Th Ts] and won ($65.50) with a pair of Tens
Seat 2: Hannibal2211 (button) (small blind) mucked


PokerStars Hand #157081182465:  Hold'em Limit ($3/$6 USD) - 2016/08/09 19:10:18 ET
Table 'Theemin' 10-max Seat #1 is the button
Seat 1: batman-K8 ($150.04 in chips)
Seat 2: Hannibal2211 ($98.54 in chips)
batman-K8: posts small blind $1
Hannibal2211: posts big blind $3
*** HOLE CARDS ***
batman-K8: calls $2
Hannibal2211: checks
*** FLOP *** [8c Ts 9s]
Hannibal2211: checks
batman-K8: bets $3
Hannibal2211: calls $3
*** TURN *** [8c Ts 9s] [6c]
Hannibal2211: checks
batman-K8: bets $6
Hannibal2211: calls $6
*** RIVER *** [8c Ts 9s 6c] [3c]
Hannibal2211: checks
batman-K8: bets $6
Hannibal2211: calls $6
*** SHOW DOWN ***
batman-K8: shows [5d 8s] (a pair of Eights)
Hannibal2211: shows [4d 9c] (a pair of Nines)
Hannibal2211 collected $35.50 from pot
*** SUMMARY ***
Total pot $36 | Rake $0.50
Board [8c Ts 9s 6c 3c]
Seat 1: batman-K8 (button) (small blind) showed [5d 8s] and lost with a pair of Eights
Seat 2: Hannibal2211 (big blind) showed [4d 9c] and won ($35.50) with a pair of Nines


PokerStars Hand #157081244598:  Hold'em Limit ($3/$6 USD) - 2016/08/09 19:12:09 ET
Table 'Theemin' 10-max Seat #1 is the button
Seat 1: batman-K8 ($171.94 in chips)
Seat 2: Hannibal2211 ($74.80 in chips)
batman-K8: posts small blind $1
Hannibal2211: posts big blind $3
*** HOLE CARDS ***
batman-K8: raises $3 to $6
Hannibal2211: calls $3
*** FLOP *** [9s 3d Ts]
Hannibal2211: checks
batman-K8: bets $3
Hannibal2211: folds
Uncalled bet ($3) returned to batman-K8
batman-K8 collected $11.76 from pot
*** SUMMARY ***
Total pot $12 | Rake $0.24
Board [9s 3d Ts]
Seat 1: batman-K8 (button) (small blind) collected ($11.76)
Seat 2: Hannibal2211 (big blind) folded on the Flop


PokerStars Hand #157081238835:  Hold'em Limit ($3/$6 USD) - 2016/08/09 19:11:59 ET
Table 'Theemin' 10-max Seat #2 is the button
Seat 1: batman-K8 ($166.18 in chips)
Seat 2: Hannibal2211 ($80.80 in chips)
Hannibal2211: posts small blind $1
batman-K8: posts big blind $3
*** HOLE CARDS ***
Hannibal2211: raises $3 to $6
batman-K8: calls $3
*** FLOP *** [6c 6h 7d]
batman-K8: bets $3
Hannibal2211: folds
Uncalled bet ($3) returned to batman-K8
batman-K8 collected $11.76 from pot
*** SUMMARY ***
Total pot $12 | Rake $0.24
Board [6c 6h 7d]
Seat 1: batman-K8 (big blind) collected ($11.76)
Seat 2: Hannibal2211 (button) (small blind) folded on the Flop


PokerStars Hand #157081236041:  Hold'em Limit ($3/$6 USD) - 2016/08/09 19:11:54 ET
Table 'Theemin' 10-max Seat #1 is the button
Seat 1: batman-K8 ($167.18 in chips)
Seat 2: Hannibal2211 ($79.80 in chips)
batman-K8: posts small blind $1
Hannibal2211: posts big blind $3
*** HOLE CARDS ***
batman-K8: folds
Uncalled bet ($2) returned to Hannibal2211
Hannibal2211 collected $2 from pot
*** SUMMARY ***
Total pot $2 | Rake $0
Seat 1: batman-K8 (button) (small blind) folded before Flop
Seat 2: Hannibal2211 (big blind) collected ($2)


PokerStars Hand #157081215468:  Hold'em Limit ($3/$6 USD) - 2016/08/09 19:11:16 ET
Table 'Theemin' 10-max Seat #2 is the button
Seat 1: batman-K8 ($158.54 in chips)
Seat 2: Hannibal2211 ($88.80 in chips)
Hannibal2211: posts small blind $1
batman-K8: posts big blind $3
*** HOLE CARDS ***
Hannibal2211: raises $3 to $6
batman-K8: calls $3
*** FLOP *** [Js Jh 7s]
batman-K8: bets $3
Hannibal2211: calls $3
*** TURN *** [Js Jh 7s] [As]
batman-K8: bets $6
Hannibal2211: folds
Uncalled bet ($6) returned to batman-K8
batman-K8 collected $17.64 from pot
*** SUMMARY ***
Total pot $18 | Rake $0.36
Board [Js Jh 7s As]
Seat 1: batman-K8 (big blind) collected ($17.64)
Seat 2: Hannibal2211 (button) (small blind) folded on the Turn


PokerStars Hand #157081279698:  Hold'em Limit ($3/$6 USD) - 2016/08/09 19:13:11 ET
Table 'Theemin' 10-max Seat #2 is the button
Seat 1: batman-K8 ($192.20 in chips)
Seat 2: Hannibal2211 ($74.88 in chips)
Hannibal2211: posts small blind $1
batman-K8: posts big blind $3
*** HOLE CARDS ***
Hannibal2211: raises $3 to $6
batman-K8: raises $3 to $9
Hannibal2211: raises $3 to $12
Betting is capped
batman-K8: calls $3
*** FLOP *** [7h 6s Th]
batman-K8: bets $3
Hannibal2211: calls $3
*** TURN *** [7h 6s Th] [2s]
batman-K8: bets $6
Hannibal2211: raises $6 to $12
batman-K8: raises $6 to $18
Hannibal2211: calls $6
*** RIVER *** [7h 6s Th 2s] [3c]
batman-K8: bets $6
Hannibal2211: calls $6
*** SHOW DOWN ***
batman-K8: shows [Tc Ac] (a pair of Tens)
Hannibal2211: mucks hand
batman-K8 collected $77.50 from pot
*** SUMMARY ***
Total pot $78 | Rake $0.50
Board [7h 6s Th 2s 3c]
Seat 1: batman-K8 (big blind) showed [Tc Ac] and won ($77.50) with a pair of Tens
Seat 2: Hannibal2211 (button) (small blind) mucked


PokerStars Hand #157081268569:  Hold'em Limit ($3/$6 USD) - 2016/08/09 19:12:51 ET
Table 'Theemin' 10-max Seat #1 is the button
Seat 1: batman-K8 ($195.20 in chips)
Seat 2: Hannibal2211 ($72 in chips)
batman-K8: posts small blind $1
Hannibal2211: posts big blind $3
*** HOLE CARDS ***
batman-K8: calls $2
Hannibal2211: checks
*** FLOP *** [Jc 6s 8s]
Hannibal2211: bets $3
batman-K8: folds
Uncalled bet ($3) returned to Hannibal2211
Hannibal2211 collected $5.88 from pot
*** SUMMARY ***
Total pot $6 | Rake $0.12
Board [Jc 6s 8s]
Seat 1: batman-K8 (button) (small blind) folded on the Flop
Seat 2: Hannibal2211 (big blind) collected ($5.88)


PokerStars Hand #157081252458:  Hold'em Limit ($3/$6 USD) - 2016/08/09 19:12:23 ET
Table 'Theemin' 10-max Seat #2 is the button
Seat 1: batman-K8 ($177.70 in chips)
Seat 2: Hannibal2211 ($72 in chips)
Hannibal2211: posts small blind $1
batman-K8: posts big blind $3
*** HOLE CARDS ***
Hannibal2211: raises $3 to $6
batman-K8: raises $3 to $9
Hannibal2211: calls $3
*** FLOP *** [4s Th 4c]
batman-K8: bets $3
Hannibal2211: calls $3
*** TURN *** [4s Th 4c] [9s]
batman-K8: bets $6
Hannibal2211: calls $6
*** RIVER *** [4s Th 4c 9s] [6h]
batman-K8: bets $6
Hannibal2211: folds
Uncalled bet ($6) returned to batman-K8
batman-K8 collected $35.50 from pot
*** SUMMARY ***
Total pot $36 | Rake $0.50
Board [4s Th 4c 9s 6h]
Seat 1: batman-K8 (big blind) collected ($35.50)
Seat 2: Hannibal2211 (button) (small blind) folded on the River


PokerStars Hand #157081311961:  Hold'em Limit ($3/$6 USD) - 2016/08/09 19:14:10 ET
Table 'Theemin' 10-max Seat #2 is the button
Seat 1: batman-K8 ($233.34 in chips)
Seat 2: Hannibal2211 ($74.76 in chips)
Hannibal2211: posts small blind $1
batman-K8: posts big blind $3
*** HOLE CARDS ***
Hannibal2211: raises $3 to $6
batman-K8: calls $3
*** FLOP *** [Js 2h 8h]
batman-K8: bets $3
Hannibal2211: folds
Uncalled bet ($3) returned to batman-K8
batman-K8 collected $11.76 from pot
*** SUMMARY ***
Total pot $12 | Rake $0.24
Board [Js 2h 8h]
Seat 1: batman-K8 (big blind) collected ($11.76)
Seat 2: Hannibal2211 (button) (small blind) folded on the Flop


PokerStars Hand #157081304576:  Hold'em Limit ($3/$6 USD) - 2016/08/09 19:13:56 ET
Table 'Theemin' 10-max Seat #1 is the button
Seat 1: batman-K8 ($230.46 in chips)
Seat 2: Hannibal2211 ($77.76 in chips)
batman-K8: posts small blind $1
Hannibal2211: posts big blind $3
*** HOLE CARDS ***
batman-K8: calls $2
Hannibal2211: checks
*** FLOP *** [Th Qd 2h]
Hannibal2211: checks
batman-K8: checks
*** TURN *** [Th Qd 2h] [Jc]
Hannibal2211: checks
batman-K8: bets $6
Hannibal2211: folds
Uncalled bet ($6) returned to batman-K8
batman-K8 collected $5.88 from pot
*** SUMMARY ***
Total pot $6 | Rake $0.12
Board [Th Qd 2h Jc]
Seat 1: batman-K8 (button) (small blind) collected ($5.88)
Seat 2: Hannibal2211 (big blind) folded on the Turn


PokerStars Hand #157081298399:  Hold'em Limit ($3/$6 USD) - 2016/08/09 19:13:45 ET
Table 'Theemin' 10-max Seat #2 is the button
Seat 1: batman-K8 ($236.46 in chips)
Seat 2: Hannibal2211 ($72 in chips)
Hannibal2211: posts small blind $1
batman-K8: posts big blind $3
*** HOLE CARDS ***
Hannibal2211: raises $3 to $6
batman-K8: calls $3
*** FLOP *** [9s 2c Js]
batman-K8: checks
Hannibal2211: bets $3
batman-K8: folds
Uncalled bet ($3) returned to Hannibal2211
Hannibal2211 collected $11.76 from pot
*** SUMMARY ***
Total pot $12 | Rake $0.24
Board [9s 2c Js]
Seat 1: batman-K8 (big blind) folded on the Flop
Seat 2: Hannibal2211 (button) (small blind) collected ($11.76)


PokerStars Hand #157081291019:  Hold'em Limit ($3/$6 USD) - 2016/08/09 19:13:32 ET
Table 'Theemin' 10-max Seat #1 is the button
Seat 1: batman-K8 ($230.70 in chips)
Seat 2: Hannibal2211 ($72 in chips)
batman-K8: posts small blind $1
Hannibal2211: posts big blind $3
*** HOLE CARDS ***
batman-K8: raises $3 to $6
Hannibal2211: calls $3
*** FLOP *** [6s 5h 7d]
Hannibal2211: checks
batman-K8: bets $3
Hannibal2211: folds
Uncalled bet ($3) returned to batman-K8
batman-K8 collected $11.76 from pot
*** SUMMARY ***
Total pot $12 | Rake $0.24
Board [6s 5h 7d]
Seat 1: batman-K8 (button) (small blind) collected ($11.76)
Seat 2: Hannibal2211 (big blind) folded on the Flop


PokerStars Hand #157081338268:  Hold'em Limit ($3/$6 USD) - 2016/08/09 19:14:57 ET
Table 'Theemin' 10-max Seat #1 is the button
Seat 1: batman-K8 ($268.48 in chips)
Seat 2: Hannibal2211 ($72 in chips)
batman-K8: posts small blind $1
Hannibal2211: posts big blind $3
*** HOLE CARDS ***
batman-K8: calls $2
Hannibal2211: checks
*** FLOP *** [2c Jd 5c]
Hannibal2211: checks
batman-K8: checks
*** TURN *** [2c Jd 5c] [6d]
Hannibal2211: bets $6
batman-K8: calls $6
*** RIVER *** [2c Jd 5c 6d] [4c]
Hannibal2211: bets $6
batman-K8: calls $6
*** SHOW DOWN ***
Hannibal2211: shows [Js 3d] (a straight, Deuce to Six)
batman-K8: mucks hand
Hannibal2211 collected $29.50 from pot
*** SUMMARY ***
Total pot $30 | Rake $0.50
Board [2c Jd 5c 6d 4c]
Seat 1: batman-K8 (button) (small blind) mucked
Seat 2: Hannibal2211 (big blind) showed [Js 3d] and won ($29.50) with a straight, Deuce to Six


PokerStars Hand #157081327164:  Hold'em Limit ($3/$6 USD) - 2016/08/09 19:14:37 ET
Table 'Theemin' 10-max Seat #2 is the button
Seat 1: batman-K8 ($241.98 in chips)
Seat 2: Hannibal2211 ($72 in chips)
Hannibal2211: posts small blind $1
batman-K8: posts big blind $3
*** HOLE CARDS ***
Hannibal2211: raises $3 to $6
batman-K8: calls $3
*** FLOP *** [5d Kh 2s]
batman-K8: bets $3
Hannibal2211: raises $3 to $6
batman-K8: raises $3 to $9
Hannibal2211: calls $3
*** TURN *** [5d Kh 2s] [Js]
batman-K8: bets $6
Hannibal2211: calls $6
*** RIVER *** [5d Kh 2s Js] [4s]
batman-K8: bets $6
Hannibal2211: calls $6
*** SHOW DOWN ***
batman-K8: shows [Kc 3h] (a pair of Kings)
Hannibal2211: mucks hand
batman-K8 collected $53.50 from pot
*** SUMMARY ***
Total pot $54 | Rake $0.50
Board [5d Kh 2s Js 4s]
Seat 1: batman-K8 (big blind) showed [Kc 3h] and won ($53.50) with a pair of Kings
Seat 2: Hannibal2211 (button) (small blind) mucked


PokerStars Hand #157081318190:  Hold'em Limit ($3/$6 USD) - 2016/08/09 19:14:21 ET
Table 'Theemin' 10-max Seat #1 is the button
Seat 1: batman-K8 ($239.10 in chips)
Seat 2: Hannibal2211 ($72 in chips)
batman-K8: posts small blind $1
Hannibal2211: posts big blind $3
*** HOLE CARDS ***
batman-K8: calls $2
Hannibal2211: checks
*** FLOP *** [Ks Qh 5h]
Hannibal2211: checks
batman-K8: bets $3
Hannibal2211: folds
Uncalled bet ($3) returned to batman-K8
batman-K8 collected $5.88 from pot
*** SUMMARY ***
Total pot $6 | Rake $0.12
Board [Ks Qh 5h]
Seat 1: batman-K8 (button) (small blind) collected ($5.88)
Seat 2: Hannibal2211 (big blind) folded on the Flop


PokerStars Hand #157081365797:  Hold'em Limit ($3/$6 USD) - 2016/08/09 19:15:48 ET
Table 'Theemin' 10-max Seat #2 is the button
Seat 1: batman-K8 ($250.24 in chips)
Seat 2: Hannibal2211 ($89.14 in chips)
Hannibal2211: posts small blind $1
batman-K8: posts big blind $3
*** HOLE CARDS ***
Hannibal2211: raises $3 to $6
batman-K8: calls $3
*** FLOP *** [6h 9h 2s]
batman-K8: bets $3
Hannibal2211: calls $3
*** TURN *** [6h 9h 2s] [Jc]
batman-K8: bets $6
Hannibal2211: calls $6
*** RIVER *** [6h 9h 2s Jc] [7c]
batman-K8: bets $6
Hannibal2211: calls $6
*** SHOW DOWN ***
batman-K8: shows [8d Ts] (a straight, Seven to Jack)
Hannibal2211: mucks hand
batman-K8 collected $41.50 from pot
*** SUMMARY ***
Total pot $42 | Rake $0.50
Board [6h 9h 2s Jc 7c]
Seat 1: batman-K8 (big blind) showed [8d Ts] and won ($41.50) with a straight, Seven to Jack
Seat 2: Hannibal2211 (button) (small blind) mucked


PokerStars Hand #157081358535:  Hold'em Limit ($3/$6 USD) - 2016/08/09 19:15:34 ET
Table 'Theemin' 10-max Seat #1 is the button
Seat 1: batman-K8 ($244.48 in chips)
Seat 2: Hannibal2211 ($95.14 in chips)
batman-K8: posts small blind $1
Hannibal2211: posts big blind $3
*** HOLE CARDS ***
batman-K8: raises $3 to $6
Hannibal2211: calls $3
*** FLOP *** [4h Kc 6h]
Hannibal2211: checks
batman-K8: bets $3
Hannibal2211: folds
Uncalled bet ($3) returned to batman-K8
batman-K8 collected $11.76 from pot
*** SUMMARY ***
Total pot $12 | Rake $0.24
Board [4h Kc 6h]
Seat 1: batman-K8 (button) (small blind) collected ($11.76)
Seat 2: Hannibal2211 (big blind) folded on the Flop


PokerStars Hand #157081348554:  Hold'em Limit ($3/$6 USD) - 2016/08/09 19:15:16 ET
Table 'Theemin' 10-max Seat #2 is the button
Seat 1: batman-K8 ($253.48 in chips)
Seat 2: Hannibal2211 ($86.50 in chips)
Hannibal2211: posts small blind $1
batman-K8: posts big blind $3
*** HOLE CARDS ***
Hannibal2211: raises $3 to $6
batman-K8: calls $3
*** FLOP *** [7h 8d 3d]
batman-K8: checks
Hannibal2211: bets $3
batman-K8: calls $3
*** TURN *** [7h 8d 3d] [8s]
batman-K8: checks
Hannibal2211: bets $6
batman-K8: folds
Uncalled bet ($6) returned to Hannibal2211
Hannibal2211 collected $17.64 from pot
*** SUMMARY ***
Total pot $18 | Rake $0.36
Board [7h 8d 3d 8s]
Seat 1: batman-K8 (big blind) folded on the Turn
Seat 2: Hannibal2211 (button) (small blind) collected ($17.64)


PokerStars Hand #157081407626:  Hold'em Limit ($3/$6 USD) - 2016/08/09 19:17:05 ET
Table 'Theemin' 10-max Seat #1 is the button
Seat 1: batman-K8 ($278.24 in chips)
Seat 2: Hannibal2211 ($84.52 in chips)
batman-K8: posts small blind $1
Hannibal2211: posts big blind $3
*** HOLE CARDS ***
batman-K8: calls $2
Hannibal2211: raises $3 to $6
batman-K8: calls $3
*** FLOP *** [5d 9d Jh]
Hannibal2211: bets $3
batman-K8: folds
Uncalled bet ($3) returned to Hannibal2211
Hannibal2211 collected $11.76 from pot
*** SUMMARY ***
Total pot $12 | Rake $0.24
Board [5d 9d Jh]
Seat 1: batman-K8 (button) (small blind) folded on the Flop
Seat 2: Hannibal2211 (big blind) collected ($11.76)


PokerStars Hand #157081399998:  Hold'em Limit ($3/$6 USD) - 2016/08/09 19:16:51 ET
Table 'Theemin' 10-max Seat #2 is the button
Seat 1: batman-K8 ($284.24 in chips)
Seat 2: Hannibal2211 ($78.76 in chips)
Hannibal2211: posts small blind $1
batman-K8: posts big blind $3
*** HOLE CARDS ***
Hannibal2211: raises $3 to $6
batman-K8: calls $3
*** FLOP *** [9s 3d Ac]
batman-K8: checks
Hannibal2211: bets $3
batman-K8: folds
Uncalled bet ($3) returned to Hannibal2211
Hannibal2211 collected $11.76 from pot
*** SUMMARY ***
Total pot $12 | Rake $0.24
Board [9s 3d Ac]
Seat 1: batman-K8 (big blind) folded on the Flop
Seat 2: Hannibal2211 (button) (small blind) collected ($11.76)


PokerStars Hand #157081397094:  Hold'em Limit ($3/$6 USD) - 2016/08/09 19:16:46 ET
Table 'Theemin' 10-max Seat #1 is the button
Seat 1: batman-K8 ($285.24 in chips)
Seat 2: Hannibal2211 ($77.76 in chips)
batman-K8: posts small blind $1
Hannibal2211: posts big blind $3
*** HOLE CARDS ***
batman-K8: folds
Uncalled bet ($2) returned to Hannibal2211
Hannibal2211 collected $2 from pot
*** SUMMARY ***
Total pot $2 | Rake $0
Seat 1: batman-K8 (button) (small blind) folded before Flop
Seat 2: Hannibal2211 (big blind) collected ($2)


PokerStars Hand #157081391270:  Hold'em Limit ($3/$6 USD) - 2016/08/09 19:16:35 ET
Table 'Theemin' 10-max Seat #2 is the button
Seat 1: batman-K8 ($291.24 in chips)
Seat 2: Hannibal2211 ($72 in chips)
Hannibal2211: posts small blind $1
batman-K8: posts big blind $3
*** HOLE CARDS ***
Hannibal2211: raises $3 to $6
batman-K8: calls $3
*** FLOP *** [Td 9c 2c]
batman-K8: checks
Hannibal2211: bets $3
batman-K8: folds
Uncalled bet ($3) returned to Hannibal2211
Hannibal2211 collected $11.76 from pot
*** SUMMARY ***
Total pot $12 | Rake $0.24
Board [Td 9c 2c]
Seat 1: batman-K8 (big blind) folded on the Flop
Seat 2: Hannibal2211 (button) (small blind) collected ($11.76)


PokerStars Hand #157081376358:  Hold'em Limit ($3/$6 USD) - 2016/08/09 19:16:08 ET
Table 'Theemin' 10-max Seat #1 is the button
Seat 1: batman-K8 ($270.74 in chips)
Seat 2: Hannibal2211 ($72 in chips)
batman-K8: posts small blind $1
Hannibal2211: posts big blind $3
*** HOLE CARDS ***
batman-K8: calls $2
Hannibal2211: checks
*** FLOP *** [9h 5d 4c]
Hannibal2211: checks
batman-K8: checks
*** TURN *** [9h 5d 4c] [7d]
Hannibal2211: bets $6
batman-K8: calls $6
*** RIVER *** [9h 5d 4c 7d] [3h]
Hannibal2211: bets $6
batman-K8: raises $6 to $12
Hannibal2211: calls $6
*** SHOW DOWN ***
batman-K8: shows [2c 6c] (a straight, Three to Seven)
Hannibal2211: mucks hand
batman-K8 collected $41.50 from pot
*** SUMMARY ***
Total pot $42 | Rake $0.50
Board [9h 5d 4c 7d 3h]
Seat 1: batman-K8 (button) (small blind) showed [2c 6c] and won ($41.50) with a straight, Three to Seven
Seat 2: Hannibal2211 (big blind) mucked


PokerStars Hand #157081445609:  Hold'em Limit ($3/$6 USD) - 2016/08/09 19:18:15 ET
Table 'Theemin' 10-max Seat #1 is the button
Seat 1: batman-K8 ($254.76 in chips)
Seat 2: Hannibal2211 ($106.78 in chips)
batman-K8: posts small blind $1
Hannibal2211: posts big blind $3
*** HOLE CARDS ***
batman-K8: calls $2
Hannibal2211: checks
*** FLOP *** [Tc Td 5d]
Hannibal2211: checks
batman-K8: bets $3
Hannibal2211: folds
Uncalled bet ($3) returned to batman-K8
batman-K8 collected $5.88 from pot
*** SUMMARY ***
Total pot $6 | Rake $0.12
Board [Tc Td 5d]
Seat 1: batman-K8 (button) (small blind) collected ($5.88)
Seat 2: Hannibal2211 (big blind) folded on the Flop


PokerStars Hand #157081441793:  Hold'em Limit ($3/$6 USD) - 2016/08/09 19:18:08 ET
Table 'Theemin' 10-max Seat #2 is the button
Seat 1: batman-K8 ($257.76 in chips)
Seat 2: Hannibal2211 ($103.78 in chips)
Hannibal2211: posts small blind $1
batman-K8: posts big blind $3
*** HOLE CARDS ***
Hannibal2211: raises $3 to $6
batman-K8: folds
Uncalled bet ($3) returned to Hannibal2211
Hannibal2211 collected $6 from pot
*** SUMMARY ***
Total pot $6 | Rake $0
Seat 1: batman-K8 (big blind) folded before Flop
Seat 2: Hannibal2211 (button) (small blind) collected ($6)


PokerStars Hand #157081433631:  Hold'em Limit ($3/$6 USD) - 2016/08/09 19:17:53 ET
Table 'Theemin' 10-max Seat #1 is the button
Seat 1: batman-K8 ($252 in chips)
Seat 2: Hannibal2211 ($109.78 in chips)
batman-K8: posts small blind $1
Hannibal2211: posts big blind $3
*** HOLE CARDS ***
batman-K8: raises $3 to $6
Hannibal2211: calls $3
*** FLOP *** [6s Jd 8d]
Hannibal2211: checks
batman-K8: checks
*** TURN *** [6s Jd 8d] [Ac]
Hannibal2211: checks
batman-K8: bets $6
Hannibal2211: folds
Uncalled bet ($6) returned to batman-K8
batman-K8 collected $11.76 from pot
*** SUMMARY ***
Total pot $12 | Rake $0.24
Board [6s Jd 8d Ac]
Seat 1: batman-K8 (button) (small blind) collected ($11.76)
Seat 2: Hannibal2211 (big blind) folded on the Turn


PokerStars Hand #157081430659:  Hold'em Limit ($3/$6 USD) - 2016/08/09 19:17:47 ET
Table 'Theemin' 10-max Seat #2 is the button
Seat 1: batman-K8 ($251 in chips)
Seat 2: Hannibal2211 ($110.78 in chips)
Hannibal2211: posts small blind $1
batman-K8: posts big blind $3
*** HOLE CARDS ***
Hannibal2211: folds
Uncalled bet ($2) returned to batman-K8
batman-K8 collected $2 from pot
*** SUMMARY ***
Total pot $2 | Rake $0
Seat 1: batman-K8 (big blind) collected ($2)
Seat 2: Hannibal2211 (button) (small blind) folded before Flop


PokerStars Hand #157081424777:  Hold'em Limit ($3/$6 USD) - 2016/08/09 19:17:37 ET
Table 'Theemin' 10-max Seat #1 is the button
Seat 1: batman-K8 ($245.24 in chips)
Seat 2: Hannibal2211 ($116.78 in chips)
batman-K8: posts small blind $1
Hannibal2211: posts big blind $3
*** HOLE CARDS ***
batman-K8: raises $3 to $6
Hannibal2211: calls $3
*** FLOP *** [2h 8c Jc]
Hannibal2211: checks
batman-K8: bets $3
Hannibal2211: folds
Uncalled bet ($3) returned to batman-K8
batman-K8 collected $11.76 from pot
*** SUMMARY ***
Total pot $12 | Rake $0.24
Board [2h 8c Jc]
Seat 1: batman-K8 (button) (small blind) collected ($11.76)
Seat 2: Hannibal2211 (big blind) folded on the Flop


PokerStars Hand #157081415460:  Hold'em Limit ($3/$6 USD) - 2016/08/09 19:17:20 ET
Table 'Theemin' 10-max Seat #2 is the button
Seat 1: batman-K8 ($272.24 in chips)
Seat 2: Hannibal2211 ($90.28 in chips)
Hannibal2211: posts small blind $1
batman-K8: posts big blind $3
*** HOLE CARDS ***
Hannibal2211: raises $3 to $6
batman-K8: calls $3
*** FLOP *** [Td 8c Jc]
batman-K8: bets $3
Hannibal2211: calls $3
*** TURN *** [Td 8c Jc] [Ah]
batman-K8: bets $6
Hannibal2211: raises $6 to $12
batman-K8: calls $6
*** RIVER *** [Td 8c Jc Ah] [9c]
batman-K8: bets $6
Hannibal2211: calls $6
*** SHOW DOWN ***
batman-K8: shows [9d 6h] (a pair of Nines)
Hannibal2211: shows [Ts 8s] (two pair, Tens and Eights)
Hannibal2211 collected $53.50 from pot
*** SUMMARY ***
Total pot $54 | Rake $0.50
Board [Td 8c Jc Ah 9c]
Seat 1: batman-K8 (big blind) showed [9d 6h] and lost with a pair of Nines
Seat 2: Hannibal2211 (button) (small blind) showed [Ts 8s] and won ($53.50) with two pair, Tens and Eights


PokerStars Hand #157081478376:  Hold'em Limit ($3/$6 USD) - 2016/08/09 19:19:15 ET
Table 'Theemin' 10-max Seat #2 is the button
Seat 1: batman-K8 ($263.04 in chips)
Seat 2: Hannibal2211 ($97.42 in chips)
Hannibal2211: posts small blind $1
batman-K8: posts big blind $3
*** HOLE CARDS ***
Hannibal2211: raises $3 to $6
iskambil joins the table at seat #8
batman-K8: calls $3
*** FLOP *** [5d 4s 6d]
batman-K8: bets $3
Hannibal2211: calls $3
*** TURN *** [5d 4s 6d] [Td]
batman-K8: bets $6
Hannibal2211: calls $6
*** RIVER *** [5d 4s 6d Td] [6h]
batman-K8: bets $6
Hannibal2211: calls $6
*** SHOW DOWN ***
batman-K8: shows [8c 5h] (two pair, Sixes and Fives)
Hannibal2211: shows [5s Jd] (two pair, Sixes and Fives - Jack kicker)
Hannibal2211 collected $41.50 from pot
*** SUMMARY ***
Total pot $42 | Rake $0.50
Board [5d 4s 6d Td 6h]
Seat 1: batman-K8 (big blind) showed [8c 5h] and lost with two pair, Sixes and Fives
Seat 2: Hannibal2211 (button) (small blind) showed [5s Jd] and won ($41.50) with two pair, Sixes and Fives


PokerStars Hand #157081469310:  Hold'em Limit ($3/$6 USD) - 2016/08/09 19:18:58 ET
Table 'Theemin' 10-max Seat #1 is the button
Seat 1: batman-K8 ($266.04 in chips)
Seat 2: Hannibal2211 ($94.54 in chips)
batman-K8: posts small blind $1
Hannibal2211: posts big blind $3
*** HOLE CARDS ***
batman-K8: calls $2
Hannibal2211: checks
*** FLOP *** [Ac 3d Kc]
Hannibal2211: bets $3
batman-K8: folds
Uncalled bet ($3) returned to Hannibal2211
Hannibal2211 collected $5.88 from pot
*** SUMMARY ***
Total pot $6 | Rake $0.12
Board [Ac 3d Kc]
Seat 1: batman-K8 (button) (small blind) folded on the Flop
Seat 2: Hannibal2211 (big blind) collected ($5.88)


PokerStars Hand #157081452016:  Hold'em Limit ($3/$6 USD) - 2016/08/09 19:18:27 ET
Table 'Theemin' 10-max Seat #2 is the button
Seat 1: batman-K8 ($257.64 in chips)
Seat 2: Hannibal2211 ($103.78 in chips)
Hannibal2211: posts small blind $1
batman-K8: posts big blind $3
*** HOLE CARDS ***
Hannibal2211: raises $3 to $6
batman-K8: calls $3
*** FLOP *** [Td 9s Qd]
batman-K8: bets $3
Hannibal2211: calls $3
*** TURN *** [Td 9s Qd] [7c]
batman-K8: bets $6
Hannibal2211: folds
Uncalled bet ($6) returned to batman-K8
batman-K8 collected $17.64 from pot
*** SUMMARY ***
Total pot $18 | Rake $0.36
Board [Td 9s Qd 7c]
Seat 1: batman-K8 (big blind) collected ($17.64)
Seat 2: Hannibal2211 (button) (small blind) folded on the Turn


PokerStars Hand #157081458585:  Hold'em Limit ($3/$6 USD) - 2016/08/09 19:18:39 ET
Table 'Theemin' 10-max Seat #1 is the button
Seat 1: batman-K8 ($266.28 in chips)
Seat 2: Hannibal2211 ($94.78 in chips)
batman-K8: posts small blind $1
Hannibal2211: posts big blind $3
*** HOLE CARDS ***
batman-K8: calls $2
Hannibal2211: raises $3 to $6
batman-K8: calls $3
*** FLOP *** [Kc As Kd]
Hannibal2211: bets $3
batman-K8: folds
Uncalled bet ($3) returned to Hannibal2211
Hannibal2211 collected $11.76 from pot
*** SUMMARY ***
Total pot $12 | Rake $0.24
Board [Kc As Kd]
Seat 1: batman-K8 (button) (small blind) folded on the Flop
Seat 2: Hannibal2211 (big blind) collected ($11.76)


PokerStars Hand #157081463939:  Hold'em Limit ($3/$6 USD) - 2016/08/09 19:18:48 ET
Table 'Theemin' 10-max Seat #2 is the button
Seat 1: batman-K8 ($260.28 in chips)
Seat 2: Hannibal2211 ($100.54 in chips)
Hannibal2211: posts small blind $1
batman-K8: posts big blind $3
*** HOLE CARDS ***
Hannibal2211: raises $3 to $6
batman-K8: calls $3
*** FLOP *** [3c Kh 6c]
batman-K8: bets $3
Hannibal2211: folds
Uncalled bet ($3) returned to batman-K8
batman-K8 collected $11.76 from pot
*** SUMMARY ***
Total pot $12 | Rake $0.24
Board [3c Kh 6c]
Seat 1: batman-K8 (big blind) collected ($11.76)
Seat 2: Hannibal2211 (button) (small blind) folded on the Flop


PokerStars Hand #157081487765:  Hold'em Limit ($3/$6 USD) - 2016/08/09 19:19:33 ET
Table 'Theemin' 10-max Seat #1 is the button
Seat 1: batman-K8 ($242.04 in chips)
Seat 2: Hannibal2211 ($117.92 in chips)
batman-K8: posts small blind $1
Hannibal2211: posts big blind $3
*** HOLE CARDS ***
batman-K8: calls $2
Hannibal2211: raises $3 to $6
batman-K8: calls $3
*** FLOP *** [8c Td 3s]
Hannibal2211: bets $3
batman-K8: raises $3 to $6
Hannibal2211: calls $3
*** TURN *** [8c Td 3s] [Jd]
Hannibal2211: checks
batman-K8: bets $6
Hannibal2211: folds
Uncalled bet ($6) returned to batman-K8
batman-K8 collected $23.52 from pot
*** SUMMARY ***
Total pot $24 | Rake $0.48
Board [8c Td 3s Jd]
Seat 1: batman-K8 (button) (small blind) collected ($23.52)
Seat 2: Hannibal2211 (big blind) folded on the Turn


PokerStars Hand #157081546996:  Hold'em Limit ($3/$6 USD) - 2016/08/09 19:21:22 ET
Table 'Theemin' 10-max Seat #2 is the button
Seat 1: batman-K8 ($242.20 in chips)
Seat 2: Hannibal2211 ($98.92 in chips)
Hannibal2211: posts small blind $1
batman-K8: posts big blind $3
*** HOLE CARDS ***
Hannibal2211: raises $3 to $6
batman-K8: raises $3 to $9
Hannibal2211: calls $3
*** FLOP *** [3h 2c 5c]
batman-K8: bets $3
Hannibal2211: calls $3
*** TURN *** [3h 2c 5c] [6s]
batman-K8: bets $6
Hannibal2211: calls $6
*** RIVER *** [3h 2c 5c 6s] [4s]
batman-K8: bets $6
Hannibal2211: calls $6
*** SHOW DOWN ***
batman-K8: shows [Qh Ks] (a straight, Deuce to Six)
Hannibal2211: shows [8d 2d] (a straight, Deuce to Six)
batman-K8 collected $23.75 from pot
Hannibal2211 collected $23.75 from pot
*** SUMMARY ***
Total pot $48 | Rake $0.50
Board [3h 2c 5c 6s 4s]
Seat 1: batman-K8 (big blind) showed [Qh Ks] and won ($23.75) with a straight, Deuce to Six
Seat 2: Hannibal2211 (button) (small blind) showed [8d 2d] and won ($23.75) with a straight, Deuce to Six


PokerStars Hand #157081561073:  Hold'em Limit ($3/$6 USD) - 2016/08/09 19:21:48 ET
Table 'Theemin' 10-max Seat #1 is the button
Seat 1: batman-K8 ($241.95 in chips)
Seat 2: Hannibal2211 ($98.67 in chips)
batman-K8: posts small blind $1
Hannibal2211: posts big blind $3
*** HOLE CARDS ***
batman-K8: raises $3 to $6
Hannibal2211: calls $3
*** FLOP *** [5h 3h 2d]
Hannibal2211: checks
batman-K8: bets $3
Hannibal2211: calls $3
*** TURN *** [5h 3h 2d] [2c]
Hannibal2211: checks
batman-K8: bets $6
Hannibal2211: calls $6
*** RIVER *** [5h 3h 2d 2c] [2s]
Hannibal2211: checks
batman-K8: bets $6
Hannibal2211: calls $6
*** SHOW DOWN ***
batman-K8: shows [Kd Js] (three of a kind, Deuces)
Hannibal2211: shows [As 9h] (three of a kind, Deuces - Ace kicker)
Hannibal2211 collected $41.50 from pot
*** SUMMARY ***
Total pot $42 | Rake $0.50
Board [5h 3h 2d 2c 2s]
Seat 1: batman-K8 (button) (small blind) showed [Kd Js] and lost with three of a kind, Deuces
Seat 2: Hannibal2211 (big blind) showed [As 9h] and won ($41.50) with three of a kind, Deuces


PokerStars Hand #157081572006:  Hold'em Limit ($3/$6 USD) - 2016/08/09 19:22:09 ET
Table 'Theemin' 10-max Seat #2 is the button
Seat 1: batman-K8 ($220.95 in chips)
Seat 2: Hannibal2211 ($119.17 in chips)
Hannibal2211: posts small blind $1
batman-K8: posts big blind $3
*** HOLE CARDS ***
Hannibal2211: raises $3 to $6
batman-K8: folds
Uncalled bet ($3) returned to Hannibal2211
Hannibal2211 collected $6 from pot
*** SUMMARY ***
Total pot $6 | Rake $0
Seat 1: batman-K8 (big blind) folded before Flop
Seat 2: Hannibal2211 (button) (small blind) collected ($6)


PokerStars Hand #157081575351:  Hold'em Limit ($3/$6 USD) - 2016/08/09 19:22:15 ET
Table 'Theemin' 10-max Seat #1 is the button
Seat 1: batman-K8 ($217.95 in chips)
Seat 2: Hannibal2211 ($122.17 in chips)
batman-K8: posts small blind $1
Hannibal2211: posts big blind $3
*** HOLE CARDS ***
batman-K8: calls $2
Hannibal2211: raises $3 to $6
batman-K8: calls $3
*** FLOP *** [9c Th 8d]
Hannibal2211: bets $3
batman-K8: calls $3
*** TURN *** [9c Th 8d] [Ah]
Hannibal2211: checks
batman-K8: bets $6
Hannibal2211: folds
Uncalled bet ($6) returned to batman-K8
batman-K8 collected $17.64 from pot
*** SUMMARY ***
Total pot $18 | Rake $0.36
Board [9c Th 8d Ah]
Seat 1: batman-K8 (button) (small blind) collected ($17.64)
Seat 2: Hannibal2211 (big blind) folded on the Turn


PokerStars Hand #157081584103:  Hold'em Limit ($3/$6 USD) - 2016/08/09 19:22:32 ET
Table 'Theemin' 10-max Seat #2 is the button
Seat 1: batman-K8 ($226.59 in chips)
Seat 2: Hannibal2211 ($113.17 in chips)
Hannibal2211: posts small blind $1
batman-K8: posts big blind $3
*** HOLE CARDS ***
Hannibal2211: folds
Uncalled bet ($2) returned to batman-K8
batman-K8 collected $2 from pot
*** SUMMARY ***
Total pot $2 | Rake $0
Seat 1: batman-K8 (big blind) collected ($2)
Seat 2: Hannibal2211 (button) (small blind) folded before Flop


PokerStars Hand #157081587610:  Hold'em Limit ($3/$6 USD) - 2016/08/09 19:22:38 ET
Table 'Theemin' 10-max Seat #1 is the button
Seat 1: batman-K8 ($227.59 in chips)
Seat 2: Hannibal2211 ($112.17 in chips)
batman-K8: posts small blind $1
Hannibal2211: posts big blind $3
*** HOLE CARDS ***
batman-K8: calls $2
Hannibal2211: checks
*** FLOP *** [4c 4d 2s]
Hannibal2211: checks
batman-K8: checks
*** TURN *** [4c 4d 2s] [8c]
Hannibal2211: bets $6
batman-K8: raises $6 to $12
Hannibal2211: calls $6
*** RIVER *** [4c 4d 2s 8c] [5h]
Hannibal2211: checks
batman-K8: bets $6
Hannibal2211: calls $6
*** SHOW DOWN ***
batman-K8: shows [4s 6d] (three of a kind, Fours)
Hannibal2211: mucks hand
batman-K8 collected $41.50 from pot
*** SUMMARY ***
Total pot $42 | Rake $0.50
Board [4c 4d 2s 8c 5h]
Seat 1: batman-K8 (button) (small blind) showed [4s 6d] and won ($41.50) with three of a kind, Fours
Seat 2: Hannibal2211 (big blind) mucked


PokerStars Hand #157081599163:  Hold'em Limit ($3/$6 USD) - 2016/08/09 19:23:00 ET
Table 'Theemin' 10-max Seat #2 is the button
Seat 1: batman-K8 ($248.09 in chips)
Seat 2: Hannibal2211 ($91.17 in chips)
Hannibal2211: posts small blind $1
batman-K8: posts big blind $3
*** HOLE CARDS ***
Hannibal2211: folds
Uncalled bet ($2) returned to batman-K8
batman-K8 collected $2 from pot
*** SUMMARY ***
Total pot $2 | Rake $0
Seat 1: batman-K8 (big blind) collected ($2)
Seat 2: Hannibal2211 (button) (small blind) folded before Flop


PokerStars Hand #157081602474:  Hold'em Limit ($3/$6 USD) - 2016/08/09 19:23:06 ET
Table 'Theemin' 10-max Seat #1 is the button
Seat 1: batman-K8 ($249.09 in chips)
Seat 2: Hannibal2211 ($90.17 in chips)
batman-K8: posts small blind $1
Hannibal2211: posts big blind $3
*** HOLE CARDS ***
batman-K8: calls $2
Hannibal2211: raises $3 to $6
batman-K8: calls $3
*** FLOP *** [Qd 2s 5c]
Hannibal2211: bets $3
batman-K8: folds
Uncalled bet ($3) returned to Hannibal2211
Hannibal2211 collected $11.76 from pot
*** SUMMARY ***
Total pot $12 | Rake $0.24
Board [Qd 2s 5c]
Seat 1: batman-K8 (button) (small blind) folded on the Flop
Seat 2: Hannibal2211 (big blind) collected ($11.76)


PokerStars Hand #157081608577:  Hold'em Limit ($3/$6 USD) - 2016/08/09 19:23:18 ET
Table 'Theemin' 10-max Seat #2 is the button
Seat 1: batman-K8 ($243.09 in chips)
Seat 2: Hannibal2211 ($95.93 in chips)
Hannibal2211: posts small blind $1
batman-K8: posts big blind $3
*** HOLE CARDS ***
Hannibal2211: raises $3 to $6
batman-K8: calls $3
*** FLOP *** [3h Qs 8h]
batman-K8: bets $3
Hannibal2211: folds
Uncalled bet ($3) returned to batman-K8
batman-K8 collected $11.76 from pot
*** SUMMARY ***
Total pot $12 | Rake $0.24
Board [3h Qs 8h]
Seat 1: batman-K8 (big blind) collected ($11.76)
Seat 2: Hannibal2211 (button) (small blind) folded on the Flop


PokerStars Hand #157081624130:  Hold'em Limit ($3/$6 USD) - 2016/08/09 19:23:47 ET
Table 'Theemin' 10-max Seat #2 is the button
Seat 1: batman-K8 ($254.61 in chips)
Seat 2: Hannibal2211 ($83.93 in chips)
Hannibal2211: posts small blind $1
batman-K8: posts big blind $3
*** HOLE CARDS ***
Hannibal2211: folds
Uncalled bet ($2) returned to batman-K8
batman-K8 collected $2 from pot
*** SUMMARY ***
Total pot $2 | Rake $0
Seat 1: batman-K8 (big blind) collected ($2)
Seat 2: Hannibal2211 (button) (small blind) folded before Flop


PokerStars Hand #157081617569:  Hold'em Limit ($3/$6 USD) - 2016/08/09 19:23:35 ET
Table 'Theemin' 10-max Seat #1 is the button
Seat 1: batman-K8 ($248.85 in chips)
Seat 2: Hannibal2211 ($89.93 in chips)
batman-K8: posts small blind $1
Hannibal2211: posts big blind $3
*** HOLE CARDS ***
batman-K8: raises $3 to $6
Hannibal2211: calls $3
*** FLOP *** [As 2h 8d]
Hannibal2211: checks
batman-K8: bets $3
Hannibal2211: folds
Uncalled bet ($3) returned to batman-K8
batman-K8 collected $11.76 from pot
*** SUMMARY ***
Total pot $12 | Rake $0.24
Board [As 2h 8d]
Seat 1: batman-K8 (button) (small blind) collected ($11.76)
Seat 2: Hannibal2211 (big blind) folded on the Flop


PokerStars Hand #157081626884:  Hold'em Limit ($3/$6 USD) - 2016/08/09 19:23:52 ET
Table 'Theemin' 10-max Seat #1 is the button
Seat 1: batman-K8 ($255.61 in chips)
Seat 2: Hannibal2211 ($82.93 in chips)
batman-K8: posts small blind $1
Hannibal2211: posts big blind $3
*** HOLE CARDS ***
batman-K8: calls $2
Hannibal2211: raises $3 to $6
batman-K8: calls $3
*** FLOP *** [Jh Jd Ac]
Hannibal2211: bets $3
batman-K8: folds
Uncalled bet ($3) returned to Hannibal2211
Hannibal2211 collected $11.76 from pot
*** SUMMARY ***
Total pot $12 | Rake $0.24
Board [Jh Jd Ac]
Seat 1: batman-K8 (button) (small blind) folded on the Flop
Seat 2: Hannibal2211 (big blind) collected ($11.76)


PokerStars Hand #157081633356:  Hold'em Limit ($3/$6 USD) - 2016/08/09 19:24:05 ET
Table 'Theemin' 10-max Seat #2 is the button
Seat 1: batman-K8 ($249.61 in chips)
Seat 2: Hannibal2211 ($88.69 in chips)
Hannibal2211: posts small blind $1
batman-K8: posts big blind $3
*** HOLE CARDS ***
Hannibal2211: raises $3 to $6
batman-K8: calls $3
*** FLOP *** [6s Qh Qs]
batman-K8: bets $3
Hannibal2211: calls $3
*** TURN *** [6s Qh Qs] [Td]
batman-K8: bets $6
Hannibal2211: folds
Uncalled bet ($6) returned to batman-K8
batman-K8 collected $17.64 from pot
*** SUMMARY ***
Total pot $18 | Rake $0.36
Board [6s Qh Qs Td]
Seat 1: batman-K8 (big blind) collected ($17.64)
Seat 2: Hannibal2211 (button) (small blind) folded on the Turn


PokerStars Hand #157081640061:  Hold'em Limit ($3/$6 USD) - 2016/08/09 19:24:18 ET
Table 'Theemin' 10-max Seat #1 is the button
Seat 1: batman-K8 ($258.25 in chips)
Seat 2: Hannibal2211 ($79.69 in chips)
batman-K8: posts small blind $1
Hannibal2211: posts big blind $3
*** HOLE CARDS ***
batman-K8: raises $3 to $6
Hannibal2211: calls $3
*** FLOP *** [6d 6h 4h]
Hannibal2211: checks
batman-K8: bets $3
Hannibal2211: raises $3 to $6
batman-K8: calls $3
*** TURN *** [6d 6h 4h] [Jh]
Hannibal2211: bets $6
batman-K8: raises $6 to $12
Hannibal2211: calls $6
*** RIVER *** [6d 6h 4h Jh] [9c]
Hannibal2211: checks
batman-K8: bets $6
Hannibal2211: folds
Uncalled bet ($6) returned to batman-K8
batman-K8 collected $47.50 from pot
*** SUMMARY ***
Total pot $48 | Rake $0.50
Board [6d 6h 4h Jh 9c]
Seat 1: batman-K8 (button) (small blind) collected ($47.50)
Seat 2: Hannibal2211 (big blind) folded on the River


PokerStars Hand #157081656155:  Hold'em Limit ($3/$6 USD) - 2016/08/09 19:24:48 ET
Table 'Theemin' 10-max Seat #2 is the button
Seat 1: batman-K8 ($281.75 in chips)
Seat 2: Hannibal2211 ($72 in chips)
Hannibal2211: posts small blind $1
batman-K8: posts big blind $3
*** HOLE CARDS ***
Hannibal2211: raises $3 to $6
batman-K8: calls $3
*** FLOP *** [6s 7d Jh]
batman-K8: bets $3
Hannibal2211: folds
Uncalled bet ($3) returned to batman-K8
batman-K8 collected $11.76 from pot
*** SUMMARY ***
Total pot $12 | Rake $0.24
Board [6s 7d Jh]
Seat 1: batman-K8 (big blind) collected ($11.76)
Seat 2: Hannibal2211 (button) (small blind) folded on the Flop


PokerStars Hand #157081664738:  Hold'em Limit ($3/$6 USD) - 2016/08/09 19:25:05 ET
Table 'Theemin' 10-max Seat #1 is the button
Seat 1: batman-K8 ($287.51 in chips)
Seat 2: Hannibal2211 ($72 in chips)
batman-K8: posts small blind $1
Hannibal2211: posts big blind $3
*** HOLE CARDS ***
batman-K8: calls $2
Hannibal2211: raises $3 to $6
batman-K8: calls $3
*** FLOP *** [Jh Ts 3s]
Hannibal2211: bets $3
batman-K8: calls $3
*** TURN *** [Jh Ts 3s] [8c]
Hannibal2211: bets $6
batman-K8: calls $6
*** RIVER *** [Jh Ts 3s 8c] [3c]
Hannibal2211: bets $6
batman-K8: folds
Uncalled bet ($6) returned to Hannibal2211
Hannibal2211 collected $29.50 from pot
*** SUMMARY ***
Total pot $30 | Rake $0.50
Board [Jh Ts 3s 8c 3c]
Seat 1: batman-K8 (button) (small blind) folded on the River
Seat 2: Hannibal2211 (big blind) collected ($29.50)


PokerStars Hand #157081672885:  Hold'em Limit ($3/$6 USD) - 2016/08/09 19:25:20 ET
Table 'Theemin' 10-max Seat #2 is the button
Seat 1: batman-K8 ($272.51 in chips)
Seat 2: Hannibal2211 ($86.50 in chips)
Hannibal2211: posts small blind $1
batman-K8: posts big blind $3
*** HOLE CARDS ***
Hannibal2211: raises $3 to $6
batman-K8: calls $3
*** FLOP *** [Td Jc Kh]
batman-K8: checks
Hannibal2211: bets $3
batman-K8: folds
Uncalled bet ($3) returned to Hannibal2211
Hannibal2211 collected $11.76 from pot
*** SUMMARY ***
Total pot $12 | Rake $0.24
Board [Td Jc Kh]
Seat 1: batman-K8 (big blind) folded on the Flop
Seat 2: Hannibal2211 (button) (small blind) collected ($11.76)


PokerStars Hand #157081680976:  Hold'em Limit ($3/$6 USD) - 2016/08/09 19:25:36 ET
Table 'Theemin' 10-max Seat #2 is the button
Seat 1: batman-K8 ($265.51 in chips)
Seat 2: Hannibal2211 ($93.26 in chips)
Hannibal2211: posts small blind $1
batman-K8: posts big blind $3
*** HOLE CARDS ***
Hannibal2211: raises $3 to $6
batman-K8: folds
Uncalled bet ($3) returned to Hannibal2211
Hannibal2211 collected $6 from pot
*** SUMMARY ***
Total pot $6 | Rake $0
Seat 1: batman-K8 (big blind) folded before Flop
Seat 2: Hannibal2211 (button) (small blind) collected ($6)


PokerStars Hand #157081678500:  Hold'em Limit ($3/$6 USD) - 2016/08/09 19:25:31 ET
Table 'Theemin' 10-max Seat #1 is the button
Seat 1: batman-K8 ($266.51 in chips)
Seat 2: Hannibal2211 ($92.26 in chips)
batman-K8: posts small blind $1
Hannibal2211: posts big blind $3
*** HOLE CARDS ***
batman-K8: folds
Uncalled bet ($2) returned to Hannibal2211
Hannibal2211 collected $2 from pot
*** SUMMARY ***
Total pot $2 | Rake $0
Seat 1: batman-K8 (button) (small blind) folded before Flop
Seat 2: Hannibal2211 (big blind) collected ($2)


PokerStars Hand #157081684339:  Hold'em Limit ($3/$6 USD) - 2016/08/09 19:25:42 ET
Table 'Theemin' 10-max Seat #1 is the button
Seat 1: batman-K8 ($262.51 in chips)
Seat 2: Hannibal2211 ($96.26 in chips)
batman-K8: posts small blind $1
Hannibal2211: posts big blind $3
*** HOLE CARDS ***
batman-K8: calls $2
Hannibal2211: checks
*** FLOP *** [5s 9c 4d]
Hannibal2211: bets $3
batman-K8: raises $3 to $6
Hannibal2211: calls $3
*** TURN *** [5s 9c 4d] [Jd]
Hannibal2211: checks
batman-K8: bets $6
Hannibal2211: calls $6
*** RIVER *** [5s 9c 4d Jd] [4c]
Hannibal2211: checks
batman-K8: bets $6
Hannibal2211: folds
Uncalled bet ($6) returned to batman-K8
batman-K8 collected $29.50 from pot
*** SUMMARY ***
Total pot $30 | Rake $0.50
Board [5s 9c 4d Jd 4c]
Seat 1: batman-K8 (button) (small blind) collected ($29.50)
Seat 2: Hannibal2211 (big blind) folded on the River


PokerStars Hand #157081702151:  Hold'em Limit ($3/$6 USD) - 2016/08/09 19:26:17 ET
Table 'Theemin' 10-max Seat #2 is the button
Seat 1: batman-K8 ($277.01 in chips)
Seat 2: Hannibal2211 ($81.26 in chips)
Hannibal2211: posts small blind $1
batman-K8: posts big blind $3
*** HOLE CARDS ***
Hannibal2211: raises $3 to $6
batman-K8: calls $3
*** FLOP *** [4c 2s 9c]
batman-K8: bets $3
Hannibal2211: calls $3
*** TURN *** [4c 2s 9c] [Tc]
batman-K8: bets $6
Hannibal2211: calls $6
*** RIVER *** [4c 2s 9c Tc] [Qc]
batman-K8: bets $6
Hannibal2211: calls $6
*** SHOW DOWN ***
batman-K8: shows [Kh 5h] (high card King)
Hannibal2211: shows [5c 9d] (a flush, Queen high)
Hannibal2211 collected $41.50 from pot
*** SUMMARY ***
Total pot $42 | Rake $0.50
Board [4c 2s 9c Tc Qc]
Seat 1: batman-K8 (big blind) showed [Kh 5h] and lost with high card King
Seat 2: Hannibal2211 (button) (small blind) showed [5c 9d] and won ($41.50) with a flush, Queen high


PokerStars Hand #157081710681:  Hold'em Limit ($3/$6 USD) - 2016/08/09 19:26:33 ET
Table 'Theemin' 10-max Seat #1 is the button
Seat 1: batman-K8 ($256.01 in chips)
Seat 2: Hannibal2211 ($101.76 in chips)
batman-K8: posts small blind $1
Hannibal2211: posts big blind $3
*** HOLE CARDS ***
batman-K8: raises $3 to $6
Hannibal2211: folds
Uncalled bet ($3) returned to batman-K8
batman-K8 collected $6 from pot
*** SUMMARY ***
Total pot $6 | Rake $0
Seat 1: batman-K8 (button) (small blind) collected ($6)
Seat 2: Hannibal2211 (big blind) folded before Flop


PokerStars Hand #157081719601:  Hold'em Limit ($3/$6 USD) - 2016/08/09 19:26:51 ET
Table 'Theemin' 10-max Seat #2 is the button
Seat 1: batman-K8 ($259.01 in chips)
Seat 2: Hannibal2211 ($98.76 in chips)
Hannibal2211: posts small blind $1
batman-K8: posts big blind $3
*** HOLE CARDS ***
Hannibal2211: raises $3 to $6
batman-K8: folds
Uncalled bet ($3) returned to Hannibal2211
Hannibal2211 collected $6 from pot
*** SUMMARY ***
Total pot $6 | Rake $0
Seat 1: batman-K8 (big blind) folded before Flop
Seat 2: Hannibal2211 (button) (small blind) collected ($6)


PokerStars Hand #157081723279:  Hold'em Limit ($3/$6 USD) - 2016/08/09 19:26:58 ET
Table 'Theemin' 10-max Seat #1 is the button
Seat 1: batman-K8 ($256.01 in chips)
Seat 2: Hannibal2211 ($101.76 in chips)
batman-K8: posts small blind $1
Hannibal2211: posts big blind $3
*** HOLE CARDS ***
batman-K8: calls $2
Hannibal2211: raises $3 to $6
batman-K8: calls $3
*** FLOP *** [8d 6s Kc]
Hannibal2211: bets $3
batman-K8: folds
Uncalled bet ($3) returned to Hannibal2211
Hannibal2211 collected $11.76 from pot
*** SUMMARY ***
Total pot $12 | Rake $0.24
Board [8d 6s Kc]
Seat 1: batman-K8 (button) (small blind) folded on the Flop
Seat 2: Hannibal2211 (big blind) collected ($11.76)


PokerStars Hand #157081729450:  Hold'em Limit ($3/$6 USD) - 2016/08/09 19:27:09 ET
Table 'Theemin' 10-max Seat #2 is the button
Seat 1: batman-K8 ($250.01 in chips)
Seat 2: Hannibal2211 ($107.52 in chips)
Hannibal2211: posts small blind $1
batman-K8: posts big blind $3
*** HOLE CARDS ***
Hannibal2211: raises $3 to $6
batman-K8: raises $3 to $9
Hannibal2211: calls $3
*** FLOP *** [Qs 7c 2h]
batman-K8: bets $3
Hannibal2211: raises $3 to $6
batman-K8: raises $3 to $9
Hannibal2211: calls $3
*** TURN *** [Qs 7c 2h] [3h]
batman-K8: bets $6
Hannibal2211: calls $6
*** RIVER *** [Qs 7c 2h 3h] [6c]
batman-K8: bets $6
Hannibal2211: raises $6 to $12
batman-K8: calls $6
*** SHOW DOWN ***
Hannibal2211: shows [6s 7h] (two pair, Sevens and Sixes)
batman-K8: mucks hand
Hannibal2211 collected $71.50 from pot
*** SUMMARY ***
Total pot $72 | Rake $0.50
Board [Qs 7c 2h 3h 6c]
Seat 1: batman-K8 (big blind) mucked
Seat 2: Hannibal2211 (button) (small blind) showed [6s 7h] and won ($71.50) with two pair, Sevens and Sixes


PokerStars Hand #157081745728:  Hold'em Limit ($3/$6 USD) - 2016/08/09 19:27:41 ET
Table 'Theemin' 10-max Seat #1 is the button
Seat 1: batman-K8 ($214.01 in chips)
Seat 2: Hannibal2211 ($143.02 in chips)
batman-K8: posts small blind $1
Hannibal2211: posts big blind $3
*** HOLE CARDS ***
batman-K8: raises $3 to $6
Hannibal2211: raises $3 to $9
batman-K8: calls $3
*** FLOP *** [6c Ah 7s]
Hannibal2211: bets $3
batman-K8: folds
Uncalled bet ($3) returned to Hannibal2211
Hannibal2211 collected $17.64 from pot
*** SUMMARY ***
Total pot $18 | Rake $0.36
Board [6c Ah 7s]
Seat 1: batman-K8 (button) (small blind) folded on the Flop
Seat 2: Hannibal2211 (big blind) collected ($17.64)


PokerStars Hand #157081761304:  Hold'em Limit ($3/$6 USD) - 2016/08/09 19:27:52 ET
Table 'Theemin' 10-max Seat #2 is the button
Seat 1: batman-K8 ($205.01 in chips)
Seat 2: Hannibal2211 ($151.66 in chips)
Hannibal2211: posts small blind $1
batman-K8: posts big blind $3
*** HOLE CARDS ***
Hannibal2211: raises $3 to $6
batman-K8: folds
Uncalled bet ($3) returned to Hannibal2211
Hannibal2211 collected $6 from pot
*** SUMMARY ***
Total pot $6 | Rake $0
Seat 1: batman-K8 (big blind) folded before Flop
Seat 2: Hannibal2211 (button) (small blind) collected ($6)


PokerStars Hand #157081764163:  Hold'em Limit ($3/$6 USD) - 2016/08/09 19:27:58 ET
Table 'Theemin' 10-max Seat #1 is the button
Seat 1: batman-K8 ($202.01 in chips)
Seat 2: Hannibal2211 ($154.66 in chips)
batman-K8: posts small blind $1
Hannibal2211: posts big blind $3
*** HOLE CARDS ***
batman-K8: calls $2
Hannibal2211: checks
*** FLOP *** [7h 4d Kh]
Hannibal2211: checks
batman-K8: bets $3
Hannibal2211: calls $3
*** TURN *** [7h 4d Kh] [5s]
Hannibal2211: checks
batman-K8: bets $6
Hannibal2211: calls $6
*** RIVER *** [7h 4d Kh 5s] [Qh]
Hannibal2211: checks
batman-K8: checks
*** SHOW DOWN ***
Hannibal2211: shows [Tc 4s] (a pair of Fours)
batman-K8: shows [Jh 5d] (a pair of Fives)
batman-K8 collected $23.52 from pot
*** SUMMARY ***
Total pot $24 | Rake $0.48
Board [7h 4d Kh 5s Qh]
Seat 1: batman-K8 (button) (small blind) showed [Jh 5d] and won ($23.52) with a pair of Fives
Seat 2: Hannibal2211 (big blind) showed [Tc 4s] and lost with a pair of Fours


PokerStars Hand #157081774887:  Hold'em Limit ($3/$6 USD) - 2016/08/09 19:28:19 ET
Table 'Theemin' 10-max Seat #2 is the button
Seat 1: batman-K8 ($213.53 in chips)
Seat 2: Hannibal2211 ($142.66 in chips)
Hannibal2211: posts small blind $1
batman-K8: posts big blind $3
*** HOLE CARDS ***
Hannibal2211: raises $3 to $6
batman-K8: calls $3
*** FLOP *** [3c Qs Kc]
batman-K8: bets $3
Hannibal2211: folds
Uncalled bet ($3) returned to batman-K8
batman-K8 collected $11.76 from pot
*** SUMMARY ***
Total pot $12 | Rake $0.24
Board [3c Qs Kc]
Seat 1: batman-K8 (big blind) collected ($11.76)
Seat 2: Hannibal2211 (button) (small blind) folded on the Flop


PokerStars Hand #157081783059:  Hold'em Limit ($3/$6 USD) - 2016/08/09 19:28:34 ET
Table 'Theemin' 10-max Seat #1 is the button
Seat 1: batman-K8 ($219.29 in chips)
Seat 2: Hannibal2211 ($136.66 in chips)
batman-K8: posts small blind $1
Hannibal2211: posts big blind $3
*** HOLE CARDS ***
batman-K8: calls $2
Hannibal2211: checks
*** FLOP *** [3h 6d Js]
Hannibal2211: checks
batman-K8: checks
*** TURN *** [3h 6d Js] [2c]
Hannibal2211: bets $6
batman-K8: folds
Uncalled bet ($6) returned to Hannibal2211
Hannibal2211 collected $5.88 from pot
*** SUMMARY ***
Total pot $6 | Rake $0.12
Board [3h 6d Js 2c]
Seat 1: batman-K8 (button) (small blind) folded on the Turn
Seat 2: Hannibal2211 (big blind) collected ($5.88)


PokerStars Hand #157081807183:  Hold'em Limit ($3/$6 USD) - 2016/08/09 19:29:22 ET
Table 'Theemin' 10-max Seat #1 is the button
Seat 1: batman-K8 ($236.79 in chips)
Seat 2: Hannibal2211 ($118.54 in chips)
batman-K8: posts small blind $1
Hannibal2211: posts big blind $3
*** HOLE CARDS ***
batman-K8: folds
Uncalled bet ($2) returned to Hannibal2211
Hannibal2211 collected $2 from pot
*** SUMMARY ***
Total pot $2 | Rake $0
Seat 1: batman-K8 (button) (small blind) folded before Flop
Seat 2: Hannibal2211 (big blind) collected ($2)


PokerStars Hand #157081809498:  Hold'em Limit ($3/$6 USD) - 2016/08/09 19:29:26 ET
Table 'Theemin' 10-max Seat #2 is the button
Seat 1: batman-K8 ($235.79 in chips)
Seat 2: Hannibal2211 ($119.54 in chips)
Hannibal2211: posts small blind $1
batman-K8: posts big blind $3
*** HOLE CARDS ***
Hannibal2211: raises $3 to $6
batman-K8: raises $3 to $9
Hannibal2211: raises $3 to $12
Betting is capped
batman-K8: calls $3
*** FLOP *** [5c 8h Ts]
batman-K8: bets $3
Hannibal2211: calls $3
*** TURN *** [5c 8h Ts] [9h]
batman-K8: bets $6
Hannibal2211: calls $6
*** RIVER *** [5c 8h Ts 9h] [8d]
batman-K8: bets $6
Hannibal2211: calls $6
*** SHOW DOWN ***
batman-K8: shows [Js Kd] (a pair of Eights)
Hannibal2211: shows [5h 6d] (two pair, Eights and Fives)
Hannibal2211 collected $53.50 from pot
*** SUMMARY ***
Total pot $54 | Rake $0.50
Board [5c 8h Ts 9h 8d]
Seat 1: batman-K8 (big blind) showed [Js Kd] and lost with a pair of Eights
Seat 2: Hannibal2211 (button) (small blind) showed [5h 6d] and won ($53.50) with two pair, Eights and Fives


PokerStars Hand #157081822380:  Hold'em Limit ($3/$6 USD) - 2016/08/09 19:29:51 ET
Table 'Theemin' 10-max Seat #1 is the button
Seat 1: batman-K8 ($208.79 in chips)
Seat 2: Hannibal2211 ($146.04 in chips)
batman-K8: posts small blind $1
Hannibal2211: posts big blind $3
*** HOLE CARDS ***
batman-K8: calls $2
Hannibal2211: checks
*** FLOP *** [Ad Jc 4s]
Hannibal2211: checks
batman-K8: bets $3
Hannibal2211: calls $3
*** TURN *** [Ad Jc 4s] [9c]
Hannibal2211: checks
batman-K8: checks
*** RIVER *** [Ad Jc 4s 9c] [Td]
Hannibal2211: checks
batman-K8: checks
*** SHOW DOWN ***
Hannibal2211: shows [3h 4h] (a pair of Fours)
batman-K8: mucks hand
Hannibal2211 collected $11.76 from pot
*** SUMMARY ***
Total pot $12 | Rake $0.24
Board [Ad Jc 4s 9c Td]
Seat 1: batman-K8 (button) (small blind) mucked
Seat 2: Hannibal2211 (big blind) showed [3h 4h] and won ($11.76) with a pair of Fours


PokerStars Hand #157081843212:  Hold'em Limit ($3/$6 USD) - 2016/08/09 19:30:31 ET
Table 'Theemin' 10-max Seat #2 is the button
Seat 1: batman-K8 ($202.79 in chips)
Seat 2: Hannibal2211 ($151.80 in chips)
Hannibal2211: posts small blind $1
batman-K8: posts big blind $3
*** HOLE CARDS ***
Hannibal2211: raises $3 to $6
batman-K8: calls $3
*** FLOP *** [Td As 2h]
batman-K8: checks
Hannibal2211: bets $3
batman-K8: folds
Uncalled bet ($3) returned to Hannibal2211
Hannibal2211 collected $11.76 from pot
*** SUMMARY ***
Total pot $12 | Rake $0.24
Board [Td As 2h]
Seat 1: batman-K8 (big blind) folded on the Flop
Seat 2: Hannibal2211 (button) (small blind) collected ($11.76)


PokerStars Hand #157081849424:  Hold'em Limit ($3/$6 USD) - 2016/08/09 19:30:44 ET
Table 'Theemin' 10-max Seat #1 is the button
Seat 1: batman-K8 ($196.79 in chips)
Seat 2: Hannibal2211 ($157.56 in chips)
batman-K8: posts small blind $1
Hannibal2211: posts big blind $3
*** HOLE CARDS ***
batman-K8: raises $3 to $6
Hannibal2211: calls $3
*** FLOP *** [4c 2h Th]
Hannibal2211: checks
batman-K8: checks
*** TURN *** [4c 2h Th] [Qc]
Hannibal2211: checks
batman-K8: bets $6
Hannibal2211: folds
Uncalled bet ($6) returned to batman-K8
batman-K8 collected $11.76 from pot
*** SUMMARY ***
Total pot $12 | Rake $0.24
Board [4c 2h Th Qc]
Seat 1: batman-K8 (button) (small blind) collected ($11.76)
Seat 2: Hannibal2211 (big blind) folded on the Turn


PokerStars Hand #157081872582:  Hold'em Limit ($3/$6 USD) - 2016/08/09 19:31:29 ET
Table 'Theemin' 10-max Seat #1 is the button
Seat 1: batman-K8 ($208.31 in chips)
Seat 2: Hannibal2211 ($145.56 in chips)
batman-K8: posts small blind $1
Hannibal2211: posts big blind $3
*** HOLE CARDS ***
batman-K8: raises $3 to $6
Hannibal2211: raises $3 to $9
batman-K8: raises $3 to $12
Betting is capped
Hannibal2211: calls $3
*** FLOP *** [Qd 9c 5c]
Hannibal2211: checks
batman-K8: bets $3
Hannibal2211: calls $3
*** TURN *** [Qd 9c 5c] [Ks]
Hannibal2211: checks
batman-K8: bets $6
Hannibal2211: calls $6
*** RIVER *** [Qd 9c 5c Ks] [Ah]
Hannibal2211: checks
batman-K8: bets $6
Hannibal2211: calls $6
*** SHOW DOWN ***
batman-K8: shows [Ac Jc] (a pair of Aces)
Hannibal2211: mucks hand
batman-K8 collected $53.50 from pot
*** SUMMARY ***
Total pot $54 | Rake $0.50
Board [Qd 9c 5c Ks Ah]
Seat 1: batman-K8 (button) (small blind) showed [Ac Jc] and won ($53.50) with a pair of Aces
Seat 2: Hannibal2211 (big blind) mucked


PokerStars Hand #157081884990:  Hold'em Limit ($3/$6 USD) - 2016/08/09 19:31:53 ET
Table 'Theemin' 10-max Seat #2 is the button
Seat 1: batman-K8 ($234.81 in chips)
Seat 2: Hannibal2211 ($118.56 in chips)
Hannibal2211: posts small blind $1
batman-K8: posts big blind $3
*** HOLE CARDS ***
Hannibal2211: raises $3 to $6
batman-K8: raises $3 to $9
Hannibal2211: calls $3
*** FLOP *** [6d Jc 4h]
batman-K8: bets $3
Hannibal2211: calls $3
*** TURN *** [6d Jc 4h] [Ks]
batman-K8: bets $6
Hannibal2211: folds
Uncalled bet ($6) returned to batman-K8
batman-K8 collected $23.52 from pot
*** SUMMARY ***
Total pot $24 | Rake $0.48
Board [6d Jc 4h Ks]
Seat 1: batman-K8 (big blind) collected ($23.52)
Seat 2: Hannibal2211 (button) (small blind) folded on the Turn


PokerStars Hand #157081893289:  Hold'em Limit ($3/$6 USD) - 2016/08/09 19:32:09 ET
Table 'Theemin' 10-max Seat #1 is the button
Seat 1: batman-K8 ($246.33 in chips)
Seat 2: Hannibal2211 ($106.56 in chips)
batman-K8: posts small blind $1
Hannibal2211: posts big blind $3
*** HOLE CARDS ***
batman-K8: calls $2
Hannibal2211: checks
*** FLOP *** [Kh 8d As]
Hannibal2211: checks
batman-K8: bets $3
Hannibal2211: folds
Uncalled bet ($3) returned to batman-K8
batman-K8 collected $5.88 from pot
*** SUMMARY ***
Total pot $6 | Rake $0.12
Board [Kh 8d As]
Seat 1: batman-K8 (button) (small blind) collected ($5.88)
Seat 2: Hannibal2211 (big blind) folded on the Flop


PokerStars Hand #157081863619:  Hold'em Limit ($3/$6 USD) - 2016/08/09 19:31:11 ET
Table 'Theemin' 10-max Seat #2 is the button
Seat 1: batman-K8 ($202.55 in chips)
Seat 2: Hannibal2211 ($151.56 in chips)
Hannibal2211: posts small blind $1
batman-K8: posts big blind $3
*** HOLE CARDS ***
Hannibal2211: raises $3 to $6
batman-K8: calls $3
*** FLOP *** [8d 4s 7s]
batman-K8: bets $3
Hannibal2211: folds
Uncalled bet ($3) returned to batman-K8
batman-K8 collected $11.76 from pot
*** SUMMARY ***
Total pot $12 | Rake $0.24
Board [8d 4s 7s]
Seat 1: batman-K8 (big blind) collected ($11.76)
Seat 2: Hannibal2211 (button) (small blind) folded on the Flop


PokerStars Hand #157081899445:  Hold'em Limit ($3/$6 USD) - 2016/08/09 19:32:21 ET
Table 'Theemin' 10-max Seat #2 is the button
Seat 1: batman-K8 ($249.21 in chips)
Seat 2: Hannibal2211 ($103.56 in chips)
Hannibal2211: posts small blind $1
batman-K8: posts big blind $3
*** HOLE CARDS ***
Hannibal2211: raises $3 to $6
batman-K8: calls $3
*** FLOP *** [Ac Js Jc]
batman-K8: checks
Hannibal2211: bets $3
batman-K8: folds
Uncalled bet ($3) returned to Hannibal2211
Hannibal2211 collected $11.76 from pot
*** SUMMARY ***
Total pot $12 | Rake $0.24
Board [Ac Js Jc]
Seat 1: batman-K8 (big blind) folded on the Flop
Seat 2: Hannibal2211 (button) (small blind) collected ($11.76)


PokerStars Hand #157081907024:  Hold'em Limit ($3/$6 USD) - 2016/08/09 19:32:35 ET
Table 'Theemin' 10-max Seat #1 is the button
Seat 1: batman-K8 ($243.21 in chips)
Seat 2: Hannibal2211 ($109.32 in chips)
batman-K8: posts small blind $1
Hannibal2211: posts big blind $3
*** HOLE CARDS ***
batman-K8: raises $3 to $6
Hannibal2211: folds
Uncalled bet ($3) returned to batman-K8
batman-K8 collected $6 from pot
*** SUMMARY ***
Total pot $6 | Rake $0
Seat 1: batman-K8 (button) (small blind) collected ($6)
Seat 2: Hannibal2211 (big blind) folded before Flop


PokerStars Hand #157081913741:  Hold'em Limit ($3/$6 USD) - 2016/08/09 19:32:48 ET
Table 'Theemin' 10-max Seat #2 is the button
Seat 1: batman-K8 ($246.21 in chips)
Seat 2: Hannibal2211 ($106.32 in chips)
Hannibal2211: posts small blind $1
batman-K8: posts big blind $3
*** HOLE CARDS ***
Hannibal2211: raises $3 to $6
batman-K8: calls $3
*** FLOP *** [7h 5h Ks]
batman-K8: bets $3
Hannibal2211: calls $3
*** TURN *** [7h 5h Ks] [Qc]
batman-K8: checks
Hannibal2211: bets $6
batman-K8: folds
Uncalled bet ($6) returned to Hannibal2211
Hannibal2211 collected $17.64 from pot
*** SUMMARY ***
Total pot $18 | Rake $0.36
Board [7h 5h Ks Qc]
Seat 1: batman-K8 (big blind) folded on the Turn
Seat 2: Hannibal2211 (button) (small blind) collected ($17.64)


PokerStars Hand #157081921392:  Hold'em Limit ($3/$6 USD) - 2016/08/09 19:33:03 ET
Table 'Theemin' 10-max Seat #1 is the button
Seat 1: batman-K8 ($237.21 in chips)
Seat 2: Hannibal2211 ($114.96 in chips)
batman-K8: posts small blind $1
Hannibal2211: posts big blind $3
*** HOLE CARDS ***
batman-K8: calls $2
Hannibal2211: checks
*** FLOP *** [6c Jd Ts]
Hannibal2211: checks
batman-K8: checks
*** TURN *** [6c Jd Ts] [Ad]
Hannibal2211: checks
batman-K8: checks
*** RIVER *** [6c Jd Ts Ad] [Qh]
Hannibal2211: checks
batman-K8: bets $6
Hannibal2211: folds
Uncalled bet ($6) returned to batman-K8
batman-K8 collected $5.88 from pot
*** SUMMARY ***
Total pot $6 | Rake $0.12
Board [6c Jd Ts Ad Qh]
Seat 1: batman-K8 (button) (small blind) collected ($5.88)
Seat 2: Hannibal2211 (big blind) folded on the River


PokerStars Hand #157081948077:  Hold'em Limit ($3/$6 USD) - 2016/08/09 19:33:55 ET
Table 'Theemin' 10-max Seat #1 is the button
Seat 1: batman-K8 ($248.73 in chips)
Seat 2: Hannibal2211 ($102.96 in chips)
batman-K8: posts small blind $1
Hannibal2211: posts big blind $3
*** HOLE CARDS ***
batman-K8: calls $2
Hannibal2211: raises $3 to $6
batman-K8: calls $3
*** FLOP *** [Th Kc 5d]
Hannibal2211: bets $3
batman-K8: calls $3
*** TURN *** [Th Kc 5d] [6s]
Hannibal2211: bets $6
batman-K8: calls $6
*** RIVER *** [Th Kc 5d 6s] [As]
Hannibal2211: bets $6
batman-K8: raises $6 to $12
Hannibal2211: raises $6 to $18
batman-K8: calls $6
*** SHOW DOWN ***
Hannibal2211: shows [6d 6h] (three of a kind, Sixes)
batman-K8: mucks hand
Hannibal2211 collected $65.50 from pot
MissEKAmouse joins the table at seat #10
*** SUMMARY ***
Total pot $66 | Rake $0.50
Board [Th Kc 5d 6s As]
Seat 1: batman-K8 (button) (small blind) mucked
Seat 2: Hannibal2211 (big blind) showed [6d 6h] and won ($65.50) with three of a kind, Sixes


PokerStars Hand #157081935336:  Hold'em Limit ($3/$6 USD) - 2016/08/09 19:33:30 ET
Table 'Theemin' 10-max Seat #2 is the button
Seat 1: batman-K8 ($240.09 in chips)
Seat 2: Hannibal2211 ($111.96 in chips)
Hannibal2211: posts small blind $1
batman-K8: posts big blind $3
*** HOLE CARDS ***
Hannibal2211: raises $3 to $6
batman-K8: calls $3
*** FLOP *** [As 7s 8h]
batman-K8: bets $3
Hannibal2211: calls $3
*** TURN *** [As 7s 8h] [Qs]
batman-K8: bets $6
Hannibal2211: folds
Uncalled bet ($6) returned to batman-K8
batman-K8 collected $17.64 from pot
*** SUMMARY ***
Total pot $18 | Rake $0.36
Board [As 7s 8h Qs]
Seat 1: batman-K8 (big blind) collected ($17.64)
Seat 2: Hannibal2211 (button) (small blind) folded on the Turn


PokerStars Hand #157082193913:  Hold'em Limit ($3/$6 USD) - 2016/08/09 19:42:03 ET
Table 'Theemin' 10-max Seat #10 is the button
Seat 8: up4thecup ($18.06 in chips)
Seat 10: MissEKAmouse ($206.69 in chips)
MissEKAmouse: posts small blind $1
up4thecup: posts big blind $3
*** HOLE CARDS ***
MissEKAmouse: folds
Uncalled bet ($2) returned to up4thecup
up4thecup collected $2 from pot
up4thecup: doesn't show hand
*** SUMMARY ***
Total pot $2 | Rake $0
Seat 8: up4thecup (big blind) collected ($2)
Seat 10: MissEKAmouse (button) (small blind) folded before Flop


PokerStars Hand #157082185320:  Hold'em Limit ($3/$6 USD) - 2016/08/09 19:41:45 ET
Table 'Theemin' 10-max Seat #8 is the button
Seat 8: up4thecup ($24.06 in chips)
Seat 10: MissEKAmouse ($200.93 in chips)
up4thecup: posts small blind $1
MissEKAmouse: posts big blind $3
*** HOLE CARDS ***
up4thecup: raises $3 to $6
MissEKAmouse: calls $3
*** FLOP *** [5c As 5s]
MissEKAmouse: checks
up4thecup: checks
*** TURN *** [5c As 5s] [2h]
MissEKAmouse: checks
up4thecup: checks
*** RIVER *** [5c As 5s 2h] [4h]
MissEKAmouse: checks
up4thecup: checks
*** SHOW DOWN ***
MissEKAmouse: shows [2d 9d] (two pair, Fives and Deuces)
up4thecup: mucks hand
MissEKAmouse collected $11.76 from pot
*** SUMMARY ***
Total pot $12 | Rake $0.24
Board [5c As 5s 2h 4h]
Seat 8: up4thecup (button) (small blind) mucked
Seat 10: MissEKAmouse (big blind) showed [2d 9d] and won ($11.76) with two pair, Fives and Deuces


PokerStars Hand #157082179273:  Hold'em Limit ($3/$6 USD) - 2016/08/09 19:41:33 ET
Table 'Theemin' 10-max Seat #10 is the button
Seat 8: up4thecup ($30.06 in chips)
Seat 10: MissEKAmouse ($195.17 in chips)
MissEKAmouse: posts small blind $1
Hannibal2211: is sitting out
up4thecup: posts big blind $3
*** HOLE CARDS ***
MissEKAmouse: raises $3 to $6
up4thecup: calls $3
*** FLOP *** [Kh 5c 8c]
up4thecup: checks
MissEKAmouse: bets $3
Hannibal2211 leaves the table
up4thecup: folds
Uncalled bet ($3) returned to MissEKAmouse
MissEKAmouse collected $11.76 from pot
MissEKAmouse: doesn't show hand
*** SUMMARY ***
Total pot $12 | Rake $0.24
Board [Kh 5c 8c]
Seat 8: up4thecup (big blind) folded on the Flop
Seat 10: MissEKAmouse (button) (small blind) collected ($11.76)


