PokerStars Hand #149915458181:  Hold'em Limit ($3/$6 USD) - 2016/03/06 4:29:32 ET
Table 'Theemin' 6-max Seat #4 is the button
Seat 3: JayEm82 ($119 in chips)
Seat 4: VolkovDmitri ($121 in chips)
VolkovDmitri: posts small blind $1
JayEm82: posts big blind $3
*** HOLE CARDS ***
VolkovDmitri: raises $3 to $6
JayEm82: calls $3
*** FLOP *** [2c Ad Js]
JayEm82: checks
VolkovDmitri: bets $3
JayEm82: raises $3 to $6
VolkovDmitri: folds
Uncalled bet ($3) returned to JayEm82
JayEm82 collected $17.64 from pot
JayEm82: doesn't show hand
*** SUMMARY ***
Total pot $18 | Rake $0.36
Board [2c Ad Js]
Seat 3: JayEm82 (big blind) collected ($17.64)
Seat 4: VolkovDmitri (button) (small blind) folded on the Flop


PokerStars Hand #149915454910:  Hold'em Limit ($3/$6 USD) - 2016/03/06 4:29:25 ET
Table 'Theemin' 6-max Seat #3 is the button
Seat 3: JayEm82 ($120 in chips)
Seat 4: VolkovDmitri ($120 in chips)
JayEm82: posts small blind $1
VolkovDmitri: posts big blind $3
*** HOLE CARDS ***
JayEm82: folds
Uncalled bet ($2) returned to VolkovDmitri
VolkovDmitri collected $2 from pot
VolkovDmitri: doesn't show hand
*** SUMMARY ***
Total pot $2 | Rake $0
Seat 3: JayEm82 (button) (small blind) folded before Flop
Seat 4: VolkovDmitri (big blind) collected ($2)


PokerStars Hand #149915465392:  Hold'em Limit ($3/$6 USD) - 2016/03/06 4:29:49 ET
Table 'Theemin' 6-max Seat #3 is the button
Seat 3: JayEm82 ($127.64 in chips)
Seat 4: VolkovDmitri ($120 in chips)
JayEm82: posts small blind $1
VolkovDmitri: posts big blind $3
*** HOLE CARDS ***
JayEm82: raises $3 to $6
VolkovDmitri: calls $3
*** FLOP *** [7d 3c Ah]
VolkovDmitri: checks
JayEm82: bets $3
VolkovDmitri: calls $3
*** TURN *** [7d 3c Ah] [3d]
VolkovDmitri: checks
JayEm82: bets $6
VolkovDmitri: calls $6
*** RIVER *** [7d 3c Ah 3d] [9c]
VolkovDmitri: checks
JayEm82: bets $6
VolkovDmitri: calls $6
*** SHOW DOWN ***
JayEm82: shows [Qs 7s] (two pair, Sevens and Threes)
VolkovDmitri: mucks hand
JayEm82 collected $41.50 from pot
*** SUMMARY ***
Total pot $42 | Rake $0.50
Board [7d 3c Ah 3d 9c]
Seat 3: JayEm82 (button) (small blind) showed [Qs 7s] and won ($41.50) with two pair, Sevens and Threes
Seat 4: VolkovDmitri (big blind) mucked


