PokerStars Hand #155651615628:  Hold'em Limit ($3/$6 USD) - 2016/07/06 17:47:07 ET
Table 'Theemin II' 6-max Seat #4 is the button
Seat 3: Simpiwe ($139.26 in chips)
Seat 4: Koraseg ($100 in chips)
Koraseg: posts small blind $1
Simpiwe: posts big blind $3
*** HOLE CARDS ***
Koraseg: raises $3 to $6
Simpiwe: calls $3
*** FLOP *** [Jc Tc 5h]
Simpiwe: checks
Koraseg: bets $3
Simpiwe: calls $3
*** TURN *** [Jc Tc 5h] [5d]
Simpiwe: checks
Koraseg: checks
*** RIVER *** [Jc Tc 5h 5d] [8d]
Simpiwe: bets $6
Koraseg: folds
Uncalled bet ($6) returned to Simpiwe
Simpiwe collected $17.64 from pot
*** SUMMARY ***
Total pot $18 | Rake $0.36
Board [Jc Tc 5h 5d 8d]
Seat 3: Simpiwe (big blind) collected ($17.64)
Seat 4: Koraseg (button) (small blind) folded on the River


PokerStars Hand #155651655242:  Hold'em Limit ($3/$6 USD) - 2016/07/06 17:48:02 ET
Table 'Theemin II' 6-max Seat #3 is the button
Seat 3: Simpiwe ($108.90 in chips)
Seat 4: Koraseg ($128.90 in chips)
Simpiwe: posts small blind $1
Koraseg: posts big blind $3
*** HOLE CARDS ***
Simpiwe: raises $3 to $6
Koraseg: folds
Uncalled bet ($3) returned to Simpiwe
Simpiwe collected $6 from pot
Simpiwe: doesn't show hand
*** SUMMARY ***
Total pot $6 | Rake $0
Seat 3: Simpiwe (button) (small blind) collected ($6)
Seat 4: Koraseg (big blind) folded before Flop


PokerStars Hand #155651644452:  Hold'em Limit ($3/$6 USD) - 2016/07/06 17:47:47 ET
Table 'Theemin II' 6-max Seat #4 is the button
Seat 3: Simpiwe ($129.90 in chips)
Seat 4: Koraseg ($108.40 in chips)
Koraseg: posts small blind $1
Simpiwe: posts big blind $3
*** HOLE CARDS ***
Koraseg: raises $3 to $6
Simpiwe: calls $3
*** FLOP *** [6c Qd 2c]
Simpiwe: checks
Koraseg: bets $3
Simpiwe: calls $3
*** TURN *** [6c Qd 2c] [Ah]
Simpiwe: checks
Koraseg: bets $6
Simpiwe: calls $6
*** RIVER *** [6c Qd 2c Ah] [Th]
Simpiwe: checks
Koraseg: bets $6
Simpiwe: calls $6
*** SHOW DOWN ***
Koraseg: shows [As 8h] (a pair of Aces)
Simpiwe: mucks hand
Koraseg collected $41.50 from pot
*** SUMMARY ***
Total pot $42 | Rake $0.50
Board [6c Qd 2c Ah Th]
Seat 3: Simpiwe (big blind) mucked
Seat 4: Koraseg (button) (small blind) showed [As 8h] and won ($41.50) with a pair of Aces


PokerStars Hand #155651659264:  Hold'em Limit ($3/$6 USD) - 2016/07/06 17:48:07 ET
Table 'Theemin II' 6-max Seat #4 is the button
Seat 3: Simpiwe ($111.90 in chips)
Seat 4: Koraseg ($125.90 in chips)
Koraseg: posts small blind $1
Simpiwe: posts big blind $3
*** HOLE CARDS ***
Koraseg: raises $3 to $6
Simpiwe: raises $3 to $9
Koraseg: calls $3
*** FLOP *** [Qh Ad Ah]
Simpiwe: bets $3
Koraseg: folds
Uncalled bet ($3) returned to Simpiwe
Simpiwe collected $17.64 from pot
Simpiwe: doesn't show hand
*** SUMMARY ***
Total pot $18 | Rake $0.36
Board [Qh Ad Ah]
Seat 3: Simpiwe (big blind) collected ($17.64)
Seat 4: Koraseg (button) (small blind) folded on the Flop


PokerStars Hand #155651633523:  Hold'em Limit ($3/$6 USD) - 2016/07/06 17:47:31 ET
Table 'Theemin II' 6-max Seat #4 is the button
Seat 3: Simpiwe ($141.90 in chips)
Seat 4: Koraseg ($96.76 in chips)
Koraseg: posts small blind $1
Simpiwe: posts big blind $3
*** HOLE CARDS ***
Koraseg: raises $3 to $6
Simpiwe: folds
Uncalled bet ($3) returned to Koraseg
Koraseg collected $6 from pot
Koraseg: doesn't show hand
*** SUMMARY ***
Total pot $6 | Rake $0
Seat 3: Simpiwe (big blind) folded before Flop
Seat 4: Koraseg (button) (small blind) collected ($6)


PokerStars Hand #155651636843:  Hold'em Limit ($3/$6 USD) - 2016/07/06 17:47:36 ET
Table 'Theemin II' 6-max Seat #3 is the button
Seat 3: Simpiwe ($138.90 in chips)
Seat 4: Koraseg ($99.76 in chips)
Simpiwe: posts small blind $1
Koraseg: posts big blind $3
*** HOLE CARDS ***
Simpiwe: raises $3 to $6
Koraseg: calls $3
*** FLOP *** [Ts Th Jd]
Koraseg: checks
Simpiwe: bets $3
Koraseg: raises $3 to $6
Simpiwe: folds
Uncalled bet ($3) returned to Koraseg
Koraseg collected $17.64 from pot
Koraseg: doesn't show hand
*** SUMMARY ***
Total pot $18 | Rake $0.36
Board [Ts Th Jd]
Seat 3: Simpiwe (button) (small blind) folded on the Flop
Seat 4: Koraseg (big blind) collected ($17.64)


PokerStars Hand #155651686755:  Hold'em Limit ($3/$6 USD) - 2016/07/06 17:48:45 ET
Table 'Theemin II' 6-max Seat #4 is the button
Seat 3: Simpiwe ($99.54 in chips)
Seat 4: Koraseg ($137.40 in chips)
Koraseg: posts small blind $1
Simpiwe: posts big blind $3
*** HOLE CARDS ***
Koraseg: raises $3 to $6
Simpiwe: raises $3 to $9
Koraseg: calls $3
*** FLOP *** [9s 3d Kh]
Simpiwe: bets $3
Koraseg: folds
Uncalled bet ($3) returned to Simpiwe
Simpiwe collected $17.64 from pot
Simpiwe: doesn't show hand
*** SUMMARY ***
Total pot $18 | Rake $0.36
Board [9s 3d Kh]
Seat 3: Simpiwe (big blind) collected ($17.64)
Seat 4: Koraseg (button) (small blind) folded on the Flop


PokerStars Hand #155651693281:  Hold'em Limit ($3/$6 USD) - 2016/07/06 17:48:54 ET
Table 'Theemin II' 6-max Seat #3 is the button
Seat 3: Simpiwe ($108.18 in chips)
Seat 4: Koraseg ($128.40 in chips)
Simpiwe: posts small blind $1
Koraseg: posts big blind $3
*** HOLE CARDS ***
Simpiwe: raises $3 to $6
Koraseg: calls $3
*** FLOP *** [Qc 6s Qs]
Koraseg: checks
Simpiwe: bets $3
Koraseg: calls $3
*** TURN *** [Qc 6s Qs] [9c]
Koraseg: checks
Simpiwe: checks
*** RIVER *** [Qc 6s Qs 9c] [As]
Koraseg: checks
Simpiwe: bets $6
Koraseg: folds
Uncalled bet ($6) returned to Simpiwe
Simpiwe collected $17.64 from pot
Simpiwe: doesn't show hand
*** SUMMARY ***
Total pot $18 | Rake $0.36
Board [Qc 6s Qs 9c As]
Seat 3: Simpiwe (button) (small blind) collected ($17.64)
Seat 4: Koraseg (big blind) folded on the River


PokerStars Hand #155651703198:  Hold'em Limit ($3/$6 USD) - 2016/07/06 17:49:08 ET
Table 'Theemin II' 6-max Seat #4 is the button
Seat 3: Simpiwe ($116.82 in chips)
Seat 4: Koraseg ($119.40 in chips)
Koraseg: posts small blind $1
Simpiwe: posts big blind $3
*** HOLE CARDS ***
Koraseg: folds
Uncalled bet ($2) returned to Simpiwe
Simpiwe collected $2 from pot
Simpiwe: doesn't show hand
*** SUMMARY ***
Total pot $2 | Rake $0
Seat 3: Simpiwe (big blind) collected ($2)
Seat 4: Koraseg (button) (small blind) folded before Flop


PokerStars Hand #155651706664:  Hold'em Limit ($3/$6 USD) - 2016/07/06 17:49:13 ET
Table 'Theemin II' 6-max Seat #3 is the button
Seat 3: Simpiwe ($117.82 in chips)
Seat 4: Koraseg ($118.40 in chips)
Simpiwe: posts small blind $1
Koraseg: posts big blind $3
*** HOLE CARDS ***
Simpiwe: raises $3 to $6
Koraseg: folds
Uncalled bet ($3) returned to Simpiwe
Simpiwe collected $6 from pot
Simpiwe: doesn't show hand
*** SUMMARY ***
Total pot $6 | Rake $0
Seat 3: Simpiwe (button) (small blind) collected ($6)
Seat 4: Koraseg (big blind) folded before Flop


PokerStars Hand #155651672003:  Hold'em Limit ($3/$6 USD) - 2016/07/06 17:48:25 ET
Table 'Theemin II' 6-max Seat #3 is the button
Seat 3: Simpiwe ($120.54 in chips)
Seat 4: Koraseg ($116.90 in chips)
Simpiwe: posts small blind $1
Koraseg: posts big blind $3
*** HOLE CARDS ***
Simpiwe: raises $3 to $6
Koraseg: calls $3
*** FLOP *** [3s 8s 7d]
Koraseg: checks
Simpiwe: bets $3
Koraseg: calls $3
*** TURN *** [3s 8s 7d] [Qc]
Koraseg: checks
Simpiwe: bets $6
Koraseg: calls $6
*** RIVER *** [3s 8s 7d Qc] [As]
Koraseg: bets $6
Simpiwe: calls $6
*** SHOW DOWN ***
Koraseg: shows [Js Ah] (a pair of Aces)
Simpiwe: mucks hand
Koraseg collected $41.50 from pot
*** SUMMARY ***
Total pot $42 | Rake $0.50
Board [3s 8s 7d Qc As]
Seat 3: Simpiwe (button) (small blind) mucked
Seat 4: Koraseg (big blind) showed [Js Ah] and won ($41.50) with a pair of Aces


PokerStars Hand #155651719931:  Hold'em Limit ($3/$6 USD) - 2016/07/06 17:49:32 ET
Table 'Theemin II' 6-max Seat #3 is the button
Seat 3: Simpiwe ($129.46 in chips)
Seat 4: Koraseg ($106.40 in chips)
Simpiwe: posts small blind $1
Koraseg: posts big blind $3
*** HOLE CARDS ***
Simpiwe: raises $3 to $6
Koraseg: calls $3
*** FLOP *** [Jh 9s 5s]
Koraseg: checks
Simpiwe: bets $3
Koraseg: raises $3 to $6
Simpiwe: raises $3 to $9
Koraseg: calls $3
*** TURN *** [Jh 9s 5s] [9c]
Koraseg: checks
Simpiwe: bets $6
Koraseg: calls $6
*** RIVER *** [Jh 9s 5s 9c] [6c]
Koraseg: checks
Simpiwe: bets $6
Koraseg: folds
Uncalled bet ($6) returned to Simpiwe
Simpiwe collected $41.50 from pot
Simpiwe: doesn't show hand
*** SUMMARY ***
Total pot $42 | Rake $0.50
Board [Jh 9s 5s 9c 6c]
Seat 3: Simpiwe (button) (small blind) collected ($41.50)
Seat 4: Koraseg (big blind) folded on the River


PokerStars Hand #155651710794:  Hold'em Limit ($3/$6 USD) - 2016/07/06 17:49:19 ET
Table 'Theemin II' 6-max Seat #4 is the button
Seat 3: Simpiwe ($120.82 in chips)
Seat 4: Koraseg ($115.40 in chips)
Koraseg: posts small blind $1
Simpiwe: posts big blind $3
*** HOLE CARDS ***
Koraseg: raises $3 to $6
Simpiwe: calls $3
*** FLOP *** [Ah 2c Ac]
Simpiwe: checks
Koraseg: bets $3
Simpiwe: raises $3 to $6
Koraseg: folds
Uncalled bet ($3) returned to Simpiwe
Simpiwe collected $17.64 from pot
Simpiwe: doesn't show hand
*** SUMMARY ***
Total pot $18 | Rake $0.36
Board [Ah 2c Ac]
Seat 3: Simpiwe (big blind) collected ($17.64)
Seat 4: Koraseg (button) (small blind) folded on the Flop


PokerStars Hand #155651747597:  Hold'em Limit ($3/$6 USD) - 2016/07/06 17:50:10 ET
Table 'Theemin II' 6-max Seat #3 is the button
Seat 3: Simpiwe ($143.96 in chips)
Seat 4: Koraseg ($91.16 in chips)
Simpiwe: posts small blind $1
Koraseg: posts big blind $3
*** HOLE CARDS ***
Simpiwe: raises $3 to $6
Koraseg: calls $3
*** FLOP *** [Th Ad Kd]
Koraseg: checks
Simpiwe: bets $3
Koraseg: folds
Uncalled bet ($3) returned to Simpiwe
Simpiwe collected $11.76 from pot
Simpiwe: doesn't show hand
*** SUMMARY ***
Total pot $12 | Rake $0.24
Board [Th Ad Kd]
Seat 3: Simpiwe (button) (small blind) collected ($11.76)
Seat 4: Koraseg (big blind) folded on the Flop


PokerStars Hand #155651996965:  Hold'em Limit ($3/$6 USD) - 2016/07/06 17:56:11 ET
Table 'Theemin II' 6-max Seat #4 is the button
Seat 3: Simpiwe ($124.36 in chips)
Seat 4: Koraseg ($88.48 in chips)
Koraseg: posts small blind $1
Simpiwe: posts big blind $3
*** HOLE CARDS ***
Koraseg: raises $3 to $6
Simpiwe: raises $3 to $9
Koraseg: calls $3
*** FLOP *** [3h 5c 3d]
Simpiwe: bets $3
Koraseg: folds
Uncalled bet ($3) returned to Simpiwe
Simpiwe collected $17.64 from pot
Simpiwe: doesn't show hand
*** SUMMARY ***
Total pot $18 | Rake $0.36
Board [3h 5c 3d]
Seat 3: Simpiwe (big blind) collected ($17.64)
Seat 4: Koraseg (button) (small blind) folded on the Flop


PokerStars Hand #155651993272:  Hold'em Limit ($3/$6 USD) - 2016/07/06 17:56:05 ET
Table 'Theemin II' 6-max Seat #3 is the button
Seat 3: Simpiwe ($121.36 in chips)
Seat 4: Koraseg ($91.48 in chips)
Simpiwe: posts small blind $1
Koraseg: posts big blind $3
*** HOLE CARDS ***
Simpiwe: raises $3 to $6
Koraseg: folds
Uncalled bet ($3) returned to Simpiwe
Simpiwe collected $6 from pot
Simpiwe: doesn't show hand
*** SUMMARY ***
Total pot $6 | Rake $0
Seat 3: Simpiwe (button) (small blind) collected ($6)
Seat 4: Koraseg (big blind) folded before Flop


PokerStars Hand #155651985645:  Hold'em Limit ($3/$6 USD) - 2016/07/06 17:55:52 ET
Table 'Theemin II' 6-max Seat #4 is the button
Seat 3: Simpiwe ($103.86 in chips)
Seat 4: Koraseg ($109.48 in chips)
Koraseg: posts small blind $1
Simpiwe: posts big blind $3
*** HOLE CARDS ***
Koraseg: raises $3 to $6
Simpiwe: raises $3 to $9
Koraseg: calls $3
*** FLOP *** [8c 6d As]
Simpiwe: bets $3
Koraseg: calls $3
*** TURN *** [8c 6d As] [Ks]
Simpiwe: bets $6
Koraseg: calls $6
*** RIVER *** [8c 6d As Ks] [5d]
Simpiwe: checks
Koraseg: checks
*** SHOW DOWN ***
Simpiwe: shows [9d 9h] (a pair of Nines)
Koraseg: mucks hand
Simpiwe collected $35.50 from pot
*** SUMMARY ***
Total pot $36 | Rake $0.50
Board [8c 6d As Ks 5d]
Seat 3: Simpiwe (big blind) showed [9d 9h] and won ($35.50) with a pair of Nines
Seat 4: Koraseg (button) (small blind) mucked


PokerStars Hand #155651982843:  Hold'em Limit ($3/$6 USD) - 2016/07/06 17:55:47 ET
Table 'Theemin II' 6-max Seat #3 is the button
Seat 3: Simpiwe ($100.86 in chips)
Seat 4: Koraseg ($112.48 in chips)
Simpiwe: posts small blind $1
Koraseg: posts big blind $3
*** HOLE CARDS ***
Simpiwe: raises $3 to $6
Koraseg: folds
Uncalled bet ($3) returned to Simpiwe
Simpiwe collected $6 from pot
Simpiwe: doesn't show hand
*** SUMMARY ***
Total pot $6 | Rake $0
Seat 3: Simpiwe (button) (small blind) collected ($6)
Seat 4: Koraseg (big blind) folded before Flop


PokerStars Hand #155651974548:  Hold'em Limit ($3/$6 USD) - 2016/07/06 17:55:33 ET
Table 'Theemin II' 6-max Seat #4 is the button
Seat 3: Simpiwe ($92.22 in chips)
Seat 4: Koraseg ($121.48 in chips)
Koraseg: posts small blind $1
jackRizzar: is sitting out
Simpiwe: posts big blind $3
*** HOLE CARDS ***
Koraseg: raises $3 to $6
Simpiwe: raises $3 to $9
jackRizzar leaves the table
Koraseg: calls $3
*** FLOP *** [Ad 3c 6h]
Simpiwe: bets $3
Koraseg: folds
Uncalled bet ($3) returned to Simpiwe
Simpiwe collected $17.64 from pot
Simpiwe: doesn't show hand
*** SUMMARY ***
Total pot $18 | Rake $0.36
Board [Ad 3c 6h]
Seat 3: Simpiwe (big blind) collected ($17.64)
Seat 4: Koraseg (button) (small blind) folded on the Flop


PokerStars Hand #155652039064:  Hold'em Limit ($3/$6 USD) - 2016/07/06 17:57:13 ET
Table 'Theemin II' 6-max Seat #3 is the button
Seat 3: Simpiwe ($136.28 in chips)
Seat 4: Koraseg ($74.98 in chips)
Simpiwe: posts small blind $1
Koraseg: posts big blind $3
*** HOLE CARDS ***
Simpiwe: folds
Uncalled bet ($2) returned to Koraseg
Koraseg collected $2 from pot
Koraseg: doesn't show hand
*** SUMMARY ***
Total pot $2 | Rake $0
Seat 3: Simpiwe (button) (small blind) folded before Flop
Seat 4: Koraseg (big blind) collected ($2)


PokerStars Hand #155652035113:  Hold'em Limit ($3/$6 USD) - 2016/07/06 17:57:06 ET
Table 'Theemin II' 6-max Seat #4 is the button
Seat 3: Simpiwe ($135.28 in chips)
Seat 4: Koraseg ($75.98 in chips)
Koraseg: posts small blind $1
Simpiwe: posts big blind $3
*** HOLE CARDS ***
Chessnok joins the table at seat #5
Koraseg: folds
Uncalled bet ($2) returned to Simpiwe
Simpiwe collected $2 from pot
Simpiwe: doesn't show hand
*** SUMMARY ***
Total pot $2 | Rake $0
Seat 3: Simpiwe (big blind) collected ($2)
Seat 4: Koraseg (button) (small blind) folded before Flop


PokerStars Hand #155652022417:  Hold'em Limit ($3/$6 USD) - 2016/07/06 17:56:44 ET
Table 'Theemin II' 6-max Seat #3 is the button
Seat 3: Simpiwe ($150.28 in chips)
Seat 4: Koraseg ($61.48 in chips)
Simpiwe: posts small blind $1
Koraseg: posts big blind $3
*** HOLE CARDS ***
Simpiwe: calls $2
Koraseg: checks
*** FLOP *** [As 4c 4s]
Koraseg: checks
Simpiwe: checks
*** TURN *** [As 4c 4s] [8s]
Koraseg: bets $6
Simpiwe: calls $6
*** RIVER *** [As 4c 4s 8s] [Ks]
Koraseg: checks
Simpiwe: bets $6
Koraseg: calls $6
*** SHOW DOWN ***
Simpiwe: shows [Ac 5d] (two pair, Aces and Fours)
Koraseg: shows [3h Ts] (a flush, Ace high)
Koraseg collected $29.50 from pot
*** SUMMARY ***
Total pot $30 | Rake $0.50
Board [As 4c 4s 8s Ks]
Seat 3: Simpiwe (button) (small blind) showed [Ac 5d] and lost with two pair, Aces and Fours
Seat 4: Koraseg (big blind) showed [3h Ts] and won ($29.50) with a flush, Ace high


PokerStars Hand #155652003786:  Hold'em Limit ($3/$6 USD) - 2016/07/06 17:56:23 ET
Table 'Theemin II' 6-max Seat #3 is the button
Seat 3: Simpiwe ($133 in chips)
Seat 4: Koraseg ($79.48 in chips)
Simpiwe: posts small blind $1
Koraseg: posts big blind $3
*** HOLE CARDS ***
Simpiwe: raises $3 to $6
Koraseg: calls $3
*** FLOP *** [4c 4d 6d]
Koraseg: checks
Simpiwe: bets $3
Koraseg: folds
Uncalled bet ($3) returned to Simpiwe
Simpiwe collected $11.76 from pot
Simpiwe: doesn't show hand
*** SUMMARY ***
Total pot $12 | Rake $0.24
Board [4c 4d 6d]
Seat 3: Simpiwe (button) (small blind) collected ($11.76)
Seat 4: Koraseg (big blind) folded on the Flop


PokerStars Hand #155652008937:  Hold'em Limit ($3/$6 USD) - 2016/07/06 17:56:32 ET
Table 'Theemin II' 6-max Seat #4 is the button
Seat 3: Simpiwe ($138.76 in chips)
Seat 4: Koraseg ($73.48 in chips)
Koraseg: posts small blind $1
Simpiwe: posts big blind $3
*** HOLE CARDS ***
Koraseg: raises $3 to $6
Simpiwe: raises $3 to $9
Koraseg: calls $3
*** FLOP *** [5h 5c 9d]
Simpiwe: bets $3
Koraseg: calls $3
*** TURN *** [5h 5c 9d] [Js]
Simpiwe: checks
Koraseg: checks
*** RIVER *** [5h 5c 9d Js] [3c]
Simpiwe: checks
Koraseg: checks
*** SHOW DOWN ***
Simpiwe: shows [7s As] (a pair of Fives)
Koraseg: mucks hand
Simpiwe collected $23.52 from pot
*** SUMMARY ***
Total pot $24 | Rake $0.48
Board [5h 5c 9d Js 3c]
Seat 3: Simpiwe (big blind) showed [7s As] and won ($23.52) with a pair of Fives
Seat 4: Koraseg (button) (small blind) mucked


