PokerStars Hand #166350513953:  Hold'em Limit ($3/$6 USD) - 2017/02/17 12:23:20 ET
Table 'Thekla II' 10-max Seat #1 is the button
Seat 1: neman557 ($131.52 in chips)
Seat 2: belik555 ($90 in chips)
neman557: posts small blind $1
belik555: posts big blind $3
*** HOLE CARDS ***
neman557: folds
Uncalled bet ($2) returned to belik555
belik555 collected $2 from pot
belik555: doesn't show hand
*** SUMMARY ***
Total pot $2 | Rake $0
Seat 1: neman557 (button) (small blind) folded before Flop
Seat 2: belik555 (big blind) collected ($2)


PokerStars Hand #166350446759:  Hold'em Limit ($3/$6 USD) - 2017/02/17 12:21:57 ET
Table 'Thekla II' 10-max Seat #2 is the button
Seat 1: neman557 ($120 in chips)
Seat 2: belik555 ($90 in chips)
belik555: posts small blind $1
GoliafUa: is sitting out
neman557: posts big blind $3
*** HOLE CARDS ***
belik555: raises $3 to $6
neman557: raises $3 to $9
belik555: calls $3
*** FLOP *** [8c 6c 4d]
neman557: bets $3
belik555: calls $3
*** TURN *** [8c 6c 4d] [Ac]
neman557: bets $6
belik555: folds
Uncalled bet ($6) returned to neman557
neman557 collected $23.52 from pot
neman557: doesn't show hand
*** SUMMARY ***
Total pot $24 | Rake $0.48
Board [8c 6c 4d Ac]
Seat 1: neman557 (big blind) collected ($23.52)
Seat 2: belik555 (button) (small blind) folded on the Turn


PokerStars Hand #166350565327:  Hold'em Limit ($3/$6 USD) - 2017/02/17 12:24:23 ET
Table 'Thekla II' 10-max Seat #1 is the button
Seat 1: neman557 ($145.02 in chips)
Seat 2: belik555 ($90 in chips)
neman557: posts small blind $1
belik555: posts big blind $3
*** HOLE CARDS ***
neman557: folds
Uncalled bet ($2) returned to belik555
belik555 collected $2 from pot
belik555: doesn't show hand
*** SUMMARY ***
Total pot $2 | Rake $0
Seat 1: neman557 (button) (small blind) folded before Flop
Seat 2: belik555 (big blind) collected ($2)


PokerStars Hand #166350520496:  Hold'em Limit ($3/$6 USD) - 2017/02/17 12:23:28 ET
Table 'Thekla II' 10-max Seat #2 is the button
Seat 1: neman557 ($130.52 in chips)
Seat 2: belik555 ($91 in chips)
belik555: posts small blind $1
neman557: posts big blind $3
*** HOLE CARDS ***
belik555: raises $3 to $6
neman557: calls $3
*** FLOP *** [Th 7c Jd]
neman557: checks
belik555: bets $3
neman557: calls $3
*** TURN *** [Th 7c Jd] [6h]
neman557: checks
belik555: checks
*** RIVER *** [Th 7c Jd 6h] [2d]
neman557: bets $6
belik555: calls $6
*** SHOW DOWN ***
neman557: shows [9h 8d] (a straight, Seven to Jack)
belik555: mucks hand
neman557 collected $29.50 from pot
*** SUMMARY ***
Total pot $30 | Rake $0.50
Board [Th 7c Jd 6h 2d]
Seat 1: neman557 (big blind) showed [9h 8d] and won ($29.50) with a straight, Seven to Jack
Seat 2: belik555 (button) (small blind) mucked


PokerStars Hand #166350571618:  Hold'em Limit ($3/$6 USD) - 2017/02/17 12:24:31 ET
Table 'Thekla II' 10-max Seat #2 is the button
Seat 1: neman557 ($144.02 in chips)
Seat 2: belik555 ($91 in chips)
belik555: posts small blind $1
neman557: posts big blind $3
*** HOLE CARDS ***
belik555: raises $3 to $6
neman557: folds
Uncalled bet ($3) returned to belik555
neman557 leaves the table
belik555 collected $6 from pot
belik555: doesn't show hand
*** SUMMARY ***
Total pot $6 | Rake $0
Seat 1: neman557 (big blind) folded before Flop
Seat 2: belik555 (button) (small blind) collected ($6)


