PokerStars Hand #160400593569:  Hold'em Limit ($3/$6 USD) - 2016/10/24 21:31:17 ET
Table 'Thekla' 6-max Seat #3 is the button
Seat 3: too2ez ($120 in chips)
Seat 4: AzureCaper ($72 in chips)
too2ez: posts small blind $1
AzureCaper: posts big blind $3
*** HOLE CARDS ***
too2ez: raises $3 to $6
AzureCaper: calls $3
*** FLOP *** [9h Kh Qh]
ToDaFelt joins the table at seat #5
AzureCaper: checks
too2ez: bets $3
AzureCaper: raises $3 to $6
too2ez: calls $3
*** TURN *** [9h Kh Qh] [9c]
AzureCaper: bets $6
too2ez: calls $6
*** RIVER *** [9h Kh Qh 9c] [4h]
AzureCaper: bets $6
too2ez: calls $6
*** SHOW DOWN ***
AzureCaper: shows [7s Kd] (two pair, Kings and Nines)
too2ez: mucks hand
AzureCaper collected $47.50 from pot
*** SUMMARY ***
Total pot $48 | Rake $0.50
Board [9h Kh Qh 9c 4h]
Seat 3: too2ez (button) (small blind) mucked
Seat 4: AzureCaper (big blind) showed [7s Kd] and won ($47.50) with two pair, Kings and Nines


PokerStars Hand #160401613620:  Hold'em Limit ($3/$6 USD) - 2016/10/24 22:16:03 ET
Table 'Thekla' 6-max Seat #5 is the button
Seat 4: AzureCaper ($162.42 in chips)
Seat 5: RaisemyNut$ ($155.57 in chips)
RaisemyNut$: posts small blind $1
ImReady..RU?: is sitting out
Masqb: is sitting out
AzureCaper: posts big blind $3
*** HOLE CARDS ***
RaisemyNut$: raises $3 to $6
AzureCaper: folds
Uncalled bet ($3) returned to RaisemyNut$
RaisemyNut$ collected $6 from pot
RaisemyNut$: doesn't show hand
*** SUMMARY ***
Total pot $6 | Rake $0
Seat 4: AzureCaper (big blind) folded before Flop
Seat 5: RaisemyNut$ (button) (small blind) collected ($6)


PokerStars Hand #160401618849:  Hold'em Limit ($3/$6 USD) - 2016/10/24 22:16:18 ET
Table 'Thekla' 6-max Seat #5 is the button
Seat 4: AzureCaper ($158.42 in chips)
Seat 5: RaisemyNut$ ($159.57 in chips)
RaisemyNut$: posts small blind $1
AzureCaper: posts big blind $3
*** HOLE CARDS ***
RaisemyNut$: raises $3 to $6
AzureCaper: calls $3
*** FLOP *** [6c Qd Ad]
AzureCaper: checks
RaisemyNut$: bets $3
AzureCaper: folds
Uncalled bet ($3) returned to RaisemyNut$
RaisemyNut$ collected $11.76 from pot
RaisemyNut$: doesn't show hand
*** SUMMARY ***
Total pot $12 | Rake $0.24
Board [6c Qd Ad]
Seat 4: AzureCaper (big blind) folded on the Flop
Seat 5: RaisemyNut$ (button) (small blind) collected ($11.76)


PokerStars Hand #160401632720:  Hold'em Limit ($3/$6 USD) - 2016/10/24 22:16:57 ET
Table 'Thekla' 6-max Seat #4 is the button
Seat 4: AzureCaper ($152.42 in chips)
Seat 5: RaisemyNut$ ($165.33 in chips)
AzureCaper: posts small blind $1
RaisemyNut$: posts big blind $3
*** HOLE CARDS ***
AzureCaper: folds
Uncalled bet ($2) returned to RaisemyNut$
RaisemyNut$ collected $2 from pot
RaisemyNut$: doesn't show hand
*** SUMMARY ***
Total pot $2 | Rake $0
Seat 4: AzureCaper (button) (small blind) folded before Flop
Seat 5: RaisemyNut$ (big blind) collected ($2)


PokerStars Hand #160401616265:  Hold'em Limit ($3/$6 USD) - 2016/10/24 22:16:11 ET
Table 'Thekla' 6-max Seat #4 is the button
Seat 4: AzureCaper ($159.42 in chips)
Seat 5: RaisemyNut$ ($158.57 in chips)
AzureCaper: posts small blind $1
RaisemyNut$: posts big blind $3
*** HOLE CARDS ***
AzureCaper: folds
Uncalled bet ($2) returned to RaisemyNut$
RaisemyNut$ collected $2 from pot
RaisemyNut$: doesn't show hand
*** SUMMARY ***
Total pot $2 | Rake $0
Seat 4: AzureCaper (button) (small blind) folded before Flop
Seat 5: RaisemyNut$ (big blind) collected ($2)


PokerStars Hand #160402927106:  Hold'em Limit ($3/$6 USD) - 2016/10/24 23:25:03 ET
Table 'Thekla' 6-max Seat #6 is the button
Seat 5: RaisemyNut$ ($102.99 in chips)
Seat 6: wobetting ($129.28 in chips)
wobetting: posts small blind $1
RaisemyNut$: posts big blind $3
*** HOLE CARDS ***
wobetting: raises $3 to $6
RaisemyNut$: calls $3
*** FLOP *** [9d Th 2c]
RaisemyNut$: checks
wobetting: bets $3
RaisemyNut$: raises $3 to $6
wobetting: calls $3
*** TURN *** [9d Th 2c] [7c]
RaisemyNut$: bets $6
wobetting: calls $6
*** RIVER *** [9d Th 2c 7c] [Jc]
RaisemyNut$: bets $6
wobetting: calls $6
*** SHOW DOWN ***
RaisemyNut$: shows [7s 8h] (a straight, Seven to Jack)
wobetting: mucks hand
RaisemyNut$ collected $47.50 from pot
*** SUMMARY ***
Total pot $48 | Rake $0.50
Board [9d Th 2c 7c Jc]
Seat 5: RaisemyNut$ (big blind) showed [7s 8h] and won ($47.50) with a straight, Seven to Jack
Seat 6: wobetting (button) (small blind) mucked


