PokerStars Hand #149649734508:  Hold'em Limit ($3/$6 USD) - 2016/02/29 23:13:18 ET
Table 'Themis' 6-max Seat #3 is the button
Seat 3: HaekJiu ($120 in chips)
Seat 4: MTails ($120 in chips)
HaekJiu: posts small blind $1
MTails: posts big blind $3
*** HOLE CARDS ***
HaekJiu: raises $3 to $6
MTails: calls $3
*** FLOP *** [Jc Qs Kc]
MTails: checks
HaekJiu: checks
*** TURN *** [Jc Qs Kc] [Ad]
MTails: checks
Muhamed999 joins the table at seat #2
HaekJiu: bets $6
MTails: calls $6
*** RIVER *** [Jc Qs Kc Ad] [7c]
MTails: checks
HaekJiu: bets $6
MTails: calls $6
*** SHOW DOWN ***
HaekJiu: shows [Ac Ts] (a straight, Ten to Ace)
MTails: mucks hand
HaekJiu collected $35.50 from pot
*** SUMMARY ***
Total pot $36 | Rake $0.50
Board [Jc Qs Kc Ad 7c]
Seat 3: HaekJiu (button) (small blind) showed [Ac Ts] and won ($35.50) with a straight, Ten to Ace
Seat 4: MTails (big blind) mucked


PokerStars Hand #149649776275:  Hold'em Limit ($3/$6 USD) - 2016/02/29 23:15:29 ET
Table 'Themis' 6-max Seat #4 is the button
Seat 3: HaekJiu ($145 in chips)
Seat 4: MTails ($118.14 in chips)
MTails: posts small blind $1
HaekJiu: posts big blind $3
*** HOLE CARDS ***
MTails: raises $3 to $6
HaekJiu: raises $3 to $9
MTails: calls $3
*** FLOP *** [6s 5c 9h]
HaekJiu: bets $3
MTails: calls $3
*** TURN *** [6s 5c 9h] [4d]
HaekJiu: bets $6
MTails: raises $6 to $12
HaekJiu: calls $6
*** RIVER *** [6s 5c 9h 4d] [3d]
HaekJiu: checks
MTails: bets $6
HaekJiu: folds
Uncalled bet ($6) returned to MTails
MTails collected $47.50 from pot
*** SUMMARY ***
Total pot $48 | Rake $0.50
Board [6s 5c 9h 4d 3d]
Seat 3: HaekJiu (big blind) folded on the River
Seat 4: MTails (button) (small blind) collected ($47.50)


PokerStars Hand #149649781758:  Hold'em Limit ($3/$6 USD) - 2016/02/29 23:15:46 ET
Table 'Themis' 6-max Seat #3 is the button
Seat 3: HaekJiu ($121 in chips)
Seat 4: MTails ($141.64 in chips)
HaekJiu: posts small blind $1
MTails: posts big blind $3
*** HOLE CARDS ***
HaekJiu: raises $3 to $6
MTails: calls $3
*** FLOP *** [9h 6c 4c]
MTails: checks
HaekJiu: bets $3
MTails: calls $3
*** TURN *** [9h 6c 4c] [Jh]
MTails: checks
HaekJiu: bets $6
MTails: calls $6
*** RIVER *** [9h 6c 4c Jh] [Kd]
MTails: checks
HaekJiu: bets $6
MTails: calls $6
*** SHOW DOWN ***
HaekJiu: shows [5c 8c] (high card King)
MTails: shows [Qs Ah] (high card Ace)
MTails collected $41.50 from pot
*** SUMMARY ***
Total pot $42 | Rake $0.50
Board [9h 6c 4c Jh Kd]
Seat 3: HaekJiu (button) (small blind) showed [5c 8c] and lost with high card King
Seat 4: MTails (big blind) showed [Qs Ah] and won ($41.50) with high card Ace


PokerStars Hand #149649832629:  Hold'em Limit ($3/$6 USD) - 2016/02/29 23:18:26 ET
Table 'Themis' 6-max Seat #3 is the button
Seat 3: HaekJiu ($99.56 in chips)
Seat 4: MTails ($100.31 in chips)
HaekJiu: posts small blind $1
MTails: posts big blind $3
*** HOLE CARDS ***
HaekJiu: raises $3 to $6
MTails: calls $3
*** FLOP *** [Jh 3c 8s]
MTails: checks
HaekJiu: checks
*** TURN *** [Jh 3c 8s] [3d]
MTails: bets $6
HaekJiu: folds
Uncalled bet ($6) returned to MTails
MTails collected $11.76 from pot
*** SUMMARY ***
Total pot $12 | Rake $0.24
Board [Jh 3c 8s 3d]
Seat 3: HaekJiu (button) (small blind) folded on the Turn
Seat 4: MTails (big blind) collected ($11.76)


PokerStars Hand #149649849396:  Hold'em Limit ($3/$6 USD) - 2016/02/29 23:19:19 ET
Table 'Themis' 6-max Seat #4 is the button
Seat 3: HaekJiu ($85.20 in chips)
Seat 4: MTails ($113.35 in chips)
MTails: posts small blind $1
HaekJiu: posts big blind $3
*** HOLE CARDS ***
MTails: folds
Uncalled bet ($2) returned to HaekJiu
HaekJiu collected $2 from pot
HaekJiu: doesn't show hand
*** SUMMARY ***
Total pot $2 | Rake $0
Seat 3: HaekJiu (big blind) collected ($2)
Seat 4: MTails (button) (small blind) folded before Flop


PokerStars Hand #149649845633:  Hold'em Limit ($3/$6 USD) - 2016/02/29 23:19:07 ET
Table 'Themis' 6-max Seat #3 is the button
Seat 3: HaekJiu ($91.20 in chips)
Seat 4: MTails ($107.59 in chips)
HaekJiu: posts small blind $1
MTails: posts big blind $3
*** HOLE CARDS ***
HaekJiu: raises $3 to $6
MTails: calls $3
*** FLOP *** [4s 9d 9h]
MTails: checks
HaekJiu: checks
*** TURN *** [4s 9d 9h] [Qd]
MTails: checks
HaekJiu: checks
*** RIVER *** [4s 9d 9h Qd] [3c]
MTails: checks
HaekJiu: checks
*** SHOW DOWN ***
MTails: shows [2c Ad] (a pair of Nines)
HaekJiu: mucks hand
MTails collected $11.76 from pot
*** SUMMARY ***
Total pot $12 | Rake $0.24
Board [4s 9d 9h Qd 3c]
Seat 3: HaekJiu (button) (small blind) mucked
Seat 4: MTails (big blind) showed [2c Ad] and won ($11.76) with a pair of Nines


PokerStars Hand #149649844195:  Hold'em Limit ($3/$6 USD) - 2016/02/29 23:19:03 ET
Table 'Themis' 6-max Seat #4 is the button
Seat 3: HaekJiu ($90.20 in chips)
Seat 4: MTails ($108.59 in chips)
MTails: posts small blind $1
HaekJiu: posts big blind $3
*** HOLE CARDS ***
MTails: folds
Uncalled bet ($2) returned to HaekJiu
HaekJiu collected $2 from pot
HaekJiu: doesn't show hand
*** SUMMARY ***
Total pot $2 | Rake $0
Seat 3: HaekJiu (big blind) collected ($2)
Seat 4: MTails (button) (small blind) folded before Flop


PokerStars Hand #149649839964:  Hold'em Limit ($3/$6 USD) - 2016/02/29 23:18:50 ET
Table 'Themis' 6-max Seat #3 is the button
Seat 3: HaekJiu ($102.20 in chips)
Seat 4: MTails ($97.07 in chips)
HaekJiu: posts small blind $1
MTails: posts big blind $3
*** HOLE CARDS ***
HaekJiu: raises $3 to $6
MTails: calls $3
*** FLOP *** [As Qs Jd]
MTails: checks
HaekJiu: checks
*** TURN *** [As Qs Jd] [Tc]
MTails: checks
HaekJiu: bets $6
MTails: raises $6 to $12
HaekJiu: folds
Uncalled bet ($6) returned to MTails
MTails collected $23.52 from pot
MTails: doesn't show hand
*** SUMMARY ***
Total pot $24 | Rake $0.48
Board [As Qs Jd Tc]
Seat 3: HaekJiu (button) (small blind) folded on the Turn
Seat 4: MTails (big blind) collected ($23.52)


PokerStars Hand #149649855313:  Hold'em Limit ($3/$6 USD) - 2016/02/29 23:19:38 ET
Table 'Themis' 6-max Seat #4 is the button
Seat 3: HaekJiu ($74.20 in chips)
Seat 4: MTails ($123.87 in chips)
MTails: posts small blind $1
HaekJiu: posts big blind $3
*** HOLE CARDS ***
MTails: raises $3 to $6
HaekJiu: calls $3
*** FLOP *** [9c Jc Jd]
HaekJiu: checks
MTails: bets $3
HaekJiu: folds
Uncalled bet ($3) returned to MTails
MTails collected $11.76 from pot
*** SUMMARY ***
Total pot $12 | Rake $0.24
Board [9c Jc Jd]
Seat 3: HaekJiu (big blind) folded on the Flop
Seat 4: MTails (button) (small blind) collected ($11.76)


PokerStars Hand #149649850831:  Hold'em Limit ($3/$6 USD) - 2016/02/29 23:19:24 ET
Table 'Themis' 6-max Seat #3 is the button
Seat 3: HaekJiu ($86.20 in chips)
Seat 4: MTails ($112.35 in chips)
HaekJiu: posts small blind $1
MTails: posts big blind $3
*** HOLE CARDS ***
HaekJiu: raises $3 to $6
MTails: raises $3 to $9
HaekJiu: calls $3
*** FLOP *** [Qc 8c 5h]
MTails: bets $3
HaekJiu: calls $3
*** TURN *** [Qc 8c 5h] [Kd]
MTails: checks
HaekJiu: checks
*** RIVER *** [Qc 8c 5h Kd] [9h]
MTails: checks
HaekJiu: checks
*** SHOW DOWN ***
MTails: shows [Qs Ts] (a pair of Queens)
HaekJiu: mucks hand
MTails collected $23.52 from pot
*** SUMMARY ***
Total pot $24 | Rake $0.48
Board [Qc 8c 5h Kd 9h]
Seat 3: HaekJiu (button) (small blind) mucked
Seat 4: MTails (big blind) showed [Qs Ts] and won ($23.52) with a pair of Queens


PokerStars Hand #149649835886:  Hold'em Limit ($3/$6 USD) - 2016/02/29 23:18:37 ET
Table 'Themis' 6-max Seat #4 is the button
Seat 3: HaekJiu ($93.56 in chips)
Seat 4: MTails ($106.07 in chips)
MTails: posts small blind $1
HaekJiu: posts big blind $3
*** HOLE CARDS ***
MTails: raises $3 to $6
HaekJiu: calls $3
*** FLOP *** [Kd 4h Js]
HaekJiu: checks
MTails: bets $3
HaekJiu: calls $3
*** TURN *** [Kd 4h Js] [Ts]
HaekJiu: checks
MTails: checks
*** RIVER *** [Kd 4h Js Ts] [Ad]
HaekJiu: bets $6
MTails: folds
Uncalled bet ($6) returned to HaekJiu
HaekJiu collected $17.64 from pot
HaekJiu: doesn't show hand
*** SUMMARY ***
Total pot $18 | Rake $0.36
Board [Kd 4h Js Ts Ad]
Seat 3: HaekJiu (big blind) collected ($17.64)
Seat 4: MTails (button) (small blind) folded on the River


PokerStars Hand #149649863917:  Hold'em Limit ($3/$6 USD) - 2016/02/29 23:20:06 ET
Table 'Themis' 6-max Seat #3 is the button
Seat 3: HaekJiu ($52.20 in chips)
Seat 4: MTails ($145.13 in chips)
HaekJiu: posts small blind $1
MTails: posts big blind $3
*** HOLE CARDS ***
HaekJiu: raises $3 to $6
MTails: calls $3
*** FLOP *** [Td 9d Ks]
MTails: checks
HaekJiu: bets $3
MTails: folds
Uncalled bet ($3) returned to HaekJiu
HaekJiu collected $11.76 from pot
HaekJiu: doesn't show hand
*** SUMMARY ***
Total pot $12 | Rake $0.24
Board [Td 9d Ks]
Seat 3: HaekJiu (button) (small blind) collected ($11.76)
Seat 4: MTails (big blind) folded on the Flop


PokerStars Hand #149649859220:  Hold'em Limit ($3/$6 USD) - 2016/02/29 23:19:51 ET
Table 'Themis' 6-max Seat #4 is the button
Seat 3: HaekJiu ($67.20 in chips)
Seat 4: MTails ($130.63 in chips)
MTails: posts small blind $1
HaekJiu: posts big blind $3
*** HOLE CARDS ***
MTails: raises $3 to $6
HaekJiu: calls $3
*** FLOP *** [Td 3c Th]
HaekJiu: checks
MTails: bets $3
HaekJiu: calls $3
*** TURN *** [Td 3c Th] [8s]
HaekJiu: checks
MTails: bets $6
HaekJiu: calls $6
*** RIVER *** [Td 3c Th 8s] [Ad]
HaekJiu: checks
MTails: bets $6
HaekJiu: folds
Uncalled bet ($6) returned to MTails
MTails collected $29.50 from pot
*** SUMMARY ***
Total pot $30 | Rake $0.50
Board [Td 3c Th 8s Ad]
Seat 3: HaekJiu (big blind) folded on the River
Seat 4: MTails (button) (small blind) collected ($29.50)


PokerStars Hand #149649857773:  Hold'em Limit ($3/$6 USD) - 2016/02/29 23:19:46 ET
Table 'Themis' 6-max Seat #3 is the button
Seat 3: HaekJiu ($68.20 in chips)
Seat 4: MTails ($129.63 in chips)
HaekJiu: posts small blind $1
MTails: posts big blind $3
*** HOLE CARDS ***
HaekJiu: folds
Uncalled bet ($2) returned to MTails
MTails collected $2 from pot
MTails: doesn't show hand
*** SUMMARY ***
Total pot $2 | Rake $0
Seat 3: HaekJiu (button) (small blind) folded before Flop
Seat 4: MTails (big blind) collected ($2)


PokerStars Hand #149649866787:  Hold'em Limit ($3/$6 USD) - 2016/02/29 23:20:15 ET
Table 'Themis' 6-max Seat #4 is the button
Seat 3: HaekJiu ($57.96 in chips)
Seat 4: MTails ($139.13 in chips)
MTails: posts small blind $1
HaekJiu: posts big blind $3
*** HOLE CARDS ***
MTails: raises $3 to $6
HaekJiu: calls $3
*** FLOP *** [6d Js Ac]
HaekJiu: checks
MTails: bets $3
HaekJiu: calls $3
*** TURN *** [6d Js Ac] [Jc]
HaekJiu: checks
MTails: bets $6
HaekJiu: calls $6
*** RIVER *** [6d Js Ac Jc] [3c]
HaekJiu: checks
MTails: bets $6
HaekJiu: calls $6
*** SHOW DOWN ***
MTails: shows [9c Qc] (a flush, Ace high)
HaekJiu: mucks hand
MTails collected $41.50 from pot
*** SUMMARY ***
Total pot $42 | Rake $0.50
Board [6d Js Ac Jc 3c]
Seat 3: HaekJiu (big blind) mucked
Seat 4: MTails (button) (small blind) showed [9c Qc] and won ($41.50) with a flush, Ace high


PokerStars Hand #149649889546:  Hold'em Limit ($3/$6 USD) - 2016/02/29 23:21:28 ET
Table 'Themis' 6-max Seat #4 is the button
Seat 3: HaekJiu ($53.72 in chips)
Seat 4: MTails ($201.27 in chips)
MTails: posts small blind $1
HaekJiu: posts big blind $3
*** HOLE CARDS ***
MTails: raises $3 to $6
HaekJiu: calls $3
*** FLOP *** [Ts 9h Tc]
HaekJiu: checks
MTails: bets $3
HaekJiu: calls $3
*** TURN *** [Ts 9h Tc] [Js]
HaekJiu: checks
MTails: bets $6
HaekJiu: folds
Uncalled bet ($6) returned to MTails
MTails collected $17.64 from pot
*** SUMMARY ***
Total pot $18 | Rake $0.36
Board [Ts 9h Tc Js]
Seat 3: HaekJiu (big blind) folded on the Turn
Seat 4: MTails (button) (small blind) collected ($17.64)


PokerStars Hand #149649888094:  Hold'em Limit ($3/$6 USD) - 2016/02/29 23:21:23 ET
Table 'Themis' 6-max Seat #3 is the button
Seat 3: HaekJiu ($54.72 in chips)
Seat 4: MTails ($200.27 in chips)
HaekJiu: posts small blind $1
MTails: posts big blind $3
*** HOLE CARDS ***
HaekJiu: folds
Uncalled bet ($2) returned to MTails
MTails collected $2 from pot
MTails: doesn't show hand
*** SUMMARY ***
Total pot $2 | Rake $0
Seat 3: HaekJiu (button) (small blind) folded before Flop
Seat 4: MTails (big blind) collected ($2)


PokerStars Hand #149649884318:  Hold'em Limit ($3/$6 USD) - 2016/02/29 23:21:11 ET
Table 'Themis' 6-max Seat #4 is the button
Seat 3: HaekJiu ($63.72 in chips)
Seat 4: MTails ($191.63 in chips)
MTails: posts small blind $1
HaekJiu: posts big blind $3
*** HOLE CARDS ***
MTails: raises $3 to $6
HaekJiu: calls $3
*** FLOP *** [2h Jd 4h]
HaekJiu: checks
MTails: bets $3
HaekJiu: calls $3
*** TURN *** [2h Jd 4h] [5d]
HaekJiu: checks
MTails: bets $6
HaekJiu: folds
Uncalled bet ($6) returned to MTails
MTails collected $17.64 from pot
MTails: doesn't show hand
*** SUMMARY ***
Total pot $18 | Rake $0.36
Board [2h Jd 4h 5d]
Seat 3: HaekJiu (big blind) folded on the Turn
Seat 4: MTails (button) (small blind) collected ($17.64)


PokerStars Hand #149649881743:  Hold'em Limit ($3/$6 USD) - 2016/02/29 23:21:03 ET
Table 'Themis' 6-max Seat #3 is the button
Seat 3: HaekJiu ($57.96 in chips)
Seat 4: MTails ($197.63 in chips)
HaekJiu: posts small blind $1
MTails: posts big blind $3
*** HOLE CARDS ***
HaekJiu: raises $3 to $6
MTails: calls $3
*** FLOP *** [Tc 9d 9s]
MTails: checks
HaekJiu: bets $3
MTails: folds
Uncalled bet ($3) returned to HaekJiu
HaekJiu collected $11.76 from pot
HaekJiu: doesn't show hand
*** SUMMARY ***
Total pot $12 | Rake $0.24
Board [Tc 9d 9s]
Seat 3: HaekJiu (button) (small blind) collected ($11.76)
Seat 4: MTails (big blind) folded on the Flop


PokerStars Hand #149649876946:  Hold'em Limit ($3/$6 USD) - 2016/02/29 23:20:48 ET
Table 'Themis' 6-max Seat #4 is the button
Seat 3: HaekJiu ($72.96 in chips)
Seat 4: MTails ($183.13 in chips)
MTails: posts small blind $1
HaekJiu: posts big blind $3
*** HOLE CARDS ***
MTails: raises $3 to $6
HaekJiu: calls $3
*** FLOP *** [4c 2c 6h]
HaekJiu: checks
MTails: bets $3
HaekJiu: calls $3
*** TURN *** [4c 2c 6h] [5d]
HaekJiu: checks
MTails: bets $6
HaekJiu: calls $6
*** RIVER *** [4c 2c 6h 5d] [2s]
HaekJiu: checks
MTails: checks
*** SHOW DOWN ***
HaekJiu: shows [7d Qc] (a pair of Deuces)
MTails: shows [5s Qd] (two pair, Fives and Deuces)
MTails collected $29.50 from pot
*** SUMMARY ***
Total pot $30 | Rake $0.50
Board [4c 2c 6h 5d 2s]
Seat 3: HaekJiu (big blind) showed [7d Qc] and lost with a pair of Deuces
Seat 4: MTails (button) (small blind) showed [5s Qd] and won ($29.50) with two pair, Fives and Deuces


PokerStars Hand #149649871423:  Hold'em Limit ($3/$6 USD) - 2016/02/29 23:20:30 ET
Table 'Themis' 6-max Seat #3 is the button
Seat 3: HaekJiu ($36.96 in chips)
Seat 4: MTails ($159.63 in chips)
HaekJiu: posts small blind $1
MTails: posts big blind $3
*** HOLE CARDS ***
HaekJiu: raises $3 to $6
MTails: calls $3
*** FLOP *** [Qc 9h 3c]
MTails: checks
HaekJiu: checks
*** TURN *** [Qc 9h 3c] [9s]
MTails: checks
HaekJiu: bets $6
MTails: raises $6 to $12
HaekJiu: raises $6 to $18
MTails: raises $6 to $24
Betting is capped
HaekJiu: folds
Uncalled bet ($6) returned to MTails
MTails collected $47.50 from pot
*** SUMMARY ***
Total pot $48 | Rake $0.50
Board [Qc 9h 3c 9s]
Seat 3: HaekJiu (button) (small blind) folded on the Turn
Seat 4: MTails (big blind) collected ($47.50)


PokerStars Hand #149649892937:  Hold'em Limit ($3/$6 USD) - 2016/02/29 23:21:39 ET
Table 'Themis' 6-max Seat #3 is the button
Seat 3: HaekJiu ($88.76 in chips)
Seat 4: MTails ($209.91 in chips)
HaekJiu: posts small blind $1
MTails: posts big blind $3
*** HOLE CARDS ***
HaekJiu: raises $3 to $6
MTails: calls $3
*** FLOP *** [As 4s 5d]
MTails: checks
HaekJiu: checks
*** TURN *** [As 4s 5d] [9d]
MTails: bets $6
HaekJiu: raises $6 to $12
MTails: calls $6
*** RIVER *** [As 4s 5d 9d] [2c]
MTails: checks
HaekJiu: bets $6
MTails: raises $6 to $12
HaekJiu: calls $6
*** SHOW DOWN ***
MTails: shows [3s 9c] (a straight, Ace to Five)
HaekJiu: mucks hand
MTails collected $59.50 from pot
*** SUMMARY ***
Total pot $60 | Rake $0.50
Board [As 4s 5d 9d 2c]
Seat 3: HaekJiu (button) (small blind) mucked
Seat 4: MTails (big blind) showed [3s 9c] and won ($59.50) with a straight, Ace to Five


PokerStars Hand #149649909719:  Hold'em Limit ($3/$6 USD) - 2016/02/29 23:22:33 ET
Table 'Themis' 6-max Seat #4 is the button
Seat 3: HaekJiu ($92.76 in chips)
Seat 4: MTails ($204.41 in chips)
MTails: posts small blind $1
HaekJiu: posts big blind $3
*** HOLE CARDS ***
MTails: raises $3 to $6
HaekJiu: calls $3
*** FLOP *** [Jc Kd Jd]
HaekJiu: checks
MTails: bets $3
HaekJiu: calls $3
*** TURN *** [Jc Kd Jd] [3s]
HaekJiu: checks
MTails: checks
*** RIVER *** [Jc Kd Jd 3s] [2c]
HaekJiu: bets $6
MTails: calls $6
*** SHOW DOWN ***
HaekJiu: shows [7s Kc] (two pair, Kings and Jacks)
MTails: mucks hand
HaekJiu collected $29.50 from pot
*** SUMMARY ***
Total pot $30 | Rake $0.50
Board [Jc Kd Jd 3s 2c]
Seat 3: HaekJiu (big blind) showed [7s Kc] and won ($29.50) with two pair, Kings and Jacks
Seat 4: MTails (button) (small blind) mucked


PokerStars Hand #149649908281:  Hold'em Limit ($3/$6 USD) - 2016/02/29 23:22:29 ET
Table 'Themis' 6-max Seat #3 is the button
Seat 3: HaekJiu ($93.76 in chips)
Seat 4: MTails ($203.41 in chips)
HaekJiu: posts small blind $1
MTails: posts big blind $3
*** HOLE CARDS ***
HaekJiu: folds
Uncalled bet ($2) returned to MTails
MTails collected $2 from pot
MTails: doesn't show hand
*** SUMMARY ***
Total pot $2 | Rake $0
Seat 3: HaekJiu (button) (small blind) folded before Flop
Seat 4: MTails (big blind) collected ($2)


PokerStars Hand #149649906764:  Hold'em Limit ($3/$6 USD) - 2016/02/29 23:22:24 ET
Table 'Themis' 6-max Seat #4 is the button
Seat 3: HaekJiu ($96.76 in chips)
Seat 4: MTails ($200.41 in chips)
MTails: posts small blind $1
HaekJiu: posts big blind $3
*** HOLE CARDS ***
MTails: raises $3 to $6
HaekJiu: folds
Uncalled bet ($3) returned to MTails
MTails collected $6 from pot
*** SUMMARY ***
Total pot $6 | Rake $0
Seat 3: HaekJiu (big blind) folded before Flop
Seat 4: MTails (button) (small blind) collected ($6)


PokerStars Hand #149649901972:  Hold'em Limit ($3/$6 USD) - 2016/02/29 23:22:08 ET
Table 'Themis' 6-max Seat #3 is the button
Seat 3: HaekJiu ($82.26 in chips)
Seat 4: MTails ($215.41 in chips)
HaekJiu: posts small blind $1
MTails: posts big blind $3
*** HOLE CARDS ***
HaekJiu: raises $3 to $6
MTails: calls $3
*** FLOP *** [Ac Tc Jc]
MTails: checks
HaekJiu: bets $3
MTails: calls $3
*** TURN *** [Ac Tc Jc] [Ks]
MTails: checks
HaekJiu: bets $6
MTails: calls $6
*** RIVER *** [Ac Tc Jc Ks] [4d]
MTails: checks
HaekJiu: bets $6
MTails: folds
Uncalled bet ($6) returned to HaekJiu
HaekJiu collected $29.50 from pot
HaekJiu: doesn't show hand
*** SUMMARY ***
Total pot $30 | Rake $0.50
Board [Ac Tc Jc Ks 4d]
Seat 3: HaekJiu (button) (small blind) collected ($29.50)
Seat 4: MTails (big blind) folded on the River


PokerStars Hand #149649897828:  Hold'em Limit ($3/$6 USD) - 2016/02/29 23:21:55 ET
Table 'Themis' 6-max Seat #4 is the button
Seat 3: HaekJiu ($58.76 in chips)
Seat 4: MTails ($239.41 in chips)
MTails: posts small blind $1
HaekJiu: posts big blind $3
*** HOLE CARDS ***
MTails: raises $3 to $6
HaekJiu: raises $3 to $9
MTails: calls $3
*** FLOP *** [Jd Ah Ks]
HaekJiu: bets $3
MTails: calls $3
*** TURN *** [Jd Ah Ks] [9c]
HaekJiu: bets $6
MTails: calls $6
*** RIVER *** [Jd Ah Ks 9c] [7h]
HaekJiu: bets $6
MTails: calls $6
*** SHOW DOWN ***
HaekJiu: shows [Th Qh] (a straight, Ten to Ace)
MTails: mucks hand
HaekJiu collected $47.50 from pot
*** SUMMARY ***
Total pot $48 | Rake $0.50
Board [Jd Ah Ks 9c 7h]
Seat 3: HaekJiu (big blind) showed [Th Qh] and won ($47.50) with a straight, Ten to Ace
Seat 4: MTails (button) (small blind) mucked


PokerStars Hand #149649917381:  Hold'em Limit ($3/$6 USD) - 2016/02/29 23:22:58 ET
Table 'Themis' 6-max Seat #4 is the button
Seat 3: HaekJiu ($107.01 in chips)
Seat 4: MTails ($189.16 in chips)
MTails: posts small blind $1
HaekJiu: posts big blind $3
*** HOLE CARDS ***
MTails: raises $3 to $6
HaekJiu: raises $3 to $9
MTails: calls $3
*** FLOP *** [Ks Ts 5c]
HaekJiu: bets $3
MTails: calls $3
*** TURN *** [Ks Ts 5c] [Ad]
HaekJiu: bets $6
MTails: raises $6 to $12
HaekJiu: raises $6 to $18
MTails: calls $6
*** RIVER *** [Ks Ts 5c Ad] [4d]
HaekJiu: bets $6
MTails: calls $6
*** SHOW DOWN ***
HaekJiu: shows [Qd Jd] (a straight, Ten to Ace)
MTails: mucks hand
HaekJiu collected $71.50 from pot
*** SUMMARY ***
Total pot $72 | Rake $0.50
Board [Ks Ts 5c Ad 4d]
Seat 3: HaekJiu (big blind) showed [Qd Jd] and won ($71.50) with a straight, Ten to Ace
Seat 4: MTails (button) (small blind) mucked


PokerStars Hand #149649913384:  Hold'em Limit ($3/$6 USD) - 2016/02/29 23:22:45 ET
Table 'Themis' 6-max Seat #3 is the button
Seat 3: HaekJiu ($107.26 in chips)
Seat 4: MTails ($189.41 in chips)
HaekJiu: posts small blind $1
MTails: posts big blind $3
*** HOLE CARDS ***
HaekJiu: raises $3 to $6
MTails: calls $3
*** FLOP *** [9d Ks 3d]
MTails: checks
HaekJiu: checks
*** TURN *** [9d Ks 3d] [Ah]
MTails: checks
HaekJiu: checks
*** RIVER *** [9d Ks 3d Ah] [3h]
MTails: bets $6
HaekJiu: raises $6 to $12
MTails: calls $6
*** SHOW DOWN ***
HaekJiu: shows [2c Ac] (two pair, Aces and Threes)
MTails: shows [As 8s] (two pair, Aces and Threes)
MTails collected $17.75 from pot
HaekJiu collected $17.75 from pot
*** SUMMARY ***
Total pot $36 | Rake $0.50
Board [9d Ks 3d Ah 3h]
Seat 3: HaekJiu (button) (small blind) showed [2c Ac] and won ($17.75) with two pair, Aces and Threes
Seat 4: MTails (big blind) showed [As 8s] and won ($17.75) with two pair, Aces and Threes


PokerStars Hand #149649922714:  Hold'em Limit ($3/$6 USD) - 2016/02/29 23:23:16 ET
Table 'Themis' 6-max Seat #3 is the button
Seat 3: HaekJiu ($142.51 in chips)
Seat 4: MTails ($153.16 in chips)
HaekJiu: posts small blind $1
MTails: posts big blind $3
*** HOLE CARDS ***
HaekJiu: raises $3 to $6
MTails: calls $3
*** FLOP *** [As 8c 3h]
MTails: checks
HaekJiu: bets $3
MTails: calls $3
*** TURN *** [As 8c 3h] [4h]
MTails: checks
HaekJiu: bets $6
MTails: calls $6
*** RIVER *** [As 8c 3h 4h] [Qc]
MTails: checks
HaekJiu: bets $6
MTails: calls $6
*** SHOW DOWN ***
HaekJiu: shows [8d Jh] (a pair of Eights)
MTails: mucks hand
HaekJiu collected $41.50 from pot
*** SUMMARY ***
Total pot $42 | Rake $0.50
Board [As 8c 3h 4h Qc]
Seat 3: HaekJiu (button) (small blind) showed [8d Jh] and won ($41.50) with a pair of Eights
Seat 4: MTails (big blind) mucked


PokerStars Hand #149649927529:  Hold'em Limit ($3/$6 USD) - 2016/02/29 23:23:31 ET
Table 'Themis' 6-max Seat #4 is the button
Seat 3: HaekJiu ($163.01 in chips)
Seat 4: MTails ($132.16 in chips)
MTails: posts small blind $1
HaekJiu: posts big blind $3
*** HOLE CARDS ***
MTails: raises $3 to $6
HaekJiu: calls $3
*** FLOP *** [8d Ts 2c]
HaekJiu: checks
MTails: bets $3
HaekJiu: folds
Uncalled bet ($3) returned to MTails
MTails collected $11.76 from pot
*** SUMMARY ***
Total pot $12 | Rake $0.24
Board [8d Ts 2c]
Seat 3: HaekJiu (big blind) folded on the Flop
Seat 4: MTails (button) (small blind) collected ($11.76)


PokerStars Hand #149649930099:  Hold'em Limit ($3/$6 USD) - 2016/02/29 23:23:40 ET
Table 'Themis' 6-max Seat #3 is the button
Seat 3: HaekJiu ($157.01 in chips)
Seat 4: MTails ($137.92 in chips)
HaekJiu: posts small blind $1
MTails: posts big blind $3
*** HOLE CARDS ***
HaekJiu: raises $3 to $6
MTails: calls $3
*** FLOP *** [4c Ad 9c]
MTails: checks
HaekJiu: bets $3
MTails: raises $3 to $6
HaekJiu: calls $3
*** TURN *** [4c Ad 9c] [9s]
MTails: bets $6
HaekJiu: calls $6
*** RIVER *** [4c Ad 9c 9s] [Kd]
MTails: bets $6
HaekJiu: raises $6 to $12
MTails: calls $6
*** SHOW DOWN ***
HaekJiu: shows [9h 6h] (three of a kind, Nines)
MTails: mucks hand
HaekJiu collected $59.50 from pot
*** SUMMARY ***
Total pot $60 | Rake $0.50
Board [4c Ad 9c 9s Kd]
Seat 3: HaekJiu (button) (small blind) showed [9h 6h] and won ($59.50) with three of a kind, Nines
Seat 4: MTails (big blind) mucked


PokerStars Hand #149649939577:  Hold'em Limit ($3/$6 USD) - 2016/02/29 23:24:11 ET
Table 'Themis' 6-max Seat #3 is the button
Seat 3: HaekJiu ($171.51 in chips)
Seat 4: MTails ($122.42 in chips)
HaekJiu: posts small blind $1
MTails: posts big blind $3
*** HOLE CARDS ***
HaekJiu: raises $3 to $6
MTails: calls $3
*** FLOP *** [8h 4d Kh]
MTails: checks
HaekJiu: bets $3
MTails: calls $3
*** TURN *** [8h 4d Kh] [Qh]
MTails: checks
HaekJiu: bets $6
MTails: calls $6
*** RIVER *** [8h 4d Kh Qh] [4s]
MTails: checks
HaekJiu: checks
*** SHOW DOWN ***
MTails: shows [9s 4c] (three of a kind, Fours)
HaekJiu: mucks hand
MTails collected $29.50 from pot
*** SUMMARY ***
Total pot $30 | Rake $0.50
Board [8h 4d Kh Qh 4s]
Seat 3: HaekJiu (button) (small blind) mucked
Seat 4: MTails (big blind) showed [9s 4c] and won ($29.50) with three of a kind, Fours


PokerStars Hand #149649934925:  Hold'em Limit ($3/$6 USD) - 2016/02/29 23:23:56 ET
Table 'Themis' 6-max Seat #4 is the button
Seat 3: HaekJiu ($186.51 in chips)
Seat 4: MTails ($107.92 in chips)
MTails: posts small blind $1
HaekJiu: posts big blind $3
*** HOLE CARDS ***
MTails: raises $3 to $6
HaekJiu: calls $3
*** FLOP *** [5d Jc 4h]
HaekJiu: checks
MTails: bets $3
HaekJiu: calls $3
*** TURN *** [5d Jc 4h] [Kh]
HaekJiu: checks
MTails: bets $6
HaekJiu: calls $6
*** RIVER *** [5d Jc 4h Kh] [Ah]
HaekJiu: checks
MTails: bets $6
HaekJiu: folds
Uncalled bet ($6) returned to MTails
MTails collected $29.50 from pot
*** SUMMARY ***
Total pot $30 | Rake $0.50
Board [5d Jc 4h Kh Ah]
Seat 3: HaekJiu (big blind) folded on the River
Seat 4: MTails (button) (small blind) collected ($29.50)


PokerStars Hand #149649945627:  Hold'em Limit ($3/$6 USD) - 2016/02/29 23:24:31 ET
Table 'Themis' 6-max Seat #3 is the button
Seat 3: HaekJiu ($153.51 in chips)
Seat 4: MTails ($139.92 in chips)
HaekJiu: posts small blind $1
MTails: posts big blind $3
*** HOLE CARDS ***
HaekJiu: raises $3 to $6
MTails: calls $3
*** FLOP *** [8d 9s Qs]
MTails: checks
HaekJiu: bets $3
MTails: calls $3
*** TURN *** [8d 9s Qs] [Ah]
MTails: checks
HaekJiu: bets $6
MTails: calls $6
*** RIVER *** [8d 9s Qs Ah] [Jd]
MTails: checks
HaekJiu: bets $6
MTails: calls $6
*** SHOW DOWN ***
HaekJiu: shows [Ts Ad] (a straight, Eight to Queen)
MTails: mucks hand
HaekJiu collected $41.50 from pot
*** SUMMARY ***
Total pot $42 | Rake $0.50
Board [8d 9s Qs Ah Jd]
Seat 3: HaekJiu (button) (small blind) showed [Ts Ad] and won ($41.50) with a straight, Eight to Queen
Seat 4: MTails (big blind) mucked


PokerStars Hand #149649943851:  Hold'em Limit ($3/$6 USD) - 2016/02/29 23:24:25 ET
Table 'Themis' 6-max Seat #4 is the button
Seat 3: HaekJiu ($156.51 in chips)
Seat 4: MTails ($136.92 in chips)
MTails: posts small blind $1
HaekJiu: posts big blind $3
*** HOLE CARDS ***
MTails: raises $3 to $6
HaekJiu: folds
Uncalled bet ($3) returned to MTails
MTails collected $6 from pot
*** SUMMARY ***
Total pot $6 | Rake $0
Seat 3: HaekJiu (big blind) folded before Flop
Seat 4: MTails (button) (small blind) collected ($6)


PokerStars Hand #149649954372:  Hold'em Limit ($3/$6 USD) - 2016/02/29 23:24:59 ET
Table 'Themis' 6-max Seat #3 is the button
Seat 3: HaekJiu ($185.53 in chips)
Seat 4: MTails ($106.92 in chips)
HaekJiu: posts small blind $1
MTails: posts big blind $3
*** HOLE CARDS ***
HaekJiu: raises $3 to $6
MTails: calls $3
*** FLOP *** [Qh 6h Ac]
MTails: checks
HaekJiu: bets $3
MTails: calls $3
*** TURN *** [Qh 6h Ac] [Qs]
MTails: checks
HaekJiu: checks
*** RIVER *** [Qh 6h Ac Qs] [4d]
MTails: bets $6
HaekJiu: folds
Uncalled bet ($6) returned to MTails
MTails collected $17.64 from pot
*** SUMMARY ***
Total pot $18 | Rake $0.36
Board [Qh 6h Ac Qs 4d]
Seat 3: HaekJiu (button) (small blind) folded on the River
Seat 4: MTails (big blind) collected ($17.64)


PokerStars Hand #149649950205:  Hold'em Limit ($3/$6 USD) - 2016/02/29 23:24:45 ET
Table 'Themis' 6-max Seat #4 is the button
Seat 3: HaekJiu ($174.01 in chips)
Seat 4: MTails ($118.92 in chips)
MTails: posts small blind $1
HaekJiu: posts big blind $3
*** HOLE CARDS ***
MTails: raises $3 to $6
HaekJiu: calls $3
*** FLOP *** [Jc 5d 4c]
HaekJiu: checks
MTails: bets $3
HaekJiu: raises $3 to $6
MTails: calls $3
*** TURN *** [Jc 5d 4c] [Qc]
HaekJiu: bets $6
MTails: folds
Uncalled bet ($6) returned to HaekJiu
HaekJiu collected $23.52 from pot
HaekJiu: doesn't show hand
*** SUMMARY ***
Total pot $24 | Rake $0.48
Board [Jc 5d 4c Qc]
Seat 3: HaekJiu (big blind) collected ($23.52)
Seat 4: MTails (button) (small blind) folded on the Turn


PokerStars Hand #149649963630:  Hold'em Limit ($3/$6 USD) - 2016/02/29 23:25:29 ET
Table 'Themis' 6-max Seat #3 is the button
Seat 3: HaekJiu ($155.53 in chips)
Seat 4: MTails ($136.06 in chips)
HaekJiu: posts small blind $1
MTails: posts big blind $3
*** HOLE CARDS ***
HaekJiu: raises $3 to $6
MTails: calls $3
*** FLOP *** [Qs 7s Qh]
MTails: checks
HaekJiu: bets $3
MTails: folds
Uncalled bet ($3) returned to HaekJiu
HaekJiu collected $11.76 from pot
HaekJiu: doesn't show hand
*** SUMMARY ***
Total pot $12 | Rake $0.24
Board [Qs 7s Qh]
Seat 3: HaekJiu (button) (small blind) collected ($11.76)
Seat 4: MTails (big blind) folded on the Flop


PokerStars Hand #149649959361:  Hold'em Limit ($3/$6 USD) - 2016/02/29 23:25:15 ET
Table 'Themis' 6-max Seat #4 is the button
Seat 3: HaekJiu ($176.53 in chips)
Seat 4: MTails ($115.56 in chips)
MTails: posts small blind $1
HaekJiu: posts big blind $3
*** HOLE CARDS ***
MTails: raises $3 to $6
HaekJiu: calls $3
*** FLOP *** [7d Qd Jh]
HaekJiu: checks
MTails: bets $3
HaekJiu: calls $3
*** TURN *** [7d Qd Jh] [5h]
HaekJiu: checks
MTails: bets $6
HaekJiu: calls $6
*** RIVER *** [7d Qd Jh 5h] [Kh]
HaekJiu: checks
MTails: bets $6
HaekJiu: calls $6
*** SHOW DOWN ***
MTails: shows [2s Kd] (a pair of Kings)
HaekJiu: mucks hand
MTails collected $41.50 from pot
*** SUMMARY ***
Total pot $42 | Rake $0.50
Board [7d Qd Jh 5h Kh]
Seat 3: HaekJiu (big blind) mucked
Seat 4: MTails (button) (small blind) showed [2s Kd] and won ($41.50) with a pair of Kings


PokerStars Hand #149649976818:  Hold'em Limit ($3/$6 USD) - 2016/02/29 23:26:12 ET
Table 'Themis' 6-max Seat #4 is the button
Seat 3: HaekJiu ($173.79 in chips)
Seat 4: MTails ($116.70 in chips)
MTails: posts small blind $1
HaekJiu: posts big blind $3
*** HOLE CARDS ***
MTails: raises $3 to $6
HaekJiu: calls $3
*** FLOP *** [Qd 2s Tc]
HaekJiu: checks
MTails: bets $3
HaekJiu: calls $3
*** TURN *** [Qd 2s Tc] [5c]
HaekJiu: checks
MTails: bets $6
HaekJiu: folds
Uncalled bet ($6) returned to MTails
MTails collected $17.64 from pot
MTails: doesn't show hand
*** SUMMARY ***
Total pot $18 | Rake $0.36
Board [Qd 2s Tc 5c]
Seat 3: HaekJiu (big blind) folded on the Turn
Seat 4: MTails (button) (small blind) collected ($17.64)


PokerStars Hand #149649975293:  Hold'em Limit ($3/$6 USD) - 2016/02/29 23:26:07 ET
Table 'Themis' 6-max Seat #3 is the button
Seat 3: HaekJiu ($174.79 in chips)
Seat 4: MTails ($115.70 in chips)
HaekJiu: posts small blind $1
MTails: posts big blind $3
*** HOLE CARDS ***
HaekJiu: folds
Uncalled bet ($2) returned to MTails
MTails collected $2 from pot
MTails: doesn't show hand
*** SUMMARY ***
Total pot $2 | Rake $0
Seat 3: HaekJiu (button) (small blind) folded before Flop
Seat 4: MTails (big blind) collected ($2)


PokerStars Hand #149649971188:  Hold'em Limit ($3/$6 USD) - 2016/02/29 23:25:54 ET
Table 'Themis' 6-max Seat #4 is the button
Seat 3: HaekJiu ($151.29 in chips)
Seat 4: MTails ($139.70 in chips)
MTails: posts small blind $1
HaekJiu: posts big blind $3
*** HOLE CARDS ***
MTails: raises $3 to $6
HaekJiu: raises $3 to $9
MTails: calls $3
*** FLOP *** [4s 8d 6h]
HaekJiu: bets $3
MTails: calls $3
*** TURN *** [4s 8d 6h] [9d]
HaekJiu: bets $6
MTails: calls $6
*** RIVER *** [4s 8d 6h 9d] [7h]
HaekJiu: bets $6
MTails: calls $6
*** SHOW DOWN ***
HaekJiu: shows [4d Ah] (a pair of Fours)
MTails: mucks hand
HaekJiu collected $47.50 from pot
*** SUMMARY ***
Total pot $48 | Rake $0.50
Board [4s 8d 6h 9d 7h]
Seat 3: HaekJiu (big blind) showed [4d Ah] and won ($47.50) with a pair of Fours
Seat 4: MTails (button) (small blind) mucked


PokerStars Hand #149649969791:  Hold'em Limit ($3/$6 USD) - 2016/02/29 23:25:49 ET
Table 'Themis' 6-max Seat #3 is the button
Seat 3: HaekJiu ($152.29 in chips)
Seat 4: MTails ($138.70 in chips)
HaekJiu: posts small blind $1
MTails: posts big blind $3
*** HOLE CARDS ***
HaekJiu: folds
Uncalled bet ($2) returned to MTails
MTails collected $2 from pot
MTails: doesn't show hand
*** SUMMARY ***
Total pot $2 | Rake $0
Seat 3: HaekJiu (button) (small blind) folded before Flop
Seat 4: MTails (big blind) collected ($2)


PokerStars Hand #149649966148:  Hold'em Limit ($3/$6 USD) - 2016/02/29 23:25:38 ET
Table 'Themis' 6-max Seat #4 is the button
Seat 3: HaekJiu ($161.29 in chips)
Seat 4: MTails ($130.06 in chips)
MTails: posts small blind $1
HaekJiu: posts big blind $3
*** HOLE CARDS ***
MTails: raises $3 to $6
HaekJiu: calls $3
*** FLOP *** [Jd Qc 9d]
HaekJiu: checks
MTails: bets $3
HaekJiu: calls $3
*** TURN *** [Jd Qc 9d] [8c]
HaekJiu: checks
MTails: bets $6
HaekJiu: folds
Uncalled bet ($6) returned to MTails
MTails collected $17.64 from pot
*** SUMMARY ***
Total pot $18 | Rake $0.36
Board [Jd Qc 9d 8c]
Seat 3: HaekJiu (big blind) folded on the Turn
Seat 4: MTails (button) (small blind) collected ($17.64)


PokerStars Hand #149649980222:  Hold'em Limit ($3/$6 USD) - 2016/02/29 23:26:23 ET
Table 'Themis' 6-max Seat #3 is the button
Seat 3: HaekJiu ($164.79 in chips)
Seat 4: MTails ($125.34 in chips)
HaekJiu: posts small blind $1
MTails: posts big blind $3
*** HOLE CARDS ***
HaekJiu: raises $3 to $6
MTails: calls $3
*** FLOP *** [Td Ac 4h]
MTails: checks
HaekJiu: checks
*** TURN *** [Td Ac 4h] [Ah]
MTails: bets $6
HaekJiu: calls $6
*** RIVER *** [Td Ac 4h Ah] [Ad]
MTails: bets $6
HaekJiu: raises $6 to $12
MTails: calls $6
*** SHOW DOWN ***
HaekJiu: shows [5d As] (four of a kind, Aces)
MTails: mucks hand
HaekJiu collected $47.50 from pot
*** SUMMARY ***
Total pot $48 | Rake $0.50
Board [Td Ac 4h Ah Ad]
Seat 3: HaekJiu (button) (small blind) showed [5d As] and won ($47.50) with four of a kind, Aces
Seat 4: MTails (big blind) mucked


PokerStars Hand #149650001689:  Hold'em Limit ($3/$6 USD) - 2016/02/29 23:27:32 ET
Table 'Themis' 6-max Seat #3 is the button
Seat 3: HaekJiu ($174.79 in chips)
Seat 4: MTails ($113.10 in chips)
HaekJiu: posts small blind $1
MTails: posts big blind $3
*** HOLE CARDS ***
HaekJiu: raises $3 to $6
MTails: calls $3
*** FLOP *** [2s 6h 5s]
MTails: checks
HaekJiu: bets $3
MTails: calls $3
*** TURN *** [2s 6h 5s] [9d]
MTails: checks
HaekJiu: bets $6
MTails: raises $6 to $12
HaekJiu: calls $6
*** RIVER *** [2s 6h 5s 9d] [8d]
MTails: checks
HaekJiu: checks
*** SHOW DOWN ***
MTails: shows [6d Jd] (a pair of Sixes)
HaekJiu: mucks hand
MTails collected $41.50 from pot
*** SUMMARY ***
Total pot $42 | Rake $0.50
Board [2s 6h 5s 9d 8d]
Seat 3: HaekJiu (button) (small blind) mucked
Seat 4: MTails (big blind) showed [6d Jd] and won ($41.50) with a pair of Sixes


PokerStars Hand #149649991156:  Hold'em Limit ($3/$6 USD) - 2016/02/29 23:26:58 ET
Table 'Themis' 6-max Seat #4 is the button
Seat 3: HaekJiu ($172.29 in chips)
Seat 4: MTails ($116.84 in chips)
MTails: posts small blind $1
HaekJiu: posts big blind $3
*** HOLE CARDS ***
MTails: raises $3 to $6
HaekJiu: raises $3 to $9
MTails: calls $3
*** FLOP *** [7h 6h Ts]
HaekJiu: bets $3
MTails: calls $3
*** TURN *** [7h 6h Ts] [5s]
HaekJiu: bets $6
MTails: raises $6 to $12
HaekJiu: raises $6 to $18
MTails: folds
Uncalled bet ($6) returned to HaekJiu
HaekJiu collected $47.50 from pot
HaekJiu: doesn't show hand
*** SUMMARY ***
Total pot $48 | Rake $0.50
Board [7h 6h Ts 5s]
Seat 3: HaekJiu (big blind) collected ($47.50)
Seat 4: MTails (button) (small blind) folded on the Turn


PokerStars Hand #149649989359:  Hold'em Limit ($3/$6 USD) - 2016/02/29 23:26:53 ET
Table 'Themis' 6-max Seat #3 is the button
Seat 3: HaekJiu ($173.29 in chips)
Seat 4: MTails ($115.84 in chips)
HaekJiu: posts small blind $1
MTails: posts big blind $3
*** HOLE CARDS ***
HaekJiu: folds
Uncalled bet ($2) returned to MTails
MTails collected $2 from pot
MTails: doesn't show hand
*** SUMMARY ***
Total pot $2 | Rake $0
Seat 3: HaekJiu (button) (small blind) folded before Flop
Seat 4: MTails (big blind) collected ($2)


PokerStars Hand #149649985446:  Hold'em Limit ($3/$6 USD) - 2016/02/29 23:26:40 ET
Table 'Themis' 6-max Seat #4 is the button
Seat 3: HaekJiu ($188.29 in chips)
Seat 4: MTails ($101.34 in chips)
MTails: posts small blind $1
HaekJiu: posts big blind $3
*** HOLE CARDS ***
MTails: raises $3 to $6
HaekJiu: calls $3
*** FLOP *** [Js 4h 7s]
HaekJiu: checks
MTails: bets $3
HaekJiu: calls $3
*** TURN *** [Js 4h 7s] [3d]
HaekJiu: checks
MTails: bets $6
HaekJiu: calls $6
*** RIVER *** [Js 4h 7s 3d] [9c]
HaekJiu: checks
MTails: checks
*** SHOW DOWN ***
HaekJiu: shows [2c Ac] (high card Ace)
MTails: shows [3s 2s] (a pair of Threes)
MTails collected $29.50 from pot
*** SUMMARY ***
Total pot $30 | Rake $0.50
Board [Js 4h 7s 3d 9c]
Seat 3: HaekJiu (big blind) showed [2c Ac] and lost with high card Ace
Seat 4: MTails (button) (small blind) showed [3s 2s] and won ($29.50) with a pair of Threes


PokerStars Hand #149649999424:  Hold'em Limit ($3/$6 USD) - 2016/02/29 23:27:25 ET
Table 'Themis' 6-max Seat #4 is the button
Seat 3: HaekJiu ($180.79 in chips)
Seat 4: MTails ($107.34 in chips)
MTails: posts small blind $1
HaekJiu: posts big blind $3
*** HOLE CARDS ***
MTails: raises $3 to $6
HaekJiu: calls $3
*** FLOP *** [2c Jd Jh]
HaekJiu: checks
MTails: bets $3
HaekJiu: folds
Uncalled bet ($3) returned to MTails
MTails collected $11.76 from pot
*** SUMMARY ***
Total pot $12 | Rake $0.24
Board [2c Jd Jh]
Seat 3: HaekJiu (big blind) folded on the Flop
Seat 4: MTails (button) (small blind) collected ($11.76)


PokerStars Hand #149649995095:  Hold'em Limit ($3/$6 USD) - 2016/02/29 23:27:11 ET
Table 'Themis' 6-max Seat #3 is the button
Seat 3: HaekJiu ($195.79 in chips)
Seat 4: MTails ($92.84 in chips)
HaekJiu: posts small blind $1
MTails: posts big blind $3
*** HOLE CARDS ***
HaekJiu: raises $3 to $6
MTails: calls $3
*** FLOP *** [Js 7c 9s]
MTails: checks
HaekJiu: bets $3
MTails: calls $3
*** TURN *** [Js 7c 9s] [9d]
MTails: checks
HaekJiu: bets $6
MTails: calls $6
*** RIVER *** [Js 7c 9s 9d] [6c]
MTails: checks
HaekJiu: checks
*** SHOW DOWN ***
MTails: shows [6h 7h] (two pair, Nines and Sevens)
HaekJiu: mucks hand
MTails collected $29.50 from pot
*** SUMMARY ***
Total pot $30 | Rake $0.50
Board [Js 7c 9s 9d 6c]
Seat 3: HaekJiu (button) (small blind) mucked
Seat 4: MTails (big blind) showed [6h 7h] and won ($29.50) with two pair, Nines and Sevens


PokerStars Hand #149650008913:  Hold'em Limit ($3/$6 USD) - 2016/02/29 23:27:56 ET
Table 'Themis' 6-max Seat #3 is the button
Seat 3: HaekJiu ($162.43 in chips)
Seat 4: MTails ($124.60 in chips)
HaekJiu: posts small blind $1
MTails: posts big blind $3
*** HOLE CARDS ***
HaekJiu: raises $3 to $6
MTails: calls $3
*** FLOP *** [Th 7h 3c]
MTails: checks
HaekJiu: checks
*** TURN *** [Th 7h 3c] [7s]
MTails: bets $6
HaekJiu: folds
Uncalled bet ($6) returned to MTails
MTails collected $11.76 from pot
MTails: doesn't show hand
*** SUMMARY ***
Total pot $12 | Rake $0.24
Board [Th 7h 3c 7s]
Seat 3: HaekJiu (button) (small blind) folded on the Turn
Seat 4: MTails (big blind) collected ($11.76)


PokerStars Hand #149650006468:  Hold'em Limit ($3/$6 USD) - 2016/02/29 23:27:48 ET
Table 'Themis' 6-max Seat #4 is the button
Seat 3: HaekJiu ($153.79 in chips)
Seat 4: MTails ($133.60 in chips)
MTails: posts small blind $1
HaekJiu: posts big blind $3
*** HOLE CARDS ***
MTails: raises $3 to $6
HaekJiu: raises $3 to $9
MTails: calls $3
*** FLOP *** [As Td 3h]
HaekJiu: bets $3
MTails: folds
Uncalled bet ($3) returned to HaekJiu
HaekJiu collected $17.64 from pot
HaekJiu: doesn't show hand
*** SUMMARY ***
Total pot $18 | Rake $0.36
Board [As Td 3h]
Seat 3: HaekJiu (big blind) collected ($17.64)
Seat 4: MTails (button) (small blind) folded on the Flop


PokerStars Hand #149650022130:  Hold'em Limit ($3/$6 USD) - 2016/02/29 23:28:38 ET
Table 'Themis' 6-max Seat #3 is the button
Seat 3: HaekJiu ($169.93 in chips)
Seat 4: MTails ($115.86 in chips)
HaekJiu: posts small blind $1
MTails: posts big blind $3
*** HOLE CARDS ***
HaekJiu: raises $3 to $6
MTails: calls $3
*** FLOP *** [Ac 8s 5s]
MTails: checks
HaekJiu: checks
*** TURN *** [Ac 8s 5s] [2h]
MTails: bets $6
HaekJiu: folds
Uncalled bet ($6) returned to MTails
MTails collected $11.76 from pot
*** SUMMARY ***
Total pot $12 | Rake $0.24
Board [Ac 8s 5s 2h]
Seat 3: HaekJiu (button) (small blind) folded on the Turn
Seat 4: MTails (big blind) collected ($11.76)


PokerStars Hand #149650017381:  Hold'em Limit ($3/$6 USD) - 2016/02/29 23:28:23 ET
Table 'Themis' 6-max Seat #4 is the button
Seat 3: HaekJiu ($134.43 in chips)
Seat 4: MTails ($151.86 in chips)
MTails: posts small blind $1
HaekJiu: posts big blind $3
*** HOLE CARDS ***
MTails: raises $3 to $6
HaekJiu: raises $3 to $9
MTails: calls $3
*** FLOP *** [3h 8d 3s]
HaekJiu: bets $3
MTails: calls $3
*** TURN *** [3h 8d 3s] [5d]
HaekJiu: bets $6
MTails: raises $6 to $12
HaekJiu: raises $6 to $18
MTails: calls $6
*** RIVER *** [3h 8d 3s 5d] [5c]
HaekJiu: bets $6
MTails: calls $6
*** SHOW DOWN ***
HaekJiu: shows [9s 9c] (two pair, Nines and Fives)
MTails: mucks hand
HaekJiu collected $71.50 from pot
*** SUMMARY ***
Total pot $72 | Rake $0.50
Board [3h 8d 3s 5d 5c]
Seat 3: HaekJiu (big blind) showed [9s 9c] and won ($71.50) with two pair, Nines and Fives
Seat 4: MTails (button) (small blind) mucked


PokerStars Hand #149650015946:  Hold'em Limit ($3/$6 USD) - 2016/02/29 23:28:18 ET
Table 'Themis' 6-max Seat #3 is the button
Seat 3: HaekJiu ($135.43 in chips)
Seat 4: MTails ($150.86 in chips)
HaekJiu: posts small blind $1
MTails: posts big blind $3
*** HOLE CARDS ***
HaekJiu: folds
Uncalled bet ($2) returned to MTails
MTails collected $2 from pot
*** SUMMARY ***
Total pot $2 | Rake $0
Seat 3: HaekJiu (button) (small blind) folded before Flop
Seat 4: MTails (big blind) collected ($2)


PokerStars Hand #149650011947:  Hold'em Limit ($3/$6 USD) - 2016/02/29 23:28:06 ET
Table 'Themis' 6-max Seat #4 is the button
Seat 3: HaekJiu ($156.43 in chips)
Seat 4: MTails ($130.36 in chips)
MTails: posts small blind $1
HaekJiu: posts big blind $3
*** HOLE CARDS ***
MTails: raises $3 to $6
HaekJiu: calls $3
*** FLOP *** [Jd 6h 2h]
HaekJiu: checks
MTails: bets $3
HaekJiu: calls $3
*** TURN *** [Jd 6h 2h] [9s]
HaekJiu: checks
MTails: checks
*** RIVER *** [Jd 6h 2h 9s] [2d]
HaekJiu: bets $6
MTails: raises $6 to $12
HaekJiu: calls $6
*** SHOW DOWN ***
MTails: shows [Kd 2c] (three of a kind, Deuces)
HaekJiu: mucks hand
MTails collected $41.50 from pot
*** SUMMARY ***
Total pot $42 | Rake $0.50
Board [Jd 6h 2h 9s 2d]
Seat 3: HaekJiu (big blind) mucked
Seat 4: MTails (button) (small blind) showed [Kd 2c] and won ($41.50) with three of a kind, Deuces


PokerStars Hand #149650032562:  Hold'em Limit ($3/$6 USD) - 2016/02/29 23:29:12 ET
Table 'Themis' 6-max Seat #3 is the button
Seat 3: HaekJiu ($180.43 in chips)
Seat 4: MTails ($104.62 in chips)
HaekJiu: posts small blind $1
MTails: posts big blind $3
*** HOLE CARDS ***
HaekJiu: raises $3 to $6
MTails: calls $3
*** FLOP *** [5d Th Qh]
MTails: checks
HaekJiu: checks
*** TURN *** [5d Th Qh] [Kd]
MTails: checks
HaekJiu: checks
*** RIVER *** [5d Th Qh Kd] [3h]
MTails: checks
HaekJiu: bets $6
MTails: raises $6 to $12
HaekJiu: folds
Uncalled bet ($6) returned to MTails
MTails collected $23.52 from pot
*** SUMMARY ***
Total pot $24 | Rake $0.48
Board [5d Th Qh Kd 3h]
Seat 3: HaekJiu (button) (small blind) folded on the River
Seat 4: MTails (big blind) collected ($23.52)


PokerStars Hand #149650026728:  Hold'em Limit ($3/$6 USD) - 2016/02/29 23:28:53 ET
Table 'Themis' 6-max Seat #3 is the button
Seat 3: HaekJiu ($160.93 in chips)
Seat 4: MTails ($124.62 in chips)
HaekJiu: posts small blind $1
MTails: posts big blind $3
*** HOLE CARDS ***
HaekJiu: folds
Uncalled bet ($2) returned to MTails
MTails collected $2 from pot
*** SUMMARY ***
Total pot $2 | Rake $0
Seat 3: HaekJiu (button) (small blind) folded before Flop
Seat 4: MTails (big blind) collected ($2)


PokerStars Hand #149650025203:  Hold'em Limit ($3/$6 USD) - 2016/02/29 23:28:48 ET
Table 'Themis' 6-max Seat #4 is the button
Seat 3: HaekJiu ($163.93 in chips)
Seat 4: MTails ($121.62 in chips)
MTails: posts small blind $1
HaekJiu: posts big blind $3
*** HOLE CARDS ***
MTails: raises $3 to $6
HaekJiu: folds
Uncalled bet ($3) returned to MTails
MTails collected $6 from pot
*** SUMMARY ***
Total pot $6 | Rake $0
Seat 3: HaekJiu (big blind) folded before Flop
Seat 4: MTails (button) (small blind) collected ($6)


PokerStars Hand #149650038869:  Hold'em Limit ($3/$6 USD) - 2016/02/29 23:29:33 ET
Table 'Themis' 6-max Seat #3 is the button
Seat 3: HaekJiu ($162.43 in chips)
Seat 4: MTails ($121.90 in chips)
HaekJiu: posts small blind $1
MTails: posts big blind $3
*** HOLE CARDS ***
HaekJiu: raises $3 to $6
MTails: raises $3 to $9
HaekJiu: calls $3
*** FLOP *** [Qd Js Ac]
MTails: bets $3
HaekJiu: calls $3
*** TURN *** [Qd Js Ac] [8h]
MTails: bets $6
HaekJiu: calls $6
*** RIVER *** [Qd Js Ac 8h] [6d]
MTails: bets $6
HaekJiu: calls $6
*** SHOW DOWN ***
MTails: shows [Kd Qs] (a pair of Queens)
HaekJiu: mucks hand
MTails collected $47.50 from pot
*** SUMMARY ***
Total pot $48 | Rake $0.50
Board [Qd Js Ac 8h 6d]
Seat 3: HaekJiu (button) (small blind) mucked
Seat 4: MTails (big blind) showed [Kd Qs] and won ($47.50) with a pair of Queens


PokerStars Hand #149650036683:  Hold'em Limit ($3/$6 USD) - 2016/02/29 23:29:25 ET
Table 'Themis' 6-max Seat #4 is the button
Seat 3: HaekJiu ($168.43 in chips)
Seat 4: MTails ($116.14 in chips)
MTails: posts small blind $1
HaekJiu: posts big blind $3
*** HOLE CARDS ***
MTails: raises $3 to $6
HaekJiu: calls $3
*** FLOP *** [Ac 8h 8c]
HaekJiu: checks
MTails: bets $3
HaekJiu: folds
Uncalled bet ($3) returned to MTails
MTails collected $11.76 from pot
MTails: doesn't show hand
*** SUMMARY ***
Total pot $12 | Rake $0.24
Board [Ac 8h 8c]
Seat 3: HaekJiu (big blind) folded on the Flop
Seat 4: MTails (button) (small blind) collected ($11.76)


PokerStars Hand #149650028068:  Hold'em Limit ($3/$6 USD) - 2016/02/29 23:28:57 ET
Table 'Themis' 6-max Seat #4 is the button
Seat 3: HaekJiu ($159.93 in chips)
Seat 4: MTails ($125.62 in chips)
MTails: posts small blind $1
HaekJiu: posts big blind $3
*** HOLE CARDS ***
MTails: raises $3 to $6
HaekJiu: calls $3
*** FLOP *** [Kh Tc 5h]
HaekJiu: checks
MTails: bets $3
HaekJiu: calls $3
*** TURN *** [Kh Tc 5h] [7s]
HaekJiu: checks
MTails: bets $6
HaekJiu: raises $6 to $12
MTails: calls $6
*** RIVER *** [Kh Tc 5h 7s] [6d]
HaekJiu: bets $6
MTails: folds
Uncalled bet ($6) returned to HaekJiu
HaekJiu collected $41.50 from pot
HaekJiu: doesn't show hand
*** SUMMARY ***
Total pot $42 | Rake $0.50
Board [Kh Tc 5h 7s 6d]
Seat 3: HaekJiu (big blind) collected ($41.50)
Seat 4: MTails (button) (small blind) folded on the River


PokerStars Hand #149650047210:  Hold'em Limit ($3/$6 USD) - 2016/02/29 23:30:00 ET
Table 'Themis' 6-max Seat #3 is the button
Seat 3: HaekJiu ($108.43 in chips)
Seat 4: MTails ($174.90 in chips)
HaekJiu: posts small blind $1
MTails: posts big blind $3
*** HOLE CARDS ***
HaekJiu: raises $3 to $6
MTails: raises $3 to $9
HaekJiu: calls $3
*** FLOP *** [4s 5c 2s]
MTails: bets $3
HaekJiu: calls $3
*** TURN *** [4s 5c 2s] [3d]
MTails: bets $6
HaekJiu: raises $6 to $12
MTails: calls $6
*** RIVER *** [4s 5c 2s 3d] [3s]
MTails: checks
HaekJiu: bets $6
MTails: calls $6
*** SHOW DOWN ***
HaekJiu: shows [7c 6d] (a straight, Three to Seven)
MTails: mucks hand
HaekJiu collected $59.50 from pot
*** SUMMARY ***
Total pot $60 | Rake $0.50
Board [4s 5c 2s 3d 3s]
Seat 3: HaekJiu (button) (small blind) showed [7c 6d] and won ($59.50) with a straight, Three to Seven
Seat 4: MTails (big blind) mucked


PokerStars Hand #149650055742:  Hold'em Limit ($3/$6 USD) - 2016/02/29 23:30:28 ET
Table 'Themis' 6-max Seat #3 is the button
Seat 3: HaekJiu ($158.43 in chips)
Seat 4: MTails ($123.90 in chips)
HaekJiu: posts small blind $1
MTails: posts big blind $3
*** HOLE CARDS ***
HaekJiu: folds
Uncalled bet ($2) returned to MTails
MTails collected $2 from pot
*** SUMMARY ***
Total pot $2 | Rake $0
Seat 3: HaekJiu (button) (small blind) folded before Flop
Seat 4: MTails (big blind) collected ($2)


PokerStars Hand #149650057198:  Hold'em Limit ($3/$6 USD) - 2016/02/29 23:30:32 ET
Table 'Themis' 6-max Seat #4 is the button
Seat 3: HaekJiu ($157.43 in chips)
Seat 4: MTails ($124.90 in chips)
MTails: posts small blind $1
HaekJiu: posts big blind $3
*** HOLE CARDS ***
MTails: raises $3 to $6
HaekJiu: calls $3
*** FLOP *** [5s 8d 3c]
HaekJiu: checks
MTails: bets $3
HaekJiu: raises $3 to $6
MTails: calls $3
*** TURN *** [5s 8d 3c] [2h]
HaekJiu: bets $6
MTails: calls $6
*** RIVER *** [5s 8d 3c 2h] [Ac]
HaekJiu: bets $6
MTails: calls $6
*** SHOW DOWN ***
HaekJiu: shows [Jd 8c] (a pair of Eights)
MTails: mucks hand
HaekJiu collected $47.50 from pot
*** SUMMARY ***
Total pot $48 | Rake $0.50
Board [5s 8d 3c 2h Ac]
Seat 3: HaekJiu (big blind) showed [Jd 8c] and won ($47.50) with a pair of Eights
Seat 4: MTails (button) (small blind) mucked


PokerStars Hand #149650051517:  Hold'em Limit ($3/$6 USD) - 2016/02/29 23:30:14 ET
Table 'Themis' 6-max Seat #4 is the button
Seat 3: HaekJiu ($137.93 in chips)
Seat 4: MTails ($144.90 in chips)
MTails: posts small blind $1
HaekJiu: posts big blind $3
*** HOLE CARDS ***
MTails: raises $3 to $6
HaekJiu: calls $3
*** FLOP *** [Ks 9s 7c]
HaekJiu: checks
MTails: bets $3
HaekJiu: calls $3
*** TURN *** [Ks 9s 7c] [7d]
HaekJiu: checks
MTails: bets $6
HaekJiu: calls $6
*** RIVER *** [Ks 9s 7c 7d] [Th]
HaekJiu: checks
MTails: bets $6
HaekJiu: calls $6
*** SHOW DOWN ***
MTails: shows [4s 3s] (a pair of Sevens)
HaekJiu: shows [Ad 2h] (a pair of Sevens - Ace kicker)
HaekJiu collected $41.50 from pot
*** SUMMARY ***
Total pot $42 | Rake $0.50
Board [Ks 9s 7c 7d Th]
Seat 3: HaekJiu (big blind) showed [Ad 2h] and won ($41.50) with a pair of Sevens
Seat 4: MTails (button) (small blind) showed [4s 3s] and lost with a pair of Sevens


PokerStars Hand #149650042765:  Hold'em Limit ($3/$6 USD) - 2016/02/29 23:29:45 ET
Table 'Themis' 6-max Seat #4 is the button
Seat 3: HaekJiu ($138.43 in chips)
Seat 4: MTails ($145.40 in chips)
MTails: posts small blind $1
HaekJiu: posts big blind $3
*** HOLE CARDS ***
MTails: raises $3 to $6
HaekJiu: raises $3 to $9
MTails: calls $3
*** FLOP *** [9s 5d 2s]
HaekJiu: bets $3
MTails: calls $3
*** TURN *** [9s 5d 2s] [5h]
HaekJiu: bets $6
MTails: raises $6 to $12
HaekJiu: calls $6
*** RIVER *** [9s 5d 2s 5h] [2d]
HaekJiu: checks
MTails: bets $6
HaekJiu: calls $6
*** SHOW DOWN ***
MTails: shows [4d 9d] (two pair, Nines and Fives)
HaekJiu: mucks hand
MTails collected $59.50 from pot
*** SUMMARY ***
Total pot $60 | Rake $0.50
Board [9s 5d 2s 5h 2d]
Seat 3: HaekJiu (big blind) mucked
Seat 4: MTails (button) (small blind) showed [4d 9d] and won ($59.50) with two pair, Nines and Fives


PokerStars Hand #149650072929:  Hold'em Limit ($3/$6 USD) - 2016/02/29 23:31:24 ET
Table 'Themis' 6-max Seat #4 is the button
Seat 3: HaekJiu ($142.93 in chips)
Seat 4: MTails ($137.92 in chips)
MTails: posts small blind $1
HaekJiu: posts big blind $3
*** HOLE CARDS ***
MTails: raises $3 to $6
HaekJiu: calls $3
*** FLOP *** [Ad 7c 9d]
HaekJiu: checks
MTails: bets $3
HaekJiu: folds
Uncalled bet ($3) returned to MTails
MTails collected $11.76 from pot
*** SUMMARY ***
Total pot $12 | Rake $0.24
Board [Ad 7c 9d]
Seat 3: HaekJiu (big blind) folded on the Flop
Seat 4: MTails (button) (small blind) collected ($11.76)


PokerStars Hand #149650068589:  Hold'em Limit ($3/$6 USD) - 2016/02/29 23:31:10 ET
Table 'Themis' 6-max Seat #4 is the button
Seat 3: HaekJiu ($157.93 in chips)
Seat 4: MTails ($123.40 in chips)
MTails: posts small blind $1
HaekJiu: posts big blind $3
*** HOLE CARDS ***
MTails: raises $3 to $6
HaekJiu: folds
Uncalled bet ($3) returned to MTails
MTails collected $6 from pot
*** SUMMARY ***
Total pot $6 | Rake $0
Seat 3: HaekJiu (big blind) folded before Flop
Seat 4: MTails (button) (small blind) collected ($6)


PokerStars Hand #149650067157:  Hold'em Limit ($3/$6 USD) - 2016/02/29 23:31:05 ET
Table 'Themis' 6-max Seat #3 is the button
Seat 3: HaekJiu ($158.93 in chips)
Seat 4: MTails ($122.40 in chips)
HaekJiu: posts small blind $1
MTails: posts big blind $3
*** HOLE CARDS ***
HaekJiu: folds
Uncalled bet ($2) returned to MTails
MTails collected $2 from pot
MTails: doesn't show hand
*** SUMMARY ***
Total pot $2 | Rake $0
Seat 3: HaekJiu (button) (small blind) folded before Flop
Seat 4: MTails (big blind) collected ($2)


PokerStars Hand #149650063142:  Hold'em Limit ($3/$6 USD) - 2016/02/29 23:30:52 ET
Table 'Themis' 6-max Seat #4 is the button
Seat 3: HaekJiu ($179.93 in chips)
Seat 4: MTails ($101.90 in chips)
MTails: posts small blind $1
HaekJiu: posts big blind $3
*** HOLE CARDS ***
MTails: raises $3 to $6
HaekJiu: calls $3
*** FLOP *** [6h 4s 4h]
HaekJiu: checks
MTails: bets $3
HaekJiu: calls $3
*** TURN *** [6h 4s 4h] [2s]
HaekJiu: checks
MTails: bets $6
HaekJiu: calls $6
*** RIVER *** [6h 4s 4h 2s] [9c]
HaekJiu: checks
MTails: bets $6
HaekJiu: calls $6
*** SHOW DOWN ***
MTails: shows [5h 5s] (two pair, Fives and Fours)
HaekJiu: mucks hand
MTails collected $41.50 from pot
*** SUMMARY ***
Total pot $42 | Rake $0.50
Board [6h 4s 4h 2s 9c]
Seat 3: HaekJiu (big blind) mucked
Seat 4: MTails (button) (small blind) showed [5h 5s] and won ($41.50) with two pair, Fives and Fours


PokerStars Hand #149650061666:  Hold'em Limit ($3/$6 USD) - 2016/02/29 23:30:47 ET
Table 'Themis' 6-max Seat #3 is the button
Seat 3: HaekJiu ($180.93 in chips)
Seat 4: MTails ($100.90 in chips)
HaekJiu: posts small blind $1
MTails: posts big blind $3
*** HOLE CARDS ***
HaekJiu: folds
Uncalled bet ($2) returned to MTails
MTails collected $2 from pot
*** SUMMARY ***
Total pot $2 | Rake $0
Seat 3: HaekJiu (button) (small blind) folded before Flop
Seat 4: MTails (big blind) collected ($2)


PokerStars Hand #149650075383:  Hold'em Limit ($3/$6 USD) - 2016/02/29 23:31:32 ET
Table 'Themis' 6-max Seat #3 is the button
Seat 3: HaekJiu ($136.93 in chips)
Seat 4: MTails ($143.68 in chips)
HaekJiu: posts small blind $1
MTails: posts big blind $3
*** HOLE CARDS ***
HaekJiu: raises $3 to $6
MTails: raises $3 to $9
HaekJiu: calls $3
*** FLOP *** [3d Qc 5d]
MTails: bets $3
HaekJiu: calls $3
*** TURN *** [3d Qc 5d] [5s]
MTails: checks
HaekJiu: bets $6
MTails: raises $6 to $12
HaekJiu: calls $6
*** RIVER *** [3d Qc 5d 5s] [Td]
MTails: checks
HaekJiu: checks
*** SHOW DOWN ***
MTails: shows [8d 9c] (a pair of Fives)
HaekJiu: shows [2d 2c] (two pair, Fives and Deuces)
HaekJiu collected $47.50 from pot
*** SUMMARY ***
Total pot $48 | Rake $0.50
Board [3d Qc 5d 5s Td]
Seat 3: HaekJiu (button) (small blind) showed [2d 2c] and won ($47.50) with two pair, Fives and Deuces
Seat 4: MTails (big blind) showed [8d 9c] and lost with a pair of Fives


PokerStars Hand #149650069977:  Hold'em Limit ($3/$6 USD) - 2016/02/29 23:31:14 ET
Table 'Themis' 6-max Seat #3 is the button
Seat 3: HaekJiu ($154.93 in chips)
Seat 4: MTails ($126.40 in chips)
HaekJiu: posts small blind $1
MTails: posts big blind $3
*** HOLE CARDS ***
HaekJiu: raises $3 to $6
MTails: raises $3 to $9
HaekJiu: calls $3
*** FLOP *** [Js 5s 2c]
MTails: bets $3
HaekJiu: calls $3
*** TURN *** [Js 5s 2c] [Kd]
MTails: bets $6
HaekJiu: folds
Uncalled bet ($6) returned to MTails
MTails collected $23.52 from pot
*** SUMMARY ***
Total pot $24 | Rake $0.48
Board [Js 5s 2c Kd]
Seat 3: HaekJiu (button) (small blind) folded on the Turn
Seat 4: MTails (big blind) collected ($23.52)


PokerStars Hand #149650095927:  Hold'em Limit ($3/$6 USD) - 2016/02/29 23:32:39 ET
Table 'Themis' 6-max Seat #3 is the button
Seat 3: HaekJiu ($112.19 in chips)
Seat 4: MTails ($166.08 in chips)
HaekJiu: posts small blind $1
MTails: posts big blind $3
*** HOLE CARDS ***
HaekJiu: folds
Uncalled bet ($2) returned to MTails
MTails collected $2 from pot
MTails: doesn't show hand
*** SUMMARY ***
Total pot $2 | Rake $0
Seat 3: HaekJiu (button) (small blind) folded before Flop
Seat 4: MTails (big blind) collected ($2)


PokerStars Hand #149650093774:  Hold'em Limit ($3/$6 USD) - 2016/02/29 23:32:32 ET
Table 'Themis' 6-max Seat #4 is the button
Seat 3: HaekJiu ($118.19 in chips)
Seat 4: MTails ($160.32 in chips)
MTails: posts small blind $1
HaekJiu: posts big blind $3
*** HOLE CARDS ***
MTails: raises $3 to $6
HaekJiu: calls $3
*** FLOP *** [6d 9d 3d]
HaekJiu: checks
MTails: bets $3
HaekJiu: folds
Uncalled bet ($3) returned to MTails
MTails collected $11.76 from pot
*** SUMMARY ***
Total pot $12 | Rake $0.24
Board [6d 9d 3d]
Seat 3: HaekJiu (big blind) folded on the Flop
Seat 4: MTails (button) (small blind) collected ($11.76)


PokerStars Hand #149650091057:  Hold'em Limit ($3/$6 USD) - 2016/02/29 23:32:23 ET
Table 'Themis' 6-max Seat #3 is the button
Seat 3: HaekJiu ($112.43 in chips)
Seat 4: MTails ($166.32 in chips)
HaekJiu: posts small blind $1
MTails: posts big blind $3
*** HOLE CARDS ***
HaekJiu: raises $3 to $6
MTails: calls $3
*** FLOP *** [8s Kh 8h]
MTails: checks
HaekJiu: bets $3
MTails: folds
Uncalled bet ($3) returned to HaekJiu
HaekJiu collected $11.76 from pot
HaekJiu: doesn't show hand
*** SUMMARY ***
Total pot $12 | Rake $0.24
Board [8s Kh 8h]
Seat 3: HaekJiu (button) (small blind) collected ($11.76)
Seat 4: MTails (big blind) folded on the Flop


PokerStars Hand #149650087084:  Hold'em Limit ($3/$6 USD) - 2016/02/29 23:32:10 ET
Table 'Themis' 6-max Seat #4 is the button
Seat 3: HaekJiu ($127.43 in chips)
Seat 4: MTails ($151.82 in chips)
MTails: posts small blind $1
HaekJiu: posts big blind $3
*** HOLE CARDS ***
MTails: raises $3 to $6
HaekJiu: calls $3
*** FLOP *** [5c 7d 9s]
HaekJiu: checks
MTails: bets $3
HaekJiu: calls $3
*** TURN *** [5c 7d 9s] [7h]
HaekJiu: checks
MTails: bets $6
HaekJiu: calls $6
*** RIVER *** [5c 7d 9s 7h] [Ks]
HaekJiu: checks
MTails: checks
*** SHOW DOWN ***
HaekJiu: shows [4d 8d] (a pair of Sevens)
MTails: shows [Qh Jh] (a pair of Sevens - King+Queen kicker)
MTails collected $29.50 from pot
*** SUMMARY ***
Total pot $30 | Rake $0.50
Board [5c 7d 9s 7h Ks]
Seat 3: HaekJiu (big blind) showed [4d 8d] and lost with a pair of Sevens
Seat 4: MTails (button) (small blind) showed [Qh Jh] and won ($29.50) with a pair of Sevens


PokerStars Hand #149650079662:  Hold'em Limit ($3/$6 USD) - 2016/02/29 23:31:46 ET
Table 'Themis' 6-max Seat #4 is the button
Seat 3: HaekJiu ($160.43 in chips)
Seat 4: MTails ($119.68 in chips)
MTails: posts small blind $1
HaekJiu: posts big blind $3
*** HOLE CARDS ***
MTails: raises $3 to $6
HaekJiu: calls $3
*** FLOP *** [Tc 6d 4d]
HaekJiu: checks
MTails: bets $3
HaekJiu: calls $3
*** TURN *** [Tc 6d 4d] [4c]
HaekJiu: checks
MTails: bets $6
HaekJiu: folds
Uncalled bet ($6) returned to MTails
MTails collected $17.64 from pot
*** SUMMARY ***
Total pot $18 | Rake $0.36
Board [Tc 6d 4d 4c]
Seat 3: HaekJiu (big blind) folded on the Turn
Seat 4: MTails (button) (small blind) collected ($17.64)


PokerStars Hand #149650082837:  Hold'em Limit ($3/$6 USD) - 2016/02/29 23:31:56 ET
Table 'Themis' 6-max Seat #3 is the button
Seat 3: HaekJiu ($151.43 in chips)
Seat 4: MTails ($128.32 in chips)
HaekJiu: posts small blind $1
MTails: posts big blind $3
*** HOLE CARDS ***
HaekJiu: raises $3 to $6
MTails: calls $3
*** FLOP *** [6d Js Kd]
MTails: checks
HaekJiu: checks
*** TURN *** [6d Js Kd] [Ts]
MTails: checks
HaekJiu: bets $6
MTails: raises $6 to $12
HaekJiu: calls $6
*** RIVER *** [6d Js Kd Ts] [9s]
MTails: bets $6
HaekJiu: calls $6
*** SHOW DOWN ***
MTails: shows [3s 8s] (a flush, Jack high)
HaekJiu: mucks hand
MTails collected $47.50 from pot
*** SUMMARY ***
Total pot $48 | Rake $0.50
Board [6d Js Kd Ts 9s]
Seat 3: HaekJiu (button) (small blind) mucked
Seat 4: MTails (big blind) showed [3s 8s] and won ($47.50) with a flush, Jack high


PokerStars Hand #149650105892:  Hold'em Limit ($3/$6 USD) - 2016/02/29 23:33:12 ET
Table 'Themis' 6-max Seat #3 is the button
Seat 3: HaekJiu ($115.69 in chips)
Seat 4: MTails ($161.72 in chips)
HaekJiu: posts small blind $1
MTails: posts big blind $3
*** HOLE CARDS ***
HaekJiu: raises $3 to $6
MTails: calls $3
*** FLOP *** [5s 9d Th]
MTails: checks
HaekJiu: bets $3
MTails: calls $3
*** TURN *** [5s 9d Th] [3d]
MTails: checks
HaekJiu: bets $6
MTails: calls $6
*** RIVER *** [5s 9d Th 3d] [6s]
MTails: checks
HaekJiu: bets $6
MTails: folds
Uncalled bet ($6) returned to HaekJiu
HaekJiu collected $29.50 from pot
HaekJiu: doesn't show hand
*** SUMMARY ***
Total pot $30 | Rake $0.50
Board [5s 9d Th 3d 6s]
Seat 3: HaekJiu (button) (small blind) collected ($29.50)
Seat 4: MTails (big blind) folded on the River


PokerStars Hand #149650101985:  Hold'em Limit ($3/$6 USD) - 2016/02/29 23:32:59 ET
Table 'Themis' 6-max Seat #4 is the button
Seat 3: HaekJiu ($101.19 in chips)
Seat 4: MTails ($176.72 in chips)
MTails: posts small blind $1
HaekJiu: posts big blind $3
*** HOLE CARDS ***
MTails: raises $3 to $6
HaekJiu: calls $3
*** FLOP *** [3h Qh 3s]
HaekJiu: checks
MTails: bets $3
HaekJiu: calls $3
*** TURN *** [3h Qh 3s] [5c]
HaekJiu: checks
MTails: bets $6
HaekJiu: raises $6 to $12
MTails: folds
Uncalled bet ($6) returned to HaekJiu
HaekJiu collected $29.50 from pot
HaekJiu: doesn't show hand
*** SUMMARY ***
Total pot $30 | Rake $0.50
Board [3h Qh 3s 5c]
Seat 3: HaekJiu (big blind) collected ($29.50)
Seat 4: MTails (button) (small blind) folded on the Turn


PokerStars Hand #149650114775:  Hold'em Limit ($3/$6 USD) - 2016/02/29 23:33:41 ET
Table 'Themis' 6-max Seat #3 is the button
Seat 3: HaekJiu ($115.19 in chips)
Seat 4: MTails ($161.22 in chips)
HaekJiu: posts small blind $1
MTails: posts big blind $3
*** HOLE CARDS ***
HaekJiu: folds
Uncalled bet ($2) returned to MTails
MTails collected $2 from pot
MTails: doesn't show hand
*** SUMMARY ***
Total pot $2 | Rake $0
Seat 3: HaekJiu (button) (small blind) folded before Flop
Seat 4: MTails (big blind) collected ($2)


PokerStars Hand #149650110460:  Hold'em Limit ($3/$6 USD) - 2016/02/29 23:33:27 ET
Table 'Themis' 6-max Seat #4 is the button
Seat 3: HaekJiu ($130.19 in chips)
Seat 4: MTails ($146.72 in chips)
MTails: posts small blind $1
HaekJiu: posts big blind $3
*** HOLE CARDS ***
MTails: raises $3 to $6
HaekJiu: calls $3
*** FLOP *** [7d Jc 2d]
HaekJiu: checks
MTails: bets $3
HaekJiu: calls $3
*** TURN *** [7d Jc 2d] [5h]
HaekJiu: checks
MTails: checks
*** RIVER *** [7d Jc 2d 5h] [Ks]
HaekJiu: checks
MTails: bets $6
HaekJiu: calls $6
*** SHOW DOWN ***
MTails: shows [5s Ac] (a pair of Fives)
HaekJiu: mucks hand
MTails collected $29.50 from pot
*** SUMMARY ***
Total pot $30 | Rake $0.50
Board [7d Jc 2d 5h Ks]
Seat 3: HaekJiu (big blind) mucked
Seat 4: MTails (button) (small blind) showed [5s Ac] and won ($29.50) with a pair of Fives


PokerStars Hand #149650100630:  Hold'em Limit ($3/$6 USD) - 2016/02/29 23:32:54 ET
Table 'Themis' 6-max Seat #3 is the button
Seat 3: HaekJiu ($102.19 in chips)
Seat 4: MTails ($175.72 in chips)
HaekJiu: posts small blind $1
MTails: posts big blind $3
*** HOLE CARDS ***
HaekJiu: folds
Uncalled bet ($2) returned to MTails
MTails collected $2 from pot
*** SUMMARY ***
Total pot $2 | Rake $0
Seat 3: HaekJiu (button) (small blind) folded before Flop
Seat 4: MTails (big blind) collected ($2)


PokerStars Hand #149650097457:  Hold'em Limit ($3/$6 USD) - 2016/02/29 23:32:44 ET
Table 'Themis' 6-max Seat #4 is the button
Seat 3: HaekJiu ($111.19 in chips)
Seat 4: MTails ($167.08 in chips)
MTails: posts small blind $1
HaekJiu: posts big blind $3
*** HOLE CARDS ***
MTails: raises $3 to $6
HaekJiu: calls $3
*** FLOP *** [4d 9d 4s]
HaekJiu: checks
MTails: bets $3
HaekJiu: calls $3
*** TURN *** [4d 9d 4s] [8c]
HaekJiu: checks
MTails: bets $6
HaekJiu: folds
Uncalled bet ($6) returned to MTails
MTails collected $17.64 from pot
*** SUMMARY ***
Total pot $18 | Rake $0.36
Board [4d 9d 4s 8c]
Seat 3: HaekJiu (big blind) folded on the Turn
Seat 4: MTails (button) (small blind) collected ($17.64)


PokerStars Hand #149650122468:  Hold'em Limit ($3/$6 USD) - 2016/02/29 23:34:07 ET
Table 'Themis' 6-max Seat #4 is the button
Seat 3: HaekJiu ($128.69 in chips)
Seat 4: MTails ($147.22 in chips)
MTails: posts small blind $1
HaekJiu: posts big blind $3
*** HOLE CARDS ***
MTails: raises $3 to $6
HaekJiu: calls $3
*** FLOP *** [3h 8h 6c]
HaekJiu: checks
MTails: bets $3
HaekJiu: folds
Uncalled bet ($3) returned to MTails
MTails collected $11.76 from pot
*** SUMMARY ***
Total pot $12 | Rake $0.24
Board [3h 8h 6c]
Seat 3: HaekJiu (big blind) folded on the Flop
Seat 4: MTails (button) (small blind) collected ($11.76)


PokerStars Hand #149650124638:  Hold'em Limit ($3/$6 USD) - 2016/02/29 23:34:14 ET
Table 'Themis' 6-max Seat #3 is the button
Seat 3: HaekJiu ($122.69 in chips)
Seat 4: MTails ($152.98 in chips)
HaekJiu: posts small blind $1
MTails: posts big blind $3
*** HOLE CARDS ***
HaekJiu: raises $3 to $6
MTails: raises $3 to $9
HaekJiu: calls $3
*** FLOP *** [Kd 4s Ah]
MTails: bets $3
HaekJiu: calls $3
*** TURN *** [Kd 4s Ah] [2d]
MTails: bets $6
HaekJiu: raises $6 to $12
MTails: calls $6
*** RIVER *** [Kd 4s Ah 2d] [7c]
MTails: checks
HaekJiu: bets $6
MTails: folds
Uncalled bet ($6) returned to HaekJiu
HaekJiu collected $47.50 from pot
HaekJiu: doesn't show hand
*** SUMMARY ***
Total pot $48 | Rake $0.50
Board [Kd 4s Ah 2d 7c]
Seat 3: HaekJiu (button) (small blind) collected ($47.50)
Seat 4: MTails (big blind) folded on the River


PokerStars Hand #149650132764:  Hold'em Limit ($3/$6 USD) - 2016/02/29 23:34:41 ET
Table 'Themis' 6-max Seat #3 is the button
Seat 3: HaekJiu ($154.83 in chips)
Seat 4: MTails ($119.98 in chips)
HaekJiu: posts small blind $1
MTails: posts big blind $3
*** HOLE CARDS ***
HaekJiu: raises $3 to $6
MTails: folds
Uncalled bet ($3) returned to HaekJiu
HaekJiu collected $6 from pot
HaekJiu: doesn't show hand
*** SUMMARY ***
Total pot $6 | Rake $0
Seat 3: HaekJiu (button) (small blind) collected ($6)
Seat 4: MTails (big blind) folded before Flop


PokerStars Hand #149650129022:  Hold'em Limit ($3/$6 USD) - 2016/02/29 23:34:28 ET
Table 'Themis' 6-max Seat #4 is the button
Seat 3: HaekJiu ($146.19 in chips)
Seat 4: MTails ($128.98 in chips)
MTails: posts small blind $1
HaekJiu: posts big blind $3
*** HOLE CARDS ***
MTails: raises $3 to $6
HaekJiu: calls $3
*** FLOP *** [Qh 2d 6c]
HaekJiu: checks
MTails: bets $3
HaekJiu: calls $3
*** TURN *** [Qh 2d 6c] [Js]
HaekJiu: checks
MTails: checks
*** RIVER *** [Qh 2d 6c Js] [6h]
HaekJiu: bets $6
MTails: folds
Uncalled bet ($6) returned to HaekJiu
HaekJiu collected $17.64 from pot
HaekJiu: doesn't show hand
*** SUMMARY ***
Total pot $18 | Rake $0.36
Board [Qh 2d 6c Js 6h]
Seat 3: HaekJiu (big blind) collected ($17.64)
Seat 4: MTails (button) (small blind) folded on the River


PokerStars Hand #149650117668:  Hold'em Limit ($3/$6 USD) - 2016/02/29 23:33:51 ET
Table 'Themis' 6-max Seat #3 is the button
Seat 3: HaekJiu ($111.19 in chips)
Seat 4: MTails ($165.22 in chips)
HaekJiu: posts small blind $1
MTails: posts big blind $3
*** HOLE CARDS ***
HaekJiu: raises $3 to $6
MTails: calls $3
*** FLOP *** [5h Qc 7s]
MTails: checks
HaekJiu: checks
*** TURN *** [5h Qc 7s] [3d]
MTails: bets $6
HaekJiu: raises $6 to $12
MTails: calls $6
*** RIVER *** [5h Qc 7s 3d] [8d]
MTails: checks
HaekJiu: bets $6
MTails: folds
Uncalled bet ($6) returned to HaekJiu
HaekJiu collected $35.50 from pot
HaekJiu: doesn't show hand
*** SUMMARY ***
Total pot $36 | Rake $0.50
Board [5h Qc 7s 3d 8d]
Seat 3: HaekJiu (button) (small blind) collected ($35.50)
Seat 4: MTails (big blind) folded on the River


PokerStars Hand #149650116126:  Hold'em Limit ($3/$6 USD) - 2016/02/29 23:33:46 ET
Table 'Themis' 6-max Seat #4 is the button
Seat 3: HaekJiu ($114.19 in chips)
Seat 4: MTails ($162.22 in chips)
MTails: posts small blind $1
HaekJiu: posts big blind $3
*** HOLE CARDS ***
MTails: raises $3 to $6
HaekJiu: folds
Uncalled bet ($3) returned to MTails
MTails collected $6 from pot
*** SUMMARY ***
Total pot $6 | Rake $0
Seat 3: HaekJiu (big blind) folded before Flop
Seat 4: MTails (button) (small blind) collected ($6)


PokerStars Hand #149650144966:  Hold'em Limit ($3/$6 USD) - 2016/02/29 23:35:22 ET
Table 'Themis' 6-max Seat #3 is the button
Seat 3: HaekJiu ($94.83 in chips)
Seat 4: MTails ($178.74 in chips)
HaekJiu: posts small blind $1
MTails: posts big blind $3
*** HOLE CARDS ***
HaekJiu: folds
Uncalled bet ($2) returned to MTails
MTails collected $2 from pot
MTails: doesn't show hand
*** SUMMARY ***
Total pot $2 | Rake $0
Seat 3: HaekJiu (button) (small blind) folded before Flop
Seat 4: MTails (big blind) collected ($2)


PokerStars Hand #149650140613:  Hold'em Limit ($3/$6 USD) - 2016/02/29 23:35:07 ET
Table 'Themis' 6-max Seat #4 is the button
Seat 3: HaekJiu ($124.83 in chips)
Seat 4: MTails ($149.24 in chips)
MTails: posts small blind $1
HaekJiu: posts big blind $3
*** HOLE CARDS ***
MTails: raises $3 to $6
HaekJiu: calls $3
*** FLOP *** [7s 8s 4c]
HaekJiu: checks
MTails: bets $3
HaekJiu: raises $3 to $6
MTails: calls $3
*** TURN *** [7s 8s 4c] [3d]
HaekJiu: bets $6
MTails: calls $6
*** RIVER *** [7s 8s 4c 3d] [6c]
HaekJiu: bets $6
MTails: raises $6 to $12
HaekJiu: calls $6
*** SHOW DOWN ***
MTails: shows [6s 4s] (two pair, Sixes and Fours)
HaekJiu: mucks hand
MTails collected $59.50 from pot
*** SUMMARY ***
Total pot $60 | Rake $0.50
Board [7s 8s 4c 3d 6c]
Seat 3: HaekJiu (big blind) mucked
Seat 4: MTails (button) (small blind) showed [6s 4s] and won ($59.50) with two pair, Sixes and Fours


PokerStars Hand #149650146423:  Hold'em Limit ($3/$6 USD) - 2016/02/29 23:35:26 ET
Table 'Themis' 6-max Seat #4 is the button
Seat 3: HaekJiu ($93.83 in chips)
Seat 4: MTails ($179.74 in chips)
MTails: posts small blind $1
HaekJiu: posts big blind $3
*** HOLE CARDS ***
MTails: raises $3 to $6
HaekJiu: raises $3 to $9
MTails: calls $3
*** FLOP *** [Tc 7c Jh]
HaekJiu: bets $3
MTails: folds
Uncalled bet ($3) returned to HaekJiu
HaekJiu collected $17.64 from pot
HaekJiu: doesn't show hand
*** SUMMARY ***
Total pot $18 | Rake $0.36
Board [Tc 7c Jh]
Seat 3: HaekJiu (big blind) collected ($17.64)
Seat 4: MTails (button) (small blind) folded on the Flop


PokerStars Hand #149650149337:  Hold'em Limit ($3/$6 USD) - 2016/02/29 23:35:36 ET
Table 'Themis' 6-max Seat #3 is the button
Seat 3: HaekJiu ($102.47 in chips)
Seat 4: MTails ($170.74 in chips)
HaekJiu: posts small blind $1
MTails: posts big blind $3
*** HOLE CARDS ***
HaekJiu: raises $3 to $6
MTails: calls $3
*** FLOP *** [Th Jh 7s]
MTails: checks
HaekJiu: checks
*** TURN *** [Th Jh 7s] [Ad]
MTails: checks
HaekJiu: bets $6
MTails: folds
Uncalled bet ($6) returned to HaekJiu
HaekJiu collected $11.76 from pot
HaekJiu: doesn't show hand
*** SUMMARY ***
Total pot $12 | Rake $0.24
Board [Th Jh 7s Ad]
Seat 3: HaekJiu (button) (small blind) collected ($11.76)
Seat 4: MTails (big blind) folded on the Turn


PokerStars Hand #149650134164:  Hold'em Limit ($3/$6 USD) - 2016/02/29 23:34:45 ET
Table 'Themis' 6-max Seat #4 is the button
Seat 3: HaekJiu ($157.83 in chips)
Seat 4: MTails ($116.98 in chips)
MTails: posts small blind $1
HaekJiu: posts big blind $3
*** HOLE CARDS ***
MTails: raises $3 to $6
HaekJiu: calls $3
*** FLOP *** [9c Jd Qc]
HaekJiu: checks
MTails: bets $3
HaekJiu: folds
Uncalled bet ($3) returned to MTails
MTails collected $11.76 from pot
*** SUMMARY ***
Total pot $12 | Rake $0.24
Board [9c Jd Qc]
Seat 3: HaekJiu (big blind) folded on the Flop
Seat 4: MTails (button) (small blind) collected ($11.76)


PokerStars Hand #149650136163:  Hold'em Limit ($3/$6 USD) - 2016/02/29 23:34:52 ET
Table 'Themis' 6-max Seat #3 is the button
Seat 3: HaekJiu ($151.83 in chips)
Seat 4: MTails ($122.74 in chips)
HaekJiu: posts small blind $1
MTails: posts big blind $3
*** HOLE CARDS ***
HaekJiu: raises $3 to $6
MTails: calls $3
*** FLOP *** [7d Td Qh]
MTails: checks
HaekJiu: bets $3
MTails: calls $3
*** TURN *** [7d Td Qh] [Ts]
MTails: checks
HaekJiu: bets $6
MTails: raises $6 to $12
HaekJiu: calls $6
*** RIVER *** [7d Td Qh Ts] [5d]
MTails: bets $6
HaekJiu: calls $6
*** SHOW DOWN ***
MTails: shows [6s Qd] (two pair, Queens and Tens)
HaekJiu: mucks hand
MTails collected $53.50 from pot
*** SUMMARY ***
Total pot $54 | Rake $0.50
Board [7d Td Qh Ts 5d]
Seat 3: HaekJiu (button) (small blind) mucked
Seat 4: MTails (big blind) showed [6s Qd] and won ($53.50) with two pair, Queens and Tens


PokerStars Hand #149650152436:  Hold'em Limit ($3/$6 USD) - 2016/02/29 23:35:46 ET
Table 'Themis' 6-max Seat #4 is the button
Seat 3: HaekJiu ($108.23 in chips)
Seat 4: MTails ($164.74 in chips)
MTails: posts small blind $1
HaekJiu: posts big blind $3
*** HOLE CARDS ***
MTails: folds
Uncalled bet ($2) returned to HaekJiu
HaekJiu collected $2 from pot
HaekJiu: doesn't show hand
*** SUMMARY ***
Total pot $2 | Rake $0
Seat 3: HaekJiu (big blind) collected ($2)
Seat 4: MTails (button) (small blind) folded before Flop


PokerStars Hand #149650153730:  Hold'em Limit ($3/$6 USD) - 2016/02/29 23:35:51 ET
Table 'Themis' 6-max Seat #3 is the button
Seat 3: HaekJiu ($109.23 in chips)
Seat 4: MTails ($163.74 in chips)
HaekJiu: posts small blind $1
MTails: posts big blind $3
*** HOLE CARDS ***
HaekJiu: raises $3 to $6
MTails: calls $3
*** FLOP *** [2d 9c Jc]
MTails: checks
HaekJiu: bets $3
MTails: calls $3
*** TURN *** [2d 9c Jc] [2s]
MTails: checks
HaekJiu: bets $6
MTails: calls $6
*** RIVER *** [2d 9c Jc 2s] [Th]
MTails: checks
HaekJiu: checks
*** SHOW DOWN ***
MTails: shows [6h Ah] (a pair of Deuces)
HaekJiu: shows [8d 8c] (two pair, Eights and Deuces)
HaekJiu collected $29.50 from pot
*** SUMMARY ***
Total pot $30 | Rake $0.50
Board [2d 9c Jc 2s Th]
Seat 3: HaekJiu (button) (small blind) showed [8d 8c] and won ($29.50) with two pair, Eights and Deuces
Seat 4: MTails (big blind) showed [6h Ah] and lost with a pair of Deuces


PokerStars Hand #149650157716:  Hold'em Limit ($3/$6 USD) - 2016/02/29 23:36:04 ET
Table 'Themis' 6-max Seat #4 is the button
Seat 3: HaekJiu ($123.73 in chips)
Seat 4: MTails ($148.74 in chips)
MTails: posts small blind $1
HaekJiu: posts big blind $3
*** HOLE CARDS ***
MTails: raises $3 to $6
HaekJiu: calls $3
*** FLOP *** [6c Ts Tc]
HaekJiu: checks
MTails: bets $3
HaekJiu: calls $3
*** TURN *** [6c Ts Tc] [Js]
HaekJiu: checks
MTails: bets $6
HaekJiu: calls $6
*** RIVER *** [6c Ts Tc Js] [5c]
HaekJiu: checks
MTails: checks
*** SHOW DOWN ***
HaekJiu: shows [8h 7s] (a pair of Tens)
MTails: shows [Kd 4d] (a pair of Tens - King kicker)
MTails collected $29.50 from pot
*** SUMMARY ***
Total pot $30 | Rake $0.50
Board [6c Ts Tc Js 5c]
Seat 3: HaekJiu (big blind) showed [8h 7s] and lost with a pair of Tens
Seat 4: MTails (button) (small blind) showed [Kd 4d] and won ($29.50) with a pair of Tens


PokerStars Hand #149650161318:  Hold'em Limit ($3/$6 USD) - 2016/02/29 23:36:16 ET
Table 'Themis' 6-max Seat #3 is the button
Seat 3: HaekJiu ($108.73 in chips)
Seat 4: MTails ($163.24 in chips)
HaekJiu: posts small blind $1
MTails: posts big blind $3
*** HOLE CARDS ***
HaekJiu: raises $3 to $6
MTails: calls $3
*** FLOP *** [Ad 5h Qh]
MTails: checks
HaekJiu: checks
*** TURN *** [Ad 5h Qh] [As]
MTails: checks
HaekJiu: checks
*** RIVER *** [Ad 5h Qh As] [2c]
MTails: checks
HaekJiu: bets $6
MTails: raises $6 to $12
HaekJiu: folds
Uncalled bet ($6) returned to MTails
MTails collected $23.52 from pot
MTails: doesn't show hand
*** SUMMARY ***
Total pot $24 | Rake $0.48
Board [Ad 5h Qh As 2c]
Seat 3: HaekJiu (button) (small blind) folded on the River
Seat 4: MTails (big blind) collected ($23.52)


PokerStars Hand #149650165065:  Hold'em Limit ($3/$6 USD) - 2016/02/29 23:36:29 ET
Table 'Themis' 6-max Seat #4 is the button
Seat 3: HaekJiu ($96.73 in chips)
Seat 4: MTails ($174.76 in chips)
MTails: posts small blind $1
HaekJiu: posts big blind $3
*** HOLE CARDS ***
MTails: raises $3 to $6
HaekJiu: calls $3
*** FLOP *** [9c 2c 8h]
HaekJiu: checks
MTails: bets $3
HaekJiu: raises $3 to $6
MTails: calls $3
*** TURN *** [9c 2c 8h] [5h]
HaekJiu: bets $6
MTails: calls $6
*** RIVER *** [9c 2c 8h 5h] [5s]
HaekJiu: bets $6
MTails: folds
Uncalled bet ($6) returned to HaekJiu
HaekJiu collected $35.50 from pot
HaekJiu: doesn't show hand
*** SUMMARY ***
Total pot $36 | Rake $0.50
Board [9c 2c 8h 5h 5s]
Seat 3: HaekJiu (big blind) collected ($35.50)
Seat 4: MTails (button) (small blind) folded on the River


PokerStars Hand #149650173214:  Hold'em Limit ($3/$6 USD) - 2016/02/29 23:36:56 ET
Table 'Themis' 6-max Seat #4 is the button
Seat 3: HaekJiu ($131.73 in chips)
Seat 4: MTails ($138.76 in chips)
MTails: posts small blind $1
HaekJiu: posts big blind $3
*** HOLE CARDS ***
MTails: raises $3 to $6
HaekJiu: calls $3
*** FLOP *** [Jd 9s Ac]
HaekJiu: checks
MTails: bets $3
HaekJiu: folds
Uncalled bet ($3) returned to MTails
MTails collected $11.76 from pot
*** SUMMARY ***
Total pot $12 | Rake $0.24
Board [Jd 9s Ac]
Seat 3: HaekJiu (big blind) folded on the Flop
Seat 4: MTails (button) (small blind) collected ($11.76)


PokerStars Hand #149650175525:  Hold'em Limit ($3/$6 USD) - 2016/02/29 23:37:03 ET
Table 'Themis' 6-max Seat #3 is the button
Seat 3: HaekJiu ($125.73 in chips)
Seat 4: MTails ($144.52 in chips)
HaekJiu: posts small blind $1
MTails: posts big blind $3
*** HOLE CARDS ***
HaekJiu: raises $3 to $6
MTails: calls $3
*** FLOP *** [9d 9s 8c]
MTails: checks
HaekJiu: bets $3
MTails: calls $3
*** TURN *** [9d 9s 8c] [Qs]
MTails: checks
HaekJiu: bets $6
MTails: calls $6
*** RIVER *** [9d 9s 8c Qs] [6c]
MTails: checks
HaekJiu: bets $6
MTails: raises $6 to $12
HaekJiu: calls $6
*** SHOW DOWN ***
MTails: shows [7h 5c] (a straight, Five to Nine)
HaekJiu: mucks hand
MTails collected $53.50 from pot
*** SUMMARY ***
Total pot $54 | Rake $0.50
Board [9d 9s 8c Qs 6c]
Seat 3: HaekJiu (button) (small blind) mucked
Seat 4: MTails (big blind) showed [7h 5c] and won ($53.50) with a straight, Five to Nine


PokerStars Hand #149650180427:  Hold'em Limit ($3/$6 USD) - 2016/02/29 23:37:20 ET
Table 'Themis' 6-max Seat #4 is the button
Seat 3: HaekJiu ($98.73 in chips)
Seat 4: MTails ($171.02 in chips)
MTails: posts small blind $1
HaekJiu: posts big blind $3
*** HOLE CARDS ***
MTails: raises $3 to $6
HaekJiu: folds
Uncalled bet ($3) returned to MTails
MTails collected $6 from pot
*** SUMMARY ***
Total pot $6 | Rake $0
Seat 3: HaekJiu (big blind) folded before Flop
Seat 4: MTails (button) (small blind) collected ($6)


PokerStars Hand #149650181888:  Hold'em Limit ($3/$6 USD) - 2016/02/29 23:37:24 ET
Table 'Themis' 6-max Seat #3 is the button
Seat 3: HaekJiu ($95.73 in chips)
Seat 4: MTails ($174.02 in chips)
HaekJiu: posts small blind $1
MTails: posts big blind $3
*** HOLE CARDS ***
HaekJiu: raises $3 to $6
MTails: calls $3
*** FLOP *** [Js 8s Ad]
MTails: checks
HaekJiu: checks
*** TURN *** [Js 8s Ad] [4s]
MTails: checks
HaekJiu: bets $6
MTails: calls $6
*** RIVER *** [Js 8s Ad 4s] [3d]
MTails: checks
HaekJiu: bets $6
MTails: calls $6
*** SHOW DOWN ***
HaekJiu: shows [Ac 7d] (a pair of Aces)
MTails: mucks hand
HaekJiu collected $35.50 from pot
*** SUMMARY ***
Total pot $36 | Rake $0.50
Board [Js 8s Ad 4s 3d]
Seat 3: HaekJiu (button) (small blind) showed [Ac 7d] and won ($35.50) with a pair of Aces
Seat 4: MTails (big blind) mucked


PokerStars Hand #149650185979:  Hold'em Limit ($3/$6 USD) - 2016/02/29 23:37:38 ET
Table 'Themis' 6-max Seat #4 is the button
Seat 3: HaekJiu ($113.23 in chips)
Seat 4: MTails ($156.02 in chips)
MTails: posts small blind $1
HaekJiu: posts big blind $3
*** HOLE CARDS ***
MTails: raises $3 to $6
HaekJiu: raises $3 to $9
MTails: calls $3
*** FLOP *** [Qs Ah Qc]
HaekJiu: bets $3
MTails: folds
Uncalled bet ($3) returned to HaekJiu
HaekJiu collected $17.64 from pot
HaekJiu: doesn't show hand
*** SUMMARY ***
Total pot $18 | Rake $0.36
Board [Qs Ah Qc]
Seat 3: HaekJiu (big blind) collected ($17.64)
Seat 4: MTails (button) (small blind) folded on the Flop


PokerStars Hand #149650169357:  Hold'em Limit ($3/$6 USD) - 2016/02/29 23:36:43 ET
Table 'Themis' 6-max Seat #3 is the button
Seat 3: HaekJiu ($114.23 in chips)
Seat 4: MTails ($156.76 in chips)
HaekJiu: posts small blind $1
MTails: posts big blind $3
*** HOLE CARDS ***
HaekJiu: raises $3 to $6
MTails: calls $3
*** FLOP *** [Kd 8c 2h]
MTails: checks
HaekJiu: checks
*** TURN *** [Kd 8c 2h] [Tc]
MTails: bets $6
HaekJiu: calls $6
*** RIVER *** [Kd 8c 2h Tc] [8h]
MTails: bets $6
HaekJiu: calls $6
*** SHOW DOWN ***
MTails: shows [2d 9s] (two pair, Eights and Deuces)
HaekJiu: shows [Jc Td] (two pair, Tens and Eights)
HaekJiu collected $35.50 from pot
*** SUMMARY ***
Total pot $36 | Rake $0.50
Board [Kd 8c 2h Tc 8h]
Seat 3: HaekJiu (button) (small blind) showed [Jc Td] and won ($35.50) with two pair, Tens and Eights
Seat 4: MTails (big blind) showed [2d 9s] and lost with two pair, Eights and Deuces


PokerStars Hand #149650188490:  Hold'em Limit ($3/$6 USD) - 2016/02/29 23:37:46 ET
Table 'Themis' 6-max Seat #3 is the button
Seat 3: HaekJiu ($121.87 in chips)
Seat 4: MTails ($147.02 in chips)
HaekJiu: posts small blind $1
MTails: posts big blind $3
*** HOLE CARDS ***
HaekJiu: raises $3 to $6
MTails: calls $3
*** FLOP *** [Qh Qs 9s]
MTails: checks
HaekJiu: checks
*** TURN *** [Qh Qs 9s] [Qd]
MTails: checks
HaekJiu: checks
*** RIVER *** [Qh Qs 9s Qd] [4c]
MTails: checks
HaekJiu: checks
*** SHOW DOWN ***
MTails: shows [3c 8c] (three of a kind, Queens)
HaekJiu: shows [7c Ts] (three of a kind, Queens - Ten kicker)
HaekJiu collected $11.76 from pot
*** SUMMARY ***
Total pot $12 | Rake $0.24
Board [Qh Qs 9s Qd 4c]
Seat 3: HaekJiu (button) (small blind) showed [7c Ts] and won ($11.76) with three of a kind, Queens
Seat 4: MTails (big blind) showed [3c 8c] and lost with three of a kind, Queens


PokerStars Hand #149650196712:  Hold'em Limit ($3/$6 USD) - 2016/02/29 23:38:14 ET
Table 'Themis' 6-max Seat #3 is the button
Seat 3: HaekJiu ($157.13 in chips)
Seat 4: MTails ($111.02 in chips)
HaekJiu: posts small blind $1
MTails: posts big blind $3
*** HOLE CARDS ***
HaekJiu: raises $3 to $6
MTails: calls $3
*** FLOP *** [Js 2s Ac]
MTails: checks
HaekJiu: checks
*** TURN *** [Js 2s Ac] [5d]
MTails: bets $6
HaekJiu: calls $6
*** RIVER *** [Js 2s Ac 5d] [2h]
MTails: checks
HaekJiu: checks
*** SHOW DOWN ***
MTails: shows [Kc 4h] (a pair of Deuces)
HaekJiu: mucks hand
MTails collected $23.52 from pot
*** SUMMARY ***
Total pot $24 | Rake $0.48
Board [Js 2s Ac 5d 2h]
Seat 3: HaekJiu (button) (small blind) mucked
Seat 4: MTails (big blind) showed [Kc 4h] and won ($23.52) with a pair of Deuces


PokerStars Hand #149650200264:  Hold'em Limit ($3/$6 USD) - 2016/02/29 23:38:26 ET
Table 'Themis' 6-max Seat #4 is the button
Seat 3: HaekJiu ($145.13 in chips)
Seat 4: MTails ($122.54 in chips)
MTails: posts small blind $1
HaekJiu: posts big blind $3
*** HOLE CARDS ***
MTails: raises $3 to $6
HaekJiu: calls $3
*** FLOP *** [9d 2s Ad]
HaekJiu: checks
MTails: bets $3
HaekJiu: raises $3 to $6
MTails: calls $3
*** TURN *** [9d 2s Ad] [8c]
HaekJiu: bets $6
MTails: calls $6
*** RIVER *** [9d 2s Ad 8c] [7d]
HaekJiu: bets $6
MTails: calls $6
*** SHOW DOWN ***
HaekJiu: shows [Jd 9c] (a pair of Nines)
MTails: mucks hand
HaekJiu collected $47.50 from pot
*** SUMMARY ***
Total pot $48 | Rake $0.50
Board [9d 2s Ad 8c 7d]
Seat 3: HaekJiu (big blind) showed [Jd 9c] and won ($47.50) with a pair of Nines
Seat 4: MTails (button) (small blind) mucked


PokerStars Hand #149650192068:  Hold'em Limit ($3/$6 USD) - 2016/02/29 23:37:58 ET
Table 'Themis' 6-max Seat #4 is the button
Seat 3: HaekJiu ($127.63 in chips)
Seat 4: MTails ($141.02 in chips)
MTails: posts small blind $1
HaekJiu: posts big blind $3
*** HOLE CARDS ***
MTails: raises $3 to $6
HaekJiu: raises $3 to $9
MTails: calls $3
*** FLOP *** [9c Tc 5c]
HaekJiu: bets $3
MTails: calls $3
*** TURN *** [9c Tc 5c] [7h]
HaekJiu: bets $6
MTails: raises $6 to $12
HaekJiu: raises $6 to $18
MTails: calls $6
*** RIVER *** [9c Tc 5c 7h] [Kd]
HaekJiu: bets $6
MTails: folds
Uncalled bet ($6) returned to HaekJiu
HaekJiu collected $59.50 from pot
HaekJiu: doesn't show hand
*** SUMMARY ***
Total pot $60 | Rake $0.50
Board [9c Tc 5c 7h Kd]
Seat 3: HaekJiu (big blind) collected ($59.50)
Seat 4: MTails (button) (small blind) folded on the River


PokerStars Hand #149650215864:  Hold'em Limit ($3/$6 USD) - 2016/02/29 23:39:18 ET
Table 'Themis' 6-max Seat #4 is the button
Seat 3: HaekJiu ($197.63 in chips)
Seat 4: MTails ($128.30 in chips)
MTails: posts small blind $1
HaekJiu: posts big blind $3
*** HOLE CARDS ***
MTails: raises $3 to $6
HaekJiu: folds
Uncalled bet ($3) returned to MTails
MTails collected $6 from pot
MTails: doesn't show hand
*** SUMMARY ***
Total pot $6 | Rake $0
Seat 3: HaekJiu (big blind) folded before Flop
Seat 4: MTails (button) (small blind) collected ($6)


PokerStars Hand #149650220769:  Hold'em Limit ($3/$6 USD) - 2016/02/29 23:39:35 ET
Table 'Themis' 6-max Seat #4 is the button
Seat 3: HaekJiu ($182.63 in chips)
Seat 4: MTails ($142.82 in chips)
MTails: posts small blind $1
HaekJiu: posts big blind $3
*** HOLE CARDS ***
MTails: folds
Uncalled bet ($2) returned to HaekJiu
HaekJiu collected $2 from pot
HaekJiu: doesn't show hand
*** SUMMARY ***
Total pot $2 | Rake $0
Seat 3: HaekJiu (big blind) collected ($2)
Seat 4: MTails (button) (small blind) folded before Flop


PokerStars Hand #149650217250:  Hold'em Limit ($3/$6 USD) - 2016/02/29 23:39:23 ET
Table 'Themis' 6-max Seat #3 is the button
Seat 3: HaekJiu ($194.63 in chips)
Seat 4: MTails ($131.30 in chips)
HaekJiu: posts small blind $1
MTails: posts big blind $3
*** HOLE CARDS ***
HaekJiu: raises $3 to $6
MTails: calls $3
*** FLOP *** [2h 3c 4c]
MTails: checks
HaekJiu: checks
*** TURN *** [2h 3c 4c] [Th]
MTails: bets $6
HaekJiu: calls $6
*** RIVER *** [2h 3c 4c Th] [4d]
MTails: bets $6
HaekJiu: folds
Uncalled bet ($6) returned to MTails
MTails collected $23.52 from pot
*** SUMMARY ***
Total pot $24 | Rake $0.48
Board [2h 3c 4c Th 4d]
Seat 3: HaekJiu (button) (small blind) folded on the River
Seat 4: MTails (big blind) collected ($23.52)


PokerStars Hand #149650222160:  Hold'em Limit ($3/$6 USD) - 2016/02/29 23:39:40 ET
Table 'Themis' 6-max Seat #3 is the button
Seat 3: HaekJiu ($183.63 in chips)
Seat 4: MTails ($141.82 in chips)
HaekJiu: posts small blind $1
MTails: posts big blind $3
*** HOLE CARDS ***
HaekJiu: raises $3 to $6
MTails: calls $3
*** FLOP *** [3d 8h Kh]
MTails: checks
HaekJiu: checks
*** TURN *** [3d 8h Kh] [2h]
MTails: bets $6
HaekJiu: folds
Uncalled bet ($6) returned to MTails
MTails collected $11.76 from pot
*** SUMMARY ***
Total pot $12 | Rake $0.24
Board [3d 8h Kh 2h]
Seat 3: HaekJiu (button) (small blind) folded on the Turn
Seat 4: MTails (big blind) collected ($11.76)


PokerStars Hand #149650209068:  Hold'em Limit ($3/$6 USD) - 2016/02/29 23:38:56 ET
Table 'Themis' 6-max Seat #4 is the button
Seat 3: HaekJiu ($186.13 in chips)
Seat 4: MTails ($80.54 in chips)
MTails: posts small blind $1
HaekJiu: posts big blind $3
*** HOLE CARDS ***
MTails: raises $3 to $6
HaekJiu: calls $3
*** FLOP *** [6d 4c 5h]
HaekJiu: checks
MTails: bets $3
HaekJiu: raises $3 to $6
MTails: calls $3
*** TURN *** [6d 4c 5h] [Kc]
HaekJiu: bets $6
MTails: calls $6
*** RIVER *** [6d 4c 5h Kc] [9c]
HaekJiu: bets $6
MTails: folds
Uncalled bet ($6) returned to HaekJiu
HaekJiu collected $35.50 from pot
HaekJiu: doesn't show hand
*** SUMMARY ***
Total pot $36 | Rake $0.50
Board [6d 4c 5h Kc 9c]
Seat 3: HaekJiu (big blind) collected ($35.50)
Seat 4: MTails (button) (small blind) folded on the River


PokerStars Hand #149650204904:  Hold'em Limit ($3/$6 USD) - 2016/02/29 23:38:42 ET
Table 'Themis' 6-max Seat #3 is the button
Seat 3: HaekJiu ($168.63 in chips)
Seat 4: MTails ($98.54 in chips)
HaekJiu: posts small blind $1
MTails: posts big blind $3
*** HOLE CARDS ***
HaekJiu: raises $3 to $6
MTails: calls $3
*** FLOP *** [8h As Qh]
MTails: checks
HaekJiu: checks
*** TURN *** [8h As Qh] [Js]
MTails: bets $6
HaekJiu: raises $6 to $12
MTails: calls $6
*** RIVER *** [8h As Qh Js] [5d]
MTails: checks
HaekJiu: bets $6
MTails: folds
Uncalled bet ($6) returned to HaekJiu
HaekJiu collected $35.50 from pot
HaekJiu: doesn't show hand
*** SUMMARY ***
Total pot $36 | Rake $0.50
Board [8h As Qh Js 5d]
Seat 3: HaekJiu (button) (small blind) collected ($35.50)
Seat 4: MTails (big blind) folded on the River


PokerStars Hand #149650213159:  Hold'em Limit ($3/$6 USD) - 2016/02/29 23:39:09 ET
Table 'Themis' 6-max Seat #3 is the button
Seat 3: HaekJiu ($203.63 in chips)
Seat 4: MTails ($122.54 in chips)
HaekJiu: posts small blind $1
MTails: posts big blind $3
*** HOLE CARDS ***
HaekJiu: raises $3 to $6
MTails: calls $3
*** FLOP *** [8d 8c 4h]
MTails: checks
HaekJiu: checks
*** TURN *** [8d 8c 4h] [9d]
MTails: bets $6
HaekJiu: folds
Uncalled bet ($6) returned to MTails
MTails collected $11.76 from pot
*** SUMMARY ***
Total pot $12 | Rake $0.24
Board [8d 8c 4h 9d]
Seat 3: HaekJiu (button) (small blind) folded on the Turn
Seat 4: MTails (big blind) collected ($11.76)


PokerStars Hand #149650238027:  Hold'em Limit ($3/$6 USD) - 2016/02/29 23:40:34 ET
Table 'Themis' 6-max Seat #3 is the button
Seat 3: HaekJiu ($156.63 in chips)
Seat 4: MTails ($167.86 in chips)
HaekJiu: posts small blind $1
MTails: posts big blind $3
*** HOLE CARDS ***
HaekJiu: raises $3 to $6
MTails: calls $3
*** FLOP *** [Ac 5s Qh]
MTails: checks
HaekJiu: bets $3
MTails: calls $3
*** TURN *** [Ac 5s Qh] [6c]
MTails: checks
HaekJiu: bets $6
MTails: raises $6 to $12
HaekJiu: calls $6
*** RIVER *** [Ac 5s Qh 6c] [8h]
MTails: bets $6
HaekJiu: calls $6
*** SHOW DOWN ***
MTails: shows [6d Qd] (two pair, Queens and Sixes)
HaekJiu: mucks hand
MTails collected $53.50 from pot
*** SUMMARY ***
Total pot $54 | Rake $0.50
Board [Ac 5s Qh 6c 8h]
Seat 3: HaekJiu (button) (small blind) mucked
Seat 4: MTails (big blind) showed [6d Qd] and won ($53.50) with two pair, Queens and Sixes


PokerStars Hand #149650230132:  Hold'em Limit ($3/$6 USD) - 2016/02/29 23:40:07 ET
Table 'Themis' 6-max Seat #3 is the button
Seat 3: HaekJiu ($171.63 in chips)
Seat 4: MTails ($153.34 in chips)
HaekJiu: posts small blind $1
MTails: posts big blind $3
*** HOLE CARDS ***
HaekJiu: raises $3 to $6
MTails: calls $3
*** FLOP *** [9h 4d 7s]
MTails: checks
HaekJiu: checks
*** TURN *** [9h 4d 7s] [8c]
MTails: bets $6
HaekJiu: calls $6
*** RIVER *** [9h 4d 7s 8c] [6c]
MTails: bets $6
HaekJiu: folds
Uncalled bet ($6) returned to MTails
MTails collected $23.52 from pot
*** SUMMARY ***
Total pot $24 | Rake $0.48
Board [9h 4d 7s 8c 6c]
Seat 3: HaekJiu (button) (small blind) folded on the River
Seat 4: MTails (big blind) collected ($23.52)


PokerStars Hand #149650235067:  Hold'em Limit ($3/$6 USD) - 2016/02/29 23:40:24 ET
Table 'Themis' 6-max Seat #3 is the button
Seat 3: HaekJiu ($156.63 in chips)
Seat 4: MTails ($167.86 in chips)
HaekJiu: posts small blind $1
MTails: posts big blind $3
*** HOLE CARDS ***
HaekJiu: raises $3 to $6
MTails: folds
Uncalled bet ($3) returned to HaekJiu
HaekJiu collected $6 from pot
HaekJiu: doesn't show hand
*** SUMMARY ***
Total pot $6 | Rake $0
Seat 3: HaekJiu (button) (small blind) collected ($6)
Seat 4: MTails (big blind) folded before Flop


PokerStars Hand #149650233687:  Hold'em Limit ($3/$6 USD) - 2016/02/29 23:40:19 ET
Table 'Themis' 6-max Seat #4 is the button
Seat 3: HaekJiu ($159.63 in chips)
Seat 4: MTails ($164.86 in chips)
MTails: posts small blind $1
HaekJiu: posts big blind $3
*** HOLE CARDS ***
MTails: raises $3 to $6
HaekJiu: folds
Uncalled bet ($3) returned to MTails
MTails collected $6 from pot
MTails: doesn't show hand
*** SUMMARY ***
Total pot $6 | Rake $0
Seat 3: HaekJiu (big blind) folded before Flop
Seat 4: MTails (button) (small blind) collected ($6)


PokerStars Hand #149650236532:  Hold'em Limit ($3/$6 USD) - 2016/02/29 23:40:29 ET
Table 'Themis' 6-max Seat #4 is the button
Seat 3: HaekJiu ($159.63 in chips)
Seat 4: MTails ($164.86 in chips)
MTails: posts small blind $1
HaekJiu: posts big blind $3
*** HOLE CARDS ***
MTails: raises $3 to $6
HaekJiu: folds
Uncalled bet ($3) returned to MTails
MTails collected $6 from pot
*** SUMMARY ***
Total pot $6 | Rake $0
Seat 3: HaekJiu (big blind) folded before Flop
Seat 4: MTails (button) (small blind) collected ($6)


PokerStars Hand #149650226273:  Hold'em Limit ($3/$6 USD) - 2016/02/29 23:39:54 ET
Table 'Themis' 6-max Seat #3 is the button
Seat 3: HaekJiu ($174.63 in chips)
Seat 4: MTails ($150.58 in chips)
HaekJiu: posts small blind $1
MTails: posts big blind $3
*** HOLE CARDS ***
HaekJiu: raises $3 to $6
MTails: folds
Uncalled bet ($3) returned to HaekJiu
HaekJiu collected $6 from pot
HaekJiu: doesn't show hand
*** SUMMARY ***
Total pot $6 | Rake $0
Seat 3: HaekJiu (button) (small blind) collected ($6)
Seat 4: MTails (big blind) folded before Flop


PokerStars Hand #149650224706:  Hold'em Limit ($3/$6 USD) - 2016/02/29 23:39:49 ET
Table 'Themis' 6-max Seat #4 is the button
Seat 3: HaekJiu ($177.63 in chips)
Seat 4: MTails ($147.58 in chips)
MTails: posts small blind $1
HaekJiu: posts big blind $3
*** HOLE CARDS ***
MTails: raises $3 to $6
HaekJiu: folds
Uncalled bet ($3) returned to MTails
MTails collected $6 from pot
MTails: doesn't show hand
*** SUMMARY ***
Total pot $6 | Rake $0
Seat 3: HaekJiu (big blind) folded before Flop
Seat 4: MTails (button) (small blind) collected ($6)


PokerStars Hand #149650227796:  Hold'em Limit ($3/$6 USD) - 2016/02/29 23:39:59 ET
Table 'Themis' 6-max Seat #4 is the button
Seat 3: HaekJiu ($177.63 in chips)
Seat 4: MTails ($147.58 in chips)
MTails: posts small blind $1
HaekJiu: posts big blind $3
*** HOLE CARDS ***
MTails: raises $3 to $6
HaekJiu: calls $3
*** FLOP *** [4h Kd 3d]
HaekJiu: checks
MTails: bets $3
HaekJiu: folds
Uncalled bet ($3) returned to MTails
MTails collected $11.76 from pot
MTails: doesn't show hand
*** SUMMARY ***
Total pot $12 | Rake $0.24
Board [4h Kd 3d]
Seat 3: HaekJiu (big blind) folded on the Flop
Seat 4: MTails (button) (small blind) collected ($11.76)


PokerStars Hand #149650245384:  Hold'em Limit ($3/$6 USD) - 2016/02/29 23:40:59 ET
Table 'Themis' 6-max Seat #4 is the button
Seat 3: HaekJiu ($125.63 in chips)
Seat 4: MTails ($198.36 in chips)
MTails: posts small blind $1
HaekJiu: posts big blind $3
*** HOLE CARDS ***
MTails: raises $3 to $6
HaekJiu: calls $3
*** FLOP *** [9c 3s 6h]
HaekJiu: checks
MTails: bets $3
HaekJiu: calls $3
*** TURN *** [9c 3s 6h] [Kc]
HaekJiu: checks
MTails: checks
*** RIVER *** [9c 3s 6h Kc] [7h]
HaekJiu: bets $6
MTails: calls $6
*** SHOW DOWN ***
HaekJiu: shows [Kh Ts] (a pair of Kings)
MTails: mucks hand
HaekJiu collected $29.50 from pot
*** SUMMARY ***
Total pot $30 | Rake $0.50
Board [9c 3s 6h Kc 7h]
Seat 3: HaekJiu (big blind) showed [Kh Ts] and won ($29.50) with a pair of Kings
Seat 4: MTails (button) (small blind) mucked


PokerStars Hand #149650252552:  Hold'em Limit ($3/$6 USD) - 2016/02/29 23:41:23 ET
Table 'Themis' 6-max Seat #4 is the button
Seat 3: HaekJiu ($148.77 in chips)
Seat 4: MTails ($174.36 in chips)
MTails: posts small blind $1
HaekJiu: posts big blind $3
*** HOLE CARDS ***
MTails: raises $3 to $6
HaekJiu: calls $3
*** FLOP *** [3d As Qc]
HaekJiu: checks
MTails: bets $3
HaekJiu: folds
Uncalled bet ($3) returned to MTails
MTails collected $11.76 from pot
*** SUMMARY ***
Total pot $12 | Rake $0.24
Board [3d As Qc]
Seat 3: HaekJiu (big blind) folded on the Flop
Seat 4: MTails (button) (small blind) collected ($11.76)


PokerStars Hand #149650249046:  Hold'em Limit ($3/$6 USD) - 2016/02/29 23:41:11 ET
Table 'Themis' 6-max Seat #3 is the button
Seat 3: HaekJiu ($140.13 in chips)
Seat 4: MTails ($183.36 in chips)
HaekJiu: posts small blind $1
MTails: posts big blind $3
*** HOLE CARDS ***
HaekJiu: raises $3 to $6
MTails: calls $3
*** FLOP *** [5s Kd Ks]
MTails: checks
HaekJiu: bets $3
MTails: calls $3
*** TURN *** [5s Kd Ks] [8c]
MTails: checks
HaekJiu: bets $6
MTails: folds
Uncalled bet ($6) returned to HaekJiu
HaekJiu collected $17.64 from pot
HaekJiu: doesn't show hand
*** SUMMARY ***
Total pot $18 | Rake $0.36
Board [5s Kd Ks 8c]
Seat 3: HaekJiu (button) (small blind) collected ($17.64)
Seat 4: MTails (big blind) folded on the Turn


PokerStars Hand #149650254763:  Hold'em Limit ($3/$6 USD) - 2016/02/29 23:41:30 ET
Table 'Themis' 6-max Seat #3 is the button
Seat 3: HaekJiu ($142.77 in chips)
Seat 4: MTails ($180.12 in chips)
HaekJiu: posts small blind $1
MTails: posts big blind $3
*** HOLE CARDS ***
HaekJiu: raises $3 to $6
MTails: raises $3 to $9
HaekJiu: calls $3
*** FLOP *** [8c Js 7h]
MTails: bets $3
HaekJiu: calls $3
*** TURN *** [8c Js 7h] [Qd]
MTails: bets $6
HaekJiu: folds
Uncalled bet ($6) returned to MTails
MTails collected $23.52 from pot
*** SUMMARY ***
Total pot $24 | Rake $0.48
Board [8c Js 7h Qd]
Seat 3: HaekJiu (button) (small blind) folded on the Turn
Seat 4: MTails (big blind) collected ($23.52)


PokerStars Hand #149650257733:  Hold'em Limit ($3/$6 USD) - 2016/02/29 23:41:40 ET
Table 'Themis' 6-max Seat #4 is the button
Seat 3: HaekJiu ($130.77 in chips)
Seat 4: MTails ($191.64 in chips)
MTails: posts small blind $1
HaekJiu: posts big blind $3
*** HOLE CARDS ***
MTails: folds
Uncalled bet ($2) returned to HaekJiu
HaekJiu collected $2 from pot
HaekJiu: doesn't show hand
*** SUMMARY ***
Total pot $2 | Rake $0
Seat 3: HaekJiu (big blind) collected ($2)
Seat 4: MTails (button) (small blind) folded before Flop


PokerStars Hand #149650243884:  Hold'em Limit ($3/$6 USD) - 2016/02/29 23:40:54 ET
Table 'Themis' 6-max Seat #3 is the button
Seat 3: HaekJiu ($126.63 in chips)
Seat 4: MTails ($197.36 in chips)
HaekJiu: posts small blind $1
MTails: posts big blind $3
*** HOLE CARDS ***
HaekJiu: folds
Uncalled bet ($2) returned to MTails
MTails collected $2 from pot
MTails: doesn't show hand
*** SUMMARY ***
Total pot $2 | Rake $0
Seat 3: HaekJiu (button) (small blind) folded before Flop
Seat 4: MTails (big blind) collected ($2)


PokerStars Hand #149650242570:  Hold'em Limit ($3/$6 USD) - 2016/02/29 23:40:49 ET
Table 'Themis' 6-max Seat #4 is the button
Seat 3: HaekJiu ($129.63 in chips)
Seat 4: MTails ($194.36 in chips)
MTails: posts small blind $1
HaekJiu: posts big blind $3
*** HOLE CARDS ***
MTails: raises $3 to $6
HaekJiu: folds
Uncalled bet ($3) returned to MTails
MTails collected $6 from pot
*** SUMMARY ***
Total pot $6 | Rake $0
Seat 3: HaekJiu (big blind) folded before Flop
Seat 4: MTails (button) (small blind) collected ($6)


PokerStars Hand #149650259006:  Hold'em Limit ($3/$6 USD) - 2016/02/29 23:41:45 ET
Table 'Themis' 6-max Seat #3 is the button
Seat 3: HaekJiu ($131.77 in chips)
Seat 4: MTails ($190.64 in chips)
HaekJiu: posts small blind $1
MTails: posts big blind $3
*** HOLE CARDS ***
HaekJiu: raises $3 to $6
MTails: calls $3
*** FLOP *** [Ah Kd Ts]
MTails: checks
HaekJiu: checks
*** TURN *** [Ah Kd Ts] [Qc]
MTails: checks
HaekJiu: checks
*** RIVER *** [Ah Kd Ts Qc] [9c]
MTails: bets $6
HaekJiu: calls $6
*** SHOW DOWN ***
MTails: shows [3d Kh] (a pair of Kings)
HaekJiu: shows [Ks Ac] (two pair, Aces and Kings)
HaekJiu collected $23.52 from pot
*** SUMMARY ***
Total pot $24 | Rake $0.48
Board [Ah Kd Ts Qc 9c]
Seat 3: HaekJiu (button) (small blind) showed [Ks Ac] and won ($23.52) with two pair, Aces and Kings
Seat 4: MTails (big blind) showed [3d Kh] and lost with a pair of Kings


PokerStars Hand #149650266567:  Hold'em Limit ($3/$6 USD) - 2016/02/29 23:42:10 ET
Table 'Themis' 6-max Seat #3 is the button
Seat 3: HaekJiu ($157.79 in chips)
Seat 4: MTails ($163.64 in chips)
HaekJiu: posts small blind $1
MTails: posts big blind $3
*** HOLE CARDS ***
HaekJiu: raises $3 to $6
MTails: raises $3 to $9
HaekJiu: calls $3
*** FLOP *** [2h Js 9c]
MTails: bets $3
HaekJiu: calls $3
*** TURN *** [2h Js 9c] [6c]
MTails: checks
HaekJiu: bets $6
MTails: raises $6 to $12
HaekJiu: calls $6
*** RIVER *** [2h Js 9c 6c] [4s]
MTails: bets $6
HaekJiu: calls $6
*** SHOW DOWN ***
MTails: shows [Tc Td] (a pair of Tens)
HaekJiu: mucks hand
MTails collected $59.50 from pot
*** SUMMARY ***
Total pot $60 | Rake $0.50
Board [2h Js 9c 6c 4s]
Seat 3: HaekJiu (button) (small blind) mucked
Seat 4: MTails (big blind) showed [Tc Td] and won ($59.50) with a pair of Tens


PokerStars Hand #149650272749:  Hold'em Limit ($3/$6 USD) - 2016/02/29 23:42:31 ET
Table 'Themis' 6-max Seat #3 is the button
Seat 3: HaekJiu ($124.79 in chips)
Seat 4: MTails ($196.14 in chips)
HaekJiu: posts small blind $1
MTails: posts big blind $3
*** HOLE CARDS ***
HaekJiu: folds
Uncalled bet ($2) returned to MTails
MTails collected $2 from pot
MTails: doesn't show hand
*** SUMMARY ***
Total pot $2 | Rake $0
Seat 3: HaekJiu (button) (small blind) folded before Flop
Seat 4: MTails (big blind) collected ($2)


PokerStars Hand #149650271344:  Hold'em Limit ($3/$6 USD) - 2016/02/29 23:42:27 ET
Table 'Themis' 6-max Seat #4 is the button
Seat 3: HaekJiu ($127.79 in chips)
Seat 4: MTails ($193.14 in chips)
MTails: posts small blind $1
HaekJiu: posts big blind $3
*** HOLE CARDS ***
MTails: raises $3 to $6
HaekJiu: folds
Uncalled bet ($3) returned to MTails
MTails collected $6 from pot
*** SUMMARY ***
Total pot $6 | Rake $0
Seat 3: HaekJiu (big blind) folded before Flop
Seat 4: MTails (button) (small blind) collected ($6)


PokerStars Hand #149650274136:  Hold'em Limit ($3/$6 USD) - 2016/02/29 23:42:36 ET
Table 'Themis' 6-max Seat #4 is the button
Seat 3: HaekJiu ($123.79 in chips)
Seat 4: MTails ($197.14 in chips)
MTails: posts small blind $1
HaekJiu: posts big blind $3
*** HOLE CARDS ***
MTails: raises $3 to $6
HaekJiu: raises $3 to $9
MTails: calls $3
*** FLOP *** [8d Th 7h]
HaekJiu: bets $3
MTails: raises $3 to $6
HaekJiu: calls $3
*** TURN *** [8d Th 7h] [6c]
HaekJiu: checks
MTails: bets $6
HaekJiu: folds
Uncalled bet ($6) returned to MTails
MTails collected $29.50 from pot
*** SUMMARY ***
Total pot $30 | Rake $0.50
Board [8d Th 7h 6c]
Seat 3: HaekJiu (big blind) folded on the Turn
Seat 4: MTails (button) (small blind) collected ($29.50)


PokerStars Hand #149650262462:  Hold'em Limit ($3/$6 USD) - 2016/02/29 23:41:56 ET
Table 'Themis' 6-max Seat #4 is the button
Seat 3: HaekJiu ($143.29 in chips)
Seat 4: MTails ($178.64 in chips)
MTails: posts small blind $1
HaekJiu: posts big blind $3
*** HOLE CARDS ***
MTails: raises $3 to $6
HaekJiu: raises $3 to $9
MTails: calls $3
*** FLOP *** [7h 8c 4h]
HaekJiu: bets $3
MTails: raises $3 to $6
HaekJiu: calls $3
*** TURN *** [7h 8c 4h] [4s]
HaekJiu: checks
MTails: checks
*** RIVER *** [7h 8c 4h 4s] [Td]
HaekJiu: checks
MTails: checks
*** SHOW DOWN ***
HaekJiu: shows [Ah Qh] (a pair of Fours)
MTails: mucks hand
HaekJiu collected $29.50 from pot
*** SUMMARY ***
Total pot $30 | Rake $0.50
Board [7h 8c 4h 4s Td]
Seat 3: HaekJiu (big blind) showed [Ah Qh] and won ($29.50) with a pair of Fours
Seat 4: MTails (button) (small blind) mucked


PokerStars Hand #149650287167:  Hold'em Limit ($3/$6 USD) - 2016/02/29 23:43:20 ET
Table 'Themis' 6-max Seat #4 is the button
Seat 3: HaekJiu ($81.79 in chips)
Seat 4: MTails ($237.90 in chips)
MTails: posts small blind $1
HaekJiu: posts big blind $3
*** HOLE CARDS ***
MTails: raises $3 to $6
HaekJiu: calls $3
*** FLOP *** [2h Qs Jh]
HaekJiu: checks
MTails: bets $3
HaekJiu: folds
Uncalled bet ($3) returned to MTails
MTails collected $11.76 from pot
*** SUMMARY ***
Total pot $12 | Rake $0.24
Board [2h Qs Jh]
Seat 3: HaekJiu (big blind) folded on the Flop
Seat 4: MTails (button) (small blind) collected ($11.76)


PokerStars Hand #149650289488:  Hold'em Limit ($3/$6 USD) - 2016/02/29 23:43:28 ET
Table 'Themis' 6-max Seat #3 is the button
Seat 3: HaekJiu ($75.79 in chips)
Seat 4: MTails ($243.66 in chips)
HaekJiu: posts small blind $1
MTails: posts big blind $3
*** HOLE CARDS ***
HaekJiu: raises $3 to $6
MTails: calls $3
*** FLOP *** [Qh 8c Th]
MTails: checks
HaekJiu: bets $3
MTails: calls $3
*** TURN *** [Qh 8c Th] [4d]
MTails: checks
HaekJiu: checks
*** RIVER *** [Qh 8c Th 4d] [8h]
MTails: checks
HaekJiu: checks
*** SHOW DOWN ***
MTails: shows [5d Ah] (a pair of Eights)
HaekJiu: mucks hand
MTails collected $17.64 from pot
*** SUMMARY ***
Total pot $18 | Rake $0.36
Board [Qh 8c Th 4d 8h]
Seat 3: HaekJiu (button) (small blind) mucked
Seat 4: MTails (big blind) showed [5d Ah] and won ($17.64) with a pair of Eights


PokerStars Hand #149650294745:  Hold'em Limit ($3/$6 USD) - 2016/02/29 23:43:46 ET
Table 'Themis' 6-max Seat #3 is the button
Seat 3: HaekJiu ($63.79 in chips)
Seat 4: MTails ($255.30 in chips)
HaekJiu: posts small blind $1
MTails: posts big blind $3
*** HOLE CARDS ***
HaekJiu: raises $3 to $6
MTails: folds
Uncalled bet ($3) returned to HaekJiu
HaekJiu collected $6 from pot
HaekJiu: doesn't show hand
*** SUMMARY ***
Total pot $6 | Rake $0
Seat 3: HaekJiu (button) (small blind) collected ($6)
Seat 4: MTails (big blind) folded before Flop


PokerStars Hand #149650293208:  Hold'em Limit ($3/$6 USD) - 2016/02/29 23:43:40 ET
Table 'Themis' 6-max Seat #4 is the button
Seat 3: HaekJiu ($66.79 in chips)
Seat 4: MTails ($252.30 in chips)
MTails: posts small blind $1
HaekJiu: posts big blind $3
*** HOLE CARDS ***
MTails: raises $3 to $6
HaekJiu: folds
Uncalled bet ($3) returned to MTails
MTails collected $6 from pot
*** SUMMARY ***
Total pot $6 | Rake $0
Seat 3: HaekJiu (big blind) folded before Flop
Seat 4: MTails (button) (small blind) collected ($6)


PokerStars Hand #149650281924:  Hold'em Limit ($3/$6 USD) - 2016/02/29 23:43:02 ET
Table 'Themis' 6-max Seat #4 is the button
Seat 3: HaekJiu ($102.79 in chips)
Seat 4: MTails ($217.40 in chips)
MTails: posts small blind $1
HaekJiu: posts big blind $3
*** HOLE CARDS ***
MTails: raises $3 to $6
HaekJiu: folds
Uncalled bet ($3) returned to MTails
MTails collected $6 from pot
*** SUMMARY ***
Total pot $6 | Rake $0
Seat 3: HaekJiu (big blind) folded before Flop
Seat 4: MTails (button) (small blind) collected ($6)


PokerStars Hand #149650277856:  Hold'em Limit ($3/$6 USD) - 2016/02/29 23:42:49 ET
Table 'Themis' 6-max Seat #3 is the button
Seat 3: HaekJiu ($108.79 in chips)
Seat 4: MTails ($211.64 in chips)
HaekJiu: posts small blind $1
MTails: posts big blind $3
*** HOLE CARDS ***
HaekJiu: raises $3 to $6
MTails: calls $3
*** FLOP *** [5s 9s 2c]
MTails: checks
HaekJiu: checks
*** TURN *** [5s 9s 2c] [2d]
MTails: checks
HaekJiu: checks
*** RIVER *** [5s 9s 2c 2d] [Ac]
MTails: checks
HaekJiu: checks
*** SHOW DOWN ***
MTails: shows [Th 2h] (three of a kind, Deuces)
HaekJiu: mucks hand
MTails collected $11.76 from pot
*** SUMMARY ***
Total pot $12 | Rake $0.24
Board [5s 9s 2c 2d Ac]
Seat 3: HaekJiu (button) (small blind) mucked
Seat 4: MTails (big blind) showed [Th 2h] and won ($11.76) with three of a kind, Deuces


PokerStars Hand #149650283448:  Hold'em Limit ($3/$6 USD) - 2016/02/29 23:43:07 ET
Table 'Themis' 6-max Seat #3 is the button
Seat 3: HaekJiu ($99.79 in chips)
Seat 4: MTails ($220.40 in chips)
HaekJiu: posts small blind $1
MTails: posts big blind $3
*** HOLE CARDS ***
HaekJiu: raises $3 to $6
MTails: calls $3
*** FLOP *** [4s Ks 6s]
MTails: checks
HaekJiu: checks
*** TURN *** [4s Ks 6s] [3d]
MTails: bets $6
HaekJiu: calls $6
*** RIVER *** [4s Ks 6s 3d] [5h]
MTails: bets $6
HaekJiu: calls $6
*** SHOW DOWN ***
MTails: shows [7s 6h] (a straight, Three to Seven)
HaekJiu: mucks hand
MTails collected $35.50 from pot
*** SUMMARY ***
Total pot $36 | Rake $0.50
Board [4s Ks 6s 3d 5h]
Seat 3: HaekJiu (button) (small blind) mucked
Seat 4: MTails (big blind) showed [7s 6h] and won ($35.50) with a straight, Three to Seven


PokerStars Hand #149650298895:  Hold'em Limit ($3/$6 USD) - 2016/02/29 23:44:00 ET
Table 'Themis' 6-max Seat #4 is the button
Seat 3: HaekJiu ($62.79 in chips)
Seat 4: MTails ($256.30 in chips)
MTails: posts small blind $1
HaekJiu: posts big blind $3
*** HOLE CARDS ***
MTails: raises $3 to $6
HaekJiu: calls $3
*** FLOP *** [Ts 6s 7d]
HaekJiu: checks
MTails: bets $3
HaekJiu: calls $3
*** TURN *** [Ts 6s 7d] [5s]
HaekJiu: checks
MTails: bets $6
HaekJiu: calls $6
*** RIVER *** [Ts 6s 7d 5s] [2c]
HaekJiu: checks
MTails: bets $6
HaekJiu: calls $6
*** SHOW DOWN ***
MTails: shows [9s Tc] (a pair of Tens)
HaekJiu: mucks hand
MTails collected $41.50 from pot
*** SUMMARY ***
Total pot $42 | Rake $0.50
Board [Ts 6s 7d 5s 2c]
Seat 3: HaekJiu (big blind) mucked
Seat 4: MTails (button) (small blind) showed [9s Tc] and won ($41.50) with a pair of Tens


PokerStars Hand #149650307030:  Hold'em Limit ($3/$6 USD) - 2016/02/29 23:44:28 ET
Table 'Themis' 6-max Seat #4 is the button
Seat 3: HaekJiu ($35.79 in chips)
Seat 4: MTails ($282.56 in chips)
MTails: posts small blind $1
HaekJiu: posts big blind $3
*** HOLE CARDS ***
MTails: raises $3 to $6
HaekJiu: calls $3
*** FLOP *** [4c Qd 7c]
HaekJiu: checks
MTails: bets $3
HaekJiu: calls $3
*** TURN *** [4c Qd 7c] [Th]
HaekJiu: checks
MTails: checks
*** RIVER *** [4c Qd 7c Th] [8d]
HaekJiu: checks
MTails: checks
*** SHOW DOWN ***
HaekJiu: shows [Ac 2s] (high card Ace)
MTails: shows [3s Ah] (high card Ace)
HaekJiu collected $8.82 from pot
MTails collected $8.82 from pot
*** SUMMARY ***
Total pot $18 | Rake $0.36
Board [4c Qd 7c Th 8d]
Seat 3: HaekJiu (big blind) showed [Ac 2s] and won ($8.82) with high card Ace
Seat 4: MTails (button) (small blind) showed [3s Ah] and won ($8.82) with high card Ace


PokerStars Hand #149650297467:  Hold'em Limit ($3/$6 USD) - 2016/02/29 23:43:55 ET
Table 'Themis' 6-max Seat #3 is the button
Seat 3: HaekJiu ($63.79 in chips)
Seat 4: MTails ($255.30 in chips)
HaekJiu: posts small blind $1
MTails: posts big blind $3
*** HOLE CARDS ***
HaekJiu: folds
Uncalled bet ($2) returned to MTails
MTails collected $2 from pot
MTails: doesn't show hand
*** SUMMARY ***
Total pot $2 | Rake $0
Seat 3: HaekJiu (button) (small blind) folded before Flop
Seat 4: MTails (big blind) collected ($2)


PokerStars Hand #149650296146:  Hold'em Limit ($3/$6 USD) - 2016/02/29 23:43:51 ET
Table 'Themis' 6-max Seat #4 is the button
Seat 3: HaekJiu ($66.79 in chips)
Seat 4: MTails ($252.30 in chips)
MTails: posts small blind $1
HaekJiu: posts big blind $3
*** HOLE CARDS ***
MTails: raises $3 to $6
HaekJiu: folds
Uncalled bet ($3) returned to MTails
MTails collected $6 from pot
MTails: doesn't show hand
*** SUMMARY ***
Total pot $6 | Rake $0
Seat 3: HaekJiu (big blind) folded before Flop
Seat 4: MTails (button) (small blind) collected ($6)


PokerStars Hand #149650320742:  Hold'em Limit ($3/$6 USD) - 2016/02/29 23:45:15 ET
Table 'Themis' 6-max Seat #4 is the button
Seat 3: HaekJiu ($36.13 in chips)
Seat 4: MTails ($281.14 in chips)
MTails: posts small blind $1
HaekJiu: posts big blind $3
*** HOLE CARDS ***
MTails: raises $3 to $6
HaekJiu: calls $3
*** FLOP *** [3s 6s Js]
HaekJiu: checks
MTails: bets $3
HaekJiu: raises $3 to $6
MTails: calls $3
*** TURN *** [3s 6s Js] [9s]
HaekJiu: bets $6
MTails: calls $6
*** RIVER *** [3s 6s Js 9s] [5c]
HaekJiu: bets $6
MTails: raises $6 to $12
HaekJiu: calls $6
*** SHOW DOWN ***
MTails: shows [5s Ks] (a flush, King high)
HaekJiu: mucks hand
MTails collected $59.50 from pot
*** SUMMARY ***
Total pot $60 | Rake $0.50
Board [3s 6s Js 9s 5c]
Seat 3: HaekJiu (big blind) mucked
Seat 4: MTails (button) (small blind) showed [5s Ks] and won ($59.50) with a flush, King high


PokerStars Hand #149650317661:  Hold'em Limit ($3/$6 USD) - 2016/02/29 23:45:04 ET
Table 'Themis' 6-max Seat #4 is the button
Seat 3: HaekJiu ($40.13 in chips)
Seat 4: MTails ($277.14 in chips)
MTails: posts small blind $1
HaekJiu: posts big blind $3
*** HOLE CARDS ***
MTails: raises $3 to $6
HaekJiu: folds
Uncalled bet ($3) returned to MTails
MTails collected $6 from pot
MTails: doesn't show hand
*** SUMMARY ***
Total pot $6 | Rake $0
Seat 3: HaekJiu (big blind) folded before Flop
Seat 4: MTails (button) (small blind) collected ($6)


PokerStars Hand #149650316252:  Hold'em Limit ($3/$6 USD) - 2016/02/29 23:45:00 ET
Table 'Themis' 6-max Seat #3 is the button
Seat 3: HaekJiu ($41.13 in chips)
Seat 4: MTails ($276.14 in chips)
HaekJiu: posts small blind $1
MTails: posts big blind $3
*** HOLE CARDS ***
HaekJiu: folds
Uncalled bet ($2) returned to MTails
MTails collected $2 from pot
MTails: doesn't show hand
*** SUMMARY ***
Total pot $2 | Rake $0
Seat 3: HaekJiu (button) (small blind) folded before Flop
Seat 4: MTails (big blind) collected ($2)


PokerStars Hand #149650314022:  Hold'em Limit ($3/$6 USD) - 2016/02/29 23:44:52 ET
Table 'Themis' 6-max Seat #4 is the button
Seat 3: HaekJiu ($47.13 in chips)
Seat 4: MTails ($270.38 in chips)
MTails: posts small blind $1
HaekJiu: posts big blind $3
*** HOLE CARDS ***
MTails: raises $3 to $6
HaekJiu: calls $3
*** FLOP *** [Ks 6d Ac]
HaekJiu: checks
MTails: bets $3
HaekJiu: folds
Uncalled bet ($3) returned to MTails
MTails collected $11.76 from pot
MTails: doesn't show hand
*** SUMMARY ***
Total pot $12 | Rake $0.24
Board [Ks 6d Ac]
Seat 3: HaekJiu (big blind) folded on the Flop
Seat 4: MTails (button) (small blind) collected ($11.76)


PokerStars Hand #149650310782:  Hold'em Limit ($3/$6 USD) - 2016/02/29 23:44:41 ET
Table 'Themis' 6-max Seat #3 is the button
Seat 3: HaekJiu ($35.61 in chips)
Seat 4: MTails ($282.38 in chips)
HaekJiu: posts small blind $1
MTails: posts big blind $3
*** HOLE CARDS ***
HaekJiu: raises $3 to $6
MTails: calls $3
*** FLOP *** [Jd 9d Ad]
MTails: checks
HaekJiu: checks
*** TURN *** [Jd 9d Ad] [3h]
MTails: bets $6
HaekJiu: calls $6
*** RIVER *** [Jd 9d Ad 3h] [8h]
MTails: checks
HaekJiu: checks
*** SHOW DOWN ***
MTails: shows [Qc 3c] (a pair of Threes)
HaekJiu: shows [7c 7h] (a pair of Sevens)
HaekJiu collected $23.52 from pot
*** SUMMARY ***
Total pot $24 | Rake $0.48
Board [Jd 9d Ad 3h 8h]
Seat 3: HaekJiu (button) (small blind) showed [7c 7h] and won ($23.52) with a pair of Sevens
Seat 4: MTails (big blind) showed [Qc 3c] and lost with a pair of Threes


PokerStars Hand #149650319337:  Hold'em Limit ($3/$6 USD) - 2016/02/29 23:45:10 ET
Table 'Themis' 6-max Seat #3 is the button
Seat 3: HaekJiu ($37.13 in chips)
Seat 4: MTails ($280.14 in chips)
HaekJiu: posts small blind $1
MTails: posts big blind $3
*** HOLE CARDS ***
HaekJiu: folds
Uncalled bet ($2) returned to MTails
MTails collected $2 from pot
MTails: doesn't show hand
*** SUMMARY ***
Total pot $2 | Rake $0
Seat 3: HaekJiu (button) (small blind) folded before Flop
Seat 4: MTails (big blind) collected ($2)


PokerStars Hand #149650329106:  Hold'em Limit ($3/$6 USD) - 2016/02/29 23:45:43 ET
Table 'Themis' 6-max Seat #4 is the button
Seat 3: HaekJiu ($12.01 in chips)
Seat 4: MTails ($304.51 in chips)
MTails: posts small blind $1
HaekJiu: posts big blind $3
*** HOLE CARDS ***
MTails: folds
Uncalled bet ($2) returned to HaekJiu
HaekJiu collected $2 from pot
HaekJiu: doesn't show hand
*** SUMMARY ***
Total pot $2 | Rake $0
Seat 3: HaekJiu (big blind) collected ($2)
Seat 4: MTails (button) (small blind) folded before Flop


PokerStars Hand #149650325379:  Hold'em Limit ($3/$6 USD) - 2016/02/29 23:45:30 ET
Table 'Themis' 6-max Seat #3 is the button
Seat 3: HaekJiu ($6.13 in chips)
Seat 4: MTails ($310.64 in chips)
HaekJiu: posts small blind $1
MTails: posts big blind $3
*** HOLE CARDS ***
HaekJiu: raises $3 to $6
MTails: calls $3
*** FLOP *** [9h Js 6h]
MTails: checks
HaekJiu: bets $0.13 and is all-in
MTails: calls $0.13
*** TURN *** [9h Js 6h] [Kh]
*** RIVER *** [9h Js 6h Kh] [5s]
*** SHOW DOWN ***
MTails: shows [9c 7c] (a pair of Nines)
HaekJiu: shows [Ks 6s] (two pair, Kings and Sixes)
HaekJiu collected $12.01 from pot
*** SUMMARY ***
Total pot $12.26 | Rake $0.25
Board [9h Js 6h Kh 5s]
Seat 3: HaekJiu (button) (small blind) showed [Ks 6s] and won ($12.01) with two pair, Kings and Sixes
Seat 4: MTails (big blind) showed [9c 7c] and lost with a pair of Nines


PokerStars Hand #149650731684:  Hold'em Limit ($3/$6 USD) - 2016/03/01 0:10:27 ET
Table 'Themis' 6-max Seat #4 is the button
Seat 3: HaekJiu ($119 in chips)
Seat 4: MTails ($121 in chips)
MTails: posts small blind $1
HaekJiu: posts big blind $3
*** HOLE CARDS ***
MTails: raises $3 to $6
HaekJiu: calls $3
*** FLOP *** [4h Ac 2d]
HaekJiu: checks
MTails: bets $3
HaekJiu: calls $3
*** TURN *** [4h Ac 2d] [6h]
HaekJiu: checks
MTails: checks
*** RIVER *** [4h Ac 2d 6h] [Qd]
HaekJiu: checks
MTails: checks
*** SHOW DOWN ***
HaekJiu: shows [Jc Kc] (high card Ace)
MTails: shows [2h 9s] (a pair of Deuces)
MTails collected $17.64 from pot
*** SUMMARY ***
Total pot $18 | Rake $0.36
Board [4h Ac 2d 6h Qd]
Seat 3: HaekJiu (big blind) showed [Jc Kc] and lost with high card Ace
Seat 4: MTails (button) (small blind) showed [2h 9s] and won ($17.64) with a pair of Deuces


PokerStars Hand #149650739048:  Hold'em Limit ($3/$6 USD) - 2016/03/01 0:10:55 ET
Table 'Themis' 6-max Seat #4 is the button
Seat 3: HaekJiu ($104 in chips)
Seat 4: MTails ($135.40 in chips)
MTails: posts small blind $1
HaekJiu: posts big blind $3
*** HOLE CARDS ***
MTails: raises $3 to $6
HaekJiu: calls $3
*** FLOP *** [9d 3d 6h]
HaekJiu: checks
MTails: bets $3
HaekJiu: calls $3
*** TURN *** [9d 3d 6h] [7c]
HaekJiu: checks
MTails: checks
*** RIVER *** [9d 3d 6h 7c] [Jc]
HaekJiu: checks
MTails: bets $6
HaekJiu: folds
Uncalled bet ($6) returned to MTails
MTails collected $17.64 from pot
*** SUMMARY ***
Total pot $18 | Rake $0.36
Board [9d 3d 6h 7c Jc]
Seat 3: HaekJiu (big blind) folded on the River
Seat 4: MTails (button) (small blind) collected ($17.64)


PokerStars Hand #149650729576:  Hold'em Limit ($3/$6 USD) - 2016/03/01 0:10:19 ET
Table 'Themis' 6-max Seat #3 is the button
Seat 3: HaekJiu ($120 in chips)
Seat 4: MTails ($120 in chips)
HaekJiu: posts small blind $1
MTails: posts big blind $3
*** HOLE CARDS ***
HaekJiu: folds
Uncalled bet ($2) returned to MTails
MTails collected $2 from pot
*** SUMMARY ***
Total pot $2 | Rake $0
Seat 3: HaekJiu (button) (small blind) folded before Flop
Seat 4: MTails (big blind) collected ($2)


PokerStars Hand #149650753589:  Hold'em Limit ($3/$6 USD) - 2016/03/01 0:11:49 ET
Table 'Themis' 6-max Seat #4 is the button
Seat 3: HaekJiu ($118.50 in chips)
Seat 4: MTails ($119.80 in chips)
MTails: posts small blind $1
HaekJiu: posts big blind $3
*** HOLE CARDS ***
MTails: raises $3 to $6
HaekJiu: calls $3
*** FLOP *** [3h 7c Tc]
HaekJiu: checks
MTails: bets $3
HaekJiu: raises $3 to $6
MTails: calls $3
*** TURN *** [3h 7c Tc] [Kc]
HaekJiu: bets $6
MTails: calls $6
*** RIVER *** [3h 7c Tc Kc] [5c]
HaekJiu: checks
MTails: checks
*** SHOW DOWN ***
HaekJiu: shows [Jh Js] (a pair of Jacks)
MTails: mucks hand
HaekJiu collected $35.50 from pot
*** SUMMARY ***
Total pot $36 | Rake $0.50
Board [3h 7c Tc Kc 5c]
Seat 3: HaekJiu (big blind) showed [Jh Js] and won ($35.50) with a pair of Jacks
Seat 4: MTails (button) (small blind) mucked


PokerStars Hand #149650744091:  Hold'em Limit ($3/$6 USD) - 2016/03/01 0:11:13 ET
Table 'Themis' 6-max Seat #3 is the button
Seat 3: HaekJiu ($95 in chips)
Seat 4: MTails ($144.04 in chips)
HaekJiu: posts small blind $1
MTails: posts big blind $3
*** HOLE CARDS ***
HaekJiu: raises $3 to $6
MTails: calls $3
*** FLOP *** [Js 9c 5h]
MTails: checks
HaekJiu: bets $3
MTails: calls $3
*** TURN *** [Js 9c 5h] [4c]
MTails: checks
HaekJiu: bets $6
MTails: raises $6 to $12
HaekJiu: raises $6 to $18
MTails: calls $6
*** RIVER *** [Js 9c 5h 4c] [5s]
MTails: checks
HaekJiu: bets $6
MTails: calls $6
*** SHOW DOWN ***
HaekJiu: shows [As Jc] (two pair, Jacks and Fives)
MTails: mucks hand
HaekJiu collected $65.50 from pot
*** SUMMARY ***
Total pot $66 | Rake $0.50
Board [Js 9c 5h 4c 5s]
Seat 3: HaekJiu (button) (small blind) showed [As Jc] and won ($65.50) with two pair, Jacks and Fives
Seat 4: MTails (big blind) mucked


PokerStars Hand #149650750917:  Hold'em Limit ($3/$6 USD) - 2016/03/01 0:11:39 ET
Table 'Themis' 6-max Seat #3 is the button
Seat 3: HaekJiu ($124.50 in chips)
Seat 4: MTails ($114.04 in chips)
HaekJiu: posts small blind $1
MTails: posts big blind $3
*** HOLE CARDS ***
HaekJiu: raises $3 to $6
MTails: calls $3
*** FLOP *** [5h 4h 4s]
MTails: checks
HaekJiu: checks
*** TURN *** [5h 4h 4s] [Qh]
MTails: bets $6
HaekJiu: folds
Uncalled bet ($6) returned to MTails
MTails collected $11.76 from pot
*** SUMMARY ***
Total pot $12 | Rake $0.24
Board [5h 4h 4s Qh]
Seat 3: HaekJiu (button) (small blind) folded on the Turn
Seat 4: MTails (big blind) collected ($11.76)


PokerStars Hand #149650749512:  Hold'em Limit ($3/$6 USD) - 2016/03/01 0:11:34 ET
Table 'Themis' 6-max Seat #4 is the button
Seat 3: HaekJiu ($127.50 in chips)
Seat 4: MTails ($111.04 in chips)
MTails: posts small blind $1
HaekJiu: posts big blind $3
*** HOLE CARDS ***
MTails: raises $3 to $6
HaekJiu: folds
Uncalled bet ($3) returned to MTails
MTails collected $6 from pot
*** SUMMARY ***
Total pot $6 | Rake $0
Seat 3: HaekJiu (big blind) folded before Flop
Seat 4: MTails (button) (small blind) collected ($6)


PokerStars Hand #149650762412:  Hold'em Limit ($3/$6 USD) - 2016/03/01 0:12:21 ET
Table 'Themis' 6-max Seat #4 is the button
Seat 3: HaekJiu ($153.50 in chips)
Seat 4: MTails ($83.80 in chips)
MTails: posts small blind $1
HaekJiu: posts big blind $3
*** HOLE CARDS ***
MTails: folds
Uncalled bet ($2) returned to HaekJiu
HaekJiu collected $2 from pot
HaekJiu: doesn't show hand
*** SUMMARY ***
Total pot $2 | Rake $0
Seat 3: HaekJiu (big blind) collected ($2)
Seat 4: MTails (button) (small blind) folded before Flop


PokerStars Hand #149650763735:  Hold'em Limit ($3/$6 USD) - 2016/03/01 0:12:26 ET
Table 'Themis' 6-max Seat #3 is the button
Seat 3: HaekJiu ($154.50 in chips)
Seat 4: MTails ($82.80 in chips)
HaekJiu: posts small blind $1
MTails: posts big blind $3
*** HOLE CARDS ***
HaekJiu: raises $3 to $6
MTails: calls $3
*** FLOP *** [Kc 9s Ts]
MTails: checks
HaekJiu: checks
*** TURN *** [Kc 9s Ts] [8c]
MTails: bets $6
HaekJiu: raises $6 to $12
MTails: calls $6
*** RIVER *** [Kc 9s Ts 8c] [3c]
MTails: checks
HaekJiu: bets $6
MTails: calls $6
*** SHOW DOWN ***
HaekJiu: shows [Kd Jc] (a pair of Kings)
MTails: mucks hand
HaekJiu collected $47.50 from pot
*** SUMMARY ***
Total pot $48 | Rake $0.50
Board [Kc 9s Ts 8c 3c]
Seat 3: HaekJiu (button) (small blind) showed [Kd Jc] and won ($47.50) with a pair of Kings
Seat 4: MTails (big blind) mucked


PokerStars Hand #149650767709:  Hold'em Limit ($3/$6 USD) - 2016/03/01 0:12:41 ET
Table 'Themis' 6-max Seat #4 is the button
Seat 3: HaekJiu ($178 in chips)
Seat 4: MTails ($58.80 in chips)
MTails: posts small blind $1
HaekJiu: posts big blind $3
*** HOLE CARDS ***
MTails: raises $3 to $6
HaekJiu: calls $3
*** FLOP *** [3c As 8s]
HaekJiu: checks
MTails: bets $3
HaekJiu: folds
Uncalled bet ($3) returned to MTails
MTails collected $11.76 from pot
*** SUMMARY ***
Total pot $12 | Rake $0.24
Board [3c As 8s]
Seat 3: HaekJiu (big blind) folded on the Flop
Seat 4: MTails (button) (small blind) collected ($11.76)


PokerStars Hand #149650772860:  Hold'em Limit ($3/$6 USD) - 2016/03/01 0:13:00 ET
Table 'Themis' 6-max Seat #3 is the button
Seat 3: HaekJiu ($168 in chips)
Seat 4: MTails ($128.56 in chips)
HaekJiu: posts small blind $1
MTails: posts big blind $3
*** HOLE CARDS ***
HaekJiu: raises $3 to $6
MTails: calls $3
*** FLOP *** [Qd Jh Ac]
MTails: checks
HaekJiu: checks
*** TURN *** [Qd Jh Ac] [Tc]
MTails: checks
HaekJiu: checks
*** RIVER *** [Qd Jh Ac Tc] [5h]
MTails: bets $6
HaekJiu: folds
Uncalled bet ($6) returned to MTails
MTails collected $11.76 from pot
MTails: doesn't show hand
*** SUMMARY ***
Total pot $12 | Rake $0.24
Board [Qd Jh Ac Tc 5h]
Seat 3: HaekJiu (button) (small blind) folded on the River
Seat 4: MTails (big blind) collected ($11.76)


PokerStars Hand #149650770213:  Hold'em Limit ($3/$6 USD) - 2016/03/01 0:12:50 ET
Table 'Themis' 6-max Seat #3 is the button
Seat 3: HaekJiu ($172 in chips)
Seat 4: MTails ($124.56 in chips)
HaekJiu: posts small blind $1
MTails: posts big blind $3
*** HOLE CARDS ***
HaekJiu: folds
Uncalled bet ($2) returned to MTails
MTails collected $2 from pot
MTails: doesn't show hand
*** SUMMARY ***
Total pot $2 | Rake $0
Seat 3: HaekJiu (button) (small blind) folded before Flop
Seat 4: MTails (big blind) collected ($2)


PokerStars Hand #149650758652:  Hold'em Limit ($3/$6 USD) - 2016/03/01 0:12:07 ET
Table 'Themis' 6-max Seat #3 is the button
Seat 3: HaekJiu ($136 in chips)
Seat 4: MTails ($101.80 in chips)
HaekJiu: posts small blind $1
MTails: posts big blind $3
*** HOLE CARDS ***
HaekJiu: raises $3 to $6
MTails: calls $3
*** FLOP *** [6s Jc 9h]
MTails: checks
HaekJiu: checks
*** TURN *** [6s Jc 9h] [7d]
MTails: bets $6
HaekJiu: calls $6
*** RIVER *** [6s Jc 9h 7d] [9s]
MTails: bets $6
HaekJiu: calls $6
*** SHOW DOWN ***
MTails: shows [6h Ts] (two pair, Nines and Sixes)
HaekJiu: shows [7c Ks] (two pair, Nines and Sevens)
HaekJiu collected $35.50 from pot
*** SUMMARY ***
Total pot $36 | Rake $0.50
Board [6s Jc 9h 7d 9s]
Seat 3: HaekJiu (button) (small blind) showed [7c Ks] and won ($35.50) with two pair, Nines and Sevens
Seat 4: MTails (big blind) showed [6h Ts] and lost with two pair, Nines and Sixes


PokerStars Hand #149650786292:  Hold'em Limit ($3/$6 USD) - 2016/03/01 0:13:49 ET
Table 'Themis' 6-max Seat #3 is the button
Seat 3: HaekJiu ($172.50 in chips)
Seat 4: MTails ($123.32 in chips)
HaekJiu: posts small blind $1
MTails: posts big blind $3
*** HOLE CARDS ***
HaekJiu: raises $3 to $6
MTails: calls $3
*** FLOP *** [Ad 9h 9d]
MTails: checks
HaekJiu: checks
*** TURN *** [Ad 9h 9d] [2d]
MTails: checks
HaekJiu: bets $6
MTails: folds
Uncalled bet ($6) returned to HaekJiu
HaekJiu collected $11.76 from pot
HaekJiu: doesn't show hand
*** SUMMARY ***
Total pot $12 | Rake $0.24
Board [Ad 9h 9d 2d]
Seat 3: HaekJiu (button) (small blind) collected ($11.76)
Seat 4: MTails (big blind) folded on the Turn


PokerStars Hand #149650780123:  Hold'em Limit ($3/$6 USD) - 2016/03/01 0:13:27 ET
Table 'Themis' 6-max Seat #3 is the button
Seat 3: HaekJiu ($159 in chips)
Seat 4: MTails ($137.32 in chips)
HaekJiu: posts small blind $1
MTails: posts big blind $3
*** HOLE CARDS ***
HaekJiu: folds
Uncalled bet ($2) returned to MTails
MTails collected $2 from pot
*** SUMMARY ***
Total pot $2 | Rake $0
Seat 3: HaekJiu (button) (small blind) folded before Flop
Seat 4: MTails (big blind) collected ($2)


PokerStars Hand #149650778863:  Hold'em Limit ($3/$6 USD) - 2016/03/01 0:13:22 ET
Table 'Themis' 6-max Seat #4 is the button
Seat 3: HaekJiu ($158 in chips)
Seat 4: MTails ($138.32 in chips)
MTails: posts small blind $1
HaekJiu: posts big blind $3
*** HOLE CARDS ***
MTails: folds
Uncalled bet ($2) returned to HaekJiu
HaekJiu collected $2 from pot
HaekJiu: doesn't show hand
*** SUMMARY ***
Total pot $2 | Rake $0
Seat 3: HaekJiu (big blind) collected ($2)
Seat 4: MTails (button) (small blind) folded before Flop


PokerStars Hand #149650781354:  Hold'em Limit ($3/$6 USD) - 2016/03/01 0:13:31 ET
Table 'Themis' 6-max Seat #4 is the button
Seat 3: HaekJiu ($158 in chips)
Seat 4: MTails ($138.32 in chips)
MTails: posts small blind $1
HaekJiu: posts big blind $3
*** HOLE CARDS ***
MTails: raises $3 to $6
HaekJiu: calls $3
*** FLOP *** [6d Ks Qs]
HaekJiu: checks
MTails: bets $3
HaekJiu: calls $3
*** TURN *** [6d Ks Qs] [8d]
HaekJiu: bets $6
MTails: calls $6
*** RIVER *** [6d Ks Qs 8d] [9d]
HaekJiu: bets $6
MTails: folds
Uncalled bet ($6) returned to HaekJiu
HaekJiu collected $29.50 from pot
HaekJiu: doesn't show hand
*** SUMMARY ***
Total pot $30 | Rake $0.50
Board [6d Ks Qs 8d 9d]
Seat 3: HaekJiu (big blind) collected ($29.50)
Seat 4: MTails (button) (small blind) folded on the River


PokerStars Hand #149650777573:  Hold'em Limit ($3/$6 USD) - 2016/03/01 0:13:17 ET
Table 'Themis' 6-max Seat #3 is the button
Seat 3: HaekJiu ($159 in chips)
Seat 4: MTails ($137.32 in chips)
HaekJiu: posts small blind $1
MTails: posts big blind $3
*** HOLE CARDS ***
HaekJiu: folds
Uncalled bet ($2) returned to MTails
MTails collected $2 from pot
MTails: doesn't show hand
*** SUMMARY ***
Total pot $2 | Rake $0
Seat 3: HaekJiu (button) (small blind) folded before Flop
Seat 4: MTails (big blind) collected ($2)


PokerStars Hand #149650800336:  Hold'em Limit ($3/$6 USD) - 2016/03/01 0:14:41 ET
Table 'Themis' 6-max Seat #4 is the button
Seat 3: HaekJiu ($183.76 in chips)
Seat 4: MTails ($110.96 in chips)
MTails: posts small blind $1
HaekJiu: posts big blind $3
*** HOLE CARDS ***
MTails: raises $3 to $6
HaekJiu: calls $3
*** FLOP *** [Th Td 8d]
HaekJiu: checks
MTails: bets $3
HaekJiu: calls $3
*** TURN *** [Th Td 8d] [2h]
ibens joins the table at seat #5
HaekJiu: checks
MTails: bets $6
HaekJiu: calls $6
*** RIVER *** [Th Td 8d 2h] [5d]
HaekJiu: checks
MTails: bets $6
HaekJiu: calls $6
*** SHOW DOWN ***
MTails: shows [5h 6s] (two pair, Tens and Fives)
HaekJiu: mucks hand
MTails collected $41.50 from pot
*** SUMMARY ***
Total pot $42 | Rake $0.50
Board [Th Td 8d 2h 5d]
Seat 3: HaekJiu (big blind) mucked
Seat 4: MTails (button) (small blind) showed [5h 6s] and won ($41.50) with two pair, Tens and Fives


PokerStars Hand #149650793700:  Hold'em Limit ($3/$6 USD) - 2016/03/01 0:14:17 ET
Table 'Themis' 6-max Seat #3 is the button
Seat 3: HaekJiu ($169.26 in chips)
Seat 4: MTails ($125.96 in chips)
HaekJiu: posts small blind $1
MTails: posts big blind $3
*** HOLE CARDS ***
HaekJiu: raises $3 to $6
MTails: calls $3
*** FLOP *** [2h Ad Qh]
MTails: checks
HaekJiu: bets $3
MTails: calls $3
*** TURN *** [2h Ad Qh] [6s]
MTails: checks
HaekJiu: bets $6
MTails: calls $6
*** RIVER *** [2h Ad Qh 6s] [7c]
MTails: checks
HaekJiu: bets $6
MTails: folds
Uncalled bet ($6) returned to HaekJiu
HaekJiu collected $29.50 from pot
HaekJiu: doesn't show hand
*** SUMMARY ***
Total pot $30 | Rake $0.50
Board [2h Ad Qh 6s 7c]
Seat 3: HaekJiu (button) (small blind) collected ($29.50)
Seat 4: MTails (big blind) folded on the River


PokerStars Hand #149650790105:  Hold'em Limit ($3/$6 USD) - 2016/03/01 0:14:03 ET
Table 'Themis' 6-max Seat #4 is the button
Seat 3: HaekJiu ($178.26 in chips)
Seat 4: MTails ($117.32 in chips)
MTails: posts small blind $1
HaekJiu: posts big blind $3
*** HOLE CARDS ***
MTails: raises $3 to $6
HaekJiu: calls $3
*** FLOP *** [2s Qd 3h]
HaekJiu: checks
MTails: bets $3
HaekJiu: calls $3
*** TURN *** [2s Qd 3h] [7s]
HaekJiu: checks
MTails: bets $6
HaekJiu: folds
Uncalled bet ($6) returned to MTails
MTails collected $17.64 from pot
*** SUMMARY ***
Total pot $18 | Rake $0.36
Board [2s Qd 3h 7s]
Seat 3: HaekJiu (big blind) folded on the Turn
Seat 4: MTails (button) (small blind) collected ($17.64)


PokerStars Hand #149650805132:  Hold'em Limit ($3/$6 USD) - 2016/03/01 0:14:58 ET
Table 'Themis' 6-max Seat #3 is the button
Seat 3: HaekJiu ($162.76 in chips)
Seat 4: MTails ($131.46 in chips)
HaekJiu: posts small blind $1
MTails: posts big blind $3
*** HOLE CARDS ***
HaekJiu: raises $3 to $6
MTails: raises $3 to $9
HaekJiu: calls $3
*** FLOP *** [4c 8c Ah]
MTails: bets $3
HaekJiu: calls $3
*** TURN *** [4c 8c Ah] [Ts]
MTails: bets $6
HaekJiu: calls $6
*** RIVER *** [4c 8c Ah Ts] [Tc]
MTails: bets $6
HaekJiu: raises $6 to $12
MTails: calls $6
*** SHOW DOWN ***
HaekJiu: shows [Jd Th] (three of a kind, Tens)
MTails: mucks hand
HaekJiu collected $59.50 from pot
*** SUMMARY ***
Total pot $60 | Rake $0.50
Board [4c 8c Ah Ts Tc]
Seat 3: HaekJiu (button) (small blind) showed [Jd Th] and won ($59.50) with three of a kind, Tens
Seat 4: MTails (big blind) mucked


PokerStars Hand #149651229282:  Hold'em Limit ($3/$6 USD) - 2016/03/01 0:41:06 ET
Table 'Themis' 6-max Seat #1 is the button
Seat 1: 72bestcard ($124.76 in chips)
Seat 4: Gietski ($40.64 in chips)
72bestcard: posts small blind $1
Gietski: posts big blind $3
*** HOLE CARDS ***
72bestcard: raises $3 to $6
Gietski: calls $3
*** FLOP *** [Tc 9c 4s]
Gietski: checks
72bestcard: bets $3
Gietski: calls $3
*** TURN *** [Tc 9c 4s] [4c]
Gietski: checks
72bestcard: bets $6
Gietski: folds
Uncalled bet ($6) returned to 72bestcard
72bestcard collected $17.64 from pot
72bestcard: doesn't show hand
*** SUMMARY ***
Total pot $18 | Rake $0.36
Board [Tc 9c 4s 4c]
Seat 1: 72bestcard (button) (small blind) collected ($17.64)
Seat 4: Gietski (big blind) folded on the Turn


