PokerStars Hand #175815145902:  Hold'em Limit ($3/$6 USD) - 2017/09/18 14:33:38 ET
Table 'Themis II' 6-max Seat #2 is the button
Seat 1: Hauptstrasse98 ($116 in chips)
Seat 2: vestimokrec ($124 in chips)
vestimokrec: posts small blind $1
Hauptstrasse98: posts big blind $3
*** HOLE CARDS ***
vestimokrec: raises $3 to $6
Hauptstrasse98: raises $3 to $9
vestimokrec: calls $3
*** FLOP *** [7h Qd Tc]
Hauptstrasse98: bets $3
vestimokrec: folds
Uncalled bet ($3) returned to Hauptstrasse98
Hauptstrasse98 collected $17.64 from pot
Hauptstrasse98: doesn't show hand
*** SUMMARY ***
Total pot $18 | Rake $0.36
Board [7h Qd Tc]
Seat 1: Hauptstrasse98 (big blind) collected ($17.64)
Seat 2: vestimokrec (button) (small blind) folded on the Flop


PokerStars Hand #175815140620:  Hold'em Limit ($3/$6 USD) - 2017/09/18 14:33:32 ET
Table 'Themis II' 6-max Seat #1 is the button
Seat 1: Hauptstrasse98 ($117 in chips)
Seat 2: vestimokrec ($123 in chips)
Hauptstrasse98: posts small blind $1
vestimokrec: posts big blind $3
*** HOLE CARDS ***
Hauptstrasse98: folds
Uncalled bet ($2) returned to vestimokrec
Agrotait leaves the table
vestimokrec collected $2 from pot
vestimokrec: doesn't show hand
*** SUMMARY ***
Total pot $2 | Rake $0
Seat 1: Hauptstrasse98 (button) (small blind) folded before Flop
Seat 2: vestimokrec (big blind) collected ($2)


PokerStars Hand #175815127967:  Hold'em Limit ($3/$6 USD) - 2017/09/18 14:33:17 ET
Table 'Themis II' 6-max Seat #2 is the button
Seat 1: Hauptstrasse98 ($120 in chips)
Seat 2: vestimokrec ($120 in chips)
vestimokrec: posts small blind $1
Agrotait: is sitting out
Hauptstrasse98: posts big blind $3
*** HOLE CARDS ***
vestimokrec: raises $3 to $6
Hauptstrasse98: folds
Uncalled bet ($3) returned to vestimokrec
vestimokrec collected $6 from pot
vestimokrec: doesn't show hand
*** SUMMARY ***
Total pot $6 | Rake $0
Seat 1: Hauptstrasse98 (big blind) folded before Flop
Seat 2: vestimokrec (button) (small blind) collected ($6)


PokerStars Hand #175815181623:  Hold'em Limit ($3/$6 USD) - 2017/09/18 14:34:21 ET
Table 'Themis II' 6-max Seat #2 is the button
Seat 1: Hauptstrasse98 ($148.14 in chips)
Seat 2: vestimokrec ($91 in chips)
vestimokrec: posts small blind $1
Hauptstrasse98: posts big blind $3
*** HOLE CARDS ***
vestimokrec: raises $3 to $6
Hauptstrasse98: raises $3 to $9
vestimokrec: calls $3
*** FLOP *** [4s 8h Th]
Hauptstrasse98: bets $3
vestimokrec: calls $3
*** TURN *** [4s 8h Th] [7s]
Hauptstrasse98: bets $6
psycopato joins the table at seat #4
Psynto joins the table at seat #5
vestimokrec: calls $6
*** RIVER *** [4s 8h Th 7s] [Ks]
Hauptstrasse98: checks
vestimokrec: bets $6
Hauptstrasse98: calls $6
*** SHOW DOWN ***
vestimokrec: shows [2c 9h] (high card King)
Hauptstrasse98: shows [4d As] (a pair of Fours)
Hauptstrasse98 collected $47.50 from pot
*** SUMMARY ***
Total pot $48 | Rake $0.50
Board [4s 8h Th 7s Ks]
Seat 1: Hauptstrasse98 (big blind) showed [4d As] and won ($47.50) with a pair of Fours
Seat 2: vestimokrec (button) (small blind) showed [2c 9h] and lost with high card King


PokerStars Hand #175815156625:  Hold'em Limit ($3/$6 USD) - 2017/09/18 14:33:51 ET
Table 'Themis II' 6-max Seat #1 is the button
Seat 1: Hauptstrasse98 ($124.64 in chips)
Seat 2: vestimokrec ($115 in chips)
Hauptstrasse98: posts small blind $1
vestimokrec: posts big blind $3
*** HOLE CARDS ***
Hauptstrasse98: raises $3 to $6
vestimokrec: raises $3 to $9
Hauptstrasse98: calls $3
*** FLOP *** [Tc 2c 5s]
vestimokrec: bets $3
Hauptstrasse98: calls $3
*** TURN *** [Tc 2c 5s] [5c]
vestimokrec: bets $6
Hauptstrasse98: calls $6
*** RIVER *** [Tc 2c 5s 5c] [7h]
vestimokrec: bets $6
Hauptstrasse98: calls $6
*** SHOW DOWN ***
vestimokrec: shows [Jh Qh] (a pair of Fives)
Hauptstrasse98: shows [3d Ad] (a pair of Fives - Ace kicker)
Hauptstrasse98 collected $47.50 from pot
*** SUMMARY ***
Total pot $48 | Rake $0.50
Board [Tc 2c 5s 5c 7h]
Seat 1: Hauptstrasse98 (button) (small blind) showed [3d Ad] and won ($47.50) with a pair of Fives
Seat 2: vestimokrec (big blind) showed [Jh Qh] and lost with a pair of Fives


PokerStars Hand #175815210957:  Hold'em Limit ($3/$6 USD) - 2017/09/18 14:34:56 ET
Table 'Themis II' 6-max Seat #1 is the button
Seat 1: Hauptstrasse98 ($171.64 in chips)
Seat 2: vestimokrec ($67 in chips)
Hauptstrasse98: posts small blind $1
vestimokrec: posts big blind $3
*** HOLE CARDS ***
Hauptstrasse98: calls $2
vestimokrec: checks
*** FLOP *** [3h 4h Qs]
vestimokrec: checks
Hauptstrasse98: checks
*** TURN *** [3h 4h Qs] [2s]
vestimokrec: checks
Hauptstrasse98: checks
*** RIVER *** [3h 4h Qs 2s] [6c]
vestimokrec: bets $6
Hauptstrasse98: calls $6
*** SHOW DOWN ***
vestimokrec: shows [8h 7s] (high card Queen)
Hauptstrasse98: shows [Kh 7c] (high card King)
Hauptstrasse98 collected $17.64 from pot
*** SUMMARY ***
Total pot $18 | Rake $0.36
Board [3h 4h Qs 2s 6c]
Seat 1: Hauptstrasse98 (button) (small blind) showed [Kh 7c] and won ($17.64) with high card King
Seat 2: vestimokrec (big blind) showed [8h 7s] and lost with high card Queen


PokerStars Hand #175817839290:  Hold'em Limit ($3/$6 USD) - 2017/09/18 15:27:03 ET
Table 'Themis II' 6-max Seat #5 is the button
Seat 1: Hauptstrasse98 ($334.71 in chips)
Seat 5: Psynto ($133.06 in chips)
Psynto: posts small blind $1
Hauptstrasse98: posts big blind $3
*** HOLE CARDS ***
Psynto: raises $3 to $6
Hauptstrasse98: calls $3
*** FLOP *** [Jh 9d 9c]
Hauptstrasse98: checks
Psynto: bets $3
Hauptstrasse98: calls $3
*** TURN *** [Jh 9d 9c] [6c]
Hauptstrasse98: checks
Psynto: checks
*** RIVER *** [Jh 9d 9c 6c] [Jc]
Hauptstrasse98: checks
Psynto: bets $6
Hauptstrasse98: calls $6
*** SHOW DOWN ***
Psynto: shows [5d Th] (two pair, Jacks and Nines)
Hauptstrasse98: shows [7c Kh] (two pair, Jacks and Nines - King kicker)
Hauptstrasse98 collected $29.50 from pot
*** SUMMARY ***
Total pot $30 | Rake $0.50
Board [Jh 9d 9c 6c Jc]
Seat 1: Hauptstrasse98 (big blind) showed [7c Kh] and won ($29.50) with two pair, Jacks and Nines
Seat 5: Psynto (button) (small blind) showed [5d Th] and lost with two pair, Jacks and Nines


PokerStars Hand #175817861617:  Hold'em Limit ($3/$6 USD) - 2017/09/18 15:27:28 ET
Table 'Themis II' 6-max Seat #1 is the button
Seat 1: Hauptstrasse98 ($349.21 in chips)
Seat 5: Psynto ($118.06 in chips)
Hauptstrasse98: posts small blind $1
Psynto: posts big blind $3
*** HOLE CARDS ***
Hauptstrasse98: raises $3 to $6
Psynto: raises $3 to $9
Hauptstrasse98: calls $3
*** FLOP *** [5h 6c 2s]
zaur33335555 leaves the table
Psynto: bets $3
Hauptstrasse98: calls $3
*** TURN *** [5h 6c 2s] [Th]
Psynto: bets $6
Hauptstrasse98: calls $6
*** RIVER *** [5h 6c 2s Th] [Jh]
Psynto: bets $6
Hauptstrasse98: calls $6
*** SHOW DOWN ***
Psynto: shows [Jc Tc] (two pair, Jacks and Tens)
Hauptstrasse98: mucks hand
Psynto collected $47.50 from pot
*** SUMMARY ***
Total pot $48 | Rake $0.50
Board [5h 6c 2s Th Jh]
Seat 1: Hauptstrasse98 (button) (small blind) mucked
Seat 5: Psynto (big blind) showed [Jc Tc] and won ($47.50) with two pair, Jacks and Tens


PokerStars Hand #175817885017:  Hold'em Limit ($3/$6 USD) - 2017/09/18 15:27:54 ET
Table 'Themis II' 6-max Seat #5 is the button
Seat 1: Hauptstrasse98 ($325.21 in chips)
Seat 5: Psynto ($141.56 in chips)
Psynto: posts small blind $1
Hauptstrasse98: posts big blind $3
*** HOLE CARDS ***
Psynto: raises $3 to $6
Hauptstrasse98: raises $3 to $9
Psynto: calls $3
*** FLOP *** [4s Ac Th]
Hauptstrasse98: bets $3
Psynto: folds
Uncalled bet ($3) returned to Hauptstrasse98
Hauptstrasse98 collected $17.64 from pot
Hauptstrasse98: doesn't show hand
*** SUMMARY ***
Total pot $18 | Rake $0.36
Board [4s Ac Th]
Seat 1: Hauptstrasse98 (big blind) collected ($17.64)
Seat 5: Psynto (button) (small blind) folded on the Flop


