PokerStars Hand #175086940837:  Hold'em Limit ($3/$6 USD) - 2017/09/01 20:14:32 ET
Table 'Themis' 6-max Seat #2 is the button
Seat 1: rascal_319 ($56.33 in chips)
Seat 2: pianopoker ($141.51 in chips)
pianopoker: posts small blind $1
rascal_319: posts big blind $3
*** HOLE CARDS ***
pianopoker: raises $3 to $6
rascal_319: folds
Uncalled bet ($3) returned to pianopoker
pianopoker collected $6 from pot
*** SUMMARY ***
Total pot $6 | Rake $0
Seat 1: rascal_319 (big blind) folded before Flop
Seat 2: pianopoker (button) (small blind) collected ($6)


PokerStars Hand #175086937580:  Hold'em Limit ($3/$6 USD) - 2017/09/01 20:14:25 ET
Table 'Themis' 6-max Seat #1 is the button
Seat 1: rascal_319 ($53.33 in chips)
Seat 2: pianopoker ($144.51 in chips)
rascal_319: posts small blind $1
pianopoker: posts big blind $3
*** HOLE CARDS ***
rascal_319: raises $3 to $6
pianopoker: folds
Uncalled bet ($3) returned to rascal_319
rascal_319 collected $6 from pot
rascal_319: doesn't show hand
*** SUMMARY ***
Total pot $6 | Rake $0
Seat 1: rascal_319 (button) (small blind) collected ($6)
Seat 2: pianopoker (big blind) folded before Flop


PokerStars Hand #175086928363:  Hold'em Limit ($3/$6 USD) - 2017/09/01 20:14:07 ET
Table 'Themis' 6-max Seat #2 is the button
Seat 1: rascal_319 ($41.81 in chips)
Seat 2: pianopoker ($156.51 in chips)
pianopoker: posts small blind $1
belik555: is sitting out
Chessnok: is sitting out
rascal_319: posts big blind $3
*** HOLE CARDS ***
pianopoker: calls $2
rascal_319: checks
*** FLOP *** [6c 3s 9c]
Chessnok leaves the table
rascal_319: bets $3
pianopoker: calls $3
*** TURN *** [6c 3s 9c] [Ts]
rascal_319: bets $6
pianopoker: calls $6
*** RIVER *** [6c 3s 9c Ts] [Qh]
belik555 leaves the table
rascal_319: checks
pianopoker: checks
*** SHOW DOWN ***
rascal_319: shows [6s Jd] (a pair of Sixes)
pianopoker: mucks hand
rascal_319 collected $23.52 from pot
*** SUMMARY ***
Total pot $24 | Rake $0.48
Board [6c 3s 9c Ts Qh]
Seat 1: rascal_319 (big blind) showed [6s Jd] and won ($23.52) with a pair of Sixes
Seat 2: pianopoker (button) (small blind) mucked


PokerStars Hand #175086943771:  Hold'em Limit ($3/$6 USD) - 2017/09/01 20:14:38 ET
Table 'Themis' 6-max Seat #1 is the button
Seat 1: rascal_319 ($53.33 in chips)
Seat 2: pianopoker ($144.51 in chips)
rascal_319: posts small blind $1
pianopoker: posts big blind $3
*** HOLE CARDS ***
rascal_319: raises $3 to $6
pianopoker: raises $3 to $9
Velbor107 joins the table at seat #3
rascal_319: calls $3
*** FLOP *** [3s 4h 9s]
pianopoker: bets $3
rascal_319: calls $3
*** TURN *** [3s 4h 9s] [Kd]
pianopoker: bets $6
rascal_319: calls $6
*** RIVER *** [3s 4h 9s Kd] [Th]
pianopoker: checks
rascal_319: checks
*** SHOW DOWN ***
pianopoker: shows [Qc Ah] (high card Ace)
rascal_319: mucks hand
pianopoker collected $35.50 from pot
*** SUMMARY ***
Total pot $36 | Rake $0.50
Board [3s 4h 9s Kd Th]
Seat 1: rascal_319 (button) (small blind) mucked
Seat 2: pianopoker (big blind) showed [Qc Ah] and won ($35.50) with high card Ace


PokerStars Hand #175088069346:  Hold'em Limit ($3/$6 USD) - 2017/09/01 20:53:24 ET
Table 'Themis' 6-max Seat #1 is the button
Seat 1: rascal_319 ($134.31 in chips)
Seat 5: hooverr ($103.72 in chips)
rascal_319: posts small blind $1
Velbor107: is sitting out
hooverr: posts big blind $3
*** HOLE CARDS ***
Velbor107 leaves the table
rascal_319: raises $3 to $6
hooverr: folds
Uncalled bet ($3) returned to rascal_319
rascal_319 collected $6 from pot
davyyyyyyy leaves the table
rascal_319: doesn't show hand
*** SUMMARY ***
Total pot $6 | Rake $0
Seat 1: rascal_319 (button) (small blind) collected ($6)
Seat 5: hooverr (big blind) folded before Flop


