PokerStars Hand #147292308376:  Hold'em Limit ($3/$6 USD) - 2016/01/18 23:56:11 ET
Table 'Themis II' 2-max Seat #2 is the button
Seat 1: lukkyl0ser ($133 in chips)
Seat 2: Sunny1022 ($117.57 in chips)
Sunny1022: posts small blind $1
lukkyl0ser: posts big blind $3
*** HOLE CARDS ***
Sunny1022: raises $3 to $6
lukkyl0ser: calls $3
*** FLOP *** [7c 5d Ah]
lukkyl0ser: checks
Sunny1022: checks
*** TURN *** [7c 5d Ah] [Kc]
lukkyl0ser: checks
Sunny1022: checks
*** RIVER *** [7c 5d Ah Kc] [Qd]
lukkyl0ser: bets $6
Sunny1022: folds
Uncalled bet ($6) returned to lukkyl0ser
lukkyl0ser collected $11.76 from pot
lukkyl0ser: doesn't show hand
*** SUMMARY ***
Total pot $12 | Rake $0.24
Board [7c 5d Ah Kc Qd]
Seat 1: lukkyl0ser (big blind) collected ($11.76)
Seat 2: Sunny1022 (button) (small blind) folded on the River


PokerStars Hand #147292306724:  Hold'em Limit ($3/$6 USD) - 2016/01/18 23:56:04 ET
Table 'Themis II' 2-max Seat #1 is the button
Seat 1: lukkyl0ser ($134 in chips)
Seat 2: Sunny1022 ($116.57 in chips)
lukkyl0ser: posts small blind $1
Sunny1022: posts big blind $3
*** HOLE CARDS ***
lukkyl0ser: folds
Uncalled bet ($2) returned to Sunny1022
Sunny1022 collected $2 from pot
Sunny1022: doesn't show hand
*** SUMMARY ***
Total pot $2 | Rake $0
Seat 1: lukkyl0ser (button) (small blind) folded before Flop
Seat 2: Sunny1022 (big blind) collected ($2)


PokerStars Hand #147292301801:  Hold'em Limit ($3/$6 USD) - 2016/01/18 23:55:45 ET
Table 'Themis II' 2-max Seat #2 is the button
Seat 1: lukkyl0ser ($146 in chips)
Seat 2: Sunny1022 ($105.05 in chips)
Sunny1022: posts small blind $1
lukkyl0ser: posts big blind $3
*** HOLE CARDS ***
Sunny1022: raises $3 to $6
lukkyl0ser: calls $3
*** FLOP *** [4s 4h 9s]
lukkyl0ser: checks
Sunny1022: checks
*** TURN *** [4s 4h 9s] [7h]
lukkyl0ser: checks
Sunny1022: bets $6
lukkyl0ser: calls $6
*** RIVER *** [4s 4h 9s 7h] [Td]
lukkyl0ser: checks
Sunny1022: checks
*** SHOW DOWN ***
lukkyl0ser: shows [8s Qs] (a pair of Fours)
Sunny1022: shows [5h Kh] (a pair of Fours - King kicker)
Sunny1022 collected $23.52 from pot
*** SUMMARY ***
Total pot $24 | Rake $0.48
Board [4s 4h 9s 7h Td]
Seat 1: lukkyl0ser (big blind) showed [8s Qs] and lost with a pair of Fours
Seat 2: Sunny1022 (button) (small blind) showed [5h Kh] and won ($23.52) with a pair of Fours


PokerStars Hand #147292300300:  Hold'em Limit ($3/$6 USD) - 2016/01/18 23:55:39 ET
Table 'Themis II' 2-max Seat #1 is the button
Seat 1: lukkyl0ser ($143 in chips)
Seat 2: Sunny1022 ($108.05 in chips)
lukkyl0ser: posts small blind $1
Sunny1022: posts big blind $3
*** HOLE CARDS ***
lukkyl0ser: raises $3 to $6
Sunny1022: folds
Uncalled bet ($3) returned to lukkyl0ser
lukkyl0ser collected $6 from pot
lukkyl0ser: doesn't show hand
*** SUMMARY ***
Total pot $6 | Rake $0
Seat 1: lukkyl0ser (button) (small blind) collected ($6)
Seat 2: Sunny1022 (big blind) folded before Flop


PokerStars Hand #147292299082:  Hold'em Limit ($3/$6 USD) - 2016/01/18 23:55:34 ET
Table 'Themis II' 2-max Seat #2 is the button
Seat 1: lukkyl0ser ($142 in chips)
Seat 2: Sunny1022 ($109.05 in chips)
Sunny1022: posts small blind $1
lukkyl0ser: posts big blind $3
*** HOLE CARDS ***
Sunny1022: folds
Uncalled bet ($2) returned to lukkyl0ser
lukkyl0ser collected $2 from pot
lukkyl0ser: doesn't show hand
*** SUMMARY ***
Total pot $2 | Rake $0
Seat 1: lukkyl0ser (big blind) collected ($2)
Seat 2: Sunny1022 (button) (small blind) folded before Flop


PokerStars Hand #147292294494:  Hold'em Limit ($3/$6 USD) - 2016/01/18 23:55:15 ET
Table 'Themis II' 2-max Seat #1 is the button
Seat 1: lukkyl0ser ($151 in chips)
Seat 2: Sunny1022 ($100.41 in chips)
lukkyl0ser: posts small blind $1
Sunny1022: posts big blind $3
*** HOLE CARDS ***
lukkyl0ser: raises $3 to $6
Sunny1022: calls $3
*** FLOP *** [Kd Qd 3s]
Sunny1022: checks
lukkyl0ser: bets $3
Sunny1022: calls $3
*** TURN *** [Kd Qd 3s] [Jd]
Sunny1022: checks
lukkyl0ser: checks
*** RIVER *** [Kd Qd 3s Jd] [9h]
Sunny1022: checks
lukkyl0ser: checks
*** SHOW DOWN ***
Sunny1022: shows [8h 3h] (a pair of Threes)
lukkyl0ser: mucks hand
Sunny1022 collected $17.64 from pot
*** SUMMARY ***
Total pot $18 | Rake $0.36
Board [Kd Qd 3s Jd 9h]
Seat 1: lukkyl0ser (button) (small blind) mucked
Seat 2: Sunny1022 (big blind) showed [8h 3h] and won ($17.64) with a pair of Threes


PokerStars Hand #147292320833:  Hold'em Limit ($3/$6 USD) - 2016/01/18 23:57:01 ET
Table 'Themis II' 2-max Seat #2 is the button
Seat 1: lukkyl0ser ($127.76 in chips)
Seat 2: Sunny1022 ($122.07 in chips)
Sunny1022: posts small blind $1
lukkyl0ser: posts big blind $3
*** HOLE CARDS ***
Sunny1022: raises $3 to $6
lukkyl0ser: calls $3
*** FLOP *** [2c 6c 3c]
lukkyl0ser: checks
Sunny1022: checks
*** TURN *** [2c 6c 3c] [As]
lukkyl0ser: checks
Sunny1022: checks
*** RIVER *** [2c 6c 3c As] [5d]
lukkyl0ser: checks
Sunny1022: checks
*** SHOW DOWN ***
lukkyl0ser: shows [Qs 7s] (high card Ace)
Sunny1022: mucks hand
lukkyl0ser collected $11.76 from pot
*** SUMMARY ***
Total pot $12 | Rake $0.24
Board [2c 6c 3c As 5d]
Seat 1: lukkyl0ser (big blind) showed [Qs 7s] and won ($11.76) with high card Ace
Seat 2: Sunny1022 (button) (small blind) mucked


PokerStars Hand #147292318774:  Hold'em Limit ($3/$6 USD) - 2016/01/18 23:56:53 ET
Table 'Themis II' 2-max Seat #1 is the button
Seat 1: lukkyl0ser ($124.76 in chips)
Seat 2: Sunny1022 ($125.07 in chips)
lukkyl0ser: posts small blind $1
Sunny1022: posts big blind $3
*** HOLE CARDS ***
lukkyl0ser: raises $3 to $6
Sunny1022: folds
Uncalled bet ($3) returned to lukkyl0ser
lukkyl0ser collected $6 from pot
lukkyl0ser: doesn't show hand
*** SUMMARY ***
Total pot $6 | Rake $0
Seat 1: lukkyl0ser (button) (small blind) collected ($6)
Seat 2: Sunny1022 (big blind) folded before Flop


PokerStars Hand #147292317376:  Hold'em Limit ($3/$6 USD) - 2016/01/18 23:56:47 ET
Table 'Themis II' 2-max Seat #2 is the button
Seat 1: lukkyl0ser ($123.76 in chips)
Seat 2: Sunny1022 ($126.07 in chips)
Sunny1022: posts small blind $1
lukkyl0ser: posts big blind $3
*** HOLE CARDS ***
Sunny1022: folds
Uncalled bet ($2) returned to lukkyl0ser
lukkyl0ser collected $2 from pot
lukkyl0ser: doesn't show hand
*** SUMMARY ***
Total pot $2 | Rake $0
Seat 1: lukkyl0ser (big blind) collected ($2)
Seat 2: Sunny1022 (button) (small blind) folded before Flop


PokerStars Hand #147292312583:  Hold'em Limit ($3/$6 USD) - 2016/01/18 23:56:28 ET
Table 'Themis II' 2-max Seat #1 is the button
Seat 1: lukkyl0ser ($138.76 in chips)
Seat 2: Sunny1022 ($111.57 in chips)
lukkyl0ser: posts small blind $1
Sunny1022: posts big blind $3
*** HOLE CARDS ***
lukkyl0ser: raises $3 to $6
Sunny1022: calls $3
*** FLOP *** [8c Js Td]
Sunny1022: checks
lukkyl0ser: bets $3
Sunny1022: calls $3
*** TURN *** [8c Js Td] [Qh]
Sunny1022: bets $6
lukkyl0ser: calls $6
*** RIVER *** [8c Js Td Qh] [6c]
Sunny1022: bets $6
lukkyl0ser: folds
Uncalled bet ($6) returned to Sunny1022
Sunny1022 collected $29.50 from pot
Sunny1022: doesn't show hand
*** SUMMARY ***
Total pot $30 | Rake $0.50
Board [8c Js Td Qh 6c]
Seat 1: lukkyl0ser (button) (small blind) folded on the River
Seat 2: Sunny1022 (big blind) collected ($29.50)


PokerStars Hand #147292344670:  Hold'em Limit ($3/$6 USD) - 2016/01/18 23:58:20 ET
Table 'Themis II' 2-max Seat #1 is the button
Seat 1: lukkyl0ser ($169.54 in chips)
Seat 2: Sunny1022 ($79.07 in chips)
lukkyl0ser: posts small blind $1
Sunny1022: posts big blind $3
*** HOLE CARDS ***
lukkyl0ser: raises $3 to $6
Sunny1022: folds
Uncalled bet ($3) returned to lukkyl0ser
lukkyl0ser collected $6 from pot
lukkyl0ser: doesn't show hand
*** SUMMARY ***
Total pot $6 | Rake $0
Seat 1: lukkyl0ser (button) (small blind) collected ($6)
Seat 2: Sunny1022 (big blind) folded before Flop


PokerStars Hand #147292342983:  Hold'em Limit ($3/$6 USD) - 2016/01/18 23:58:15 ET
Table 'Themis II' 2-max Seat #2 is the button
Seat 1: lukkyl0ser ($168.54 in chips)
Seat 2: Sunny1022 ($80.07 in chips)
Sunny1022: posts small blind $1
lukkyl0ser: posts big blind $3
*** HOLE CARDS ***
Sunny1022: folds
Uncalled bet ($2) returned to lukkyl0ser
lukkyl0ser collected $2 from pot
lukkyl0ser: doesn't show hand
*** SUMMARY ***
Total pot $2 | Rake $0
Seat 1: lukkyl0ser (big blind) collected ($2)
Seat 2: Sunny1022 (button) (small blind) folded before Flop


PokerStars Hand #147292335146:  Hold'em Limit ($3/$6 USD) - 2016/01/18 23:57:58 ET
Table 'Themis II' 2-max Seat #1 is the button
Seat 1: lukkyl0ser ($162.78 in chips)
Seat 2: Sunny1022 ($86.07 in chips)
lukkyl0ser: posts small blind $1
Sunny1022: posts big blind $3
*** HOLE CARDS ***
lukkyl0ser: raises $3 to $6
Sunny1022: calls $3
*** FLOP *** [9s Js 8h]
Sunny1022: checks
lukkyl0ser: bets $3
Sunny1022: folds
Uncalled bet ($3) returned to lukkyl0ser
lukkyl0ser collected $11.76 from pot
lukkyl0ser: doesn't show hand
*** SUMMARY ***
Total pot $12 | Rake $0.24
Board [9s Js 8h]
Seat 1: lukkyl0ser (button) (small blind) collected ($11.76)
Seat 2: Sunny1022 (big blind) folded on the Flop


PokerStars Hand #147292329669:  Hold'em Limit ($3/$6 USD) - 2016/01/18 23:57:36 ET
Table 'Themis II' 2-max Seat #2 is the button
Seat 1: lukkyl0ser ($139.28 in chips)
Seat 2: Sunny1022 ($110.07 in chips)
Sunny1022: posts small blind $1
lukkyl0ser: posts big blind $3
*** HOLE CARDS ***
Sunny1022: raises $3 to $6
lukkyl0ser: raises $3 to $9
Sunny1022: calls $3
*** FLOP *** [9h 7s 2h]
lukkyl0ser: bets $3
Sunny1022: calls $3
*** TURN *** [9h 7s 2h] [Kh]
lukkyl0ser: bets $6
Sunny1022: calls $6
*** RIVER *** [9h 7s 2h Kh] [Qc]
lukkyl0ser: bets $6
Sunny1022: calls $6
*** SHOW DOWN ***
lukkyl0ser: shows [6h 4h] (a flush, King high)
Sunny1022: mucks hand
lukkyl0ser collected $47.50 from pot
*** SUMMARY ***
Total pot $48 | Rake $0.50
Board [9h 7s 2h Kh Qc]
Seat 1: lukkyl0ser (big blind) showed [6h 4h] and won ($47.50) with a flush, King high
Seat 2: Sunny1022 (button) (small blind) mucked


PokerStars Hand #147292326318:  Hold'em Limit ($3/$6 USD) - 2016/01/18 23:57:23 ET
Table 'Themis II' 2-max Seat #1 is the button
Seat 1: lukkyl0ser ($133.52 in chips)
Seat 2: Sunny1022 ($116.07 in chips)
lukkyl0ser: posts small blind $1
Sunny1022: posts big blind $3
*** HOLE CARDS ***
lukkyl0ser: raises $3 to $6
Sunny1022: calls $3
*** FLOP *** [Td 2d 9c]
Sunny1022: checks
lukkyl0ser: bets $3
Sunny1022: folds
Uncalled bet ($3) returned to lukkyl0ser
lukkyl0ser collected $11.76 from pot
lukkyl0ser: doesn't show hand
*** SUMMARY ***
Total pot $12 | Rake $0.24
Board [Td 2d 9c]
Seat 1: lukkyl0ser (button) (small blind) collected ($11.76)
Seat 2: Sunny1022 (big blind) folded on the Flop


PokerStars Hand #147292357961:  Hold'em Limit ($3/$6 USD) - 2016/01/18 23:59:08 ET
Table 'Themis II' 2-max Seat #1 is the button
Seat 1: lukkyl0ser ($170.30 in chips)
Seat 2: Sunny1022 ($77.71 in chips)
lukkyl0ser: posts small blind $1
Sunny1022: posts big blind $3
*** HOLE CARDS ***
lukkyl0ser: raises $3 to $6
Sunny1022: calls $3
*** FLOP *** [Kh Ah 4h]
Sunny1022: checks
lukkyl0ser: bets $3
Sunny1022: folds
Uncalled bet ($3) returned to lukkyl0ser
lukkyl0ser collected $11.76 from pot
lukkyl0ser: doesn't show hand
*** SUMMARY ***
Total pot $12 | Rake $0.24
Board [Kh Ah 4h]
Seat 1: lukkyl0ser (button) (small blind) collected ($11.76)
Seat 2: Sunny1022 (big blind) folded on the Flop


PokerStars Hand #147292356736:  Hold'em Limit ($3/$6 USD) - 2016/01/18 23:59:03 ET
Table 'Themis II' 2-max Seat #2 is the button
Seat 1: lukkyl0ser ($169.30 in chips)
Seat 2: Sunny1022 ($78.71 in chips)
Sunny1022: posts small blind $1
lukkyl0ser: posts big blind $3
*** HOLE CARDS ***
Sunny1022: folds
Uncalled bet ($2) returned to lukkyl0ser
lukkyl0ser collected $2 from pot
lukkyl0ser: doesn't show hand
*** SUMMARY ***
Total pot $2 | Rake $0
Seat 1: lukkyl0ser (big blind) collected ($2)
Seat 2: Sunny1022 (button) (small blind) folded before Flop


PokerStars Hand #147292354115:  Hold'em Limit ($3/$6 USD) - 2016/01/18 23:58:53 ET
Table 'Themis II' 2-max Seat #1 is the button
Seat 1: lukkyl0ser ($163.54 in chips)
Seat 2: Sunny1022 ($84.71 in chips)
lukkyl0ser: posts small blind $1
Sunny1022: posts big blind $3
*** HOLE CARDS ***
lukkyl0ser: raises $3 to $6
Sunny1022: calls $3
*** FLOP *** [2c Qh 2d]
Sunny1022: checks
lukkyl0ser: bets $3
Sunny1022: folds
Uncalled bet ($3) returned to lukkyl0ser
lukkyl0ser collected $11.76 from pot
lukkyl0ser: doesn't show hand
*** SUMMARY ***
Total pot $12 | Rake $0.24
Board [2c Qh 2d]
Seat 1: lukkyl0ser (button) (small blind) collected ($11.76)
Seat 2: Sunny1022 (big blind) folded on the Flop


PokerStars Hand #147292347349:  Hold'em Limit ($3/$6 USD) - 2016/01/18 23:58:27 ET
Table 'Themis II' 2-max Seat #2 is the button
Seat 1: lukkyl0ser ($172.54 in chips)
Seat 2: Sunny1022 ($76.07 in chips)
Sunny1022: posts small blind $1
lukkyl0ser: posts big blind $3
*** HOLE CARDS ***
Sunny1022: raises $3 to $6
lukkyl0ser: calls $3
*** FLOP *** [9s 5c 2d]
lukkyl0ser: checks
Sunny1022: bets $3
lukkyl0ser: calls $3
*** TURN *** [9s 5c 2d] [Kd]
lukkyl0ser: checks
Sunny1022: bets $6
lukkyl0ser: folds
Uncalled bet ($6) returned to Sunny1022
Sunny1022 collected $17.64 from pot
Sunny1022: doesn't show hand
*** SUMMARY ***
Total pot $18 | Rake $0.36
Board [9s 5c 2d Kd]
Seat 1: lukkyl0ser (big blind) folded on the Turn
Seat 2: Sunny1022 (button) (small blind) collected ($17.64)


PokerStars Hand #147292372200:  Hold'em Limit ($3/$6 USD) - 2016/01/19 0:00:05 ET
Table 'Themis II' 2-max Seat #2 is the button
Seat 1: lukkyl0ser ($163.70 in chips)
Seat 2: Sunny1022 ($83.21 in chips)
Sunny1022: posts small blind $1
lukkyl0ser: posts big blind $3
*** HOLE CARDS ***
Sunny1022: raises $3 to $6
lukkyl0ser: calls $3
*** FLOP *** [5h 9c Qc]
lukkyl0ser: checks
Sunny1022: bets $3
lukkyl0ser: folds
Uncalled bet ($3) returned to Sunny1022
Sunny1022 collected $11.76 from pot
Sunny1022: doesn't show hand
*** SUMMARY ***
Total pot $12 | Rake $0.24
Board [5h 9c Qc]
Seat 1: lukkyl0ser (big blind) folded on the Flop
Seat 2: Sunny1022 (button) (small blind) collected ($11.76)


PokerStars Hand #147292365832:  Hold'em Limit ($3/$6 USD) - 2016/01/18 23:59:39 ET
Table 'Themis II' 2-max Seat #1 is the button
Seat 1: lukkyl0ser ($155.06 in chips)
Seat 2: Sunny1022 ($92.21 in chips)
lukkyl0ser: posts small blind $1
Sunny1022: posts big blind $3
*** HOLE CARDS ***
lukkyl0ser: raises $3 to $6
Sunny1022: calls $3
*** FLOP *** [Td Jc Tc]
Sunny1022: checks
lukkyl0ser: bets $3
Sunny1022: calls $3
*** TURN *** [Td Jc Tc] [6c]
Sunny1022: checks
lukkyl0ser: bets $6
Sunny1022: folds
Uncalled bet ($6) returned to lukkyl0ser
lukkyl0ser collected $17.64 from pot
lukkyl0ser: doesn't show hand
*** SUMMARY ***
Total pot $18 | Rake $0.36
Board [Td Jc Tc 6c]
Seat 1: lukkyl0ser (button) (small blind) collected ($17.64)
Seat 2: Sunny1022 (big blind) folded on the Turn


PokerStars Hand #147292360683:  Hold'em Limit ($3/$6 USD) - 2016/01/18 23:59:19 ET
Table 'Themis II' 2-max Seat #2 is the button
Seat 1: lukkyl0ser ($176.06 in chips)
Seat 2: Sunny1022 ($71.71 in chips)
Sunny1022: posts small blind $1
lukkyl0ser: posts big blind $3
*** HOLE CARDS ***
Sunny1022: raises $3 to $6
lukkyl0ser: raises $3 to $9
Sunny1022: calls $3
*** FLOP *** [8d 4s 6s]
lukkyl0ser: bets $3
Sunny1022: raises $3 to $6
lukkyl0ser: calls $3
*** TURN *** [8d 4s 6s] [5d]
lukkyl0ser: checks
Sunny1022: checks
*** RIVER *** [8d 4s 6s 5d] [Td]
lukkyl0ser: bets $6
Sunny1022: calls $6
*** SHOW DOWN ***
lukkyl0ser: shows [6h 9h] (a pair of Sixes)
Sunny1022: shows [Ac 6c] (a pair of Sixes - Ace kicker)
Sunny1022 collected $41.50 from pot
*** SUMMARY ***
Total pot $42 | Rake $0.50
Board [8d 4s 6s 5d Td]
Seat 1: lukkyl0ser (big blind) showed [6h 9h] and lost with a pair of Sixes
Seat 2: Sunny1022 (button) (small blind) showed [Ac 6c] and won ($41.50) with a pair of Sixes


PokerStars Hand #147292387198:  Hold'em Limit ($3/$6 USD) - 2016/01/19 0:01:04 ET
Table 'Themis II' 2-max Seat #2 is the button
Seat 1: lukkyl0ser ($148.70 in chips)
Seat 2: Sunny1022 ($97.61 in chips)
Sunny1022: posts small blind $1
lukkyl0ser: posts big blind $3
*** HOLE CARDS ***
Sunny1022: raises $3 to $6
lukkyl0ser: calls $3
*** FLOP *** [Qd Qs Td]
lukkyl0ser: checks
Sunny1022: bets $3
lukkyl0ser: raises $3 to $6
Sunny1022: calls $3
*** TURN *** [Qd Qs Td] [Ad]
lukkyl0ser: bets $6
Sunny1022: raises $6 to $12
lukkyl0ser: calls $6
*** RIVER *** [Qd Qs Td Ad] [7h]
lukkyl0ser: checks
Sunny1022: bets $6
lukkyl0ser: calls $6
*** SHOW DOWN ***
Sunny1022: shows [Ac Qh] (a full house, Queens full of Aces)
lukkyl0ser: mucks hand
Sunny1022 collected $59.50 from pot
*** SUMMARY ***
Total pot $60 | Rake $0.50
Board [Qd Qs Td Ad 7h]
Seat 1: lukkyl0ser (big blind) mucked
Seat 2: Sunny1022 (button) (small blind) showed [Ac Qh] and won ($59.50) with a full house, Queens full of Aces


PokerStars Hand #147292385355:  Hold'em Limit ($3/$6 USD) - 2016/01/19 0:00:57 ET
Table 'Themis II' 2-max Seat #1 is the button
Seat 1: lukkyl0ser ($145.70 in chips)
Seat 2: Sunny1022 ($100.61 in chips)
lukkyl0ser: posts small blind $1
Sunny1022: posts big blind $3
*** HOLE CARDS ***
lukkyl0ser: raises $3 to $6
Sunny1022: folds
Uncalled bet ($3) returned to lukkyl0ser
lukkyl0ser collected $6 from pot
lukkyl0ser: doesn't show hand
*** SUMMARY ***
Total pot $6 | Rake $0
Seat 1: lukkyl0ser (button) (small blind) collected ($6)
Seat 2: Sunny1022 (big blind) folded before Flop


PokerStars Hand #147292383952:  Hold'em Limit ($3/$6 USD) - 2016/01/19 0:00:52 ET
Table 'Themis II' 2-max Seat #2 is the button
Seat 1: lukkyl0ser ($148.70 in chips)
Seat 2: Sunny1022 ($97.61 in chips)
Sunny1022: posts small blind $1
lukkyl0ser: posts big blind $3
*** HOLE CARDS ***
Sunny1022: raises $3 to $6
lukkyl0ser: folds
Uncalled bet ($3) returned to Sunny1022
Sunny1022 collected $6 from pot
Sunny1022: doesn't show hand
*** SUMMARY ***
Total pot $6 | Rake $0
Seat 1: lukkyl0ser (big blind) folded before Flop
Seat 2: Sunny1022 (button) (small blind) collected ($6)


PokerStars Hand #147292381762:  Hold'em Limit ($3/$6 USD) - 2016/01/19 0:00:43 ET
Table 'Themis II' 2-max Seat #1 is the button
Seat 1: lukkyl0ser ($145.70 in chips)
Seat 2: Sunny1022 ($100.61 in chips)
lukkyl0ser: posts small blind $1
Sunny1022: posts big blind $3
*** HOLE CARDS ***
lukkyl0ser: raises $3 to $6
Sunny1022: folds
Uncalled bet ($3) returned to lukkyl0ser
lukkyl0ser collected $6 from pot
lukkyl0ser: doesn't show hand
*** SUMMARY ***
Total pot $6 | Rake $0
Seat 1: lukkyl0ser (button) (small blind) collected ($6)
Seat 2: Sunny1022 (big blind) folded before Flop


PokerStars Hand #147292380048:  Hold'em Limit ($3/$6 USD) - 2016/01/19 0:00:36 ET
Table 'Themis II' 2-max Seat #2 is the button
Seat 1: lukkyl0ser ($148.70 in chips)
Seat 2: Sunny1022 ($97.61 in chips)
Sunny1022: posts small blind $1
lukkyl0ser: posts big blind $3
*** HOLE CARDS ***
Sunny1022: raises $3 to $6
lukkyl0ser: folds
Uncalled bet ($3) returned to Sunny1022
Sunny1022 collected $6 from pot
Sunny1022: doesn't show hand
*** SUMMARY ***
Total pot $6 | Rake $0
Seat 1: lukkyl0ser (big blind) folded before Flop
Seat 2: Sunny1022 (button) (small blind) collected ($6)


PokerStars Hand #147292375289:  Hold'em Limit ($3/$6 USD) - 2016/01/19 0:00:17 ET
Table 'Themis II' 2-max Seat #1 is the button
Seat 1: lukkyl0ser ($157.70 in chips)
Seat 2: Sunny1022 ($88.97 in chips)
lukkyl0ser: posts small blind $1
Sunny1022: posts big blind $3
*** HOLE CARDS ***
lukkyl0ser: raises $3 to $6
Sunny1022: calls $3
*** FLOP *** [Td Jd 7d]
Sunny1022: checks
lukkyl0ser: bets $3
Sunny1022: raises $3 to $6
lukkyl0ser: folds
Uncalled bet ($3) returned to Sunny1022
Sunny1022 collected $17.64 from pot
Sunny1022: doesn't show hand
*** SUMMARY ***
Total pot $18 | Rake $0.36
Board [Td Jd 7d]
Seat 1: lukkyl0ser (button) (small blind) folded on the Flop
Seat 2: Sunny1022 (big blind) collected ($17.64)


PokerStars Hand #147292404732:  Hold'em Limit ($3/$6 USD) - 2016/01/19 0:02:06 ET
Table 'Themis II' 2-max Seat #1 is the button
Seat 1: lukkyl0ser ($100.70 in chips)
Seat 2: Sunny1022 ($144.61 in chips)
lukkyl0ser: posts small blind $1
Sunny1022: posts big blind $3
*** HOLE CARDS ***
lukkyl0ser: raises $3 to $6
Sunny1022: calls $3
*** FLOP *** [4d Th Jc]
Sunny1022: checks
lukkyl0ser: bets $3
Sunny1022: calls $3
*** TURN *** [4d Th Jc] [5c]
Sunny1022: checks
lukkyl0ser: bets $6
Sunny1022: calls $6
*** RIVER *** [4d Th Jc 5c] [4h]
Sunny1022: checks
lukkyl0ser: bets $6
Sunny1022: calls $6
*** SHOW DOWN ***
lukkyl0ser: shows [3s Jd] (two pair, Jacks and Fours)
Sunny1022: mucks hand
lukkyl0ser collected $41.50 from pot
*** SUMMARY ***
Total pot $42 | Rake $0.50
Board [4d Th Jc 5c 4h]
Seat 1: lukkyl0ser (button) (small blind) showed [3s Jd] and won ($41.50) with two pair, Jacks and Fours
Seat 2: Sunny1022 (big blind) mucked


PokerStars Hand #147292402588:  Hold'em Limit ($3/$6 USD) - 2016/01/19 0:01:59 ET
Table 'Themis II' 2-max Seat #2 is the button
Seat 1: lukkyl0ser ($103.70 in chips)
Seat 2: Sunny1022 ($141.61 in chips)
Sunny1022: posts small blind $1
lukkyl0ser: posts big blind $3
*** HOLE CARDS ***
Sunny1022: raises $3 to $6
lukkyl0ser: folds
Uncalled bet ($3) returned to Sunny1022
Sunny1022 collected $6 from pot
Sunny1022: doesn't show hand
*** SUMMARY ***
Total pot $6 | Rake $0
Seat 1: lukkyl0ser (big blind) folded before Flop
Seat 2: Sunny1022 (button) (small blind) collected ($6)


PokerStars Hand #147292400852:  Hold'em Limit ($3/$6 USD) - 2016/01/19 0:01:53 ET
Table 'Themis II' 2-max Seat #1 is the button
Seat 1: lukkyl0ser ($104.70 in chips)
Seat 2: Sunny1022 ($140.61 in chips)
lukkyl0ser: posts small blind $1
Sunny1022: posts big blind $3
*** HOLE CARDS ***
lukkyl0ser: folds
Uncalled bet ($2) returned to Sunny1022
Sunny1022 collected $2 from pot
Sunny1022: doesn't show hand
*** SUMMARY ***
Total pot $2 | Rake $0
Seat 1: lukkyl0ser (button) (small blind) folded before Flop
Seat 2: Sunny1022 (big blind) collected ($2)


PokerStars Hand #147292399486:  Hold'em Limit ($3/$6 USD) - 2016/01/19 0:01:48 ET
Table 'Themis II' 2-max Seat #2 is the button
Seat 1: lukkyl0ser ($103.70 in chips)
Seat 2: Sunny1022 ($141.61 in chips)
Sunny1022: posts small blind $1
lukkyl0ser: posts big blind $3
*** HOLE CARDS ***
Sunny1022: folds
Uncalled bet ($2) returned to lukkyl0ser
lukkyl0ser collected $2 from pot
lukkyl0ser: doesn't show hand
*** SUMMARY ***
Total pot $2 | Rake $0
Seat 1: lukkyl0ser (big blind) collected ($2)
Seat 2: Sunny1022 (button) (small blind) folded before Flop


PokerStars Hand #147292393304:  Hold'em Limit ($3/$6 USD) - 2016/01/19 0:01:26 ET
Table 'Themis II' 2-max Seat #1 is the button
Seat 1: lukkyl0ser ($118.70 in chips)
Seat 2: Sunny1022 ($127.11 in chips)
lukkyl0ser: posts small blind $1
Sunny1022: posts big blind $3
*** HOLE CARDS ***
lukkyl0ser: raises $3 to $6
Sunny1022: calls $3
*** FLOP *** [7h 9c 7d]
Sunny1022: checks
lukkyl0ser: bets $3
Sunny1022: calls $3
*** TURN *** [7h 9c 7d] [Kc]
Sunny1022: checks
lukkyl0ser: bets $6
Sunny1022: calls $6
*** RIVER *** [7h 9c 7d Kc] [Js]
Sunny1022: checks
lukkyl0ser: checks
*** SHOW DOWN ***
Sunny1022: shows [Qh 9d] (two pair, Nines and Sevens)
lukkyl0ser: mucks hand
Sunny1022 collected $29.50 from pot
*** SUMMARY ***
Total pot $30 | Rake $0.50
Board [7h 9c 7d Kc Js]
Seat 1: lukkyl0ser (button) (small blind) mucked
Seat 2: Sunny1022 (big blind) showed [Qh 9d] and won ($29.50) with two pair, Nines and Sevens


PokerStars Hand #147292424983:  Hold'em Limit ($3/$6 USD) - 2016/01/19 0:03:19 ET
Table 'Themis II' 2-max Seat #1 is the button
Seat 1: lukkyl0ser ($123.72 in chips)
Seat 2: Sunny1022 ($120.37 in chips)
lukkyl0ser: posts small blind $1
Sunny1022: posts big blind $3
*** HOLE CARDS ***
lukkyl0ser: folds
Uncalled bet ($2) returned to Sunny1022
Sunny1022 collected $2 from pot
Sunny1022: doesn't show hand
*** SUMMARY ***
Total pot $2 | Rake $0
Seat 1: lukkyl0ser (button) (small blind) folded before Flop
Seat 2: Sunny1022 (big blind) collected ($2)


PokerStars Hand #147292421967:  Hold'em Limit ($3/$6 USD) - 2016/01/19 0:03:08 ET
Table 'Themis II' 2-max Seat #2 is the button
Seat 1: lukkyl0ser ($126.72 in chips)
Seat 2: Sunny1022 ($117.37 in chips)
Sunny1022: posts small blind $1
lukkyl0ser: posts big blind $3
*** HOLE CARDS ***
Sunny1022: raises $3 to $6
lukkyl0ser: folds
Uncalled bet ($3) returned to Sunny1022
Sunny1022 collected $6 from pot
Sunny1022: doesn't show hand
*** SUMMARY ***
Total pot $6 | Rake $0
Seat 1: lukkyl0ser (big blind) folded before Flop
Seat 2: Sunny1022 (button) (small blind) collected ($6)


PokerStars Hand #147292417605:  Hold'em Limit ($3/$6 USD) - 2016/01/19 0:02:52 ET
Table 'Themis II' 2-max Seat #1 is the button
Seat 1: lukkyl0ser ($132.72 in chips)
Seat 2: Sunny1022 ($111.61 in chips)
lukkyl0ser: posts small blind $1
Sunny1022: posts big blind $3
*** HOLE CARDS ***
lukkyl0ser: raises $3 to $6
Sunny1022: calls $3
*** FLOP *** [8d 9d 7c]
Sunny1022: checks
lukkyl0ser: checks
*** TURN *** [8d 9d 7c] [Td]
Sunny1022: bets $6
lukkyl0ser: folds
Uncalled bet ($6) returned to Sunny1022
Sunny1022 collected $11.76 from pot
Sunny1022: doesn't show hand
*** SUMMARY ***
Total pot $12 | Rake $0.24
Board [8d 9d 7c Td]
Seat 1: lukkyl0ser (button) (small blind) folded on the Turn
Seat 2: Sunny1022 (big blind) collected ($11.76)


PokerStars Hand #147292410359:  Hold'em Limit ($3/$6 USD) - 2016/01/19 0:02:27 ET
Table 'Themis II' 2-max Seat #2 is the button
Seat 1: lukkyl0ser ($121.20 in chips)
Seat 2: Sunny1022 ($123.61 in chips)
Sunny1022: posts small blind $1
lukkyl0ser: posts big blind $3
*** HOLE CARDS ***
Sunny1022: raises $3 to $6
lukkyl0ser: calls $3
*** FLOP *** [9d 5d 6s]
lukkyl0ser: checks
Sunny1022: checks
*** TURN *** [9d 5d 6s] [Qh]
lukkyl0ser: checks
Sunny1022: checks
*** RIVER *** [9d 5d 6s Qh] [2s]
lukkyl0ser: checks
Sunny1022: bets $6
lukkyl0ser: calls $6
*** SHOW DOWN ***
Sunny1022: shows [7c Th] (high card Queen)
lukkyl0ser: shows [4c 5s] (a pair of Fives)
lukkyl0ser collected $23.52 from pot
*** SUMMARY ***
Total pot $24 | Rake $0.48
Board [9d 5d 6s Qh 2s]
Seat 1: lukkyl0ser (big blind) showed [4c 5s] and won ($23.52) with a pair of Fives
Seat 2: Sunny1022 (button) (small blind) showed [7c Th] and lost with high card Queen


PokerStars Hand #147292437812:  Hold'em Limit ($3/$6 USD) - 2016/01/19 0:04:04 ET
Table 'Themis II' 2-max Seat #2 is the button
Seat 1: lukkyl0ser ($104.48 in chips)
Seat 2: Sunny1022 ($138.87 in chips)
Sunny1022: posts small blind $1
lukkyl0ser: posts big blind $3
*** HOLE CARDS ***
Sunny1022: raises $3 to $6
lukkyl0ser: calls $3
*** FLOP *** [4c 8c 8h]
lukkyl0ser: checks
Sunny1022: bets $3
lukkyl0ser: calls $3
*** TURN *** [4c 8c 8h] [5d]
lukkyl0ser: checks
Sunny1022: bets $6
lukkyl0ser: calls $6
*** RIVER *** [4c 8c 8h 5d] [Jh]
lukkyl0ser: checks
Sunny1022: bets $6
lukkyl0ser: calls $6
*** SHOW DOWN ***
Sunny1022: shows [5c 5s] (a full house, Fives full of Eights)
lukkyl0ser: mucks hand
Sunny1022 collected $41.50 from pot
*** SUMMARY ***
Total pot $42 | Rake $0.50
Board [4c 8c 8h 5d Jh]
Seat 1: lukkyl0ser (big blind) mucked
Seat 2: Sunny1022 (button) (small blind) showed [5c 5s] and won ($41.50) with a full house, Fives full of Eights


PokerStars Hand #147292436364:  Hold'em Limit ($3/$6 USD) - 2016/01/19 0:03:59 ET
Table 'Themis II' 2-max Seat #1 is the button
Seat 1: lukkyl0ser ($105.48 in chips)
Seat 2: Sunny1022 ($137.87 in chips)
lukkyl0ser: posts small blind $1
Sunny1022: posts big blind $3
*** HOLE CARDS ***
lukkyl0ser: folds
Uncalled bet ($2) returned to Sunny1022
Sunny1022 collected $2 from pot
Sunny1022: doesn't show hand
*** SUMMARY ***
Total pot $2 | Rake $0
Seat 1: lukkyl0ser (button) (small blind) folded before Flop
Seat 2: Sunny1022 (big blind) collected ($2)


PokerStars Hand #147292434933:  Hold'em Limit ($3/$6 USD) - 2016/01/19 0:03:54 ET
Table 'Themis II' 2-max Seat #2 is the button
Seat 1: lukkyl0ser ($104.48 in chips)
Seat 2: Sunny1022 ($138.87 in chips)
Sunny1022: posts small blind $1
lukkyl0ser: posts big blind $3
*** HOLE CARDS ***
Sunny1022: folds
Uncalled bet ($2) returned to lukkyl0ser
lukkyl0ser collected $2 from pot
lukkyl0ser: doesn't show hand
*** SUMMARY ***
Total pot $2 | Rake $0
Seat 1: lukkyl0ser (big blind) collected ($2)
Seat 2: Sunny1022 (button) (small blind) folded before Flop


PokerStars Hand #147292429812:  Hold'em Limit ($3/$6 USD) - 2016/01/19 0:03:36 ET
Table 'Themis II' 2-max Seat #1 is the button
Seat 1: lukkyl0ser ($128.48 in chips)
Seat 2: Sunny1022 ($115.37 in chips)
lukkyl0ser: posts small blind $1
Sunny1022: posts big blind $3
*** HOLE CARDS ***
lukkyl0ser: raises $3 to $6
Sunny1022: raises $3 to $9
lukkyl0ser: calls $3
*** FLOP *** [4s 3c 6h]
Sunny1022: bets $3
lukkyl0ser: calls $3
*** TURN *** [4s 3c 6h] [8h]
Sunny1022: bets $6
lukkyl0ser: calls $6
*** RIVER *** [4s 3c 6h 8h] [5h]
Sunny1022: bets $6
lukkyl0ser: calls $6
*** SHOW DOWN ***
Sunny1022: shows [Qc Qh] (a pair of Queens)
lukkyl0ser: mucks hand
Sunny1022 collected $47.50 from pot
*** SUMMARY ***
Total pot $48 | Rake $0.50
Board [4s 3c 6h 8h 5h]
Seat 1: lukkyl0ser (button) (small blind) mucked
Seat 2: Sunny1022 (big blind) showed [Qc Qh] and won ($47.50) with a pair of Queens


PokerStars Hand #147292426523:  Hold'em Limit ($3/$6 USD) - 2016/01/19 0:03:24 ET
Table 'Themis II' 2-max Seat #2 is the button
Seat 1: lukkyl0ser ($122.72 in chips)
Seat 2: Sunny1022 ($121.37 in chips)
Sunny1022: posts small blind $1
lukkyl0ser: posts big blind $3
*** HOLE CARDS ***
Sunny1022: raises $3 to $6
lukkyl0ser: calls $3
*** FLOP *** [4s 7s 4d]
lukkyl0ser: checks
Sunny1022: checks
*** TURN *** [4s 7s 4d] [Td]
lukkyl0ser: bets $6
Sunny1022: folds
Uncalled bet ($6) returned to lukkyl0ser
lukkyl0ser collected $11.76 from pot
lukkyl0ser: doesn't show hand
*** SUMMARY ***
Total pot $12 | Rake $0.24
Board [4s 7s 4d Td]
Seat 1: lukkyl0ser (big blind) collected ($11.76)
Seat 2: Sunny1022 (button) (small blind) folded on the Turn


PokerStars Hand #147292457041:  Hold'em Limit ($3/$6 USD) - 2016/01/19 0:05:12 ET
Table 'Themis II' 2-max Seat #1 is the button
Seat 1: lukkyl0ser ($141.24 in chips)
Seat 2: Sunny1022 ($160.89 in chips)
lukkyl0ser: posts small blind $1
Sunny1022: posts big blind $3
*** HOLE CARDS ***
lukkyl0ser: raises $3 to $6
Sunny1022: folds
Uncalled bet ($3) returned to lukkyl0ser
lukkyl0ser collected $6 from pot
lukkyl0ser: doesn't show hand
*** SUMMARY ***
Total pot $6 | Rake $0
Seat 1: lukkyl0ser (button) (small blind) collected ($6)
Seat 2: Sunny1022 (big blind) folded before Flop


PokerStars Hand #147292451391:  Hold'em Limit ($3/$6 USD) - 2016/01/19 0:04:51 ET
Table 'Themis II' 2-max Seat #2 is the button
Seat 1: lukkyl0ser ($153.24 in chips)
Seat 2: Sunny1022 ($149.37 in chips)
Sunny1022: posts small blind $1
lukkyl0ser: posts big blind $3
*** HOLE CARDS ***
Sunny1022: raises $3 to $6
lukkyl0ser: calls $3
*** FLOP *** [Td 9c 5s]
lukkyl0ser: checks
Sunny1022: checks
*** TURN *** [Td 9c 5s] [3d]
lukkyl0ser: checks
Sunny1022: checks
*** RIVER *** [Td 9c 5s 3d] [2s]
lukkyl0ser: bets $6
Sunny1022: calls $6
*** SHOW DOWN ***
lukkyl0ser: shows [Kd 2c] (a pair of Deuces)
Sunny1022: shows [3h 6h] (a pair of Threes)
Sunny1022 collected $23.52 from pot
*** SUMMARY ***
Total pot $24 | Rake $0.48
Board [Td 9c 5s 3d 2s]
Seat 1: lukkyl0ser (big blind) showed [Kd 2c] and lost with a pair of Deuces
Seat 2: Sunny1022 (button) (small blind) showed [3h 6h] and won ($23.52) with a pair of Threes


PokerStars Hand #147292444189:  Hold'em Limit ($3/$6 USD) - 2016/01/19 0:04:26 ET
Table 'Themis II' 2-max Seat #1 is the button
Seat 1: lukkyl0ser ($83.48 in chips)
Seat 2: Sunny1022 ($159.37 in chips)
lukkyl0ser: posts small blind $1
Sunny1022: posts big blind $3
*** HOLE CARDS ***
lukkyl0ser: raises $3 to $6
Sunny1022: calls $3
*** FLOP *** [Qs Ah Jd]
Sunny1022: checks
lukkyl0ser: checks
*** TURN *** [Qs Ah Jd] [9h]
Sunny1022: checks
lukkyl0ser: checks
*** RIVER *** [Qs Ah Jd 9h] [9s]
Sunny1022: checks
lukkyl0ser: checks
*** SHOW DOWN ***
Sunny1022: shows [6d 4d] (a pair of Nines)
lukkyl0ser: shows [Jh 2h] (two pair, Jacks and Nines)
lukkyl0ser collected $11.76 from pot
*** SUMMARY ***
Total pot $12 | Rake $0.24
Board [Qs Ah Jd 9h 9s]
Seat 1: lukkyl0ser (button) (small blind) showed [Jh 2h] and won ($11.76) with two pair, Jacks and Nines
Seat 2: Sunny1022 (big blind) showed [6d 4d] and lost with a pair of Nines


PokerStars Hand #147292447956:  Hold'em Limit ($3/$6 USD) - 2016/01/19 0:04:39 ET
Table 'Themis II' 2-max Seat #2 is the button
Seat 1: lukkyl0ser ($89.24 in chips)
Seat 2: Sunny1022 ($153.37 in chips)
Sunny1022: posts small blind $1
lukkyl0ser: posts big blind $3
*** HOLE CARDS ***
Sunny1022: folds
Uncalled bet ($2) returned to lukkyl0ser
lukkyl0ser collected $2 from pot
lukkyl0ser: doesn't show hand
*** SUMMARY ***
Total pot $2 | Rake $0
Seat 1: lukkyl0ser (big blind) collected ($2)
Seat 2: Sunny1022 (button) (small blind) folded before Flop


PokerStars Hand #147292449724:  Hold'em Limit ($3/$6 USD) - 2016/01/19 0:04:46 ET
Table 'Themis II' 2-max Seat #1 is the button
Seat 1: lukkyl0ser ($90.24 in chips)
Seat 2: Sunny1022 ($152.37 in chips)
lukkyl0ser: posts small blind $1
Sunny1022: posts big blind $3
*** HOLE CARDS ***
lukkyl0ser: raises $3 to $6
Sunny1022: folds
Uncalled bet ($3) returned to lukkyl0ser
lukkyl0ser collected $6 from pot
lukkyl0ser: doesn't show hand
*** SUMMARY ***
Total pot $6 | Rake $0
Seat 1: lukkyl0ser (button) (small blind) collected ($6)
Seat 2: Sunny1022 (big blind) folded before Flop


PokerStars Hand #147292458698:  Hold'em Limit ($3/$6 USD) - 2016/01/19 0:05:17 ET
Table 'Themis II' 2-max Seat #2 is the button
Seat 1: lukkyl0ser ($144.24 in chips)
Seat 2: Sunny1022 ($157.89 in chips)
Sunny1022: posts small blind $1
lukkyl0ser: posts big blind $3
*** HOLE CARDS ***
Sunny1022: raises $3 to $6
lukkyl0ser: raises $3 to $9
Sunny1022: calls $3
*** FLOP *** [Qd 2c 5d]
lukkyl0ser: bets $3
Sunny1022: calls $3
*** TURN *** [Qd 2c 5d] [3s]
lukkyl0ser: bets $6
Sunny1022: calls $6
*** RIVER *** [Qd 2c 5d 3s] [6c]
lukkyl0ser: bets $6
Sunny1022: folds
Uncalled bet ($6) returned to lukkyl0ser
lukkyl0ser collected $35.50 from pot
lukkyl0ser: doesn't show hand
*** SUMMARY ***
Total pot $36 | Rake $0.50
Board [Qd 2c 5d 3s 6c]
Seat 1: lukkyl0ser (big blind) collected ($35.50)
Seat 2: Sunny1022 (button) (small blind) folded on the River


PokerStars Hand #147292464770:  Hold'em Limit ($3/$6 USD) - 2016/01/19 0:05:39 ET
Table 'Themis II' 2-max Seat #1 is the button
Seat 1: lukkyl0ser ($161.74 in chips)
Seat 2: Sunny1022 ($139.89 in chips)
lukkyl0ser: posts small blind $1
Sunny1022: posts big blind $3
*** HOLE CARDS ***
lukkyl0ser: folds
Uncalled bet ($2) returned to Sunny1022
Sunny1022 collected $2 from pot
Sunny1022: doesn't show hand
*** SUMMARY ***
Total pot $2 | Rake $0
Seat 1: lukkyl0ser (button) (small blind) folded before Flop
Seat 2: Sunny1022 (big blind) collected ($2)


PokerStars Hand #147292466619:  Hold'em Limit ($3/$6 USD) - 2016/01/19 0:05:46 ET
Table 'Themis II' 2-max Seat #2 is the button
Seat 1: lukkyl0ser ($160.74 in chips)
Seat 2: Sunny1022 ($140.89 in chips)
Sunny1022: posts small blind $1
lukkyl0ser: posts big blind $3
*** HOLE CARDS ***
Sunny1022: raises $3 to $6
lukkyl0ser: calls $3
*** FLOP *** [As 4d Js]
lukkyl0ser: checks
Sunny1022: bets $3
lukkyl0ser: calls $3
*** TURN *** [As 4d Js] [4s]
lukkyl0ser: checks
Sunny1022: checks
*** RIVER *** [As 4d Js 4s] [8d]
lukkyl0ser: checks
Sunny1022: bets $6
lukkyl0ser: folds
Uncalled bet ($6) returned to Sunny1022
Sunny1022 collected $17.64 from pot
Sunny1022: doesn't show hand
*** SUMMARY ***
Total pot $18 | Rake $0.36
Board [As 4d Js 4s 8d]
Seat 1: lukkyl0ser (big blind) folded on the River
Seat 2: Sunny1022 (button) (small blind) collected ($17.64)


PokerStars Hand #147292473574:  Hold'em Limit ($3/$6 USD) - 2016/01/19 0:06:10 ET
Table 'Themis II' 2-max Seat #1 is the button
Seat 1: lukkyl0ser ($151.74 in chips)
Seat 2: Sunny1022 ($149.53 in chips)
lukkyl0ser: posts small blind $1
Sunny1022: posts big blind $3
*** HOLE CARDS ***
lukkyl0ser: raises $3 to $6
Sunny1022: folds
Uncalled bet ($3) returned to lukkyl0ser
lukkyl0ser collected $6 from pot
lukkyl0ser: doesn't show hand
*** SUMMARY ***
Total pot $6 | Rake $0
Seat 1: lukkyl0ser (button) (small blind) collected ($6)
Seat 2: Sunny1022 (big blind) folded before Flop


PokerStars Hand #147292477541:  Hold'em Limit ($3/$6 USD) - 2016/01/19 0:06:24 ET
Table 'Themis II' 2-max Seat #1 is the button
Seat 1: lukkyl0ser ($151.74 in chips)
Seat 2: Sunny1022 ($149.53 in chips)
lukkyl0ser: posts small blind $1
Sunny1022: posts big blind $3
*** HOLE CARDS ***
lukkyl0ser: folds
Uncalled bet ($2) returned to Sunny1022
Sunny1022 collected $2 from pot
Sunny1022: doesn't show hand
*** SUMMARY ***
Total pot $2 | Rake $0
Seat 1: lukkyl0ser (button) (small blind) folded before Flop
Seat 2: Sunny1022 (big blind) collected ($2)


PokerStars Hand #147292475207:  Hold'em Limit ($3/$6 USD) - 2016/01/19 0:06:16 ET
Table 'Themis II' 2-max Seat #2 is the button
Seat 1: lukkyl0ser ($154.74 in chips)
Seat 2: Sunny1022 ($146.53 in chips)
Sunny1022: posts small blind $1
lukkyl0ser: posts big blind $3
*** HOLE CARDS ***
Sunny1022: raises $3 to $6
lukkyl0ser: folds
Uncalled bet ($3) returned to Sunny1022
Sunny1022 collected $6 from pot
Sunny1022: doesn't show hand
*** SUMMARY ***
Total pot $6 | Rake $0
Seat 1: lukkyl0ser (big blind) folded before Flop
Seat 2: Sunny1022 (button) (small blind) collected ($6)


PokerStars Hand #147292479133:  Hold'em Limit ($3/$6 USD) - 2016/01/19 0:06:30 ET
Table 'Themis II' 2-max Seat #2 is the button
Seat 1: lukkyl0ser ($150.74 in chips)
Seat 2: Sunny1022 ($150.53 in chips)
Sunny1022: posts small blind $1
lukkyl0ser: posts big blind $3
*** HOLE CARDS ***
Sunny1022: folds
Uncalled bet ($2) returned to lukkyl0ser
lukkyl0ser collected $2 from pot
lukkyl0ser: doesn't show hand
*** SUMMARY ***
Total pot $2 | Rake $0
Seat 1: lukkyl0ser (big blind) collected ($2)
Seat 2: Sunny1022 (button) (small blind) folded before Flop


PokerStars Hand #147292482546:  Hold'em Limit ($3/$6 USD) - 2016/01/19 0:06:42 ET
Table 'Themis II' 2-max Seat #2 is the button
Seat 1: lukkyl0ser ($154.74 in chips)
Seat 2: Sunny1022 ($146.53 in chips)
Sunny1022: posts small blind $1
lukkyl0ser: posts big blind $3
*** HOLE CARDS ***
Sunny1022: folds
Uncalled bet ($2) returned to lukkyl0ser
lukkyl0ser collected $2 from pot
lukkyl0ser: doesn't show hand
*** SUMMARY ***
Total pot $2 | Rake $0
Seat 1: lukkyl0ser (big blind) collected ($2)
Seat 2: Sunny1022 (button) (small blind) folded before Flop


PokerStars Hand #147292480902:  Hold'em Limit ($3/$6 USD) - 2016/01/19 0:06:36 ET
Table 'Themis II' 2-max Seat #1 is the button
Seat 1: lukkyl0ser ($151.74 in chips)
Seat 2: Sunny1022 ($149.53 in chips)
lukkyl0ser: posts small blind $1
Sunny1022: posts big blind $3
*** HOLE CARDS ***
lukkyl0ser: raises $3 to $6
Sunny1022: folds
Uncalled bet ($3) returned to lukkyl0ser
lukkyl0ser collected $6 from pot
lukkyl0ser: doesn't show hand
*** SUMMARY ***
Total pot $6 | Rake $0
Seat 1: lukkyl0ser (button) (small blind) collected ($6)
Seat 2: Sunny1022 (big blind) folded before Flop


PokerStars Hand #147292483878:  Hold'em Limit ($3/$6 USD) - 2016/01/19 0:06:47 ET
Table 'Themis II' 2-max Seat #1 is the button
Seat 1: lukkyl0ser ($155.74 in chips)
Seat 2: Sunny1022 ($145.53 in chips)
lukkyl0ser: posts small blind $1
Sunny1022: posts big blind $3
*** HOLE CARDS ***
lukkyl0ser: folds
Uncalled bet ($2) returned to Sunny1022
Sunny1022 collected $2 from pot
Sunny1022: doesn't show hand
*** SUMMARY ***
Total pot $2 | Rake $0
Seat 1: lukkyl0ser (button) (small blind) folded before Flop
Seat 2: Sunny1022 (big blind) collected ($2)


PokerStars Hand #147292485479:  Hold'em Limit ($3/$6 USD) - 2016/01/19 0:06:52 ET
Table 'Themis II' 2-max Seat #2 is the button
Seat 1: lukkyl0ser ($154.74 in chips)
Seat 2: Sunny1022 ($146.53 in chips)
Sunny1022: posts small blind $1
lukkyl0ser: posts big blind $3
*** HOLE CARDS ***
Sunny1022: raises $3 to $6
lukkyl0ser: calls $3
*** FLOP *** [6s 2s Qc]
lukkyl0ser: checks
Sunny1022: checks
*** TURN *** [6s 2s Qc] [8s]
lukkyl0ser: checks
Sunny1022: checks
*** RIVER *** [6s 2s Qc 8s] [5d]
lukkyl0ser: checks
Sunny1022: checks
*** SHOW DOWN ***
lukkyl0ser: shows [Ts Jd] (high card Queen)
Sunny1022: shows [3h Kh] (high card King)
Sunny1022 collected $11.76 from pot
*** SUMMARY ***
Total pot $12 | Rake $0.24
Board [6s 2s Qc 8s 5d]
Seat 1: lukkyl0ser (big blind) showed [Ts Jd] and lost with high card Queen
Seat 2: Sunny1022 (button) (small blind) showed [3h Kh] and won ($11.76) with high card King


PokerStars Hand #147292492407:  Hold'em Limit ($3/$6 USD) - 2016/01/19 0:07:17 ET
Table 'Themis II' 2-max Seat #1 is the button
Seat 1: lukkyl0ser ($148.74 in chips)
Seat 2: Sunny1022 ($152.29 in chips)
lukkyl0ser: posts small blind $1
Sunny1022: posts big blind $3
*** HOLE CARDS ***
lukkyl0ser: raises $3 to $6
Sunny1022: folds
Uncalled bet ($3) returned to lukkyl0ser
lukkyl0ser collected $6 from pot
lukkyl0ser: doesn't show hand
*** SUMMARY ***
Total pot $6 | Rake $0
Seat 1: lukkyl0ser (button) (small blind) collected ($6)
Seat 2: Sunny1022 (big blind) folded before Flop


PokerStars Hand #147292494149:  Hold'em Limit ($3/$6 USD) - 2016/01/19 0:07:23 ET
Table 'Themis II' 2-max Seat #2 is the button
Seat 1: lukkyl0ser ($151.74 in chips)
Seat 2: Sunny1022 ($149.29 in chips)
Sunny1022: posts small blind $1
lukkyl0ser: posts big blind $3
*** HOLE CARDS ***
Sunny1022: raises $3 to $6
lukkyl0ser: folds
Uncalled bet ($3) returned to Sunny1022
Sunny1022 collected $6 from pot
Sunny1022: doesn't show hand
*** SUMMARY ***
Total pot $6 | Rake $0
Seat 1: lukkyl0ser (big blind) folded before Flop
Seat 2: Sunny1022 (button) (small blind) collected ($6)


PokerStars Hand #147292498594:  Hold'em Limit ($3/$6 USD) - 2016/01/19 0:07:39 ET
Table 'Themis II' 2-max Seat #1 is the button
Seat 1: lukkyl0ser ($148.74 in chips)
Seat 2: Sunny1022 ($152.29 in chips)
lukkyl0ser: posts small blind $1
Sunny1022: posts big blind $3
*** HOLE CARDS ***
lukkyl0ser: folds
Uncalled bet ($2) returned to Sunny1022
Sunny1022 collected $2 from pot
Sunny1022: doesn't show hand
*** SUMMARY ***
Total pot $2 | Rake $0
Seat 1: lukkyl0ser (button) (small blind) folded before Flop
Seat 2: Sunny1022 (big blind) collected ($2)


PokerStars Hand #147292502345:  Hold'em Limit ($3/$6 USD) - 2016/01/19 0:07:52 ET
Table 'Themis II' 2-max Seat #1 is the button
Seat 1: lukkyl0ser ($148.74 in chips)
Seat 2: Sunny1022 ($152.29 in chips)
lukkyl0ser: posts small blind $1
Sunny1022: posts big blind $3
*** HOLE CARDS ***
lukkyl0ser: raises $3 to $6
Sunny1022: folds
Uncalled bet ($3) returned to lukkyl0ser
lukkyl0ser collected $6 from pot
lukkyl0ser: doesn't show hand
*** SUMMARY ***
Total pot $6 | Rake $0
Seat 1: lukkyl0ser (button) (small blind) collected ($6)
Seat 2: Sunny1022 (big blind) folded before Flop


PokerStars Hand #147292501007:  Hold'em Limit ($3/$6 USD) - 2016/01/19 0:07:47 ET
Table 'Themis II' 2-max Seat #2 is the button
Seat 1: lukkyl0ser ($147.74 in chips)
Seat 2: Sunny1022 ($153.29 in chips)
Sunny1022: posts small blind $1
lukkyl0ser: posts big blind $3
*** HOLE CARDS ***
Sunny1022: folds
Uncalled bet ($2) returned to lukkyl0ser
lukkyl0ser collected $2 from pot
lukkyl0ser: doesn't show hand
*** SUMMARY ***
Total pot $2 | Rake $0
Seat 1: lukkyl0ser (big blind) collected ($2)
Seat 2: Sunny1022 (button) (small blind) folded before Flop


PokerStars Hand #147292504040:  Hold'em Limit ($3/$6 USD) - 2016/01/19 0:07:58 ET
Table 'Themis II' 2-max Seat #2 is the button
Seat 1: lukkyl0ser ($151.74 in chips)
Seat 2: Sunny1022 ($149.29 in chips)
Sunny1022: posts small blind $1
lukkyl0ser: posts big blind $3
*** HOLE CARDS ***
Sunny1022: raises $3 to $6
lukkyl0ser: folds
Uncalled bet ($3) returned to Sunny1022
Sunny1022 collected $6 from pot
Sunny1022: doesn't show hand
*** SUMMARY ***
Total pot $6 | Rake $0
Seat 1: lukkyl0ser (big blind) folded before Flop
Seat 2: Sunny1022 (button) (small blind) collected ($6)


PokerStars Hand #147292505717:  Hold'em Limit ($3/$6 USD) - 2016/01/19 0:08:04 ET
Table 'Themis II' 2-max Seat #1 is the button
Seat 1: lukkyl0ser ($148.74 in chips)
Seat 2: Sunny1022 ($152.29 in chips)
lukkyl0ser: posts small blind $1
Sunny1022: posts big blind $3
*** HOLE CARDS ***
lukkyl0ser: raises $3 to $6
Sunny1022: calls $3
*** FLOP *** [Kh 6d Ts]
Sunny1022: checks
lukkyl0ser: bets $3
Sunny1022: calls $3
*** TURN *** [Kh 6d Ts] [4c]
Sunny1022: checks
lukkyl0ser: checks
*** RIVER *** [Kh 6d Ts 4c] [Qs]
Sunny1022: bets $6
lukkyl0ser: calls $6
*** SHOW DOWN ***
Sunny1022: shows [9c 7h] (high card King)
lukkyl0ser: shows [Qc 2c] (a pair of Queens)
lukkyl0ser collected $29.50 from pot
*** SUMMARY ***
Total pot $30 | Rake $0.50
Board [Kh 6d Ts 4c Qs]
Seat 1: lukkyl0ser (button) (small blind) showed [Qc 2c] and won ($29.50) with a pair of Queens
Seat 2: Sunny1022 (big blind) showed [9c 7h] and lost with high card King


PokerStars Hand #147292524733:  Hold'em Limit ($3/$6 USD) - 2016/01/19 0:09:12 ET
Table 'Themis II' 2-max Seat #1 is the button
Seat 1: lukkyl0ser ($177.74 in chips)
Seat 2: Sunny1022 ($122.29 in chips)
lukkyl0ser: posts small blind $1
Sunny1022: posts big blind $3
*** HOLE CARDS ***
lukkyl0ser: folds
Uncalled bet ($2) returned to Sunny1022
Sunny1022 collected $2 from pot
Sunny1022: doesn't show hand
*** SUMMARY ***
Total pot $2 | Rake $0
Seat 1: lukkyl0ser (button) (small blind) folded before Flop
Seat 2: Sunny1022 (big blind) collected ($2)


PokerStars Hand #147292515271:  Hold'em Limit ($3/$6 USD) - 2016/01/19 0:08:38 ET
Table 'Themis II' 2-max Seat #2 is the button
Seat 1: lukkyl0ser ($163.24 in chips)
Seat 2: Sunny1022 ($137.29 in chips)
Sunny1022: posts small blind $1
lukkyl0ser: posts big blind $3
*** HOLE CARDS ***
Sunny1022: raises $3 to $6
lukkyl0ser: calls $3
*** FLOP *** [8s 6h Kh]
lukkyl0ser: checks
Sunny1022: bets $3
lukkyl0ser: calls $3
*** TURN *** [8s 6h Kh] [3s]
lukkyl0ser: checks
Sunny1022: bets $6
lukkyl0ser: calls $6
*** RIVER *** [8s 6h Kh 3s] [6d]
lukkyl0ser: bets $6
Sunny1022: folds
Uncalled bet ($6) returned to lukkyl0ser
lukkyl0ser collected $29.50 from pot
lukkyl0ser: doesn't show hand
*** SUMMARY ***
Total pot $30 | Rake $0.50
Board [8s 6h Kh 3s 6d]
Seat 1: lukkyl0ser (big blind) collected ($29.50)
Seat 2: Sunny1022 (button) (small blind) folded on the River


PokerStars Hand #147292526158:  Hold'em Limit ($3/$6 USD) - 2016/01/19 0:09:17 ET
Table 'Themis II' 2-max Seat #2 is the button
Seat 1: lukkyl0ser ($176.74 in chips)
Seat 2: Sunny1022 ($123.29 in chips)
Sunny1022: posts small blind $1
lukkyl0ser: posts big blind $3
*** HOLE CARDS ***
Sunny1022: folds
Uncalled bet ($2) returned to lukkyl0ser
lukkyl0ser collected $2 from pot
lukkyl0ser: doesn't show hand
*** SUMMARY ***
Total pot $2 | Rake $0
Seat 1: lukkyl0ser (big blind) collected ($2)
Seat 2: Sunny1022 (button) (small blind) folded before Flop


PokerStars Hand #147292527639:  Hold'em Limit ($3/$6 USD) - 2016/01/19 0:09:23 ET
Table 'Themis II' 2-max Seat #1 is the button
Seat 1: lukkyl0ser ($177.74 in chips)
Seat 2: Sunny1022 ($122.29 in chips)
lukkyl0ser: posts small blind $1
Sunny1022: posts big blind $3
*** HOLE CARDS ***
lukkyl0ser: raises $3 to $6
Sunny1022: calls $3
*** FLOP *** [4d Td Ad]
Sunny1022: checks
lukkyl0ser: bets $3
Sunny1022: folds
Uncalled bet ($3) returned to lukkyl0ser
lukkyl0ser collected $11.76 from pot
lukkyl0ser: doesn't show hand
Sunny1022 leaves the table
*** SUMMARY ***
Total pot $12 | Rake $0.24
Board [4d Td Ad]
Seat 1: lukkyl0ser (button) (small blind) collected ($11.76)
Seat 2: Sunny1022 (big blind) folded on the Flop


