PokerStars Hand #145952970864:  Hold'em Limit ($3/$6 USD) - 2015/12/26 12:36:41 ET
Table 'Themisto' 6-max Seat #2 is the button
Seat 1: dye111 ($105 in chips)
Seat 2: TbIP-TbIP 88 ($86.50 in chips)
TbIP-TbIP 88: posts small blind $1
dye111: posts big blind $3
*** HOLE CARDS ***
TbIP-TbIP 88: raises $3 to $6
dye111: calls $3
*** FLOP *** [Ad 2c Jd]
dye111: checks
TbIP-TbIP 88: bets $3
dye111: calls $3
*** TURN *** [Ad 2c Jd] [7c]
dye111: checks
TbIP-TbIP 88: checks
*** RIVER *** [Ad 2c Jd 7c] [Qc]
dye111: checks
TbIP-TbIP 88: bets $6
dye111: calls $6
*** SHOW DOWN ***
TbIP-TbIP 88: shows [Qd 9d] (a pair of Queens)
dye111: mucks hand
TbIP-TbIP 88 collected $29.50 from pot
*** SUMMARY ***
Total pot $30 | Rake $0.50
Board [Ad 2c Jd 7c Qc]
Seat 1: dye111 (big blind) mucked
Seat 2: TbIP-TbIP 88 (button) (small blind) showed [Qd 9d] and won ($29.50) with a pair of Queens


PokerStars Hand #145953019877:  Hold'em Limit ($3/$6 USD) - 2015/12/26 12:37:36 ET
Table 'Themisto' 6-max Seat #2 is the button
Seat 1: dye111 ($95.76 in chips)
Seat 2: TbIP-TbIP 88 ($95 in chips)
TbIP-TbIP 88: posts small blind $1
dye111: posts big blind $3
*** HOLE CARDS ***
TbIP-TbIP 88: folds
Uncalled bet ($2) returned to dye111
dye111 collected $2 from pot
*** SUMMARY ***
Total pot $2 | Rake $0
Seat 1: dye111 (big blind) collected ($2)
Seat 2: TbIP-TbIP 88 (button) (small blind) folded before Flop


PokerStars Hand #145953010901:  Hold'em Limit ($3/$6 USD) - 2015/12/26 12:37:26 ET
Table 'Themisto' 6-max Seat #1 is the button
Seat 1: dye111 ($90 in chips)
Seat 2: TbIP-TbIP 88 ($101 in chips)
dye111: posts small blind $1
TbIP-TbIP 88: posts big blind $3
*** HOLE CARDS ***
dye111: raises $3 to $6
TbIP-TbIP 88: calls $3
*** FLOP *** [2s 4h Qc]
TbIP-TbIP 88: checks
dye111: bets $3
TbIP-TbIP 88: folds
Uncalled bet ($3) returned to dye111
dye111 collected $11.76 from pot
*** SUMMARY ***
Total pot $12 | Rake $0.24
Board [2s 4h Qc]
Seat 1: dye111 (button) (small blind) collected ($11.76)
Seat 2: TbIP-TbIP 88 (big blind) folded on the Flop


PokerStars Hand #145953024842:  Hold'em Limit ($3/$6 USD) - 2015/12/26 12:37:42 ET
Table 'Themisto' 6-max Seat #1 is the button
Seat 1: dye111 ($96.76 in chips)
Seat 2: TbIP-TbIP 88 ($94 in chips)
dye111: posts small blind $1
TbIP-TbIP 88: posts big blind $3
*** HOLE CARDS ***
dye111: raises $3 to $6
TbIP-TbIP 88: folds
Uncalled bet ($3) returned to dye111
dye111 collected $6 from pot
*** SUMMARY ***
Total pot $6 | Rake $0
Seat 1: dye111 (button) (small blind) collected ($6)
Seat 2: TbIP-TbIP 88 (big blind) folded before Flop


PokerStars Hand #145953031166:  Hold'em Limit ($3/$6 USD) - 2015/12/26 12:37:49 ET
Table 'Themisto' 6-max Seat #2 is the button
Seat 1: dye111 ($99.76 in chips)
Seat 2: TbIP-TbIP 88 ($91 in chips)
TbIP-TbIP 88: posts small blind $1
dye111: posts big blind $3
*** HOLE CARDS ***
TbIP-TbIP 88: calls $2
dye111: checks
*** FLOP *** [4c 8c 6h]
dye111: checks
TbIP-TbIP 88: bets $3
dye111: calls $3
*** TURN *** [4c 8c 6h] [4s]
dye111: checks
TbIP-TbIP 88: bets $6
dye111: calls $6
*** RIVER *** [4c 8c 6h 4s] [Jh]
dye111: checks
TbIP-TbIP 88: bets $6
dye111: folds
Uncalled bet ($6) returned to TbIP-TbIP 88
TbIP-TbIP 88 collected $23.52 from pot
TbIP-TbIP 88: doesn't show hand
*** SUMMARY ***
Total pot $24 | Rake $0.48
Board [4c 8c 6h 4s Jh]
Seat 1: dye111 (big blind) folded on the River
Seat 2: TbIP-TbIP 88 (button) (small blind) collected ($23.52)


PokerStars Hand #145953073637:  Hold'em Limit ($3/$6 USD) - 2015/12/26 12:38:38 ET
Table 'Themisto' 6-max Seat #1 is the button
Seat 1: dye111 ($76.76 in chips)
Seat 2: TbIP-TbIP 88 ($113.04 in chips)
dye111: posts small blind $1
TbIP-TbIP 88: posts big blind $3
*** HOLE CARDS ***
dye111: folds
Uncalled bet ($2) returned to TbIP-TbIP 88
TbIP-TbIP 88 collected $2 from pot
TbIP-TbIP 88: doesn't show hand
*** SUMMARY ***
Total pot $2 | Rake $0
Seat 1: dye111 (button) (small blind) folded before Flop
Seat 2: TbIP-TbIP 88 (big blind) collected ($2)


PokerStars Hand #145953069324:  Hold'em Limit ($3/$6 USD) - 2015/12/26 12:38:33 ET
Table 'Themisto' 6-max Seat #2 is the button
Seat 1: dye111 ($75.76 in chips)
Seat 2: TbIP-TbIP 88 ($114.04 in chips)
TbIP-TbIP 88: posts small blind $1
dye111: posts big blind $3
*** HOLE CARDS ***
TbIP-TbIP 88: folds
Uncalled bet ($2) returned to dye111
dye111 collected $2 from pot
*** SUMMARY ***
Total pot $2 | Rake $0
Seat 1: dye111 (big blind) collected ($2)
Seat 2: TbIP-TbIP 88 (button) (small blind) folded before Flop


PokerStars Hand #145953082192:  Hold'em Limit ($3/$6 USD) - 2015/12/26 12:38:47 ET
Table 'Themisto' 6-max Seat #1 is the button
Seat 1: dye111 ($76.76 in chips)
Seat 2: TbIP-TbIP 88 ($113.04 in chips)
dye111: posts small blind $1
TbIP-TbIP 88: posts big blind $3
*** HOLE CARDS ***
dye111: folds
Uncalled bet ($2) returned to TbIP-TbIP 88
TbIP-TbIP 88 collected $2 from pot
TbIP-TbIP 88: doesn't show hand
*** SUMMARY ***
Total pot $2 | Rake $0
Seat 1: dye111 (button) (small blind) folded before Flop
Seat 2: TbIP-TbIP 88 (big blind) collected ($2)


PokerStars Hand #145953086149:  Hold'em Limit ($3/$6 USD) - 2015/12/26 12:38:52 ET
Table 'Themisto' 6-max Seat #2 is the button
Seat 1: dye111 ($75.76 in chips)
Seat 2: TbIP-TbIP 88 ($114.04 in chips)
TbIP-TbIP 88: posts small blind $1
dye111: posts big blind $3
*** HOLE CARDS ***
TbIP-TbIP 88: raises $3 to $6
dye111: calls $3
*** FLOP *** [7d 8c As]
dye111: checks
TbIP-TbIP 88: bets $3
dye111: folds
Uncalled bet ($3) returned to TbIP-TbIP 88
TbIP-TbIP 88 collected $11.76 from pot
TbIP-TbIP 88: doesn't show hand
*** SUMMARY ***
Total pot $12 | Rake $0.24
Board [7d 8c As]
Seat 1: dye111 (big blind) folded on the Flop
Seat 2: TbIP-TbIP 88 (button) (small blind) collected ($11.76)


PokerStars Hand #145953094611:  Hold'em Limit ($3/$6 USD) - 2015/12/26 12:39:02 ET
Table 'Themisto' 6-max Seat #1 is the button
Seat 1: dye111 ($69.76 in chips)
Seat 2: TbIP-TbIP 88 ($119.80 in chips)
dye111: posts small blind $1
TbIP-TbIP 88: posts big blind $3
*** HOLE CARDS ***
dye111: folds
Uncalled bet ($2) returned to TbIP-TbIP 88
TbIP-TbIP 88 collected $2 from pot
TbIP-TbIP 88: doesn't show hand
*** SUMMARY ***
Total pot $2 | Rake $0
Seat 1: dye111 (button) (small blind) folded before Flop
Seat 2: TbIP-TbIP 88 (big blind) collected ($2)


PokerStars Hand #145953106712:  Hold'em Limit ($3/$6 USD) - 2015/12/26 12:39:15 ET
Table 'Themisto' 6-max Seat #1 is the button
Seat 1: dye111 ($69.76 in chips)
Seat 2: TbIP-TbIP 88 ($119.80 in chips)
dye111: posts small blind $1
TbIP-TbIP 88: posts big blind $3
*** HOLE CARDS ***
dye111: raises $3 to $6
TbIP-TbIP 88: folds
Uncalled bet ($3) returned to dye111
BuzovaPro joins the table at seat #3
dye111 collected $6 from pot
*** SUMMARY ***
Total pot $6 | Rake $0
Seat 1: dye111 (button) (small blind) collected ($6)
Seat 2: TbIP-TbIP 88 (big blind) folded before Flop


PokerStars Hand #145965780635:  Hold'em Limit ($3/$6 USD) - 2015/12/26 16:21:49 ET
Table 'Themisto' 6-max Seat #3 is the button
Seat 3: 4iginark ($77.09 in chips)
Seat 4: Karpik09 ($214.41 in chips)
4iginark: posts small blind $1
Karpik09: posts big blind $3
*** HOLE CARDS ***
LukaSteel leaves the table
4iginark: folds
Uncalled bet ($2) returned to Karpik09
Karpik09 collected $2 from pot
Karpik09: doesn't show hand
*** SUMMARY ***
Total pot $2 | Rake $0
Seat 3: 4iginark (button) (small blind) folded before Flop
Seat 4: Karpik09 (big blind) collected ($2)


PokerStars Hand #145965772414:  Hold'em Limit ($3/$6 USD) - 2015/12/26 16:21:41 ET
Table 'Themisto' 6-max Seat #4 is the button
Seat 3: 4iginark ($80.09 in chips)
Seat 4: Karpik09 ($211.41 in chips)
Karpik09: posts small blind $1
vestimokrec: is sitting out
LukaSteel: is sitting out
4iginark: posts big blind $3
*** HOLE CARDS ***
Karpik09: raises $3 to $6
4iginark: folds
Uncalled bet ($3) returned to Karpik09
Karpik09 collected $6 from pot
Karpik09: doesn't show hand
*** SUMMARY ***
Total pot $6 | Rake $0
Seat 3: 4iginark (big blind) folded before Flop
Seat 4: Karpik09 (button) (small blind) collected ($6)


PokerStars Hand #145965787757:  Hold'em Limit ($3/$6 USD) - 2015/12/26 16:21:56 ET
Table 'Themisto' 6-max Seat #4 is the button
Seat 3: 4iginark ($76.09 in chips)
Seat 4: Karpik09 ($215.41 in chips)
Karpik09: posts small blind $1
4iginark: posts big blind $3
*** HOLE CARDS ***
Karpik09: raises $3 to $6
4iginark: raises $3 to $9
Karpik09: calls $3
*** FLOP *** [Qs Kh Th]
4iginark: bets $3
vestimokrec leaves the table
Karpik09: calls $3
*** TURN *** [Qs Kh Th] [Kd]
4iginark: bets $6
Karpik09: folds
Uncalled bet ($6) returned to 4iginark
4iginark collected $23.52 from pot
4iginark: doesn't show hand
*** SUMMARY ***
Total pot $24 | Rake $0.48
Board [Qs Kh Th Kd]
Seat 3: 4iginark (big blind) collected ($23.52)
Seat 4: Karpik09 (button) (small blind) folded on the Turn


PokerStars Hand #145965808322:  Hold'em Limit ($3/$6 USD) - 2015/12/26 16:22:16 ET
Table 'Themisto' 6-max Seat #3 is the button
Seat 3: 4iginark ($87.61 in chips)
Seat 4: Karpik09 ($203.41 in chips)
4iginark: posts small blind $1
Karpik09: posts big blind $3
*** HOLE CARDS ***
4iginark: raises $3 to $6
Karpik09: folds
Uncalled bet ($3) returned to 4iginark
4iginark collected $6 from pot
4iginark: doesn't show hand
*** SUMMARY ***
Total pot $6 | Rake $0
Seat 3: 4iginark (button) (small blind) collected ($6)
Seat 4: Karpik09 (big blind) folded before Flop


PokerStars Hand #145965824014:  Hold'em Limit ($3/$6 USD) - 2015/12/26 16:22:31 ET
Table 'Themisto' 6-max Seat #3 is the button
Seat 3: 4iginark ($87.61 in chips)
Seat 4: Karpik09 ($203.41 in chips)
4iginark: posts small blind $1
Karpik09: posts big blind $3
*** HOLE CARDS ***
4iginark: folds
Uncalled bet ($2) returned to Karpik09
Karpik09 collected $2 from pot
Karpik09: doesn't show hand
*** SUMMARY ***
Total pot $2 | Rake $0
Seat 3: 4iginark (button) (small blind) folded before Flop
Seat 4: Karpik09 (big blind) collected ($2)


PokerStars Hand #145965816343:  Hold'em Limit ($3/$6 USD) - 2015/12/26 16:22:23 ET
Table 'Themisto' 6-max Seat #4 is the button
Seat 3: 4iginark ($90.61 in chips)
Seat 4: Karpik09 ($200.41 in chips)
Karpik09: posts small blind $1
4iginark: posts big blind $3
*** HOLE CARDS ***
Karpik09: raises $3 to $6
4iginark: folds
Uncalled bet ($3) returned to Karpik09
Karpik09 collected $6 from pot
Karpik09: doesn't show hand
*** SUMMARY ***
Total pot $6 | Rake $0
Seat 3: 4iginark (big blind) folded before Flop
Seat 4: Karpik09 (button) (small blind) collected ($6)


PokerStars Hand #145965828876:  Hold'em Limit ($3/$6 USD) - 2015/12/26 16:22:35 ET
Table 'Themisto' 6-max Seat #4 is the button
Seat 3: 4iginark ($86.61 in chips)
Seat 4: Karpik09 ($204.41 in chips)
Karpik09: posts small blind $1
4iginark: posts big blind $3
*** HOLE CARDS ***
Karpik09: raises $3 to $6
4iginark: raises $3 to $9
Karpik09: calls $3
*** FLOP *** [Qc Qs 6c]
4iginark: checks
Karpik09: checks
*** TURN *** [Qc Qs 6c] [9d]
4iginark: bets $6
Karpik09: folds
Uncalled bet ($6) returned to 4iginark
4iginark collected $17.64 from pot
4iginark: doesn't show hand
*** SUMMARY ***
Total pot $18 | Rake $0.36
Board [Qc Qs 6c 9d]
Seat 3: 4iginark (big blind) collected ($17.64)
Seat 4: Karpik09 (button) (small blind) folded on the Turn


PokerStars Hand #145965849625:  Hold'em Limit ($3/$6 USD) - 2015/12/26 16:22:55 ET
Table 'Themisto' 6-max Seat #3 is the button
Seat 3: 4iginark ($95.25 in chips)
Seat 4: Karpik09 ($195.41 in chips)
4iginark: posts small blind $1
Karpik09: posts big blind $3
*** HOLE CARDS ***
4iginark: folds
Uncalled bet ($2) returned to Karpik09
Karpik09 collected $2 from pot
Karpik09: doesn't show hand
*** SUMMARY ***
Total pot $2 | Rake $0
Seat 3: 4iginark (button) (small blind) folded before Flop
Seat 4: Karpik09 (big blind) collected ($2)


PokerStars Hand #145965874474:  Hold'em Limit ($3/$6 USD) - 2015/12/26 16:23:20 ET
Table 'Themisto' 6-max Seat #3 is the button
Seat 3: 4iginark ($85.25 in chips)
Seat 4: Karpik09 ($205.05 in chips)
4iginark: posts small blind $1
Karpik09: posts big blind $3
*** HOLE CARDS ***
4iginark: folds
Uncalled bet ($2) returned to Karpik09
Karpik09 collected $2 from pot
Karpik09: doesn't show hand
*** SUMMARY ***
Total pot $2 | Rake $0
Seat 3: 4iginark (button) (small blind) folded before Flop
Seat 4: Karpik09 (big blind) collected ($2)


PokerStars Hand #145965854358:  Hold'em Limit ($3/$6 USD) - 2015/12/26 16:23:00 ET
Table 'Themisto' 6-max Seat #4 is the button
Seat 3: 4iginark ($94.25 in chips)
Seat 4: Karpik09 ($196.41 in chips)
Karpik09: posts small blind $1
4iginark: posts big blind $3
*** HOLE CARDS ***
Karpik09: raises $3 to $6
4iginark: calls $3
*** FLOP *** [Jc Qs Qd]
4iginark: checks
Karpik09: bets $3
4iginark: calls $3
*** TURN *** [Jc Qs Qd] [4d]
4iginark: checks
Karpik09: bets $6
4iginark: folds
Uncalled bet ($6) returned to Karpik09
Karpik09 collected $17.64 from pot
Karpik09: doesn't show hand
*** SUMMARY ***
Total pot $18 | Rake $0.36
Board [Jc Qs Qd 4d]
Seat 3: 4iginark (big blind) folded on the Turn
Seat 4: Karpik09 (button) (small blind) collected ($17.64)


PokerStars Hand #145965880439:  Hold'em Limit ($3/$6 USD) - 2015/12/26 16:23:25 ET
Table 'Themisto' 6-max Seat #4 is the button
Seat 3: 4iginark ($84.25 in chips)
Seat 4: Karpik09 ($206.05 in chips)
Karpik09: posts small blind $1
4iginark: posts big blind $3
*** HOLE CARDS ***
Karpik09: raises $3 to $6
4iginark: folds
Uncalled bet ($3) returned to Karpik09
Karpik09 collected $6 from pot
Karpik09: doesn't show hand
*** SUMMARY ***
Total pot $6 | Rake $0
Seat 3: 4iginark (big blind) folded before Flop
Seat 4: Karpik09 (button) (small blind) collected ($6)


PokerStars Hand #145965888440:  Hold'em Limit ($3/$6 USD) - 2015/12/26 16:23:33 ET
Table 'Themisto' 6-max Seat #3 is the button
Seat 3: 4iginark ($81.25 in chips)
Seat 4: Karpik09 ($209.05 in chips)
4iginark: posts small blind $1
Karpik09: posts big blind $3
*** HOLE CARDS ***
4iginark: raises $3 to $6
Karpik09: calls $3
*** FLOP *** [4h 3s Qc]
Karpik09: checks
4iginark: bets $3
Karpik09: folds
Uncalled bet ($3) returned to 4iginark
4iginark collected $11.76 from pot
4iginark: doesn't show hand
*** SUMMARY ***
Total pot $12 | Rake $0.24
Board [4h 3s Qc]
Seat 3: 4iginark (button) (small blind) collected ($11.76)
Seat 4: Karpik09 (big blind) folded on the Flop


PokerStars Hand #145965913810:  Hold'em Limit ($3/$6 USD) - 2015/12/26 16:23:57 ET
Table 'Themisto' 6-max Seat #4 is the button
Seat 3: 4iginark ($87.01 in chips)
Seat 4: Karpik09 ($203.05 in chips)
Karpik09: posts small blind $1
4iginark: posts big blind $3
*** HOLE CARDS ***
Jogibärle joins the table at seat #6
Karpik09: raises $3 to $6
4iginark: raises $3 to $9
Karpik09: calls $3
*** FLOP *** [Jh 8s 8h]
4iginark: checks
Karpik09: checks
*** TURN *** [Jh 8s 8h] [5d]
LukaSteel joins the table at seat #1
4iginark: bets $6
vestimokrec joins the table at seat #2
Karpik09: folds
Uncalled bet ($6) returned to 4iginark
4iginark collected $17.64 from pot
4iginark: doesn't show hand
*** SUMMARY ***
Total pot $18 | Rake $0.36
Board [Jh 8s 8h 5d]
Seat 3: 4iginark (big blind) collected ($17.64)
Seat 4: Karpik09 (button) (small blind) folded on the Turn


PokerStars Hand #145965936649:  Hold'em Limit ($3/$6 USD) - 2015/12/26 16:24:19 ET
Table 'Themisto' 6-max Seat #3 is the button
Seat 3: 4iginark ($95.65 in chips)
Seat 4: Karpik09 ($194.05 in chips)
4iginark: posts small blind $1
Karpik09: posts big blind $3
*** HOLE CARDS ***
4iginark: calls $2
Karpik09: raises $3 to $6
4iginark: calls $3
*** FLOP *** [Kh Ad 6c]
Karpik09: bets $3
Mavrin13 joins the table at seat #5
4iginark: folds
Uncalled bet ($3) returned to Karpik09
Karpik09 collected $11.76 from pot
Karpik09: doesn't show hand
*** SUMMARY ***
Total pot $12 | Rake $0.24
Board [Kh Ad 6c]
Seat 3: 4iginark (button) (small blind) folded on the Flop
Seat 4: Karpik09 (big blind) collected ($11.76)


