PokerStars Hand #175084537018:  Hold'em Limit ($3/$6 USD) - 2017/09/01 19:02:05 ET
Table 'Themis' 6-max Seat #2 is the button
Seat 2: HislopHignfy ($78.81 in chips)
Seat 5: GoliafUa ($123 in chips)
HislopHignfy: posts small blind $1
GoliafUa: posts big blind $3
*** HOLE CARDS ***
HislopHignfy: raises $3 to $6
GoliafUa: calls $3
*** FLOP *** [3h 2c 5d]
GoliafUa: checks
HislopHignfy: bets $3
GoliafUa: calls $3
*** TURN *** [3h 2c 5d] [Kc]
GoliafUa: checks
HislopHignfy: bets $6
GoliafUa: raises $6 to $12
HislopHignfy: calls $6
*** RIVER *** [3h 2c 5d Kc] [Qh]
GoliafUa: checks
HislopHignfy: bets $6
GoliafUa: folds
Uncalled bet ($6) returned to HislopHignfy
HislopHignfy collected $41.50 from pot
HislopHignfy: doesn't show hand
*** SUMMARY ***
Total pot $42 | Rake $0.50
Board [3h 2c 5d Kc Qh]
Seat 2: HislopHignfy (button) (small blind) collected ($41.50)
Seat 5: GoliafUa (big blind) folded on the River


PokerStars Hand #175084573805:  Hold'em Limit ($3/$6 USD) - 2017/09/01 19:03:05 ET
Table 'Themis' 6-max Seat #2 is the button
Seat 2: HislopHignfy ($93.31 in chips)
Seat 5: GoliafUa ($125.76 in chips)
HislopHignfy: posts small blind $1
GoliafUa: posts big blind $3
*** HOLE CARDS ***
HislopHignfy: raises $3 to $6
GoliafUa: folds
Uncalled bet ($3) returned to HislopHignfy
HislopHignfy collected $6 from pot
HislopHignfy: doesn't show hand
*** SUMMARY ***
Total pot $6 | Rake $0
Seat 2: HislopHignfy (button) (small blind) collected ($6)
Seat 5: GoliafUa (big blind) folded before Flop


PokerStars Hand #175084558930:  Hold'em Limit ($3/$6 USD) - 2017/09/01 19:02:41 ET
Table 'Themis' 6-max Seat #5 is the button
Seat 2: HislopHignfy ($99.31 in chips)
Seat 5: GoliafUa ($120 in chips)
GoliafUa: posts small blind $1
HislopHignfy: posts big blind $3
*** HOLE CARDS ***
GoliafUa: raises $3 to $6
HislopHignfy: calls $3
*** FLOP *** [7d 9d 3h]
HislopHignfy: checks
GoliafUa: bets $3
HislopHignfy: folds
Uncalled bet ($3) returned to GoliafUa
GoliafUa collected $11.76 from pot
*** SUMMARY ***
Total pot $12 | Rake $0.24
Board [7d 9d 3h]
Seat 2: HislopHignfy (big blind) folded on the Flop
Seat 5: GoliafUa (button) (small blind) collected ($11.76)


PokerStars Hand #175084612886:  Hold'em Limit ($3/$6 USD) - 2017/09/01 19:04:09 ET
Table 'Themis' 6-max Seat #5 is the button
Seat 2: HislopHignfy ($86.81 in chips)
Seat 5: GoliafUa ($131.26 in chips)
GoliafUa: posts small blind $1
HislopHignfy: posts big blind $3
*** HOLE CARDS ***
GoliafUa: raises $3 to $6
HislopHignfy: calls $3
*** FLOP *** [9c 6d 7s]
HislopHignfy: checks
GoliafUa: bets $3
HislopHignfy: calls $3
*** TURN *** [9c 6d 7s] [2s]
HislopHignfy: checks
GoliafUa: bets $6
HislopHignfy: calls $6
*** RIVER *** [9c 6d 7s 2s] [5c]
HislopHignfy: checks
GoliafUa: checks
*** SHOW DOWN ***
HislopHignfy: shows [6h Qs] (a pair of Sixes)
GoliafUa: mucks hand
HislopHignfy collected $29.50 from pot
*** SUMMARY ***
Total pot $30 | Rake $0.50
Board [9c 6d 7s 2s 5c]
Seat 2: HislopHignfy (big blind) showed [6h Qs] and won ($29.50) with a pair of Sixes
Seat 5: GoliafUa (button) (small blind) mucked


PokerStars Hand #175084598840:  Hold'em Limit ($3/$6 USD) - 2017/09/01 19:03:46 ET
Table 'Themis' 6-max Seat #2 is the button
Seat 2: HislopHignfy ($72.31 in chips)
Seat 5: GoliafUa ($146.26 in chips)
HislopHignfy: posts small blind $1
GoliafUa: posts big blind $3
*** HOLE CARDS ***
HislopHignfy: raises $3 to $6
GoliafUa: calls $3
*** FLOP *** [Jc 5s 7h]
GoliafUa: checks
HislopHignfy: bets $3
GoliafUa: calls $3
*** TURN *** [Jc 5s 7h] [Qs]
GoliafUa: checks
HislopHignfy: bets $6
GoliafUa: calls $6
*** RIVER *** [Jc 5s 7h Qs] [Ks]
GoliafUa: checks
HislopHignfy: bets $6
GoliafUa: folds
Uncalled bet ($6) returned to HislopHignfy
HislopHignfy collected $29.50 from pot
HislopHignfy: doesn't show hand
*** SUMMARY ***
Total pot $30 | Rake $0.50
Board [Jc 5s 7h Qs Ks]
Seat 2: HislopHignfy (button) (small blind) collected ($29.50)
Seat 5: GoliafUa (big blind) folded on the River


PokerStars Hand #175084578735:  Hold'em Limit ($3/$6 USD) - 2017/09/01 19:03:14 ET
Table 'Themis' 6-max Seat #5 is the button
Seat 2: HislopHignfy ($96.31 in chips)
Seat 5: GoliafUa ($122.76 in chips)
GoliafUa: posts small blind $1
HislopHignfy: posts big blind $3
*** HOLE CARDS ***
GoliafUa: raises $3 to $6
HislopHignfy: calls $3
*** FLOP *** [4d Ah Qd]
HislopHignfy: checks
GoliafUa: bets $3
HislopHignfy: raises $3 to $6
GoliafUa: calls $3
*** TURN *** [4d Ah Qd] [As]
HislopHignfy: bets $6
GoliafUa: calls $6
*** RIVER *** [4d Ah Qd As] [5d]
HislopHignfy: bets $6
GoliafUa: calls $6
*** SHOW DOWN ***
HislopHignfy: shows [4h Qc] (two pair, Aces and Queens)
GoliafUa: shows [Qh Th] (two pair, Aces and Queens - Ten kicker)
GoliafUa collected $47.50 from pot
*** SUMMARY ***
Total pot $48 | Rake $0.50
Board [4d Ah Qd As 5d]
Seat 2: HislopHignfy (big blind) showed [4h Qc] and lost with two pair, Aces and Queens
Seat 5: GoliafUa (button) (small blind) showed [Qh Th] and won ($47.50) with two pair, Aces and Queens


