PokerStars Hand #147069767849:  Hold'em Limit ($3/$6 USD) - 2016/01/15 6:39:48 ET
Table 'Themis II' 2-max Seat #1 is the button
Seat 1: IwilldropU ($60.50 in chips)
Seat 2: fifaliga ($120 in chips)
IwilldropU: posts small blind $1
fifaliga: posts big blind $3
*** HOLE CARDS ***
IwilldropU: raises $3 to $6
fifaliga: calls $3
*** FLOP *** [8c 7c 2h]
fifaliga: checks
IwilldropU: checks
*** TURN *** [8c 7c 2h] [Js]
fifaliga: bets $6
IwilldropU: raises $6 to $12
fifaliga: calls $6
*** RIVER *** [8c 7c 2h Js] [6d]
fifaliga: checks
IwilldropU: bets $6
fifaliga: calls $6
*** SHOW DOWN ***
IwilldropU: shows [Kh Jc] (a pair of Jacks)
fifaliga: mucks hand
IwilldropU collected $47.50 from pot
*** SUMMARY ***
Total pot $48 | Rake $0.50
Board [8c 7c 2h Js 6d]
Seat 1: IwilldropU (button) (small blind) showed [Kh Jc] and won ($47.50) with a pair of Jacks
Seat 2: fifaliga (big blind) mucked


PokerStars Hand #147069748816:  Hold'em Limit ($3/$6 USD) - 2016/01/15 6:39:14 ET
Table 'Themis II' 2-max Seat #2 is the button
Seat 1: IwilldropU ($40 in chips)
Seat 2: fifaliga ($36 in chips)
fifaliga: posts small blind $1
IwilldropU: posts big blind $3
*** HOLE CARDS ***
fifaliga: raises $3 to $6
IwilldropU: raises $3 to $9
fifaliga: calls $3
*** FLOP *** [3c 4h 6c]
IwilldropU: bets $3
fifaliga: raises $3 to $6
IwilldropU: calls $3
*** TURN *** [3c 4h 6c] [Qh]
IwilldropU: checks
fifaliga: checks
*** RIVER *** [3c 4h 6c Qh] [Td]
IwilldropU: checks
fifaliga: bets $6
IwilldropU: calls $6
*** SHOW DOWN ***
fifaliga: shows [7d 8d] (high card Queen)
IwilldropU: shows [Jc Ks] (high card King)
IwilldropU collected $41.50 from pot
*** SUMMARY ***
Total pot $42 | Rake $0.50
Board [3c 4h 6c Qh Td]
Seat 1: IwilldropU (big blind) showed [Jc Ks] and won ($41.50) with high card King
Seat 2: fifaliga (button) (small blind) showed [7d 8d] and lost with high card Queen


PokerStars Hand #147069793854:  Hold'em Limit ($3/$6 USD) - 2016/01/15 6:40:34 ET
Table 'Themis II' 2-max Seat #1 is the button
Seat 1: IwilldropU ($89.52 in chips)
Seat 2: fifaliga ($125.76 in chips)
IwilldropU: posts small blind $1
fifaliga: posts big blind $3
*** HOLE CARDS ***
IwilldropU: raises $3 to $6
fifaliga: raises $3 to $9
IwilldropU: calls $3
*** FLOP *** [7d 3c 4h]
fifaliga: bets $3
IwilldropU: calls $3
*** TURN *** [7d 3c 4h] [7s]
fifaliga: bets $6
IwilldropU: raises $6 to $12
fifaliga: folds
Uncalled bet ($6) returned to IwilldropU
IwilldropU collected $35.50 from pot
IwilldropU: doesn't show hand
*** SUMMARY ***
Total pot $36 | Rake $0.50
Board [7d 3c 4h 7s]
Seat 1: IwilldropU (button) (small blind) collected ($35.50)
Seat 2: fifaliga (big blind) folded on the Turn


PokerStars Hand #147069788152:  Hold'em Limit ($3/$6 USD) - 2016/01/15 6:40:24 ET
Table 'Themis II' 2-max Seat #2 is the button
Seat 1: IwilldropU ($95.52 in chips)
Seat 2: fifaliga ($120 in chips)
fifaliga: posts small blind $1
IwilldropU: posts big blind $3
*** HOLE CARDS ***
fifaliga: raises $3 to $6
IwilldropU: calls $3
*** FLOP *** [Kc 9d 9s]
IwilldropU: checks
fifaliga: bets $3
IwilldropU: folds
Uncalled bet ($3) returned to fifaliga
fifaliga collected $11.76 from pot
fifaliga: doesn't show hand
*** SUMMARY ***
Total pot $12 | Rake $0.24
Board [Kc 9d 9s]
Seat 1: IwilldropU (big blind) folded on the Flop
Seat 2: fifaliga (button) (small blind) collected ($11.76)


PokerStars Hand #147069782498:  Hold'em Limit ($3/$6 USD) - 2016/01/15 6:40:14 ET
Table 'Themis II' 2-max Seat #1 is the button
Seat 1: IwilldropU ($89.76 in chips)
Seat 2: fifaliga ($120 in chips)
IwilldropU: posts small blind $1
fifaliga: posts big blind $3
*** HOLE CARDS ***
IwilldropU: raises $3 to $6
fifaliga: calls $3
*** FLOP *** [Ad Qs Kc]
fifaliga: checks
IwilldropU: bets $3
fifaliga: folds
Uncalled bet ($3) returned to IwilldropU
IwilldropU collected $11.76 from pot
IwilldropU: doesn't show hand
*** SUMMARY ***
Total pot $12 | Rake $0.24
Board [Ad Qs Kc]
Seat 1: IwilldropU (button) (small blind) collected ($11.76)
Seat 2: fifaliga (big blind) folded on the Flop


PokerStars Hand #147069777034:  Hold'em Limit ($3/$6 USD) - 2016/01/15 6:40:04 ET
Table 'Themis II' 2-max Seat #2 is the button
Seat 1: IwilldropU ($84 in chips)
Seat 2: fifaliga ($120 in chips)
fifaliga: posts small blind $1
IwilldropU: posts big blind $3
*** HOLE CARDS ***
fifaliga: raises $3 to $6
IwilldropU: calls $3
*** FLOP *** [5d Qd Qc]
IwilldropU: bets $3
fifaliga: folds
Uncalled bet ($3) returned to IwilldropU
IwilldropU collected $11.76 from pot
IwilldropU: doesn't show hand
*** SUMMARY ***
Total pot $12 | Rake $0.24
Board [5d Qd Qc]
Seat 1: IwilldropU (big blind) collected ($11.76)
Seat 2: fifaliga (button) (small blind) folded on the Flop


PokerStars Hand #147069834912:  Hold'em Limit ($3/$6 USD) - 2016/01/15 6:41:46 ET
Table 'Themis II' 2-max Seat #1 is the button
Seat 1: IwilldropU ($50.90 in chips)
Seat 2: fifaliga ($175.14 in chips)
IwilldropU: posts small blind $1
fifaliga: posts big blind $3
*** HOLE CARDS ***
IwilldropU: raises $3 to $6
fifaliga: calls $3
*** FLOP *** [5s 8c 6c]
fifaliga: checks
IwilldropU: checks
*** TURN *** [5s 8c 6c] [Kh]
fifaliga: checks
IwilldropU: checks
*** RIVER *** [5s 8c 6c Kh] [8s]
fifaliga: checks
IwilldropU: checks
*** SHOW DOWN ***
fifaliga: shows [2h Qh] (a pair of Eights)
IwilldropU: shows [9d Ad] (a pair of Eights - Ace kicker)
IwilldropU collected $11.76 from pot
*** SUMMARY ***
Total pot $12 | Rake $0.24
Board [5s 8c 6c Kh 8s]
Seat 1: IwilldropU (button) (small blind) showed [9d Ad] and won ($11.76) with a pair of Eights
Seat 2: fifaliga (big blind) showed [2h Qh] and lost with a pair of Eights


PokerStars Hand #147069831580:  Hold'em Limit ($3/$6 USD) - 2016/01/15 6:41:40 ET
Table 'Themis II' 2-max Seat #2 is the button
Seat 1: IwilldropU ($53.90 in chips)
Seat 2: fifaliga ($172.14 in chips)
fifaliga: posts small blind $1
IwilldropU: posts big blind $3
*** HOLE CARDS ***
fifaliga: raises $3 to $6
IwilldropU: folds
Uncalled bet ($3) returned to fifaliga
fifaliga collected $6 from pot
fifaliga: doesn't show hand
*** SUMMARY ***
Total pot $6 | Rake $0
Seat 1: IwilldropU (big blind) folded before Flop
Seat 2: fifaliga (button) (small blind) collected ($6)


PokerStars Hand #147069825673:  Hold'em Limit ($3/$6 USD) - 2016/01/15 6:41:30 ET
Table 'Themis II' 2-max Seat #1 is the button
Seat 1: IwilldropU ($51.02 in chips)
Seat 2: fifaliga ($175.14 in chips)
IwilldropU: posts small blind $1
fifaliga: posts big blind $3
*** HOLE CARDS ***
IwilldropU: calls $2
fifaliga: checks
*** FLOP *** [6s Ad 9h]
fifaliga: checks
IwilldropU: bets $3
fifaliga: folds
Uncalled bet ($3) returned to IwilldropU
IwilldropU collected $5.88 from pot
IwilldropU: doesn't show hand
*** SUMMARY ***
Total pot $6 | Rake $0.12
Board [6s Ad 9h]
Seat 1: IwilldropU (button) (small blind) collected ($5.88)
Seat 2: fifaliga (big blind) folded on the Flop


PokerStars Hand #147069823092:  Hold'em Limit ($3/$6 USD) - 2016/01/15 6:41:26 ET
Table 'Themis II' 2-max Seat #2 is the button
Seat 1: IwilldropU ($50.02 in chips)
Seat 2: fifaliga ($176.14 in chips)
fifaliga: posts small blind $1
IwilldropU: posts big blind $3
*** HOLE CARDS ***
fifaliga: folds
Uncalled bet ($2) returned to IwilldropU
IwilldropU collected $2 from pot
IwilldropU: doesn't show hand
*** SUMMARY ***
Total pot $2 | Rake $0
Seat 1: IwilldropU (big blind) collected ($2)
Seat 2: fifaliga (button) (small blind) folded before Flop


PokerStars Hand #147069816954:  Hold'em Limit ($3/$6 USD) - 2016/01/15 6:41:15 ET
Table 'Themis II' 2-max Seat #1 is the button
Seat 1: IwilldropU ($59.02 in chips)
Seat 2: fifaliga ($167.50 in chips)
IwilldropU: posts small blind $1
fifaliga: posts big blind $3
*** HOLE CARDS ***
IwilldropU: raises $3 to $6
fifaliga: raises $3 to $9
IwilldropU: calls $3
*** FLOP *** [As 8s Ks]
fifaliga: bets $3
IwilldropU: folds
Uncalled bet ($3) returned to fifaliga
fifaliga collected $17.64 from pot
fifaliga: doesn't show hand
*** SUMMARY ***
Total pot $18 | Rake $0.36
Board [As 8s Ks]
Seat 1: IwilldropU (button) (small blind) folded on the Flop
Seat 2: fifaliga (big blind) collected ($17.64)


PokerStars Hand #147069802413:  Hold'em Limit ($3/$6 USD) - 2016/01/15 6:40:49 ET
Table 'Themis II' 2-max Seat #2 is the button
Seat 1: IwilldropU ($107.02 in chips)
Seat 2: fifaliga ($120 in chips)
fifaliga: posts small blind $1
IwilldropU: posts big blind $3
*** HOLE CARDS ***
fifaliga: raises $3 to $6
IwilldropU: calls $3
*** FLOP *** [5s 3s Td]
IwilldropU: checks
fifaliga: bets $3
IwilldropU: raises $3 to $6
fifaliga: calls $3
*** TURN *** [5s 3s Td] [2s]
IwilldropU: checks
fifaliga: bets $6
IwilldropU: raises $6 to $12
fifaliga: raises $6 to $18
IwilldropU: raises $6 to $24
Betting is capped
fifaliga: calls $6
*** RIVER *** [5s 3s Td 2s] [4d]
IwilldropU: bets $6
fifaliga: raises $6 to $12
IwilldropU: calls $6
*** SHOW DOWN ***
fifaliga: shows [As Qs] (a flush, Ace high)
IwilldropU: mucks hand
fifaliga collected $95.50 from pot
*** SUMMARY ***
Total pot $96 | Rake $0.50
Board [5s 3s Td 2s 4d]
Seat 1: IwilldropU (big blind) mucked
Seat 2: fifaliga (button) (small blind) showed [As Qs] and won ($95.50) with a flush, Ace high


PokerStars Hand #147069843729:  Hold'em Limit ($3/$6 USD) - 2016/01/15 6:42:02 ET
Table 'Themis II' 2-max Seat #2 is the button
Seat 1: IwilldropU ($56.66 in chips)
Seat 2: fifaliga ($169.14 in chips)
fifaliga: posts small blind $1
IwilldropU: posts big blind $3
*** HOLE CARDS ***
fifaliga: raises $3 to $6
IwilldropU: calls $3
*** FLOP *** [Ah 9c 2s]
IwilldropU: bets $3
fifaliga: folds
Uncalled bet ($3) returned to IwilldropU
IwilldropU collected $11.76 from pot
IwilldropU: doesn't show hand
*** SUMMARY ***
Total pot $12 | Rake $0.24
Board [Ah 9c 2s]
Seat 1: IwilldropU (big blind) collected ($11.76)
Seat 2: fifaliga (button) (small blind) folded on the Flop


