PokerStars Hand #154315269770:  Hold'em Limit ($3/$6 USD) - 2016/06/05 6:51:15 ET
Table 'Themisto II' 6-max Seat #4 is the button
Seat 1: 125678724 ($118.14 in chips)
Seat 4: VolkovDmitri ($121 in chips)
VolkovDmitri: posts small blind $1
125678724: posts big blind $3
*** HOLE CARDS ***
VolkovDmitri: raises $3 to $6
125678724: calls $3
*** FLOP *** [7s 2c 4s]
125678724: checks
VolkovDmitri: bets $3
125678724: folds
Uncalled bet ($3) returned to VolkovDmitri
VolkovDmitri collected $11.76 from pot
VolkovDmitri: doesn't show hand
*** SUMMARY ***
Total pot $12 | Rake $0.24
Board [7s 2c 4s]
Seat 1: 125678724 (big blind) folded on the Flop
Seat 4: VolkovDmitri (button) (small blind) collected ($11.76)


PokerStars Hand #154315266748:  Hold'em Limit ($3/$6 USD) - 2016/06/05 6:51:09 ET
Table 'Themisto II' 6-max Seat #1 is the button
Seat 1: 125678724 ($119.14 in chips)
Seat 4: VolkovDmitri ($120 in chips)
125678724: posts small blind $1
VolkovDmitri: posts big blind $3
*** HOLE CARDS ***
125678724: folds
Uncalled bet ($2) returned to VolkovDmitri
VolkovDmitri collected $2 from pot
VolkovDmitri: doesn't show hand
*** SUMMARY ***
Total pot $2 | Rake $0
Seat 1: 125678724 (button) (small blind) folded before Flop
Seat 4: VolkovDmitri (big blind) collected ($2)


PokerStars Hand #154315258476:  Hold'em Limit ($3/$6 USD) - 2016/06/05 6:50:51 ET
Table 'Themisto II' 6-max Seat #4 is the button
Seat 1: 125678724 ($104.64 in chips)
Seat 4: VolkovDmitri ($120 in chips)
VolkovDmitri: posts small blind $1
125678724: posts big blind $3
*** HOLE CARDS ***
VolkovDmitri: raises $3 to $6
125678724: calls $3
*** FLOP *** [Qh 2c Td]
125678724: checks
VolkovDmitri: bets $3
125678724: calls $3
*** TURN *** [Qh 2c Td] [6c]
125678724: checks
VolkovDmitri: bets $6
125678724: calls $6
*** RIVER *** [Qh 2c Td 6c] [Jd]
125678724: checks
VolkovDmitri: checks
*** SHOW DOWN ***
125678724: shows [9h Tc] (a pair of Tens)
VolkovDmitri: mucks hand
125678724 collected $29.50 from pot
*** SUMMARY ***
Total pot $30 | Rake $0.50
Board [Qh 2c Td 6c Jd]
Seat 1: 125678724 (big blind) showed [9h Tc] and won ($29.50) with a pair of Tens
Seat 4: VolkovDmitri (button) (small blind) mucked


PokerStars Hand #154315305482:  Hold'em Limit ($3/$6 USD) - 2016/06/05 6:52:30 ET
Table 'Themisto II' 6-max Seat #1 is the button
Seat 1: 125678724 ($128.64 in chips)
Seat 4: VolkovDmitri ($120 in chips)
125678724: posts small blind $1
VolkovDmitri: posts big blind $3
*** HOLE CARDS ***
125678724: calls $2
VolkovDmitri: raises $3 to $6
125678724: calls $3
*** FLOP *** [Jd Ac 9s]
VolkovDmitri: bets $3
125678724: folds
Uncalled bet ($3) returned to VolkovDmitri
VolkovDmitri collected $11.76 from pot
VolkovDmitri: doesn't show hand
*** SUMMARY ***
Total pot $12 | Rake $0.24
Board [Jd Ac 9s]
Seat 1: 125678724 (button) (small blind) folded on the Flop
Seat 4: VolkovDmitri (big blind) collected ($11.76)


PokerStars Hand #154315286719:  Hold'em Limit ($3/$6 USD) - 2016/06/05 6:51:51 ET
Table 'Themisto II' 6-max Seat #4 is the button
Seat 1: 125678724 ($111.14 in chips)
Seat 4: VolkovDmitri ($127.76 in chips)
VolkovDmitri: posts small blind $1
125678724: posts big blind $3
*** HOLE CARDS ***
VolkovDmitri: raises $3 to $6
125678724: raises $3 to $9
VolkovDmitri: calls $3
*** FLOP *** [5h Jh 8d]
125678724: bets $3
VolkovDmitri: calls $3
*** TURN *** [5h Jh 8d] [Qc]
125678724: bets $6
VolkovDmitri: calls $6
*** RIVER *** [5h Jh 8d Qc] [Tc]
125678724: bets $6
VolkovDmitri: folds
Uncalled bet ($6) returned to 125678724
125678724 collected $35.50 from pot
*** SUMMARY ***
Total pot $36 | Rake $0.50
Board [5h Jh 8d Qc Tc]
Seat 1: 125678724 (big blind) collected ($35.50)
Seat 4: VolkovDmitri (button) (small blind) folded on the River


PokerStars Hand #154315314266:  Hold'em Limit ($3/$6 USD) - 2016/06/05 6:52:49 ET
Table 'Themisto II' 6-max Seat #4 is the button
Seat 1: 125678724 ($122.64 in chips)
Seat 4: VolkovDmitri ($125.76 in chips)
VolkovDmitri: posts small blind $1
125678724: posts big blind $3
*** HOLE CARDS ***
VolkovDmitri: raises $3 to $6
125678724: calls $3
*** FLOP *** [7d 2s Th]
125678724: checks
VolkovDmitri: bets $3
125678724: calls $3
*** TURN *** [7d 2s Th] [6h]
125678724: checks
VolkovDmitri: checks
*** RIVER *** [7d 2s Th 6h] [6s]
125678724: bets $6
VolkovDmitri: folds
Uncalled bet ($6) returned to 125678724
tomte999 joins the table at seat #2
125678724 collected $17.64 from pot
*** SUMMARY ***
Total pot $18 | Rake $0.36
Board [7d 2s Th 6h 6s]
Seat 1: 125678724 (big blind) collected ($17.64)
Seat 4: VolkovDmitri (button) (small blind) folded on the River


PokerStars Hand #154316818943:  Hold'em Limit ($3/$6 USD) - 2016/06/05 7:43:47 ET
Table 'Themisto II' 6-max Seat #5 is the button
Seat 1: Tryptamean ($138.50 in chips)
Seat 5: SneakyMastr ($364.96 in chips)
SneakyMastr: posts small blind $1
Tryptamean: posts big blind $3
*** HOLE CARDS ***
SneakyMastr: folds
Uncalled bet ($2) returned to Tryptamean
Tryptamean collected $2 from pot
Tryptamean: doesn't show hand
*** SUMMARY ***
Total pot $2 | Rake $0
Seat 1: Tryptamean (big blind) collected ($2)
Seat 5: SneakyMastr (button) (small blind) folded before Flop


PokerStars Hand #154316793584:  Hold'em Limit ($3/$6 USD) - 2016/06/05 7:42:58 ET
Table 'Themisto II' 6-max Seat #1 is the button
Seat 1: Tryptamean ($121 in chips)
Seat 5: SneakyMastr ($382.96 in chips)
Tryptamean: posts small blind $1
tomte999: is sitting out
SneakyMastr: posts big blind $3
*** HOLE CARDS ***
Tryptamean: raises $3 to $6
tomte999 leaves the table
SneakyMastr: calls $3
*** FLOP *** [4d 6c 8d]
SneakyMastr: checks
Tryptamean: bets $3
SneakyMastr: raises $3 to $6
Tryptamean: calls $3
*** TURN *** [4d 6c 8d] [Ad]
SneakyMastr: checks
Tryptamean: checks
*** RIVER *** [4d 6c 8d Ad] [Qs]
SneakyMastr: checks
Tryptamean: bets $6
SneakyMastr: calls $6
*** SHOW DOWN ***
Tryptamean: shows [Qd 9s] (a pair of Queens)
SneakyMastr: mucks hand
Tryptamean collected $35.50 from pot
*** SUMMARY ***
Total pot $36 | Rake $0.50
Board [4d 6c 8d Ad Qs]
Seat 1: Tryptamean (button) (small blind) showed [Qd 9s] and won ($35.50) with a pair of Queens
Seat 5: SneakyMastr (big blind) mucked


PokerStars Hand #154316822022:  Hold'em Limit ($3/$6 USD) - 2016/06/05 7:43:53 ET
Table 'Themisto II' 6-max Seat #1 is the button
Seat 1: Tryptamean ($139.50 in chips)
Seat 5: SneakyMastr ($363.96 in chips)
Tryptamean: posts small blind $1
SneakyMastr: posts big blind $3
*** HOLE CARDS ***
Tryptamean: raises $3 to $6
SneakyMastr: calls $3
*** FLOP *** [4d 4c 5h]
SneakyMastr: checks
Tryptamean: bets $3
SneakyMastr: calls $3
*** TURN *** [4d 4c 5h] [Kc]
SneakyMastr: bets $6
Tryptamean: calls $6
*** RIVER *** [4d 4c 5h Kc] [6s]
SneakyMastr: checks
Tryptamean: checks
*** SHOW DOWN ***
SneakyMastr: shows [Qd Jh] (a pair of Fours)
Tryptamean: shows [As 2c] (a pair of Fours - Ace kicker)
Tryptamean collected $29.50 from pot
*** SUMMARY ***
Total pot $30 | Rake $0.50
Board [4d 4c 5h Kc 6s]
Seat 1: Tryptamean (button) (small blind) showed [As 2c] and won ($29.50) with a pair of Fours
Seat 5: SneakyMastr (big blind) showed [Qd Jh] and lost with a pair of Fours


PokerStars Hand #154316837645:  Hold'em Limit ($3/$6 USD) - 2016/06/05 7:44:23 ET
Table 'Themisto II' 6-max Seat #5 is the button
Seat 1: Tryptamean ($154 in chips)
Seat 5: SneakyMastr ($348.96 in chips)
SneakyMastr: posts small blind $1
Tryptamean: posts big blind $3
*** HOLE CARDS ***
SneakyMastr: folds
Uncalled bet ($2) returned to Tryptamean
Tryptamean collected $2 from pot
Tryptamean: doesn't show hand
*** SUMMARY ***
Total pot $2 | Rake $0
Seat 1: Tryptamean (big blind) collected ($2)
Seat 5: SneakyMastr (button) (small blind) folded before Flop


PokerStars Hand #154316860430:  Hold'em Limit ($3/$6 USD) - 2016/06/05 7:45:07 ET
Table 'Themisto II' 6-max Seat #5 is the button
Seat 1: Tryptamean ($190.50 in chips)
Seat 5: SneakyMastr ($311.96 in chips)
SneakyMastr: posts small blind $1
Tryptamean: posts big blind $3
*** HOLE CARDS ***
SneakyMastr: folds
Uncalled bet ($2) returned to Tryptamean
Tryptamean collected $2 from pot
Tryptamean: doesn't show hand
*** SUMMARY ***
Total pot $2 | Rake $0
Seat 1: Tryptamean (big blind) collected ($2)
Seat 5: SneakyMastr (button) (small blind) folded before Flop


PokerStars Hand #154316840581:  Hold'em Limit ($3/$6 USD) - 2016/06/05 7:44:29 ET
Table 'Themisto II' 6-max Seat #1 is the button
Seat 1: Tryptamean ($155 in chips)
Seat 5: SneakyMastr ($347.96 in chips)
Tryptamean: posts small blind $1
SneakyMastr: posts big blind $3
*** HOLE CARDS ***
Tryptamean: raises $3 to $6
SneakyMastr: raises $3 to $9
Tryptamean: calls $3
*** FLOP *** [3c 9d Js]
SneakyMastr: bets $3
Tryptamean: calls $3
*** TURN *** [3c 9d Js] [Tc]
SneakyMastr: bets $6
Tryptamean: raises $6 to $12
SneakyMastr: raises $6 to $18
Tryptamean: calls $6
*** RIVER *** [3c 9d Js Tc] [7d]
SneakyMastr: checks
Tryptamean: bets $6
SneakyMastr: calls $6
*** SHOW DOWN ***
Tryptamean: shows [Jc 8h] (a straight, Seven to Jack)
SneakyMastr: mucks hand
Tryptamean collected $71.50 from pot
*** SUMMARY ***
Total pot $72 | Rake $0.50
Board [3c 9d Js Tc 7d]
Seat 1: Tryptamean (button) (small blind) showed [Jc 8h] and won ($71.50) with a straight, Seven to Jack
Seat 5: SneakyMastr (big blind) mucked


PokerStars Hand #154316863964:  Hold'em Limit ($3/$6 USD) - 2016/06/05 7:45:14 ET
Table 'Themisto II' 6-max Seat #1 is the button
Seat 1: Tryptamean ($191.50 in chips)
Seat 5: SneakyMastr ($310.96 in chips)
Tryptamean: posts small blind $1
SneakyMastr: posts big blind $3
*** HOLE CARDS ***
Tryptamean: raises $3 to $6
SneakyMastr: folds
Uncalled bet ($3) returned to Tryptamean
Tryptamean collected $6 from pot
Tryptamean: doesn't show hand
*** SUMMARY ***
Total pot $6 | Rake $0
Seat 1: Tryptamean (button) (small blind) collected ($6)
Seat 5: SneakyMastr (big blind) folded before Flop


PokerStars Hand #154316868780:  Hold'em Limit ($3/$6 USD) - 2016/06/05 7:45:23 ET
Table 'Themisto II' 6-max Seat #5 is the button
Seat 1: Tryptamean ($194.50 in chips)
Seat 5: SneakyMastr ($307.96 in chips)
SneakyMastr: posts small blind $1
Tryptamean: posts big blind $3
*** HOLE CARDS ***
SneakyMastr: folds
Uncalled bet ($2) returned to Tryptamean
Tryptamean collected $2 from pot
Tryptamean: doesn't show hand
*** SUMMARY ***
Total pot $2 | Rake $0
Seat 1: Tryptamean (big blind) collected ($2)
Seat 5: SneakyMastr (button) (small blind) folded before Flop


PokerStars Hand #154316871812:  Hold'em Limit ($3/$6 USD) - 2016/06/05 7:45:29 ET
Table 'Themisto II' 6-max Seat #1 is the button
Seat 1: Tryptamean ($195.50 in chips)
Seat 5: SneakyMastr ($306.96 in chips)
Tryptamean: posts small blind $1
SneakyMastr: posts big blind $3
*** HOLE CARDS ***
Tryptamean: raises $3 to $6
SneakyMastr: folds
Uncalled bet ($3) returned to Tryptamean
Tryptamean collected $6 from pot
Tryptamean: doesn't show hand
*** SUMMARY ***
Total pot $6 | Rake $0
Seat 1: Tryptamean (button) (small blind) collected ($6)
Seat 5: SneakyMastr (big blind) folded before Flop


PokerStars Hand #154316876020:  Hold'em Limit ($3/$6 USD) - 2016/06/05 7:45:37 ET
Table 'Themisto II' 6-max Seat #5 is the button
Seat 1: Tryptamean ($198.50 in chips)
Seat 5: SneakyMastr ($303.96 in chips)
SneakyMastr: posts small blind $1
Tryptamean: posts big blind $3
*** HOLE CARDS ***
SneakyMastr: raises $3 to $6
Tryptamean: folds
Uncalled bet ($3) returned to SneakyMastr
SneakyMastr collected $6 from pot
*** SUMMARY ***
Total pot $6 | Rake $0
Seat 1: Tryptamean (big blind) folded before Flop
Seat 5: SneakyMastr (button) (small blind) collected ($6)


PokerStars Hand #154316880729:  Hold'em Limit ($3/$6 USD) - 2016/06/05 7:45:46 ET
Table 'Themisto II' 6-max Seat #1 is the button
Seat 1: Tryptamean ($195.50 in chips)
Seat 5: SneakyMastr ($306.96 in chips)
Tryptamean: posts small blind $1
SneakyMastr: posts big blind $3
*** HOLE CARDS ***
Tryptamean: raises $3 to $6
SneakyMastr: calls $3
*** FLOP *** [Kd 2s 3s]
SneakyMastr: checks
Tryptamean: bets $3
SneakyMastr: folds
Uncalled bet ($3) returned to Tryptamean
Tryptamean collected $11.76 from pot
Tryptamean: doesn't show hand
*** SUMMARY ***
Total pot $12 | Rake $0.24
Board [Kd 2s 3s]
Seat 1: Tryptamean (button) (small blind) collected ($11.76)
Seat 5: SneakyMastr (big blind) folded on the Flop


PokerStars Hand #154316896533:  Hold'em Limit ($3/$6 USD) - 2016/06/05 7:46:16 ET
Table 'Themisto II' 6-max Seat #1 is the button
Seat 1: Tryptamean ($202.26 in chips)
Seat 5: SneakyMastr ($299.96 in chips)
Tryptamean: posts small blind $1
SneakyMastr: posts big blind $3
*** HOLE CARDS ***
Tryptamean: raises $3 to $6
SneakyMastr: calls $3
*** FLOP *** [Ah Ts 7s]
SneakyMastr: checks
Tryptamean: bets $3
SneakyMastr: raises $3 to $6
Tryptamean: folds
Uncalled bet ($3) returned to SneakyMastr
SneakyMastr collected $17.64 from pot
SneakyMastr: doesn't show hand
*** SUMMARY ***
Total pot $18 | Rake $0.36
Board [Ah Ts 7s]
Seat 1: Tryptamean (button) (small blind) folded on the Flop
Seat 5: SneakyMastr (big blind) collected ($17.64)


PokerStars Hand #154316941392:  Hold'em Limit ($3/$6 USD) - 2016/06/05 7:47:42 ET
Table 'Themisto II' 6-max Seat #5 is the button
Seat 1: Tryptamean ($222.76 in chips)
Seat 5: SneakyMastr ($278.60 in chips)
SneakyMastr: posts small blind $1
Tryptamean: posts big blind $3
*** HOLE CARDS ***
SneakyMastr: raises $3 to $6
Tryptamean: calls $3
*** FLOP *** [3h Tc 2c]
Tryptamean: checks
SneakyMastr: bets $3
Tryptamean: folds
Uncalled bet ($3) returned to SneakyMastr
SneakyMastr collected $11.76 from pot
SneakyMastr: doesn't show hand
*** SUMMARY ***
Total pot $12 | Rake $0.24
Board [3h Tc 2c]
Seat 1: Tryptamean (big blind) folded on the Flop
Seat 5: SneakyMastr (button) (small blind) collected ($11.76)


PokerStars Hand #154316907096:  Hold'em Limit ($3/$6 USD) - 2016/06/05 7:46:36 ET
Table 'Themisto II' 6-max Seat #5 is the button
Seat 1: Tryptamean ($193.26 in chips)
Seat 5: SneakyMastr ($308.60 in chips)
SneakyMastr: posts small blind $1
Tryptamean: posts big blind $3
*** HOLE CARDS ***
SneakyMastr: raises $3 to $6
Tryptamean: raises $3 to $9
SneakyMastr: raises $3 to $12
Betting is capped
Tryptamean: calls $3
*** FLOP *** [8s Kd 4s]
Tryptamean: checks
SneakyMastr: bets $3
Tryptamean: calls $3
*** TURN *** [8s Kd 4s] [Ad]
Tryptamean: checks
SneakyMastr: checks
*** RIVER *** [8s Kd 4s Ad] [5d]
Tryptamean: checks
SneakyMastr: bets $6
Tryptamean: raises $6 to $12
SneakyMastr: calls $6
*** SHOW DOWN ***
Tryptamean: shows [6d Jd] (a flush, Ace high)
SneakyMastr: mucks hand
Tryptamean collected $53.50 from pot
*** SUMMARY ***
Total pot $54 | Rake $0.50
Board [8s Kd 4s Ad 5d]
Seat 1: Tryptamean (big blind) showed [6d Jd] and won ($53.50) with a flush, Ace high
Seat 5: SneakyMastr (button) (small blind) mucked


PokerStars Hand #154316935470:  Hold'em Limit ($3/$6 USD) - 2016/06/05 7:47:31 ET
Table 'Themisto II' 6-max Seat #1 is the button
Seat 1: Tryptamean ($219.76 in chips)
Seat 5: SneakyMastr ($281.60 in chips)
Tryptamean: posts small blind $1
SneakyMastr: posts big blind $3
*** HOLE CARDS ***
Tryptamean: raises $3 to $6
SneakyMastr: folds
Uncalled bet ($3) returned to Tryptamean
Tryptamean collected $6 from pot
Tryptamean: doesn't show hand
*** SUMMARY ***
Total pot $6 | Rake $0
Seat 1: Tryptamean (button) (small blind) collected ($6)
Seat 5: SneakyMastr (big blind) folded before Flop


PokerStars Hand #154316949828:  Hold'em Limit ($3/$6 USD) - 2016/06/05 7:47:58 ET
Table 'Themisto II' 6-max Seat #1 is the button
Seat 1: Tryptamean ($216.76 in chips)
Seat 5: SneakyMastr ($284.36 in chips)
Tryptamean: posts small blind $1
SneakyMastr: posts big blind $3
*** HOLE CARDS ***
Tryptamean: raises $3 to $6
SneakyMastr: raises $3 to $9
Tryptamean: calls $3
*** FLOP *** [8c Ad Kd]
SneakyMastr: bets $3
Tryptamean: calls $3
*** TURN *** [8c Ad Kd] [Jd]
SneakyMastr: bets $6
Tryptamean: raises $6 to $12
SneakyMastr: folds
Uncalled bet ($6) returned to Tryptamean
Tryptamean collected $35.50 from pot
Tryptamean: doesn't show hand
*** SUMMARY ***
Total pot $36 | Rake $0.50
Board [8c Ad Kd Jd]
Seat 1: Tryptamean (button) (small blind) collected ($35.50)
Seat 5: SneakyMastr (big blind) folded on the Turn


PokerStars Hand #154316964386:  Hold'em Limit ($3/$6 USD) - 2016/06/05 7:48:26 ET
Table 'Themisto II' 6-max Seat #5 is the button
Seat 1: Tryptamean ($234.26 in chips)
Seat 5: SneakyMastr ($266.36 in chips)
SneakyMastr: posts small blind $1
Tryptamean: posts big blind $3
*** HOLE CARDS ***
SneakyMastr: raises $3 to $6
Tryptamean: raises $3 to $9
SneakyMastr: calls $3
*** FLOP *** [2s Ah Ac]
Tryptamean: bets $3
SneakyMastr: folds
Uncalled bet ($3) returned to Tryptamean
Tryptamean collected $17.64 from pot
Tryptamean: doesn't show hand
*** SUMMARY ***
Total pot $18 | Rake $0.36
Board [2s Ah Ac]
Seat 1: Tryptamean (big blind) collected ($17.64)
Seat 5: SneakyMastr (button) (small blind) folded on the Flop


PokerStars Hand #154316978675:  Hold'em Limit ($3/$6 USD) - 2016/06/05 7:48:54 ET
Table 'Themisto II' 6-max Seat #1 is the button
Seat 1: Tryptamean ($242.90 in chips)
Seat 5: SneakyMastr ($257.36 in chips)
Tryptamean: posts small blind $1
SneakyMastr: posts big blind $3
*** HOLE CARDS ***
Tryptamean: raises $3 to $6
SneakyMastr: calls $3
*** FLOP *** [Qd 8h 4h]
SneakyMastr: checks
Tryptamean: bets $3
SneakyMastr: raises $3 to $6
Tryptamean: calls $3
*** TURN *** [Qd 8h 4h] [2d]
SneakyMastr: bets $6
Tryptamean: raises $6 to $12
SneakyMastr: folds
Uncalled bet ($6) returned to Tryptamean
Tryptamean collected $35.50 from pot
Tryptamean: doesn't show hand
*** SUMMARY ***
Total pot $36 | Rake $0.50
Board [Qd 8h 4h 2d]
Seat 1: Tryptamean (button) (small blind) collected ($35.50)
Seat 5: SneakyMastr (big blind) folded on the Turn


PokerStars Hand #154316993993:  Hold'em Limit ($3/$6 USD) - 2016/06/05 7:49:23 ET
Table 'Themisto II' 6-max Seat #5 is the button
Seat 1: Tryptamean ($260.40 in chips)
Seat 5: SneakyMastr ($239.36 in chips)
SneakyMastr: posts small blind $1
Tryptamean: posts big blind $3
*** HOLE CARDS ***
SneakyMastr: raises $3 to $6
Tryptamean: raises $3 to $9
SneakyMastr: calls $3
*** FLOP *** [3s 9h 2h]
Tryptamean: bets $3
SneakyMastr: raises $3 to $6
Tryptamean: calls $3
*** TURN *** [3s 9h 2h] [3h]
Tryptamean: checks
SneakyMastr: bets $6
Tryptamean: calls $6
*** RIVER *** [3s 9h 2h 3h] [2s]
Tryptamean: checks
SneakyMastr: bets $6
Tryptamean: calls $6
*** SHOW DOWN ***
SneakyMastr: shows [9d Tc] (two pair, Nines and Threes)
Tryptamean: mucks hand
SneakyMastr collected $53.50 from pot
*** SUMMARY ***
Total pot $54 | Rake $0.50
Board [3s 9h 2h 3h 2s]
Seat 1: Tryptamean (big blind) mucked
Seat 5: SneakyMastr (button) (small blind) showed [9d Tc] and won ($53.50) with two pair, Nines and Threes


PokerStars Hand #154317030651:  Hold'em Limit ($3/$6 USD) - 2016/06/05 7:50:34 ET
Table 'Themisto II' 6-max Seat #1 is the button
Seat 1: Tryptamean ($260.90 in chips)
Seat 5: SneakyMastr ($237.86 in chips)
Tryptamean: posts small blind $1
SneakyMastr: posts big blind $3
*** HOLE CARDS ***
Tryptamean: raises $3 to $6
SneakyMastr: folds
Uncalled bet ($3) returned to Tryptamean
Tryptamean collected $6 from pot
Tryptamean: doesn't show hand
*** SUMMARY ***
Total pot $6 | Rake $0
Seat 1: Tryptamean (button) (small blind) collected ($6)
Seat 5: SneakyMastr (big blind) folded before Flop


PokerStars Hand #154317027409:  Hold'em Limit ($3/$6 USD) - 2016/06/05 7:50:28 ET
Table 'Themisto II' 6-max Seat #5 is the button
Seat 1: Tryptamean ($259.90 in chips)
Seat 5: SneakyMastr ($238.86 in chips)
SneakyMastr: posts small blind $1
Tryptamean: posts big blind $3
*** HOLE CARDS ***
SneakyMastr: folds
Uncalled bet ($2) returned to Tryptamean
Tryptamean collected $2 from pot
Tryptamean: doesn't show hand
*** SUMMARY ***
Total pot $2 | Rake $0
Seat 1: Tryptamean (big blind) collected ($2)
Seat 5: SneakyMastr (button) (small blind) folded before Flop


PokerStars Hand #154317008112:  Hold'em Limit ($3/$6 USD) - 2016/06/05 7:49:50 ET
Table 'Themisto II' 6-max Seat #1 is the button
Seat 1: Tryptamean ($233.40 in chips)
Seat 5: SneakyMastr ($265.86 in chips)
Tryptamean: posts small blind $1
SneakyMastr: posts big blind $3
*** HOLE CARDS ***
Tryptamean: raises $3 to $6
SneakyMastr: calls $3
*** FLOP *** [Kd 7d Ts]
SneakyMastr: checks
Tryptamean: bets $3
SneakyMastr: calls $3
*** TURN *** [Kd 7d Ts] [2s]
SneakyMastr: checks
Tryptamean: bets $6
SneakyMastr: raises $6 to $12
Tryptamean: calls $6
*** RIVER *** [Kd 7d Ts 2s] [Qh]
SneakyMastr: bets $6
Tryptamean: calls $6
*** SHOW DOWN ***
SneakyMastr: shows [9s 6s] (high card King)
Tryptamean: shows [Ks Jh] (a pair of Kings)
Tryptamean collected $53.50 from pot
*** SUMMARY ***
Total pot $54 | Rake $0.50
Board [Kd 7d Ts 2s Qh]
Seat 1: Tryptamean (button) (small blind) showed [Ks Jh] and won ($53.50) with a pair of Kings
Seat 5: SneakyMastr (big blind) showed [9s 6s] and lost with high card King


PokerStars Hand #154317071215:  Hold'em Limit ($3/$6 USD) - 2016/06/05 7:51:53 ET
Table 'Themisto II' 6-max Seat #1 is the button
Seat 1: Tryptamean ($276.40 in chips)
Seat 5: SneakyMastr ($221.38 in chips)
Tryptamean: posts small blind $1
SneakyMastr: posts big blind $3
*** HOLE CARDS ***
Tryptamean: raises $3 to $6
SneakyMastr: folds
Uncalled bet ($3) returned to Tryptamean
Tryptamean collected $6 from pot
Tryptamean: doesn't show hand
*** SUMMARY ***
Total pot $6 | Rake $0
Seat 1: Tryptamean (button) (small blind) collected ($6)
Seat 5: SneakyMastr (big blind) folded before Flop


PokerStars Hand #154317067944:  Hold'em Limit ($3/$6 USD) - 2016/06/05 7:51:46 ET
Table 'Themisto II' 6-max Seat #5 is the button
Seat 1: Tryptamean ($275.40 in chips)
Seat 5: SneakyMastr ($222.38 in chips)
SneakyMastr: posts small blind $1
Tryptamean: posts big blind $3
*** HOLE CARDS ***
SneakyMastr: folds
Uncalled bet ($2) returned to Tryptamean
Tryptamean collected $2 from pot
Tryptamean: doesn't show hand
*** SUMMARY ***
Total pot $2 | Rake $0
Seat 1: Tryptamean (big blind) collected ($2)
Seat 5: SneakyMastr (button) (small blind) folded before Flop


PokerStars Hand #154317049332:  Hold'em Limit ($3/$6 USD) - 2016/06/05 7:51:10 ET
Table 'Themisto II' 6-max Seat #1 is the button
Seat 1: Tryptamean ($251.90 in chips)
Seat 5: SneakyMastr ($246.38 in chips)
Tryptamean: posts small blind $1
SneakyMastr: posts big blind $3
*** HOLE CARDS ***
Tryptamean: raises $3 to $6
SneakyMastr: raises $3 to $9
Tryptamean: calls $3
*** FLOP *** [7d Kd Ac]
SneakyMastr: bets $3
Tryptamean: calls $3
*** TURN *** [7d Kd Ac] [9c]
SneakyMastr: checks
Tryptamean: bets $6
SneakyMastr: calls $6
*** RIVER *** [7d Kd Ac 9c] [3c]
SneakyMastr: checks
Tryptamean: bets $6
SneakyMastr: calls $6
*** SHOW DOWN ***
Tryptamean: shows [9h 7s] (two pair, Nines and Sevens)
SneakyMastr: mucks hand
Tryptamean collected $47.50 from pot
*** SUMMARY ***
Total pot $48 | Rake $0.50
Board [7d Kd Ac 9c 3c]
Seat 1: Tryptamean (button) (small blind) showed [9h 7s] and won ($47.50) with two pair, Nines and Sevens
Seat 5: SneakyMastr (big blind) mucked


PokerStars Hand #154317034509:  Hold'em Limit ($3/$6 USD) - 2016/06/05 7:50:41 ET
Table 'Themisto II' 6-max Seat #5 is the button
Seat 1: Tryptamean ($263.90 in chips)
Seat 5: SneakyMastr ($234.86 in chips)
SneakyMastr: posts small blind $1
Tryptamean: posts big blind $3
*** HOLE CARDS ***
SneakyMastr: raises $3 to $6
Tryptamean: raises $3 to $9
SneakyMastr: calls $3
*** FLOP *** [Ah 9c 4s]
Tryptamean: bets $3
SneakyMastr: calls $3
*** TURN *** [Ah 9c 4s] [Jc]
Tryptamean: checks
SneakyMastr: bets $6
Tryptamean: folds
Uncalled bet ($6) returned to SneakyMastr
SneakyMastr collected $23.52 from pot
SneakyMastr: doesn't show hand
*** SUMMARY ***
Total pot $24 | Rake $0.48
Board [Ah 9c 4s Jc]
Seat 1: Tryptamean (big blind) folded on the Turn
Seat 5: SneakyMastr (button) (small blind) collected ($23.52)


PokerStars Hand #154317090689:  Hold'em Limit ($3/$6 USD) - 2016/06/05 7:52:30 ET
Table 'Themisto II' 6-max Seat #1 is the button
Seat 1: Tryptamean ($292.04 in chips)
Seat 5: SneakyMastr ($205.38 in chips)
Tryptamean: posts small blind $1
SneakyMastr: posts big blind $3
*** HOLE CARDS ***
Tryptamean: raises $3 to $6
SneakyMastr: raises $3 to $9
Tryptamean: calls $3
*** FLOP *** [7s 9d 8c]
SneakyMastr: bets $3
Tryptamean: calls $3
*** TURN *** [7s 9d 8c] [Qs]
SneakyMastr: bets $6
Tryptamean: calls $6
*** RIVER *** [7s 9d 8c Qs] [5d]
SneakyMastr: checks
Tryptamean: checks
*** SHOW DOWN ***
SneakyMastr: shows [8d Ah] (a pair of Eights)
Tryptamean: mucks hand
SneakyMastr collected $35.50 from pot
*** SUMMARY ***
Total pot $36 | Rake $0.50
Board [7s 9d 8c Qs 5d]
Seat 1: Tryptamean (button) (small blind) mucked
Seat 5: SneakyMastr (big blind) showed [8d Ah] and won ($35.50) with a pair of Eights


PokerStars Hand #154317087612:  Hold'em Limit ($3/$6 USD) - 2016/06/05 7:52:24 ET
Table 'Themisto II' 6-max Seat #5 is the button
Seat 1: Tryptamean ($291.04 in chips)
Seat 5: SneakyMastr ($206.38 in chips)
SneakyMastr: posts small blind $1
Tryptamean: posts big blind $3
*** HOLE CARDS ***
SneakyMastr: folds
Uncalled bet ($2) returned to Tryptamean
Tryptamean collected $2 from pot
Tryptamean: doesn't show hand
*** SUMMARY ***
Total pot $2 | Rake $0
Seat 1: Tryptamean (big blind) collected ($2)
Seat 5: SneakyMastr (button) (small blind) folded before Flop


PokerStars Hand #154317083753:  Hold'em Limit ($3/$6 USD) - 2016/06/05 7:52:17 ET
Table 'Themisto II' 6-max Seat #1 is the button
Seat 1: Tryptamean ($288.04 in chips)
Seat 5: SneakyMastr ($209.38 in chips)
Tryptamean: posts small blind $1
SneakyMastr: posts big blind $3
*** HOLE CARDS ***
Tryptamean: raises $3 to $6
SneakyMastr: folds
Uncalled bet ($3) returned to Tryptamean
Tryptamean collected $6 from pot
Tryptamean: doesn't show hand
*** SUMMARY ***
Total pot $6 | Rake $0
Seat 1: Tryptamean (button) (small blind) collected ($6)
Seat 5: SneakyMastr (big blind) folded before Flop


PokerStars Hand #154317075260:  Hold'em Limit ($3/$6 USD) - 2016/06/05 7:52:00 ET
Table 'Themisto II' 6-max Seat #5 is the button
Seat 1: Tryptamean ($279.40 in chips)
Seat 5: SneakyMastr ($218.38 in chips)
SneakyMastr: posts small blind $1
Tryptamean: posts big blind $3
*** HOLE CARDS ***
SneakyMastr: raises $3 to $6
Tryptamean: raises $3 to $9
SneakyMastr: calls $3
*** FLOP *** [Qh 3c 5s]
Tryptamean: bets $3
SneakyMastr: folds
Uncalled bet ($3) returned to Tryptamean
Tryptamean collected $17.64 from pot
Tryptamean: doesn't show hand
*** SUMMARY ***
Total pot $18 | Rake $0.36
Board [Qh 3c 5s]
Seat 1: Tryptamean (big blind) collected ($17.64)
Seat 5: SneakyMastr (button) (small blind) folded on the Flop


PokerStars Hand #154317115433:  Hold'em Limit ($3/$6 USD) - 2016/06/05 7:53:18 ET
Table 'Themisto II' 6-max Seat #5 is the button
Seat 1: Tryptamean ($278.04 in chips)
Seat 5: SneakyMastr ($218.88 in chips)
SneakyMastr: posts small blind $1
Tryptamean: posts big blind $3
*** HOLE CARDS ***
SneakyMastr: raises $3 to $6
Tryptamean: raises $3 to $9
SneakyMastr: raises $3 to $12
Betting is capped
Tryptamean: calls $3
*** FLOP *** [Qd 2s 6d]
Tryptamean: checks
SneakyMastr: bets $3
Tryptamean: calls $3
*** TURN *** [Qd 2s 6d] [5h]
Tryptamean: checks
SneakyMastr: bets $6
Tryptamean: calls $6
*** RIVER *** [Qd 2s 6d 5h] [4h]
Tryptamean: checks
SneakyMastr: bets $6
Tryptamean: calls $6
*** SHOW DOWN ***
SneakyMastr: shows [3h 3c] (a straight, Deuce to Six)
Tryptamean: mucks hand
SneakyMastr collected $53.50 from pot
*** SUMMARY ***
Total pot $54 | Rake $0.50
Board [Qd 2s 6d 5h 4h]
Seat 1: Tryptamean (big blind) mucked
Seat 5: SneakyMastr (button) (small blind) showed [3h 3c] and won ($53.50) with a straight, Deuce to Six


PokerStars Hand #154317111602:  Hold'em Limit ($3/$6 USD) - 2016/06/05 7:53:10 ET
Table 'Themisto II' 6-max Seat #1 is the button
Seat 1: Tryptamean ($275.04 in chips)
Seat 5: SneakyMastr ($221.88 in chips)
Tryptamean: posts small blind $1
SneakyMastr: posts big blind $3
*** HOLE CARDS ***
Tryptamean: raises $3 to $6
SneakyMastr: folds
Uncalled bet ($3) returned to Tryptamean
Tryptamean collected $6 from pot
Tryptamean: doesn't show hand
*** SUMMARY ***
Total pot $6 | Rake $0
Seat 1: Tryptamean (button) (small blind) collected ($6)
Seat 5: SneakyMastr (big blind) folded before Flop


PokerStars Hand #154317108395:  Hold'em Limit ($3/$6 USD) - 2016/06/05 7:53:04 ET
Table 'Themisto II' 6-max Seat #5 is the button
Seat 1: Tryptamean ($274.04 in chips)
Seat 5: SneakyMastr ($222.88 in chips)
SneakyMastr: posts small blind $1
Tryptamean: posts big blind $3
*** HOLE CARDS ***
SneakyMastr: folds
Uncalled bet ($2) returned to Tryptamean
Tryptamean collected $2 from pot
Tryptamean: doesn't show hand
*** SUMMARY ***
Total pot $2 | Rake $0
Seat 1: Tryptamean (big blind) collected ($2)
Seat 5: SneakyMastr (button) (small blind) folded before Flop


PokerStars Hand #154317155057:  Hold'em Limit ($3/$6 USD) - 2016/06/05 7:54:34 ET
Table 'Themisto II' 6-max Seat #1 is the button
Seat 1: Tryptamean ($234.04 in chips)
Seat 5: SneakyMastr ($261.88 in chips)
Tryptamean: posts small blind $1
SneakyMastr: posts big blind $3
*** HOLE CARDS ***
Tryptamean: folds
Uncalled bet ($2) returned to SneakyMastr
SneakyMastr collected $2 from pot
SneakyMastr: doesn't show hand
*** SUMMARY ***
Total pot $2 | Rake $0
Seat 1: Tryptamean (button) (small blind) folded before Flop
Seat 5: SneakyMastr (big blind) collected ($2)


PokerStars Hand #154317151900:  Hold'em Limit ($3/$6 USD) - 2016/06/05 7:54:28 ET
Table 'Themisto II' 6-max Seat #5 is the button
Seat 1: Tryptamean ($233.04 in chips)
Seat 5: SneakyMastr ($262.88 in chips)
SneakyMastr: posts small blind $1
Tryptamean: posts big blind $3
*** HOLE CARDS ***
SneakyMastr: folds
Uncalled bet ($2) returned to Tryptamean
Tryptamean collected $2 from pot
Tryptamean: doesn't show hand
*** SUMMARY ***
Total pot $2 | Rake $0
Seat 1: Tryptamean (big blind) collected ($2)
Seat 5: SneakyMastr (button) (small blind) folded before Flop


PokerStars Hand #154317136811:  Hold'em Limit ($3/$6 USD) - 2016/06/05 7:53:59 ET
Table 'Themisto II' 6-max Seat #1 is the button
Seat 1: Tryptamean ($251.04 in chips)
Seat 5: SneakyMastr ($245.38 in chips)
Tryptamean: posts small blind $1
SneakyMastr: posts big blind $3
*** HOLE CARDS ***
Tryptamean: raises $3 to $6
SneakyMastr: raises $3 to $9
Tryptamean: calls $3
*** FLOP *** [7s 5c Qs]
SneakyMastr: bets $3
Tryptamean: calls $3
*** TURN *** [7s 5c Qs] [9c]
SneakyMastr: bets $6
Tryptamean: calls $6
*** RIVER *** [7s 5c Qs 9c] [3h]
SneakyMastr: bets $6
Tryptamean: folds
Uncalled bet ($6) returned to SneakyMastr
SneakyMastr collected $35.50 from pot
SneakyMastr: doesn't show hand
*** SUMMARY ***
Total pot $36 | Rake $0.50
Board [7s 5c Qs 9c 3h]
Seat 1: Tryptamean (button) (small blind) folded on the River
Seat 5: SneakyMastr (big blind) collected ($35.50)


PokerStars Hand #154317158236:  Hold'em Limit ($3/$6 USD) - 2016/06/05 7:54:40 ET
Table 'Themisto II' 6-max Seat #5 is the button
Seat 1: Tryptamean ($233.04 in chips)
Seat 5: SneakyMastr ($262.88 in chips)
SneakyMastr: posts small blind $1
Tryptamean: posts big blind $3
*** HOLE CARDS ***
SneakyMastr: raises $3 to $6
Tryptamean: raises $3 to $9
SneakyMastr: calls $3
*** FLOP *** [3d 4s 7c]
Tryptamean: bets $3
SneakyMastr: calls $3
*** TURN *** [3d 4s 7c] [2c]
Tryptamean: bets $6
SneakyMastr: calls $6
*** RIVER *** [3d 4s 7c 2c] [3s]
Tryptamean: checks
SneakyMastr: checks
*** SHOW DOWN ***
Tryptamean: shows [As 8h] (a pair of Threes)
SneakyMastr: mucks hand
Tryptamean collected $35.50 from pot
*** SUMMARY ***
Total pot $36 | Rake $0.50
Board [3d 4s 7c 2c 3s]
Seat 1: Tryptamean (big blind) showed [As 8h] and won ($35.50) with a pair of Threes
Seat 5: SneakyMastr (button) (small blind) mucked


PokerStars Hand #154317179972:  Hold'em Limit ($3/$6 USD) - 2016/06/05 7:55:25 ET
Table 'Themisto II' 6-max Seat #5 is the button
Seat 1: Tryptamean ($253.54 in chips)
Seat 5: SneakyMastr ($241.88 in chips)
SneakyMastr: posts small blind $1
Tryptamean: posts big blind $3
*** HOLE CARDS ***
SneakyMastr: folds
Uncalled bet ($2) returned to Tryptamean
Tryptamean collected $2 from pot
Tryptamean: doesn't show hand
*** SUMMARY ***
Total pot $2 | Rake $0
Seat 1: Tryptamean (big blind) collected ($2)
Seat 5: SneakyMastr (button) (small blind) folded before Flop


PokerStars Hand #154317175761:  Hold'em Limit ($3/$6 USD) - 2016/06/05 7:55:16 ET
Table 'Themisto II' 6-max Seat #1 is the button
Seat 1: Tryptamean ($250.54 in chips)
Seat 5: SneakyMastr ($244.88 in chips)
Tryptamean: posts small blind $1
SneakyMastr: posts big blind $3
*** HOLE CARDS ***
Tryptamean: raises $3 to $6
SneakyMastr: folds
Uncalled bet ($3) returned to Tryptamean
Tryptamean collected $6 from pot
Tryptamean: doesn't show hand
*** SUMMARY ***
Total pot $6 | Rake $0
Seat 1: Tryptamean (button) (small blind) collected ($6)
Seat 5: SneakyMastr (big blind) folded before Flop


PokerStars Hand #154317199740:  Hold'em Limit ($3/$6 USD) - 2016/06/05 7:56:10 ET
Table 'Themisto II' 6-max Seat #5 is the button
Seat 1: Tryptamean ($236.54 in chips)
Seat 5: SneakyMastr ($258.38 in chips)
SneakyMastr: posts small blind $1
Tryptamean: posts big blind $3
*** HOLE CARDS ***
SneakyMastr: raises $3 to $6
Tryptamean: raises $3 to $9
SneakyMastr: raises $3 to $12
Betting is capped
Tryptamean: calls $3
*** FLOP *** [Ad 4s Kc]
Tryptamean: checks
SneakyMastr: bets $3
Tryptamean: folds
Uncalled bet ($3) returned to SneakyMastr
SneakyMastr collected $23.52 from pot
SneakyMastr: doesn't show hand
*** SUMMARY ***
Total pot $24 | Rake $0.48
Board [Ad 4s Kc]
Seat 1: Tryptamean (big blind) folded on the Flop
Seat 5: SneakyMastr (button) (small blind) collected ($23.52)


PokerStars Hand #154317182484:  Hold'em Limit ($3/$6 USD) - 2016/06/05 7:55:31 ET
Table 'Themisto II' 6-max Seat #1 is the button
Seat 1: Tryptamean ($254.54 in chips)
Seat 5: SneakyMastr ($240.88 in chips)
Tryptamean: posts small blind $1
SneakyMastr: posts big blind $3
*** HOLE CARDS ***
Tryptamean: raises $3 to $6
SneakyMastr: raises $3 to $9
Tryptamean: calls $3
*** FLOP *** [9d Ks Qc]
SneakyMastr: bets $3
Tryptamean: calls $3
*** TURN *** [9d Ks Qc] [6h]
SneakyMastr: checks
Tryptamean: checks
*** RIVER *** [9d Ks Qc 6h] [6d]
SneakyMastr: bets $6
Tryptamean: calls $6
*** SHOW DOWN ***
SneakyMastr: shows [Kc Jd] (two pair, Kings and Sixes)
Tryptamean: mucks hand
SneakyMastr collected $35.50 from pot
*** SUMMARY ***
Total pot $36 | Rake $0.50
Board [9d Ks Qc 6h 6d]
Seat 1: Tryptamean (button) (small blind) mucked
Seat 5: SneakyMastr (big blind) showed [Kc Jd] and won ($35.50) with two pair, Kings and Sixes


PokerStars Hand #154317226020:  Hold'em Limit ($3/$6 USD) - 2016/06/05 7:57:07 ET
Table 'Themisto II' 6-max Seat #5 is the button
Seat 1: Tryptamean ($233.18 in chips)
Seat 5: SneakyMastr ($260.90 in chips)
SneakyMastr: posts small blind $1
Tryptamean: posts big blind $3
*** HOLE CARDS ***
SneakyMastr: raises $3 to $6
Tryptamean: calls $3
*** FLOP *** [8c 4h 9c]
Tryptamean: checks
SneakyMastr: bets $3
Tryptamean: folds
Uncalled bet ($3) returned to SneakyMastr
SneakyMastr collected $11.76 from pot
SneakyMastr: doesn't show hand
*** SUMMARY ***
Total pot $12 | Rake $0.24
Board [8c 4h 9c]
Seat 1: Tryptamean (big blind) folded on the Flop
Seat 5: SneakyMastr (button) (small blind) collected ($11.76)


PokerStars Hand #154317210730:  Hold'em Limit ($3/$6 USD) - 2016/06/05 7:56:34 ET
Table 'Themisto II' 6-max Seat #1 is the button
Seat 1: Tryptamean ($224.54 in chips)
Seat 5: SneakyMastr ($269.90 in chips)
Tryptamean: posts small blind $1
SneakyMastr: posts big blind $3
*** HOLE CARDS ***
Tryptamean: raises $3 to $6
SneakyMastr: calls $3
*** FLOP *** [3d 5s 3s]
SneakyMastr: bets $3
Tryptamean: calls $3
*** TURN *** [3d 5s 3s] [Kh]
SneakyMastr: checks
Tryptamean: bets $6
SneakyMastr: folds
Uncalled bet ($6) returned to Tryptamean
Tryptamean collected $17.64 from pot
Tryptamean: doesn't show hand
*** SUMMARY ***
Total pot $18 | Rake $0.36
Board [3d 5s 3s Kh]
Seat 1: Tryptamean (button) (small blind) collected ($17.64)
Seat 5: SneakyMastr (big blind) folded on the Turn


PokerStars Hand #154317267859:  Hold'em Limit ($3/$6 USD) - 2016/06/05 7:58:38 ET
Table 'Themisto II' 6-max Seat #1 is the button
Seat 1: Tryptamean ($252.44 in chips)
Seat 5: SneakyMastr ($240.66 in chips)
Tryptamean: posts small blind $1
SneakyMastr: posts big blind $3
*** HOLE CARDS ***
Tryptamean: raises $3 to $6
SneakyMastr: calls $3
*** FLOP *** [3c 4c 7h]
SneakyMastr: checks
Tryptamean: checks
*** TURN *** [3c 4c 7h] [Jh]
SneakyMastr: bets $6
Tryptamean: calls $6
*** RIVER *** [3c 4c 7h Jh] [Ks]
SneakyMastr: checks
Tryptamean: checks
*** SHOW DOWN ***
SneakyMastr: shows [3h Ac] (a pair of Threes)
Tryptamean: mucks hand
SneakyMastr collected $23.52 from pot
*** SUMMARY ***
Total pot $24 | Rake $0.48
Board [3c 4c 7h Jh Ks]
Seat 1: Tryptamean (button) (small blind) mucked
Seat 5: SneakyMastr (big blind) showed [3h Ac] and won ($23.52) with a pair of Threes


PokerStars Hand #154317265265:  Hold'em Limit ($3/$6 USD) - 2016/06/05 7:58:33 ET
Table 'Themisto II' 6-max Seat #5 is the button
Seat 1: Tryptamean ($251.44 in chips)
Seat 5: SneakyMastr ($241.66 in chips)
SneakyMastr: posts small blind $1
Tryptamean: posts big blind $3
*** HOLE CARDS ***
SneakyMastr: folds
Uncalled bet ($2) returned to Tryptamean
Tryptamean collected $2 from pot
Tryptamean: doesn't show hand
*** SUMMARY ***
Total pot $2 | Rake $0
Seat 1: Tryptamean (big blind) collected ($2)
Seat 5: SneakyMastr (button) (small blind) folded before Flop


PokerStars Hand #154317257341:  Hold'em Limit ($3/$6 USD) - 2016/06/05 7:58:15 ET
Table 'Themisto II' 6-max Seat #1 is the button
Seat 1: Tryptamean ($245.68 in chips)
Seat 5: SneakyMastr ($247.66 in chips)
Tryptamean: posts small blind $1
SneakyMastr: posts big blind $3
*** HOLE CARDS ***
Tryptamean: raises $3 to $6
SneakyMastr: calls $3
*** FLOP *** [Ah Jc 6c]
SneakyMastr: checks
Tryptamean: bets $3
SneakyMastr: folds
Uncalled bet ($3) returned to Tryptamean
Tryptamean collected $11.76 from pot
Tryptamean: doesn't show hand
*** SUMMARY ***
Total pot $12 | Rake $0.24
Board [Ah Jc 6c]
Seat 1: Tryptamean (button) (small blind) collected ($11.76)
Seat 5: SneakyMastr (big blind) folded on the Flop


PokerStars Hand #154317254584:  Hold'em Limit ($3/$6 USD) - 2016/06/05 7:58:10 ET
Table 'Themisto II' 6-max Seat #5 is the button
Seat 1: Tryptamean ($244.68 in chips)
Seat 5: SneakyMastr ($248.66 in chips)
SneakyMastr: posts small blind $1
Tryptamean: posts big blind $3
*** HOLE CARDS ***
SneakyMastr: folds
Uncalled bet ($2) returned to Tryptamean
Tryptamean collected $2 from pot
Tryptamean: doesn't show hand
*** SUMMARY ***
Total pot $2 | Rake $0
Seat 1: Tryptamean (big blind) collected ($2)
Seat 5: SneakyMastr (button) (small blind) folded before Flop


PokerStars Hand #154317236067:  Hold'em Limit ($3/$6 USD) - 2016/06/05 7:57:29 ET
Table 'Themisto II' 6-max Seat #1 is the button
Seat 1: Tryptamean ($227.18 in chips)
Seat 5: SneakyMastr ($266.66 in chips)
Tryptamean: posts small blind $1
SneakyMastr: posts big blind $3
*** HOLE CARDS ***
Tryptamean: raises $3 to $6
SneakyMastr: raises $3 to $9
Tryptamean: calls $3
*** FLOP *** [6c 3d Js]
SneakyMastr: bets $3
Tryptamean: calls $3
*** TURN *** [6c 3d Js] [9c]
SneakyMastr: bets $6
Tryptamean: calls $6
*** RIVER *** [6c 3d Js 9c] [Kh]
SneakyMastr: checks
Tryptamean: bets $6
SneakyMastr: folds
Uncalled bet ($6) returned to Tryptamean
Tryptamean collected $35.50 from pot
Tryptamean: doesn't show hand
*** SUMMARY ***
Total pot $36 | Rake $0.50
Board [6c 3d Js 9c Kh]
Seat 1: Tryptamean (button) (small blind) collected ($35.50)
Seat 5: SneakyMastr (big blind) folded on the River


PokerStars Hand #154317279509:  Hold'em Limit ($3/$6 USD) - 2016/06/05 7:59:04 ET
Table 'Themisto II' 6-max Seat #5 is the button
Seat 1: Tryptamean ($240.44 in chips)
Seat 5: SneakyMastr ($252.18 in chips)
SneakyMastr: posts small blind $1
Tryptamean: posts big blind $3
*** HOLE CARDS ***
SneakyMastr: raises $3 to $6
Tryptamean: raises $3 to $9
SneakyMastr: calls $3
*** FLOP *** [7c Jc 9d]
Tryptamean: bets $3
SneakyMastr: calls $3
*** TURN *** [7c Jc 9d] [Ts]
Tryptamean: checks
SneakyMastr: bets $6
Tryptamean: raises $6 to $12
SneakyMastr: raises $6 to $18
Tryptamean: calls $6
*** RIVER *** [7c Jc 9d Ts] [Tc]
Tryptamean: checks
SneakyMastr: bets $6
Tryptamean: calls $6
*** SHOW DOWN ***
SneakyMastr: shows [Ah 8c] (a straight, Seven to Jack)
Tryptamean: shows [8h 8d] (a straight, Seven to Jack)
Tryptamean collected $35.75 from pot
SneakyMastr collected $35.75 from pot
*** SUMMARY ***
Total pot $72 | Rake $0.50
Board [7c Jc 9d Ts Tc]
Seat 1: Tryptamean (big blind) showed [8h 8d] and won ($35.75) with a straight, Seven to Jack
Seat 5: SneakyMastr (button) (small blind) showed [Ah 8c] and won ($35.75) with a straight, Seven to Jack


PokerStars Hand #154317307436:  Hold'em Limit ($3/$6 USD) - 2016/06/05 8:00:05 ET
Table 'Themisto II' 6-max Seat #1 is the button
Seat 1: Tryptamean ($240.19 in chips)
Seat 5: SneakyMastr ($251.93 in chips)
Tryptamean: posts small blind $1
SneakyMastr: posts big blind $3
*** HOLE CARDS ***
Tryptamean: raises $3 to $6
SneakyMastr: folds
Uncalled bet ($3) returned to Tryptamean
Tryptamean collected $6 from pot
Tryptamean: doesn't show hand
*** SUMMARY ***
Total pot $6 | Rake $0
Seat 1: Tryptamean (button) (small blind) collected ($6)
Seat 5: SneakyMastr (big blind) folded before Flop


PokerStars Hand #154317329026:  Hold'em Limit ($3/$6 USD) - 2016/06/05 8:00:49 ET
Table 'Themisto II' 6-max Seat #5 is the button
Seat 1: Tryptamean ($223.19 in chips)
Seat 5: SneakyMastr ($268.43 in chips)
SneakyMastr: posts small blind $1
Tryptamean: posts big blind $3
*** HOLE CARDS ***
SneakyMastr: folds
Uncalled bet ($2) returned to Tryptamean
Tryptamean collected $2 from pot
Tryptamean: doesn't show hand
*** SUMMARY ***
Total pot $2 | Rake $0
Seat 1: Tryptamean (big blind) collected ($2)
Seat 5: SneakyMastr (button) (small blind) folded before Flop


PokerStars Hand #154317314399:  Hold'em Limit ($3/$6 USD) - 2016/06/05 8:00:19 ET
Table 'Themisto II' 6-max Seat #1 is the button
Seat 1: Tryptamean ($244.19 in chips)
Seat 5: SneakyMastr ($247.93 in chips)
Tryptamean: posts small blind $1
SneakyMastr: posts big blind $3
*** HOLE CARDS ***
Tryptamean: raises $3 to $6
SneakyMastr: calls $3
*** FLOP *** [Jc Qs 2s]
SneakyMastr: bets $3
Tryptamean: calls $3
*** TURN *** [Jc Qs 2s] [4h]
SneakyMastr: bets $6
Tryptamean: calls $6
*** RIVER *** [Jc Qs 2s 4h] [Tc]
SneakyMastr: bets $6
Tryptamean: calls $6
*** SHOW DOWN ***
SneakyMastr: shows [Js 4c] (two pair, Jacks and Fours)
Tryptamean: mucks hand
SneakyMastr collected $41.50 from pot
*** SUMMARY ***
Total pot $42 | Rake $0.50
Board [Jc Qs 2s 4h Tc]
Seat 1: Tryptamean (button) (small blind) mucked
Seat 5: SneakyMastr (big blind) showed [Js 4c] and won ($41.50) with two pair, Jacks and Fours


PokerStars Hand #154317311731:  Hold'em Limit ($3/$6 USD) - 2016/06/05 8:00:13 ET
Table 'Themisto II' 6-max Seat #5 is the button
Seat 1: Tryptamean ($243.19 in chips)
Seat 5: SneakyMastr ($248.93 in chips)
SneakyMastr: posts small blind $1
Tryptamean: posts big blind $3
*** HOLE CARDS ***
SneakyMastr: folds
Uncalled bet ($2) returned to Tryptamean
Tryptamean collected $2 from pot
Tryptamean: doesn't show hand
*** SUMMARY ***
Total pot $2 | Rake $0
Seat 1: Tryptamean (big blind) collected ($2)
Seat 5: SneakyMastr (button) (small blind) folded before Flop


PokerStars Hand #154317344286:  Hold'em Limit ($3/$6 USD) - 2016/06/05 8:01:19 ET
Table 'Themisto II' 6-max Seat #1 is the button
Seat 1: Tryptamean ($230.95 in chips)
Seat 5: SneakyMastr ($260.43 in chips)
Tryptamean: posts small blind $1
SneakyMastr: posts big blind $3
*** HOLE CARDS ***
Tryptamean: raises $3 to $6
SneakyMastr: calls $3
*** FLOP *** [Kh Tc 4c]
SneakyMastr: checks
Tryptamean: bets $3
SneakyMastr: folds
Uncalled bet ($3) returned to Tryptamean
Tryptamean collected $11.76 from pot
Tryptamean: doesn't show hand
*** SUMMARY ***
Total pot $12 | Rake $0.24
Board [Kh Tc 4c]
Seat 1: Tryptamean (button) (small blind) collected ($11.76)
Seat 5: SneakyMastr (big blind) folded on the Flop


PokerStars Hand #154317341132:  Hold'em Limit ($3/$6 USD) - 2016/06/05 8:01:13 ET
Table 'Themisto II' 6-max Seat #5 is the button
Seat 1: Tryptamean ($229.95 in chips)
Seat 5: SneakyMastr ($261.43 in chips)
SneakyMastr: posts small blind $1
Tryptamean: posts big blind $3
*** HOLE CARDS ***
SneakyMastr: folds
Uncalled bet ($2) returned to Tryptamean
Tryptamean collected $2 from pot
Tryptamean: doesn't show hand
*** SUMMARY ***
Total pot $2 | Rake $0
Seat 1: Tryptamean (big blind) collected ($2)
Seat 5: SneakyMastr (button) (small blind) folded before Flop


PokerStars Hand #154317332004:  Hold'em Limit ($3/$6 USD) - 2016/06/05 8:00:55 ET
Table 'Themisto II' 6-max Seat #1 is the button
Seat 1: Tryptamean ($224.19 in chips)
Seat 5: SneakyMastr ($267.43 in chips)
Tryptamean: posts small blind $1
SneakyMastr: posts big blind $3
*** HOLE CARDS ***
Tryptamean: raises $3 to $6
SneakyMastr: calls $3
*** FLOP *** [3h Jd 7s]
SneakyMastr: checks
Tryptamean: bets $3
SneakyMastr: folds
Uncalled bet ($3) returned to Tryptamean
Tryptamean collected $11.76 from pot
Tryptamean: doesn't show hand
*** SUMMARY ***
Total pot $12 | Rake $0.24
Board [3h Jd 7s]
Seat 1: Tryptamean (button) (small blind) collected ($11.76)
Seat 5: SneakyMastr (big blind) folded on the Flop


PokerStars Hand #154317360056:  Hold'em Limit ($3/$6 USD) - 2016/06/05 8:01:50 ET
Table 'Themisto II' 6-max Seat #5 is the button
Seat 1: Tryptamean ($236.71 in chips)
Seat 5: SneakyMastr ($254.43 in chips)
SneakyMastr: posts small blind $1
Tryptamean: posts big blind $3
*** HOLE CARDS ***
SneakyMastr: raises $3 to $6
Tryptamean: raises $3 to $9
SneakyMastr: raises $3 to $12
Betting is capped
Tryptamean: calls $3
*** FLOP *** [6c Jh Kc]
Tryptamean: checks
SneakyMastr: bets $3
Tryptamean: calls $3
*** TURN *** [6c Jh Kc] [3s]
Tryptamean: checks
SneakyMastr: checks
*** RIVER *** [6c Jh Kc 3s] [3d]
Tryptamean: checks
SneakyMastr: bets $6
Tryptamean: calls $6
*** SHOW DOWN ***
SneakyMastr: shows [Tc Td] (two pair, Tens and Threes)
Tryptamean: mucks hand
SneakyMastr collected $41.50 from pot
*** SUMMARY ***
Total pot $42 | Rake $0.50
Board [6c Jh Kc 3s 3d]
Seat 1: Tryptamean (big blind) mucked
Seat 5: SneakyMastr (button) (small blind) showed [Tc Td] and won ($41.50) with two pair, Tens and Threes


PokerStars Hand #154317429631:  Hold'em Limit ($3/$6 USD) - 2016/06/05 8:04:02 ET
Table 'Themisto II' 6-max Seat #5 is the button
Seat 1: Tryptamean ($177.71 in chips)
Seat 5: SneakyMastr ($311.93 in chips)
SneakyMastr: posts small blind $1
Tryptamean: posts big blind $3
*** HOLE CARDS ***
SneakyMastr: folds
Uncalled bet ($2) returned to Tryptamean
Tryptamean collected $2 from pot
Tryptamean: doesn't show hand
*** SUMMARY ***
Total pot $2 | Rake $0
Seat 1: Tryptamean (big blind) collected ($2)
Seat 5: SneakyMastr (button) (small blind) folded before Flop


PokerStars Hand #154317413249:  Hold'em Limit ($3/$6 USD) - 2016/06/05 8:03:31 ET
Table 'Themisto II' 6-max Seat #1 is the button
Seat 1: Tryptamean ($201.71 in chips)
Seat 5: SneakyMastr ($288.43 in chips)
Tryptamean: posts small blind $1
SneakyMastr: posts big blind $3
*** HOLE CARDS ***
Tryptamean: raises $3 to $6
SneakyMastr: raises $3 to $9
Tryptamean: calls $3
*** FLOP *** [As 8h Qd]
SneakyMastr: bets $3
Tryptamean: calls $3
*** TURN *** [As 8h Qd] [4h]
SneakyMastr: bets $6
Tryptamean: calls $6
*** RIVER *** [As 8h Qd 4h] [7h]
SneakyMastr: bets $6
Tryptamean: calls $6
*** SHOW DOWN ***
SneakyMastr: shows [Ad 8d] (two pair, Aces and Eights)
Tryptamean: mucks hand
SneakyMastr collected $47.50 from pot
*** SUMMARY ***
Total pot $48 | Rake $0.50
Board [As 8h Qd 4h 7h]
Seat 1: Tryptamean (button) (small blind) mucked
Seat 5: SneakyMastr (big blind) showed [Ad 8d] and won ($47.50) with two pair, Aces and Eights


PokerStars Hand #154317410024:  Hold'em Limit ($3/$6 USD) - 2016/06/05 8:03:25 ET
Table 'Themisto II' 6-max Seat #5 is the button
Seat 1: Tryptamean ($200.71 in chips)
Seat 5: SneakyMastr ($289.43 in chips)
SneakyMastr: posts small blind $1
Tryptamean: posts big blind $3
*** HOLE CARDS ***
SneakyMastr: folds
Uncalled bet ($2) returned to Tryptamean
Tryptamean collected $2 from pot
Tryptamean: doesn't show hand
*** SUMMARY ***
Total pot $2 | Rake $0
Seat 1: Tryptamean (big blind) collected ($2)
Seat 5: SneakyMastr (button) (small blind) folded before Flop


PokerStars Hand #154317394293:  Hold'em Limit ($3/$6 USD) - 2016/06/05 8:02:55 ET
Table 'Themisto II' 6-max Seat #1 is the button
Seat 1: Tryptamean ($215.71 in chips)
Seat 5: SneakyMastr ($274.93 in chips)
Tryptamean: posts small blind $1
SneakyMastr: posts big blind $3
*** HOLE CARDS ***
Tryptamean: raises $3 to $6
SneakyMastr: calls $3
*** FLOP *** [9h 6d Ad]
SneakyMastr: checks
Tryptamean: bets $3
SneakyMastr: calls $3
*** TURN *** [9h 6d Ad] [5d]
SneakyMastr: checks
Tryptamean: checks
*** RIVER *** [9h 6d Ad 5d] [8h]
SneakyMastr: checks
Tryptamean: bets $6
SneakyMastr: calls $6
*** SHOW DOWN ***
Tryptamean: shows [Qs 4h] (high card Ace)
SneakyMastr: shows [Qd 8s] (a pair of Eights)
SneakyMastr collected $29.50 from pot
*** SUMMARY ***
Total pot $30 | Rake $0.50
Board [9h 6d Ad 5d 8h]
Seat 1: Tryptamean (button) (small blind) showed [Qs 4h] and lost with high card Ace
Seat 5: SneakyMastr (big blind) showed [Qd 8s] and won ($29.50) with a pair of Eights


PokerStars Hand #154317445428:  Hold'em Limit ($3/$6 USD) - 2016/06/05 8:04:32 ET
Table 'Themisto II' 6-max Seat #5 is the button
Seat 1: Tryptamean ($172.71 in chips)
Seat 5: SneakyMastr ($316.69 in chips)
SneakyMastr: posts small blind $1
Tryptamean: posts big blind $3
*** HOLE CARDS ***
SneakyMastr: folds
Uncalled bet ($2) returned to Tryptamean
Tryptamean collected $2 from pot
Tryptamean: doesn't show hand
*** SUMMARY ***
Total pot $2 | Rake $0
Seat 1: Tryptamean (big blind) collected ($2)
Seat 5: SneakyMastr (button) (small blind) folded before Flop


PokerStars Hand #154317432683:  Hold'em Limit ($3/$6 USD) - 2016/06/05 8:04:08 ET
Table 'Themisto II' 6-max Seat #1 is the button
Seat 1: Tryptamean ($178.71 in chips)
Seat 5: SneakyMastr ($310.93 in chips)
Tryptamean: posts small blind $1
SneakyMastr: posts big blind $3
*** HOLE CARDS ***
Tryptamean: raises $3 to $6
SneakyMastr: calls $3
*** FLOP *** [Qc 3d Jd]
SneakyMastr: bets $3
Tryptamean: folds
Uncalled bet ($3) returned to SneakyMastr
SneakyMastr collected $11.76 from pot
SneakyMastr: doesn't show hand
*** SUMMARY ***
Total pot $12 | Rake $0.24
Board [Qc 3d Jd]
Seat 1: Tryptamean (button) (small blind) folded on the Flop
Seat 5: SneakyMastr (big blind) collected ($11.76)


PokerStars Hand #154317448580:  Hold'em Limit ($3/$6 USD) - 2016/06/05 8:04:37 ET
Table 'Themisto II' 6-max Seat #1 is the button
Seat 1: Tryptamean ($173.71 in chips)
Seat 5: SneakyMastr ($315.69 in chips)
Tryptamean: posts small blind $1
SneakyMastr: posts big blind $3
*** HOLE CARDS ***
Tryptamean: folds
Uncalled bet ($2) returned to SneakyMastr
SneakyMastr collected $2 from pot
SneakyMastr: doesn't show hand
*** SUMMARY ***
Total pot $2 | Rake $0
Seat 1: Tryptamean (button) (small blind) folded before Flop
Seat 5: SneakyMastr (big blind) collected ($2)


PokerStars Hand #154317451791:  Hold'em Limit ($3/$6 USD) - 2016/06/05 8:04:43 ET
Table 'Themisto II' 6-max Seat #5 is the button
Seat 1: Tryptamean ($172.71 in chips)
Seat 5: SneakyMastr ($316.69 in chips)
SneakyMastr: posts small blind $1
Tryptamean: posts big blind $3
*** HOLE CARDS ***
SneakyMastr: raises $3 to $6
Tryptamean: calls $3
*** FLOP *** [Qd 4c 8h]
Tryptamean: checks
SneakyMastr: bets $3
Tryptamean: calls $3
*** TURN *** [Qd 4c 8h] [4h]
Tryptamean: checks
SneakyMastr: checks
*** RIVER *** [Qd 4c 8h 4h] [Ts]
Tryptamean: bets $6
SneakyMastr: folds
Uncalled bet ($6) returned to Tryptamean
Tryptamean collected $17.64 from pot
Tryptamean: doesn't show hand
*** SUMMARY ***
Total pot $18 | Rake $0.36
Board [Qd 4c 8h 4h Ts]
Seat 1: Tryptamean (big blind) collected ($17.64)
Seat 5: SneakyMastr (button) (small blind) folded on the River


PokerStars Hand #154317475457:  Hold'em Limit ($3/$6 USD) - 2016/06/05 8:05:28 ET
Table 'Themisto II' 6-max Seat #1 is the button
Seat 1: Tryptamean ($181.35 in chips)
Seat 5: SneakyMastr ($307.69 in chips)
Tryptamean: posts small blind $1
SneakyMastr: posts big blind $3
*** HOLE CARDS ***
Tryptamean: raises $3 to $6
SneakyMastr: calls $3
*** FLOP *** [4c 2c 9s]
SneakyMastr: checks
Tryptamean: bets $3
SneakyMastr: folds
Uncalled bet ($3) returned to Tryptamean
Tryptamean collected $11.76 from pot
Tryptamean: doesn't show hand
*** SUMMARY ***
Total pot $12 | Rake $0.24
Board [4c 2c 9s]
Seat 1: Tryptamean (button) (small blind) collected ($11.76)
Seat 5: SneakyMastr (big blind) folded on the Flop


PokerStars Hand #154317496023:  Hold'em Limit ($3/$6 USD) - 2016/06/05 8:05:53 ET
Table 'Themisto II' 6-max Seat #5 is the button
Seat 1: Tryptamean ($187.11 in chips)
Seat 5: SneakyMastr ($301.69 in chips)
SneakyMastr: posts small blind $1
Tryptamean: posts big blind $3
*** HOLE CARDS ***
SneakyMastr: folds
Uncalled bet ($2) returned to Tryptamean
Tryptamean collected $2 from pot
Tryptamean: doesn't show hand
*** SUMMARY ***
Total pot $2 | Rake $0
Seat 1: Tryptamean (big blind) collected ($2)
Seat 5: SneakyMastr (button) (small blind) folded before Flop


PokerStars Hand #154317521775:  Hold'em Limit ($3/$6 USD) - 2016/06/05 8:06:41 ET
Table 'Themisto II' 6-max Seat #5 is the button
Seat 1: Tryptamean ($202.61 in chips)
Seat 5: SneakyMastr ($285.69 in chips)
SneakyMastr: posts small blind $1
Tryptamean: posts big blind $3
*** HOLE CARDS ***
SneakyMastr: folds
Uncalled bet ($2) returned to Tryptamean
Tryptamean collected $2 from pot
Tryptamean: doesn't show hand
*** SUMMARY ***
Total pot $2 | Rake $0
Seat 1: Tryptamean (big blind) collected ($2)
Seat 5: SneakyMastr (button) (small blind) folded before Flop


PokerStars Hand #154317499695:  Hold'em Limit ($3/$6 USD) - 2016/06/05 8:06:00 ET
Table 'Themisto II' 6-max Seat #1 is the button
Seat 1: Tryptamean ($188.11 in chips)
Seat 5: SneakyMastr ($300.69 in chips)
Tryptamean: posts small blind $1
SneakyMastr: posts big blind $3
*** HOLE CARDS ***
Tryptamean: raises $3 to $6
SneakyMastr: calls $3
*** FLOP *** [5d Qs 8s]
SneakyMastr: bets $3
Tryptamean: calls $3
*** TURN *** [5d Qs 8s] [Ad]
SneakyMastr: checks
Tryptamean: checks
*** RIVER *** [5d Qs 8s Ad] [4d]
SneakyMastr: checks
Tryptamean: bets $6
SneakyMastr: calls $6
*** SHOW DOWN ***
Tryptamean: shows [Kh 8d] (a pair of Eights)
SneakyMastr: mucks hand
Tryptamean collected $29.50 from pot
*** SUMMARY ***
Total pot $30 | Rake $0.50
Board [5d Qs 8s Ad 4d]
Seat 1: Tryptamean (button) (small blind) showed [Kh 8d] and won ($29.50) with a pair of Eights
Seat 5: SneakyMastr (big blind) mucked


PokerStars Hand #154317525128:  Hold'em Limit ($3/$6 USD) - 2016/06/05 8:06:47 ET
Table 'Themisto II' 6-max Seat #1 is the button
Seat 1: Tryptamean ($203.61 in chips)
Seat 5: SneakyMastr ($284.69 in chips)
Tryptamean: posts small blind $1
SneakyMastr: posts big blind $3
*** HOLE CARDS ***
Tryptamean: folds
Uncalled bet ($2) returned to SneakyMastr
SneakyMastr collected $2 from pot
SneakyMastr: doesn't show hand
*** SUMMARY ***
Total pot $2 | Rake $0
Seat 1: Tryptamean (button) (small blind) folded before Flop
Seat 5: SneakyMastr (big blind) collected ($2)


PokerStars Hand #154317532653:  Hold'em Limit ($3/$6 USD) - 2016/06/05 8:07:01 ET
Table 'Themisto II' 6-max Seat #1 is the button
Seat 1: Tryptamean ($199.61 in chips)
Seat 5: SneakyMastr ($288.69 in chips)
Tryptamean: posts small blind $1
SneakyMastr: posts big blind $3
*** HOLE CARDS ***
Tryptamean: folds
Uncalled bet ($2) returned to SneakyMastr
SneakyMastr collected $2 from pot
*** SUMMARY ***
Total pot $2 | Rake $0
Seat 1: Tryptamean (button) (small blind) folded before Flop
Seat 5: SneakyMastr (big blind) collected ($2)


PokerStars Hand #154317528466:  Hold'em Limit ($3/$6 USD) - 2016/06/05 8:06:53 ET
Table 'Themisto II' 6-max Seat #5 is the button
Seat 1: Tryptamean ($202.61 in chips)
Seat 5: SneakyMastr ($285.69 in chips)
SneakyMastr: posts small blind $1
Tryptamean: posts big blind $3
*** HOLE CARDS ***
SneakyMastr: raises $3 to $6
Tryptamean: folds
Uncalled bet ($3) returned to SneakyMastr
SneakyMastr collected $6 from pot
SneakyMastr: doesn't show hand
*** SUMMARY ***
Total pot $6 | Rake $0
Seat 1: Tryptamean (big blind) folded before Flop
Seat 5: SneakyMastr (button) (small blind) collected ($6)


PokerStars Hand #154317537171:  Hold'em Limit ($3/$6 USD) - 2016/06/05 8:07:09 ET
Table 'Themisto II' 6-max Seat #5 is the button
Seat 1: Tryptamean ($198.61 in chips)
Seat 5: SneakyMastr ($289.69 in chips)
SneakyMastr: posts small blind $1
Tryptamean: posts big blind $3
*** HOLE CARDS ***
SneakyMastr: folds
Uncalled bet ($2) returned to Tryptamean
Tryptamean collected $2 from pot
Tryptamean: doesn't show hand
*** SUMMARY ***
Total pot $2 | Rake $0
Seat 1: Tryptamean (big blind) collected ($2)
Seat 5: SneakyMastr (button) (small blind) folded before Flop


PokerStars Hand #154317540025:  Hold'em Limit ($3/$6 USD) - 2016/06/05 8:07:15 ET
Table 'Themisto II' 6-max Seat #1 is the button
Seat 1: Tryptamean ($199.61 in chips)
Seat 5: SneakyMastr ($288.69 in chips)
Tryptamean: posts small blind $1
SneakyMastr: posts big blind $3
*** HOLE CARDS ***
Tryptamean: raises $3 to $6
SneakyMastr: raises $3 to $9
Tryptamean: calls $3
*** FLOP *** [Qd 7h Jc]
SneakyMastr: checks
Tryptamean: bets $3
SneakyMastr: calls $3
*** TURN *** [Qd 7h Jc] [6s]
SneakyMastr: checks
Tryptamean: bets $6
SneakyMastr: raises $6 to $12
Tryptamean: calls $6
*** RIVER *** [Qd 7h Jc 6s] [2d]
SneakyMastr: bets $6
Tryptamean: calls $6
*** SHOW DOWN ***
SneakyMastr: shows [6d 6c] (three of a kind, Sixes)
Tryptamean: mucks hand
SneakyMastr collected $59.50 from pot
*** SUMMARY ***
Total pot $60 | Rake $0.50
Board [Qd 7h Jc 6s 2d]
Seat 1: Tryptamean (button) (small blind) mucked
Seat 5: SneakyMastr (big blind) showed [6d 6c] and won ($59.50) with three of a kind, Sixes


PokerStars Hand #154317571682:  Hold'em Limit ($3/$6 USD) - 2016/06/05 8:08:13 ET
Table 'Themisto II' 6-max Seat #5 is the button
Seat 1: Tryptamean ($169.61 in chips)
Seat 5: SneakyMastr ($318.19 in chips)
SneakyMastr: posts small blind $1
Tryptamean: posts big blind $3
*** HOLE CARDS ***
SneakyMastr: folds
Uncalled bet ($2) returned to Tryptamean
Tryptamean collected $2 from pot
Tryptamean: doesn't show hand
*** SUMMARY ***
Total pot $2 | Rake $0
Seat 1: Tryptamean (big blind) collected ($2)
Seat 5: SneakyMastr (button) (small blind) folded before Flop


PokerStars Hand #154317575541:  Hold'em Limit ($3/$6 USD) - 2016/06/05 8:08:20 ET
Table 'Themisto II' 6-max Seat #1 is the button
Seat 1: Tryptamean ($170.61 in chips)
Seat 5: SneakyMastr ($317.19 in chips)
Tryptamean: posts small blind $1
SneakyMastr: posts big blind $3
*** HOLE CARDS ***
Tryptamean: raises $3 to $6
SneakyMastr: calls $3
*** FLOP *** [8c 2c Ad]
SneakyMastr: checks
Tryptamean: bets $3
SneakyMastr: raises $3 to $6
Tryptamean: folds
Uncalled bet ($3) returned to SneakyMastr
SneakyMastr collected $17.64 from pot
SneakyMastr: doesn't show hand
Scheubi88 joins the table at seat #6
*** SUMMARY ***
Total pot $18 | Rake $0.36
Board [8c 2c Ad]
Seat 1: Tryptamean (button) (small blind) folded on the Flop
Seat 5: SneakyMastr (big blind) collected ($17.64)


PokerStars Hand #154320609597:  Hold'em Limit ($3/$6 USD) - 2016/06/05 9:34:44 ET
Table 'Themisto II' 6-max Seat #1 is the button
Seat 1: csicsi83 ($428.67 in chips)
Seat 5: HAL9QQQ ($135.07 in chips)
csicsi83: posts small blind $1
DismasX: is sitting out
tomte999: is sitting out
HAL9QQQ: posts big blind $3
*** HOLE CARDS ***
csicsi83: raises $3 to $6
HAL9QQQ: calls $3
*** FLOP *** [7s 7d 6h]
HAL9QQQ: bets $3
csicsi83: folds
Uncalled bet ($3) returned to HAL9QQQ
HAL9QQQ collected $11.76 from pot
HAL9QQQ: doesn't show hand
*** SUMMARY ***
Total pot $12 | Rake $0.24
Board [7s 7d 6h]
Seat 1: csicsi83 (button) (small blind) folded on the Flop
Seat 5: HAL9QQQ (big blind) collected ($11.76)


