PokerStars Hand #171819311643:  Hold'em Limit ($3/$6 USD) - 2017/06/15 16:45:03 ET
Table 'Themis' 6-max Seat #1 is the button
Seat 1: scorpio04 ($150 in chips)
Seat 2: Auge72 ($120 in chips)
scorpio04: posts small blind $1
Auge72: posts big blind $3
*** HOLE CARDS ***
scorpio04: raises $3 to $6
Auge72: calls $3
*** FLOP *** [Qd Tc 5d]
vestimokrec joins the table at seat #3
Auge72: checks
scorpio04: checks
*** TURN *** [Qd Tc 5d] [Ac]
Auge72: bets $6
scorpio04: folds
Uncalled bet ($6) returned to Auge72
Auge72 collected $11.76 from pot
pompier40 joins the table at seat #4
*** SUMMARY ***
Total pot $12 | Rake $0.24
Board [Qd Tc 5d Ac]
Seat 1: scorpio04 (button) (small blind) folded on the Turn
Seat 2: Auge72 (big blind) collected ($11.76)


PokerStars Hand #171819960611:  Hold'em Limit ($3/$6 USD) - 2017/06/15 16:58:47 ET
Table 'Themis' 6-max Seat #1 is the button
Seat 1: scorpio04 ($150 in chips)
Seat 4: pompier40 ($179.77 in chips)
scorpio04: posts small blind $1
masterblstr8: is sitting out
pompier40: posts big blind $3
*** HOLE CARDS ***
scorpio04: raises $3 to $6
pompier40: folds
Uncalled bet ($3) returned to scorpio04
scorpio04 collected $6 from pot
scorpio04: doesn't show hand
masterblstr8 leaves the table
*** SUMMARY ***
Total pot $6 | Rake $0
Seat 1: scorpio04 (button) (small blind) collected ($6)
Seat 4: pompier40 (big blind) folded before Flop


PokerStars Hand #171819965374:  Hold'em Limit ($3/$6 USD) - 2017/06/15 16:58:54 ET
Table 'Themis' 6-max Seat #4 is the button
Seat 1: scorpio04 ($153 in chips)
Seat 4: pompier40 ($176.77 in chips)
pompier40: posts small blind $1
scorpio04: posts big blind $3
*** HOLE CARDS ***
pompier40: calls $2
scorpio04: checks
*** FLOP *** [9h Td Qc]
Spriysugen leaves the table
scorpio04: checks
pompier40: checks
*** TURN *** [9h Td Qc] [Jc]
scorpio04: checks
pompier40: checks
*** RIVER *** [9h Td Qc Jc] [9s]
scorpio04: checks
pompier40: checks
*** SHOW DOWN ***
scorpio04: shows [Jd 5c] (two pair, Jacks and Nines)
pompier40: mucks hand
scorpio04 collected $5.88 from pot
*** SUMMARY ***
Total pot $6 | Rake $0.12
Board [9h Td Qc Jc 9s]
Seat 1: scorpio04 (big blind) showed [Jd 5c] and won ($5.88) with two pair, Jacks and Nines
Seat 4: pompier40 (button) (small blind) mucked


