PokerStars Hand #160661174782:  Hold'em Limit ($3/$6 USD) - 2016/10/30 16:10:37 ET
Table 'Themisto II' 6-max Seat #1 is the button
Seat 1: olech1515 ($104 in chips)
Seat 4: VolkovDmitri ($120 in chips)
olech1515: posts small blind $1
VolkovDmitri: posts big blind $3
*** HOLE CARDS ***
olech1515: folds
Uncalled bet ($2) returned to VolkovDmitri
VolkovDmitri collected $2 from pot
VolkovDmitri: doesn't show hand
*** SUMMARY ***
Total pot $2 | Rake $0
Seat 1: olech1515 (button) (small blind) folded before Flop
Seat 4: VolkovDmitri (big blind) collected ($2)


PokerStars Hand #160661191803:  Hold'em Limit ($3/$6 USD) - 2016/10/30 16:10:54 ET
Table 'Themisto II' 6-max Seat #4 is the button
Seat 1: olech1515 ($103 in chips)
Seat 4: VolkovDmitri ($121 in chips)
VolkovDmitri: posts small blind $1
olech1515: posts big blind $3
*** HOLE CARDS ***
VolkovDmitri: raises $3 to $6
olech1515: raises $3 to $9
VolkovDmitri: calls $3
*** FLOP *** [Ac 2s 4d]
olech1515: bets $3
VolkovDmitri: folds
Uncalled bet ($3) returned to olech1515
olech1515 collected $17.64 from pot
*** SUMMARY ***
Total pot $18 | Rake $0.36
Board [Ac 2s 4d]
Seat 1: olech1515 (big blind) collected ($17.64)
Seat 4: VolkovDmitri (button) (small blind) folded on the Flop


PokerStars Hand #160661275144:  Hold'em Limit ($3/$6 USD) - 2016/10/30 16:12:18 ET
Table 'Themisto II' 6-max Seat #1 is the button
Seat 1: olech1515 ($106.64 in chips)
Seat 4: VolkovDmitri ($124.76 in chips)
olech1515: posts small blind $1
VolkovDmitri: posts big blind $3
*** HOLE CARDS ***
olech1515: raises $3 to $6
VolkovDmitri: folds
Uncalled bet ($3) returned to olech1515
olech1515 collected $6 from pot
*** SUMMARY ***
Total pot $6 | Rake $0
Seat 1: olech1515 (button) (small blind) collected ($6)
Seat 4: VolkovDmitri (big blind) folded before Flop


PokerStars Hand #160661256307:  Hold'em Limit ($3/$6 USD) - 2016/10/30 16:11:59 ET
Table 'Themisto II' 6-max Seat #4 is the button
Seat 1: olech1515 ($105.64 in chips)
Seat 4: VolkovDmitri ($125.76 in chips)
VolkovDmitri: posts small blind $1
olech1515: posts big blind $3
*** HOLE CARDS ***
VolkovDmitri: folds
Uncalled bet ($2) returned to olech1515
olech1515 collected $2 from pot
*** SUMMARY ***
Total pot $2 | Rake $0
Seat 1: olech1515 (big blind) collected ($2)
Seat 4: VolkovDmitri (button) (small blind) folded before Flop


PokerStars Hand #160661222928:  Hold'em Limit ($3/$6 USD) - 2016/10/30 16:11:25 ET
Table 'Themisto II' 6-max Seat #1 is the button
Seat 1: olech1515 ($111.64 in chips)
Seat 4: VolkovDmitri ($120 in chips)
olech1515: posts small blind $1
VolkovDmitri: posts big blind $3
*** HOLE CARDS ***
olech1515: raises $3 to $6
VolkovDmitri: calls $3
*** FLOP *** [Js 8d Kh]
VolkovDmitri: checks
olech1515: checks
*** TURN *** [Js 8d Kh] [2d]
VolkovDmitri: bets $6
olech1515: folds
Uncalled bet ($6) returned to VolkovDmitri
VolkovDmitri collected $11.76 from pot
VolkovDmitri: doesn't show hand
*** SUMMARY ***
Total pot $12 | Rake $0.24
Board [Js 8d Kh 2d]
Seat 1: olech1515 (button) (small blind) folded on the Turn
Seat 4: VolkovDmitri (big blind) collected ($11.76)


PokerStars Hand #160661336901:  Hold'em Limit ($3/$6 USD) - 2016/10/30 16:13:19 ET
Table 'Themisto II' 6-max Seat #1 is the button
Seat 1: olech1515 ($121.16 in chips)
Seat 4: VolkovDmitri ($120 in chips)
olech1515: posts small blind $1
VolkovDmitri: posts big blind $3
*** HOLE CARDS ***
Pilowski joins the table at seat #2
olech1515: raises $3 to $6
VolkovDmitri: raises $3 to $9
olech1515: calls $3
*** FLOP *** [Ah 6d 4h]
VolkovDmitri: checks
olech1515: checks
*** TURN *** [Ah 6d 4h] [Th]
VolkovDmitri: checks
olech1515: checks
*** RIVER *** [Ah 6d 4h Th] [Qs]
VolkovDmitri: bets $6
olech1515: raises $6 to $12
VolkovDmitri: folds
Uncalled bet ($6) returned to olech1515
olech1515 collected $29.50 from pot
*** SUMMARY ***
Total pot $30 | Rake $0.50
Board [Ah 6d 4h Th Qs]
Seat 1: olech1515 (button) (small blind) collected ($29.50)
Seat 4: VolkovDmitri (big blind) folded on the River


PokerStars Hand #160661289052:  Hold'em Limit ($3/$6 USD) - 2016/10/30 16:12:32 ET
Table 'Themisto II' 6-max Seat #4 is the button
Seat 1: olech1515 ($109.64 in chips)
Seat 4: VolkovDmitri ($121.76 in chips)
VolkovDmitri: posts small blind $1
olech1515: posts big blind $3
*** HOLE CARDS ***
VolkovDmitri: raises $3 to $6
olech1515: raises $3 to $9
VolkovDmitri: calls $3
*** FLOP *** [8d 5h 5c]
olech1515: bets $3
VolkovDmitri: calls $3
*** TURN *** [8d 5h 5c] [2s]
olech1515: bets $6
VolkovDmitri: folds
Uncalled bet ($6) returned to olech1515
olech1515 collected $23.52 from pot
*** SUMMARY ***
Total pot $24 | Rake $0.48
Board [8d 5h 5c 2s]
Seat 1: olech1515 (big blind) collected ($23.52)
Seat 4: VolkovDmitri (button) (small blind) folded on the Turn


PokerStars Hand #160661371367:  Hold'em Limit ($3/$6 USD) - 2016/10/30 16:13:54 ET
Table 'Themisto II' 6-max Seat #4 is the button
Seat 1: olech1515 ($135.66 in chips)
Seat 4: VolkovDmitri ($120 in chips)
VolkovDmitri: posts small blind $1
olech1515: posts big blind $3
*** HOLE CARDS ***
VolkovDmitri: raises $3 to $6
olech1515: calls $3
*** FLOP *** [As 6d Ts]
olech1515: checks
VolkovDmitri: bets $3
olech1515: calls $3
*** TURN *** [As 6d Ts] [2c]
olech1515: checks
VolkovDmitri: bets $6
olech1515: raises $6 to $12
VolkovDmitri: calls $6
*** RIVER *** [As 6d Ts 2c] [9c]
Psynto joins the table at seat #3
olech1515: bets $6
xxRGx joins the table at seat #6
VolkovDmitri: folds
Uncalled bet ($6) returned to olech1515
Leth73 joins the table at seat #5
olech1515 collected $41.50 from pot
*** SUMMARY ***
Total pot $42 | Rake $0.50
Board [As 6d Ts 2c 9c]
Seat 1: olech1515 (big blind) collected ($41.50)
Seat 4: VolkovDmitri (button) (small blind) folded on the River


PokerStars Hand #160664640541:  Hold'em Limit ($3/$6 USD) - 2016/10/30 17:10:16 ET
Table 'Themisto II' 6-max Seat #1 is the button
Seat 1: olech1515 ($123.03 in chips)
Seat 4: jackRizzar ($218.49 in chips)
olech1515: posts small blind $1
jackRizzar: posts big blind $3
*** HOLE CARDS ***
olech1515: raises $3 to $6
jackRizzar: calls $3
*** FLOP *** [Ts 6h Kd]
jackRizzar: checks
olech1515: checks
*** TURN *** [Ts 6h Kd] [Kh]
jackRizzar: checks
olech1515: bets $6
jackRizzar: folds
Uncalled bet ($6) returned to olech1515
olech1515 collected $11.76 from pot
*** SUMMARY ***
Total pot $12 | Rake $0.24
Board [Ts 6h Kd Kh]
Seat 1: olech1515 (button) (small blind) collected ($11.76)
Seat 4: jackRizzar (big blind) folded on the Turn


PokerStars Hand #160664677142:  Hold'em Limit ($3/$6 USD) - 2016/10/30 17:10:57 ET
Table 'Themisto II' 6-max Seat #4 is the button
Seat 1: olech1515 ($124.79 in chips)
Seat 4: jackRizzar ($216.49 in chips)
jackRizzar: posts small blind $1
olech1515: posts big blind $3
*** HOLE CARDS ***
jackRizzar: raises $3 to $6
olech1515: folds
Uncalled bet ($3) returned to jackRizzar
jackRizzar collected $6 from pot
jackRizzar: doesn't show hand
*** SUMMARY ***
Total pot $6 | Rake $0
Seat 1: olech1515 (big blind) folded before Flop
Seat 4: jackRizzar (button) (small blind) collected ($6)


PokerStars Hand #160664668647:  Hold'em Limit ($3/$6 USD) - 2016/10/30 17:10:45 ET
Table 'Themisto II' 6-max Seat #1 is the button
Seat 1: olech1515 ($125.79 in chips)
Seat 4: jackRizzar ($215.49 in chips)
olech1515: posts small blind $1
jackRizzar: posts big blind $3
*** HOLE CARDS ***
olech1515: folds
Uncalled bet ($2) returned to jackRizzar
jackRizzar collected $2 from pot
jackRizzar: doesn't show hand
*** SUMMARY ***
Total pot $2 | Rake $0
Seat 1: olech1515 (button) (small blind) folded before Flop
Seat 4: jackRizzar (big blind) collected ($2)


PokerStars Hand #160664662241:  Hold'em Limit ($3/$6 USD) - 2016/10/30 17:10:38 ET
Table 'Themisto II' 6-max Seat #4 is the button
Seat 1: olech1515 ($128.79 in chips)
Seat 4: jackRizzar ($212.49 in chips)
jackRizzar: posts small blind $1
olech1515: posts big blind $3
*** HOLE CARDS ***
jackRizzar: raises $3 to $6
olech1515: folds
Uncalled bet ($3) returned to jackRizzar
jackRizzar collected $6 from pot
jackRizzar: doesn't show hand
*** SUMMARY ***
Total pot $6 | Rake $0
Seat 1: olech1515 (big blind) folded before Flop
Seat 4: jackRizzar (button) (small blind) collected ($6)


