PokerStars Hand #145548814821:  Hold'em Limit ($3/$6 USD) - 2015/12/18 16:16:55 ET
Table 'Themisto III' 6-max Seat #3 is the button
Seat 3: bianca_AK ($34.76 in chips)
Seat 4: AzureCaper ($80 in chips)
bianca_AK: posts small blind $1
AzureCaper: posts big blind $3
*** HOLE CARDS ***
bianca_AK: folds
Uncalled bet ($2) returned to AzureCaper
GoliafUa leaves the table
AzureCaper collected $2 from pot
AzureCaper: doesn't show hand
*** SUMMARY ***
Total pot $2 | Rake $0
Seat 3: bianca_AK (button) (small blind) folded before Flop
Seat 4: AzureCaper (big blind) collected ($2)


PokerStars Hand #145550105655:  Hold'em Limit ($3/$6 USD) - 2015/12/18 16:40:25 ET
Table 'Themisto III' 6-max Seat #2 is the button
Seat 2: andrey0709 ($136.17 in chips)
Seat 5: Chessnok ($195.67 in chips)
andrey0709: posts small blind $1
Chessnok: posts big blind $3
*** HOLE CARDS ***
andrey0709: folds
Uncalled bet ($2) returned to Chessnok
Chessnok collected $2 from pot
Chessnok: doesn't show hand
*** SUMMARY ***
Total pot $2 | Rake $0
Seat 2: andrey0709 (button) (small blind) folded before Flop
Seat 5: Chessnok (big blind) collected ($2)


PokerStars Hand #145550081433:  Hold'em Limit ($3/$6 USD) - 2015/12/18 16:39:58 ET
Table 'Themisto III' 6-max Seat #5 is the button
Seat 2: andrey0709 ($160.17 in chips)
Seat 5: Chessnok ($172.17 in chips)
Chessnok: posts small blind $1
andrey0709: posts big blind $3
*** HOLE CARDS ***
Chessnok: raises $3 to $6
andrey0709: raises $3 to $9
Chessnok: calls $3
*** FLOP *** [4c 3d As]
andrey0709: bets $3
Chessnok: calls $3
*** TURN *** [4c 3d As] [Kd]
andrey0709: bets $6
Chessnok: calls $6
*** RIVER *** [4c 3d As Kd] [6d]
andrey0709: bets $6
Chessnok: calls $6
*** SHOW DOWN ***
andrey0709: shows [Jc Jd] (a pair of Jacks)
Chessnok: shows [Qd Kc] (a pair of Kings)
Chessnok collected $47.50 from pot
*** SUMMARY ***
Total pot $48 | Rake $0.50
Board [4c 3d As Kd 6d]
Seat 2: andrey0709 (big blind) showed [Jc Jd] and lost with a pair of Jacks
Seat 5: Chessnok (button) (small blind) showed [Qd Kc] and won ($47.50) with a pair of Kings


PokerStars Hand #145550077606:  Hold'em Limit ($3/$6 USD) - 2015/12/18 16:39:54 ET
Table 'Themisto III' 6-max Seat #2 is the button
Seat 2: andrey0709 ($161.17 in chips)
Seat 5: Chessnok ($171.17 in chips)
andrey0709: posts small blind $1
Chessnok: posts big blind $3
*** HOLE CARDS ***
andrey0709: folds
Uncalled bet ($2) returned to Chessnok
Chessnok collected $2 from pot
Chessnok: doesn't show hand
*** SUMMARY ***
Total pot $2 | Rake $0
Seat 2: andrey0709 (button) (small blind) folded before Flop
Seat 5: Chessnok (big blind) collected ($2)


PokerStars Hand #145550064944:  Hold'em Limit ($3/$6 USD) - 2015/12/18 16:39:40 ET
Table 'Themisto III' 6-max Seat #5 is the button
Seat 2: andrey0709 ($152.53 in chips)
Seat 5: Chessnok ($180.17 in chips)
Chessnok: posts small blind $1
andrey0709: posts big blind $3
*** HOLE CARDS ***
Chessnok: raises $3 to $6
andrey0709: raises $3 to $9
Chessnok: calls $3
*** FLOP *** [Qh 9h 6d]
Karpik09 leaves the table
andrey0709: bets $3
Chessnok: folds
Uncalled bet ($3) returned to andrey0709
andrey0709 collected $17.64 from pot
andrey0709: doesn't show hand
*** SUMMARY ***
Total pot $18 | Rake $0.36
Board [Qh 9h 6d]
Seat 2: andrey0709 (big blind) collected ($17.64)
Seat 5: Chessnok (button) (small blind) folded on the Flop


PokerStars Hand #145550060783:  Hold'em Limit ($3/$6 USD) - 2015/12/18 16:39:35 ET
Table 'Themisto III' 6-max Seat #2 is the button
Seat 2: andrey0709 ($153.53 in chips)
Seat 5: Chessnok ($179.17 in chips)
andrey0709: posts small blind $1
Karpik09: is sitting out
Chessnok: posts big blind $3
*** HOLE CARDS ***
andrey0709: folds
Uncalled bet ($2) returned to Chessnok
Chessnok collected $2 from pot
Chessnok: doesn't show hand
*** SUMMARY ***
Total pot $2 | Rake $0
Seat 2: andrey0709 (button) (small blind) folded before Flop
Seat 5: Chessnok (big blind) collected ($2)


PokerStars Hand #145550150090:  Hold'em Limit ($3/$6 USD) - 2015/12/18 16:41:14 ET
Table 'Themisto III' 6-max Seat #2 is the button
Seat 2: andrey0709 ($204.41 in chips)
Seat 5: Chessnok ($202.07 in chips)
andrey0709: posts small blind $1
Chessnok: posts big blind $3
*** HOLE CARDS ***
andrey0709: raises $3 to $6
Chessnok: calls $3
*** FLOP *** [3c 2h 4h]
Chessnok: checks
andrey0709: checks
*** TURN *** [3c 2h 4h] [5d]
Chessnok: checks
andrey0709: checks
*** RIVER *** [3c 2h 4h 5d] [9s]
Chessnok: bets $6
andrey0709: folds
Uncalled bet ($6) returned to Chessnok
Chessnok collected $11.76 from pot
Chessnok: doesn't show hand
*** SUMMARY ***
Total pot $12 | Rake $0.24
Board [3c 2h 4h 5d 9s]
Seat 2: andrey0709 (button) (small blind) folded on the River
Seat 5: Chessnok (big blind) collected ($11.76)


PokerStars Hand #145550133758:  Hold'em Limit ($3/$6 USD) - 2015/12/18 16:40:56 ET
Table 'Themisto III' 6-max Seat #5 is the button
Seat 2: andrey0709 ($120.17 in chips)
Seat 5: Chessnok ($211.07 in chips)
Chessnok: posts small blind $1
andrey0709: posts big blind $3
*** HOLE CARDS ***
Chessnok: raises $3 to $6
andrey0709: calls $3
*** FLOP *** [5c Ad 6d]
andrey0709: checks
Chessnok: bets $3
andrey0709: raises $3 to $6
Chessnok: folds
Uncalled bet ($3) returned to andrey0709
andrey0709 collected $17.64 from pot
andrey0709: doesn't show hand
*** SUMMARY ***
Total pot $18 | Rake $0.36
Board [5c Ad 6d]
Seat 2: andrey0709 (big blind) collected ($17.64)
Seat 5: Chessnok (button) (small blind) folded on the Flop


PokerStars Hand #145550121772:  Hold'em Limit ($3/$6 USD) - 2015/12/18 16:40:43 ET
Table 'Themisto III' 6-max Seat #2 is the button
Seat 2: andrey0709 ($129.17 in chips)
Seat 5: Chessnok ($202.43 in chips)
andrey0709: posts small blind $1
Chessnok: posts big blind $3
*** HOLE CARDS ***
andrey0709: calls $2
Chessnok: raises $3 to $6
andrey0709: calls $3
*** FLOP *** [4s 4c Qc]
Chessnok: bets $3
andrey0709: calls $3
*** TURN *** [4s 4c Qc] [2d]
Chessnok: bets $6
andrey0709: folds
Uncalled bet ($6) returned to Chessnok
Chessnok collected $17.64 from pot
Chessnok: doesn't show hand
*** SUMMARY ***
Total pot $18 | Rake $0.36
Board [4s 4c Qc 2d]
Seat 2: andrey0709 (button) (small blind) folded on the Turn
Seat 5: Chessnok (big blind) collected ($17.64)


PokerStars Hand #145550109922:  Hold'em Limit ($3/$6 USD) - 2015/12/18 16:40:30 ET
Table 'Themisto III' 6-max Seat #5 is the button
Seat 2: andrey0709 ($135.17 in chips)
Seat 5: Chessnok ($196.67 in chips)
Chessnok: posts small blind $1
andrey0709: posts big blind $3
*** HOLE CARDS ***
Chessnok: raises $3 to $6
andrey0709: calls $3
*** FLOP *** [Kc 3s 8s]
andrey0709: checks
Chessnok: bets $3
andrey0709: folds
Uncalled bet ($3) returned to Chessnok
Chessnok collected $11.76 from pot
Chessnok: doesn't show hand
*** SUMMARY ***
Total pot $12 | Rake $0.24
Board [Kc 3s 8s]
Seat 2: andrey0709 (big blind) folded on the Flop
Seat 5: Chessnok (button) (small blind) collected ($11.76)


PokerStars Hand #145550165098:  Hold'em Limit ($3/$6 USD) - 2015/12/18 16:41:31 ET
Table 'Themisto III' 6-max Seat #5 is the button
Seat 2: andrey0709 ($198.41 in chips)
Seat 5: Chessnok ($207.83 in chips)
Chessnok: posts small blind $1
andrey0709: posts big blind $3
*** HOLE CARDS ***
Chessnok: raises $3 to $6
andrey0709: calls $3
*** FLOP *** [6h 4c Jh]
andrey0709: checks
Chessnok: bets $3
andrey0709: calls $3
*** TURN *** [6h 4c Jh] [Qh]
andrey0709: checks
RUNNINGMAN70 joins the table at seat #3
Chessnok: bets $6
andrey0709: folds
Uncalled bet ($6) returned to Chessnok
Chessnok collected $17.64 from pot
Chessnok: doesn't show hand
*** SUMMARY ***
Total pot $18 | Rake $0.36
Board [6h 4c Jh Qh]
Seat 2: andrey0709 (big blind) folded on the Turn
Seat 5: Chessnok (button) (small blind) collected ($17.64)


PokerStars Hand #145550673413:  Hold'em Limit ($3/$6 USD) - 2015/12/18 16:51:02 ET
Table 'Themisto III' 6-max Seat #2 is the button
Seat 2: andrey0709 ($249.87 in chips)
Seat 5: Chessnok ($179.47 in chips)
andrey0709: posts small blind $1
Chessnok: posts big blind $3
*** HOLE CARDS ***
andrey0709: calls $2
RUNNINGMAN70 leaves the table
Chessnok: raises $3 to $6
andrey0709: calls $3
*** FLOP *** [4d 8h 3c]
Chessnok: bets $3
andrey0709: calls $3
*** TURN *** [4d 8h 3c] [2d]
Chessnok: bets $6
andrey0709: calls $6
*** RIVER *** [4d 8h 3c 2d] [3d]
Chessnok: bets $6
andrey0709: calls $6
*** SHOW DOWN ***
Chessnok: shows [Jh 9h] (a pair of Threes)
andrey0709: shows [Qc 6d] (a pair of Threes - Queen kicker)
andrey0709 collected $41.50 from pot
*** SUMMARY ***
Total pot $42 | Rake $0.50
Board [4d 8h 3c 2d 3d]
Seat 2: andrey0709 (button) (small blind) showed [Qc 6d] and won ($41.50) with a pair of Threes
Seat 5: Chessnok (big blind) showed [Jh 9h] and lost with a pair of Threes


PokerStars Hand #145550737434:  Hold'em Limit ($3/$6 USD) - 2015/12/18 16:52:14 ET
Table 'Themisto III' 6-max Seat #2 is the button
Seat 2: andrey0709 ($288.87 in chips)
Seat 5: Chessnok ($139.35 in chips)
andrey0709: posts small blind $1
Chessnok: posts big blind $3
*** HOLE CARDS ***
andrey0709: calls $2
Chessnok: raises $3 to $6
andrey0709: calls $3
*** FLOP *** [Kc 5h 2h]
Chessnok: bets $3
andrey0709: folds
Uncalled bet ($3) returned to Chessnok
Chessnok collected $11.76 from pot
Chessnok: doesn't show hand
*** SUMMARY ***
Total pot $12 | Rake $0.24
Board [Kc 5h 2h]
Seat 2: andrey0709 (button) (small blind) folded on the Flop
Seat 5: Chessnok (big blind) collected ($11.76)


PokerStars Hand #145550733810:  Hold'em Limit ($3/$6 USD) - 2015/12/18 16:52:10 ET
Table 'Themisto III' 6-max Seat #5 is the button
Seat 2: andrey0709 ($287.87 in chips)
Seat 5: Chessnok ($140.35 in chips)
Chessnok: posts small blind $1
andrey0709: posts big blind $3
*** HOLE CARDS ***
Chessnok: folds
Uncalled bet ($2) returned to andrey0709
andrey0709 collected $2 from pot
andrey0709: doesn't show hand
*** SUMMARY ***
Total pot $2 | Rake $0
Seat 2: andrey0709 (big blind) collected ($2)
Seat 5: Chessnok (button) (small blind) folded before Flop


PokerStars Hand #145550723693:  Hold'em Limit ($3/$6 USD) - 2015/12/18 16:51:58 ET
Table 'Themisto III' 6-max Seat #2 is the button
Seat 2: andrey0709 ($290.87 in chips)
Seat 5: Chessnok ($137.47 in chips)
andrey0709: posts small blind $1
Chessnok: posts big blind $3
*** HOLE CARDS ***
andrey0709: calls $2
Chessnok: checks
*** FLOP *** [Jd Qh Ac]
Chessnok: checks
andrey0709: checks
*** TURN *** [Jd Qh Ac] [7h]
Chessnok: bets $6
andrey0709: folds
Uncalled bet ($6) returned to Chessnok
Chessnok collected $5.88 from pot
Chessnok: doesn't show hand
*** SUMMARY ***
Total pot $6 | Rake $0.12
Board [Jd Qh Ac 7h]
Seat 2: andrey0709 (button) (small blind) folded on the Turn
Seat 5: Chessnok (big blind) collected ($5.88)


PokerStars Hand #145550705500:  Hold'em Limit ($3/$6 USD) - 2015/12/18 16:51:38 ET
Table 'Themisto III' 6-max Seat #5 is the button
Seat 2: andrey0709 ($270.37 in chips)
Seat 5: Chessnok ($158.47 in chips)
Chessnok: posts small blind $1
andrey0709: posts big blind $3
*** HOLE CARDS ***
Chessnok: raises $3 to $6
andrey0709: calls $3
*** FLOP *** [8d 5h 3c]
andrey0709: checks
Chessnok: bets $3
andrey0709: calls $3
*** TURN *** [8d 5h 3c] [2c]
andrey0709: checks
Chessnok: bets $6
andrey0709: calls $6
*** RIVER *** [8d 5h 3c 2c] [Qc]
andrey0709: checks
Chessnok: bets $6
andrey0709: calls $6
*** SHOW DOWN ***
Chessnok: shows [6s Th] (high card Queen)
andrey0709: shows [3s Kc] (a pair of Threes)
andrey0709 collected $41.50 from pot
*** SUMMARY ***
Total pot $42 | Rake $0.50
Board [8d 5h 3c 2c Qc]
Seat 2: andrey0709 (big blind) showed [3s Kc] and won ($41.50) with a pair of Threes
Seat 5: Chessnok (button) (small blind) showed [6s Th] and lost with high card Queen


PokerStars Hand #145550754747:  Hold'em Limit ($3/$6 USD) - 2015/12/18 16:52:33 ET
Table 'Themisto III' 6-max Seat #2 is the button
Seat 2: andrey0709 ($283.87 in chips)
Seat 5: Chessnok ($144.11 in chips)
andrey0709: posts small blind $1
Chessnok: posts big blind $3
*** HOLE CARDS ***
andrey0709: calls $2
Chessnok: checks
*** FLOP *** [3d 8c Ah]
Chessnok: checks
andrey0709: checks
*** TURN *** [3d 8c Ah] [Kh]
Chessnok: checks
andrey0709: checks
*** RIVER *** [3d 8c Ah Kh] [Qc]
Chessnok: checks
andrey0709: checks
*** SHOW DOWN ***
Chessnok: shows [4c 2d] (high card Ace)
andrey0709: shows [5d Td] (high card Ace - King+Queen+Ten kicker)
andrey0709 collected $5.88 from pot
*** SUMMARY ***
Total pot $6 | Rake $0.12
Board [3d 8c Ah Kh Qc]
Seat 2: andrey0709 (button) (small blind) showed [5d Td] and won ($5.88) with high card Ace
Seat 5: Chessnok (big blind) showed [4c 2d] and lost with high card Ace


PokerStars Hand #145550748669:  Hold'em Limit ($3/$6 USD) - 2015/12/18 16:52:27 ET
Table 'Themisto III' 6-max Seat #5 is the button
Seat 2: andrey0709 ($282.87 in chips)
Seat 5: Chessnok ($145.11 in chips)
Chessnok: posts small blind $1
andrey0709: posts big blind $3
*** HOLE CARDS ***
Chessnok: folds
Uncalled bet ($2) returned to andrey0709
andrey0709 collected $2 from pot
andrey0709: doesn't show hand
*** SUMMARY ***
Total pot $2 | Rake $0
Seat 2: andrey0709 (big blind) collected ($2)
Seat 5: Chessnok (button) (small blind) folded before Flop


PokerStars Hand #145550774805:  Hold'em Limit ($3/$6 USD) - 2015/12/18 16:52:55 ET
Table 'Themisto III' 6-max Seat #5 is the button
Seat 2: andrey0709 ($286.75 in chips)
Seat 5: Chessnok ($141.11 in chips)
Chessnok: posts small blind $1
andrey0709: posts big blind $3
*** HOLE CARDS ***
Chessnok: raises $3 to $6
andrey0709: calls $3
*** FLOP *** [Tc 5c 8c]
andrey0709: checks
Chessnok: bets $3
andrey0709: calls $3
*** TURN *** [Tc 5c 8c] [Ac]
andrey0709: checks
Chessnok: bets $6
andrey0709: calls $6
*** RIVER *** [Tc 5c 8c Ac] [3s]
andrey0709: checks
Chessnok: bets $6
andrey0709: calls $6
*** SHOW DOWN ***
Chessnok: shows [6s 7c] (a flush, Ace high)
andrey0709: mucks hand
Chessnok collected $41.50 from pot
*** SUMMARY ***
Total pot $42 | Rake $0.50
Board [Tc 5c 8c Ac 3s]
Seat 2: andrey0709 (big blind) mucked
Seat 5: Chessnok (button) (small blind) showed [6s 7c] and won ($41.50) with a flush, Ace high


PokerStars Hand #145550830571:  Hold'em Limit ($3/$6 USD) - 2015/12/18 16:53:58 ET
Table 'Themisto III' 6-max Seat #2 is the button
Seat 2: andrey0709 ($262.27 in chips)
Seat 5: Chessnok ($164.11 in chips)
andrey0709: posts small blind $1
Chessnok: posts big blind $3
*** HOLE CARDS ***
andrey0709: calls $2
Chessnok: checks
*** FLOP *** [Th 5d Qh]
Chessnok: checks
andrey0709: checks
*** TURN *** [Th 5d Qh] [7c]
Chessnok: bets $6
andrey0709: folds
Uncalled bet ($6) returned to Chessnok
Chessnok collected $5.88 from pot
Chessnok: doesn't show hand
*** SUMMARY ***
Total pot $6 | Rake $0.12
Board [Th 5d Qh 7c]
Seat 2: andrey0709 (button) (small blind) folded on the Turn
Seat 5: Chessnok (big blind) collected ($5.88)


PokerStars Hand #145550814615:  Hold'em Limit ($3/$6 USD) - 2015/12/18 16:53:40 ET
Table 'Themisto III' 6-max Seat #5 is the button
Seat 2: andrey0709 ($250.75 in chips)
Seat 5: Chessnok ($176.11 in chips)
Chessnok: posts small blind $1
andrey0709: posts big blind $3
*** HOLE CARDS ***
Chessnok: raises $3 to $6
andrey0709: calls $3
*** FLOP *** [9h 4h 3d]
andrey0709: checks
Chessnok: bets $3
andrey0709: raises $3 to $6
Chessnok: calls $3
*** TURN *** [9h 4h 3d] [9c]
andrey0709: bets $6
Chessnok: folds
Uncalled bet ($6) returned to andrey0709
andrey0709 collected $23.52 from pot
andrey0709: doesn't show hand
*** SUMMARY ***
Total pot $24 | Rake $0.48
Board [9h 4h 3d 9c]
Seat 2: andrey0709 (big blind) collected ($23.52)
Seat 5: Chessnok (button) (small blind) folded on the Turn


PokerStars Hand #145550797111:  Hold'em Limit ($3/$6 USD) - 2015/12/18 16:53:20 ET
Table 'Themisto III' 6-max Seat #2 is the button
Seat 2: andrey0709 ($265.75 in chips)
Seat 5: Chessnok ($161.61 in chips)
andrey0709: posts small blind $1
Chessnok: posts big blind $3
*** HOLE CARDS ***
andrey0709: calls $2
Chessnok: raises $3 to $6
andrey0709: calls $3
*** FLOP *** [Ad 4s 3c]
Chessnok: bets $3
andrey0709: calls $3
*** TURN *** [Ad 4s 3c] [Kh]
Chessnok: bets $6
andrey0709: calls $6
*** RIVER *** [Ad 4s 3c Kh] [Qs]
Chessnok: bets $6
andrey0709: folds
Uncalled bet ($6) returned to Chessnok
Chessnok collected $29.50 from pot
Chessnok: doesn't show hand
*** SUMMARY ***
Total pot $30 | Rake $0.50
Board [Ad 4s 3c Kh Qs]
Seat 2: andrey0709 (button) (small blind) folded on the River
Seat 5: Chessnok (big blind) collected ($29.50)


PokerStars Hand #145550842046:  Hold'em Limit ($3/$6 USD) - 2015/12/18 16:54:11 ET
Table 'Themisto III' 6-max Seat #5 is the button
Seat 2: andrey0709 ($259.27 in chips)
Seat 5: Chessnok ($166.99 in chips)
Chessnok: posts small blind $1
andrey0709: posts big blind $3
*** HOLE CARDS ***
Chessnok: raises $3 to $6
andrey0709: folds
Uncalled bet ($3) returned to Chessnok
Chessnok collected $6 from pot
Chessnok: doesn't show hand
*** SUMMARY ***
Total pot $6 | Rake $0
Seat 2: andrey0709 (big blind) folded before Flop
Seat 5: Chessnok (button) (small blind) collected ($6)


PokerStars Hand #145550867126:  Hold'em Limit ($3/$6 USD) - 2015/12/18 16:54:39 ET
Table 'Themisto III' 6-max Seat #2 is the button
Seat 2: andrey0709 ($250.27 in chips)
Seat 5: Chessnok ($175.87 in chips)
andrey0709: posts small blind $1
Chessnok: posts big blind $3
*** HOLE CARDS ***
andrey0709: raises $3 to $6
Chessnok: calls $3
*** FLOP *** [Qh 8h 2s]
Chessnok: checks
andrey0709: bets $3
Chessnok: folds
Uncalled bet ($3) returned to andrey0709
andrey0709 collected $11.76 from pot
andrey0709: doesn't show hand
*** SUMMARY ***
Total pot $12 | Rake $0.24
Board [Qh 8h 2s]
Seat 2: andrey0709 (button) (small blind) collected ($11.76)
Seat 5: Chessnok (big blind) folded on the Flop


PokerStars Hand #145550847207:  Hold'em Limit ($3/$6 USD) - 2015/12/18 16:54:17 ET
Table 'Themisto III' 6-max Seat #2 is the button
Seat 2: andrey0709 ($256.27 in chips)
Seat 5: Chessnok ($169.99 in chips)
andrey0709: posts small blind $1
Chessnok: posts big blind $3
*** HOLE CARDS ***
andrey0709: calls $2
Chessnok: checks
*** FLOP *** [5d 2s 7s]
Chessnok: checks
andrey0709: checks
*** TURN *** [5d 2s 7s] [7d]
Chessnok: checks
andrey0709: checks
*** RIVER *** [5d 2s 7s 7d] [2h]
Chessnok: checks
andrey0709: checks
*** SHOW DOWN ***
Chessnok: shows [Kc Js] (two pair, Sevens and Deuces)
andrey0709: mucks hand
Chessnok collected $5.88 from pot
*** SUMMARY ***
Total pot $6 | Rake $0.12
Board [5d 2s 7s 7d 2h]
Seat 2: andrey0709 (button) (small blind) mucked
Seat 5: Chessnok (big blind) showed [Kc Js] and won ($5.88) with two pair, Sevens and Deuces


PokerStars Hand #145550861451:  Hold'em Limit ($3/$6 USD) - 2015/12/18 16:54:33 ET
Table 'Themisto III' 6-max Seat #5 is the button
Seat 2: andrey0709 ($253.27 in chips)
Seat 5: Chessnok ($172.87 in chips)
Chessnok: posts small blind $1
andrey0709: posts big blind $3
*** HOLE CARDS ***
Chessnok: raises $3 to $6
andrey0709: folds
Uncalled bet ($3) returned to Chessnok
Chessnok collected $6 from pot
Chessnok: doesn't show hand
*** SUMMARY ***
Total pot $6 | Rake $0
Seat 2: andrey0709 (big blind) folded before Flop
Seat 5: Chessnok (button) (small blind) collected ($6)


PokerStars Hand #145550881470:  Hold'em Limit ($3/$6 USD) - 2015/12/18 16:54:55 ET
Table 'Themisto III' 6-max Seat #5 is the button
Seat 2: andrey0709 ($256.03 in chips)
Seat 5: Chessnok ($169.87 in chips)
Chessnok: posts small blind $1
andrey0709: posts big blind $3
*** HOLE CARDS ***
Chessnok: raises $3 to $6
andrey0709: calls $3
*** FLOP *** [Js 2s 6s]
andrey0709: checks
Chessnok: bets $3
andrey0709: calls $3
*** TURN *** [Js 2s 6s] [8c]
andrey0709: checks
Chessnok: checks
*** RIVER *** [Js 2s 6s 8c] [3d]
andrey0709: bets $6
Chessnok: calls $6
*** SHOW DOWN ***
andrey0709: shows [Tc Jd] (a pair of Jacks)
Chessnok: mucks hand
andrey0709 collected $29.50 from pot
*** SUMMARY ***
Total pot $30 | Rake $0.50
Board [Js 2s 6s 8c 3d]
Seat 2: andrey0709 (big blind) showed [Tc Jd] and won ($29.50) with a pair of Jacks
Seat 5: Chessnok (button) (small blind) mucked


PokerStars Hand #145550925196:  Hold'em Limit ($3/$6 USD) - 2015/12/18 16:55:52 ET
Table 'Themisto III' 6-max Seat #2 is the button
Seat 2: andrey0709 ($285.03 in chips)
Seat 5: Chessnok ($139.63 in chips)
andrey0709: posts small blind $1
Chessnok: posts big blind $3
*** HOLE CARDS ***
andrey0709: calls $2
Chessnok: raises $3 to $6
andrey0709: calls $3
*** FLOP *** [2c Qd 7s]
Chessnok: bets $3
andrey0709: folds
Uncalled bet ($3) returned to Chessnok
Chessnok collected $11.76 from pot
Chessnok: doesn't show hand
*** SUMMARY ***
Total pot $12 | Rake $0.24
Board [2c Qd 7s]
Seat 2: andrey0709 (button) (small blind) folded on the Flop
Seat 5: Chessnok (big blind) collected ($11.76)


PokerStars Hand #145550904931:  Hold'em Limit ($3/$6 USD) - 2015/12/18 16:55:24 ET
Table 'Themisto III' 6-max Seat #2 is the button
Seat 2: andrey0709 ($270.53 in chips)
Seat 5: Chessnok ($154.87 in chips)
andrey0709: posts small blind $1
Chessnok: posts big blind $3
*** HOLE CARDS ***
andrey0709: calls $2
Chessnok: raises $3 to $6
andrey0709: calls $3
*** FLOP *** [3h 7s Qs]
Chessnok: bets $3
andrey0709: calls $3
*** TURN *** [3h 7s Qs] [Qh]
Chessnok: bets $6
andrey0709: calls $6
*** RIVER *** [3h 7s Qs Qh] [Jc]
Chessnok: bets $6
andrey0709: calls $6
*** SHOW DOWN ***
Chessnok: shows [Ah 3d] (two pair, Queens and Threes)
andrey0709: shows [4d 7d] (two pair, Queens and Sevens)
andrey0709 collected $41.50 from pot
*** SUMMARY ***
Total pot $42 | Rake $0.50
Board [3h 7s Qs Qh Jc]
Seat 2: andrey0709 (button) (small blind) showed [4d 7d] and won ($41.50) with two pair, Queens and Sevens
Seat 5: Chessnok (big blind) showed [Ah 3d] and lost with two pair, Queens and Threes


PokerStars Hand #145550939877:  Hold'em Limit ($3/$6 USD) - 2015/12/18 16:56:13 ET
Table 'Themisto III' 6-max Seat #2 is the button
Seat 2: andrey0709 ($273.03 in chips)
Seat 5: Chessnok ($151.15 in chips)
andrey0709: posts small blind $1
Chessnok: posts big blind $3
*** HOLE CARDS ***
andrey0709: folds
Uncalled bet ($2) returned to Chessnok
Chessnok collected $2 from pot
Chessnok: doesn't show hand
*** SUMMARY ***
Total pot $2 | Rake $0
Seat 2: andrey0709 (button) (small blind) folded before Flop
Seat 5: Chessnok (big blind) collected ($2)


PokerStars Hand #145550931182:  Hold'em Limit ($3/$6 USD) - 2015/12/18 16:56:00 ET
Table 'Themisto III' 6-max Seat #5 is the button
Seat 2: andrey0709 ($279.03 in chips)
Seat 5: Chessnok ($145.39 in chips)
Chessnok: posts small blind $1
andrey0709: posts big blind $3
*** HOLE CARDS ***
Chessnok: raises $3 to $6
andrey0709: calls $3
*** FLOP *** [5h Qc Td]
andrey0709: checks
MellivoraSto leaves the table
Chessnok: bets $3
andrey0709: folds
Uncalled bet ($3) returned to Chessnok
Chessnok collected $11.76 from pot
Chessnok: doesn't show hand
*** SUMMARY ***
Total pot $12 | Rake $0.24
Board [5h Qc Td]
Seat 2: andrey0709 (big blind) folded on the Flop
Seat 5: Chessnok (button) (small blind) collected ($11.76)


PokerStars Hand #145550918017:  Hold'em Limit ($3/$6 USD) - 2015/12/18 16:55:42 ET
Table 'Themisto III' 6-max Seat #5 is the button
Seat 2: andrey0709 ($291.03 in chips)
Seat 5: Chessnok ($133.87 in chips)
Chessnok: posts small blind $1
andrey0709: posts big blind $3
*** HOLE CARDS ***
Chessnok: raises $3 to $6
andrey0709: calls $3
*** FLOP *** [3c Qh As]
andrey0709: checks
Chessnok: bets $3
andrey0709: folds
Uncalled bet ($3) returned to Chessnok
Chessnok collected $11.76 from pot
Chessnok: doesn't show hand
*** SUMMARY ***
Total pot $12 | Rake $0.24
Board [3c Qh As]
Seat 2: andrey0709 (big blind) folded on the Flop
Seat 5: Chessnok (button) (small blind) collected ($11.76)


PokerStars Hand #145550985331:  Hold'em Limit ($3/$6 USD) - 2015/12/18 16:57:15 ET
Table 'Themisto III' 6-max Seat #5 is the button
Seat 2: andrey0709 ($291.53 in chips)
Seat 5: Chessnok ($131.91 in chips)
Chessnok: posts small blind $1
andrey0709: posts big blind $3
*** HOLE CARDS ***
Chessnok: raises $3 to $6
andrey0709: folds
Uncalled bet ($3) returned to Chessnok
Chessnok collected $6 from pot
Chessnok: doesn't show hand
*** SUMMARY ***
Total pot $6 | Rake $0
Seat 2: andrey0709 (big blind) folded before Flop
Seat 5: Chessnok (button) (small blind) collected ($6)


PokerStars Hand #145550978050:  Hold'em Limit ($3/$6 USD) - 2015/12/18 16:57:05 ET
Table 'Themisto III' 6-max Seat #2 is the button
Seat 2: andrey0709 ($297.53 in chips)
Seat 5: Chessnok ($126.15 in chips)
andrey0709: posts small blind $1
Chessnok: posts big blind $3
*** HOLE CARDS ***
andrey0709: calls $2
Chessnok: raises $3 to $6
andrey0709: calls $3
*** FLOP *** [Ac Jh 7h]
Chessnok: bets $3
andrey0709: folds
Uncalled bet ($3) returned to Chessnok
Chessnok collected $11.76 from pot
Chessnok: doesn't show hand
*** SUMMARY ***
Total pot $12 | Rake $0.24
Board [Ac Jh 7h]
Seat 2: andrey0709 (button) (small blind) folded on the Flop
Seat 5: Chessnok (big blind) collected ($11.76)


PokerStars Hand #145550974214:  Hold'em Limit ($3/$6 USD) - 2015/12/18 16:57:00 ET
Table 'Themisto III' 6-max Seat #5 is the button
Seat 2: andrey0709 ($300.53 in chips)
Seat 5: Chessnok ($123.15 in chips)
Chessnok: posts small blind $1
andrey0709: posts big blind $3
*** HOLE CARDS ***
Chessnok: raises $3 to $6
andrey0709: folds
Uncalled bet ($3) returned to Chessnok
Chessnok collected $6 from pot
Chessnok: doesn't show hand
*** SUMMARY ***
Total pot $6 | Rake $0
Seat 2: andrey0709 (big blind) folded before Flop
Seat 5: Chessnok (button) (small blind) collected ($6)


PokerStars Hand #145550969282:  Hold'em Limit ($3/$6 USD) - 2015/12/18 16:56:53 ET
Table 'Themisto III' 6-max Seat #2 is the button
Seat 2: andrey0709 ($301.53 in chips)
Seat 5: Chessnok ($122.15 in chips)
andrey0709: posts small blind $1
Chessnok: posts big blind $3
*** HOLE CARDS ***
andrey0709: folds
Uncalled bet ($2) returned to Chessnok
Chessnok collected $2 from pot
Chessnok: doesn't show hand
*** SUMMARY ***
Total pot $2 | Rake $0
Seat 2: andrey0709 (button) (small blind) folded before Flop
Seat 5: Chessnok (big blind) collected ($2)


PokerStars Hand #145550942959:  Hold'em Limit ($3/$6 USD) - 2015/12/18 16:56:17 ET
Table 'Themisto III' 6-max Seat #5 is the button
Seat 2: andrey0709 ($272.03 in chips)
Seat 5: Chessnok ($152.15 in chips)
Chessnok: posts small blind $1
andrey0709: posts big blind $3
*** HOLE CARDS ***
Chessnok: raises $3 to $6
andrey0709: calls $3
*** FLOP *** [Ah Qh 3h]
andrey0709: checks
Chessnok: bets $3
andrey0709: raises $3 to $6
Chessnok: calls $3
*** TURN *** [Ah Qh 3h] [7d]
andrey0709: bets $6
Chessnok: calls $6
*** RIVER *** [Ah Qh 3h 7d] [Jc]
andrey0709: checks
Chessnok: bets $6
andrey0709: raises $6 to $12
Chessnok: calls $6
*** SHOW DOWN ***
andrey0709: shows [Tc Ks] (a straight, Ten to Ace)
Chessnok: mucks hand
andrey0709 collected $59.50 from pot
*** SUMMARY ***
Total pot $60 | Rake $0.50
Board [Ah Qh 3h 7d Jc]
Seat 2: andrey0709 (big blind) showed [Tc Ks] and won ($59.50) with a straight, Ten to Ace
Seat 5: Chessnok (button) (small blind) mucked


PokerStars Hand #145550989024:  Hold'em Limit ($3/$6 USD) - 2015/12/18 16:57:20 ET
Table 'Themisto III' 6-max Seat #2 is the button
Seat 2: andrey0709 ($288.53 in chips)
Seat 5: Chessnok ($134.91 in chips)
andrey0709: posts small blind $1
Chessnok: posts big blind $3
*** HOLE CARDS ***
andrey0709: raises $3 to $6
Chessnok: calls $3
*** FLOP *** [4s 3h 9h]
Chessnok: checks
andrey0709: checks
*** TURN *** [4s 3h 9h] [6h]
Chessnok: bets $6
andrey0709: calls $6
*** RIVER *** [4s 3h 9h 6h] [8c]
Chessnok: bets $6
andrey0709: calls $6
*** SHOW DOWN ***
Chessnok: shows [Tc 9d] (a pair of Nines)
andrey0709: mucks hand
Chessnok collected $35.50 from pot
*** SUMMARY ***
Total pot $36 | Rake $0.50
Board [4s 3h 9h 6h 8c]
Seat 2: andrey0709 (button) (small blind) mucked
Seat 5: Chessnok (big blind) showed [Tc 9d] and won ($35.50) with a pair of Nines


PokerStars Hand #145551014773:  Hold'em Limit ($3/$6 USD) - 2015/12/18 16:57:55 ET
Table 'Themisto III' 6-max Seat #2 is the button
Seat 2: andrey0709 ($279.17 in chips)
Seat 5: Chessnok ($143.41 in chips)
andrey0709: posts small blind $1
Chessnok: posts big blind $3
*** HOLE CARDS ***
andrey0709: calls $2
Chessnok: raises $3 to $6
andrey0709: calls $3
*** FLOP *** [Ks 5h 7h]
Chessnok: checks
andrey0709: checks
*** TURN *** [Ks 5h 7h] [4c]
Chessnok: checks
andrey0709: checks
*** RIVER *** [Ks 5h 7h 4c] [Qc]
Chessnok: bets $6
andrey0709: folds
Uncalled bet ($6) returned to Chessnok
Chessnok collected $11.76 from pot
Chessnok: doesn't show hand
*** SUMMARY ***
Total pot $12 | Rake $0.24
Board [Ks 5h 7h 4c Qc]
Seat 2: andrey0709 (button) (small blind) folded on the River
Seat 5: Chessnok (big blind) collected ($11.76)


PokerStars Hand #145550998970:  Hold'em Limit ($3/$6 USD) - 2015/12/18 16:57:34 ET
Table 'Themisto III' 6-max Seat #5 is the button
Seat 2: andrey0709 ($270.53 in chips)
Seat 5: Chessnok ($152.41 in chips)
Chessnok: posts small blind $1
andrey0709: posts big blind $3
*** HOLE CARDS ***
Chessnok: raises $3 to $6
andrey0709: calls $3
*** FLOP *** [2d Kc 8d]
andrey0709: checks
Chessnok: bets $3
andrey0709: calls $3
*** TURN *** [2d Kc 8d] [4h]
andrey0709: checks
Chessnok: checks
*** RIVER *** [2d Kc 8d 4h] [2s]
andrey0709: bets $6
Chessnok: folds
Uncalled bet ($6) returned to andrey0709
andrey0709 collected $17.64 from pot
andrey0709: doesn't show hand
*** SUMMARY ***
Total pot $18 | Rake $0.36
Board [2d Kc 8d 4h 2s]
Seat 2: andrey0709 (big blind) collected ($17.64)
Seat 5: Chessnok (button) (small blind) folded on the River


PokerStars Hand #145551041085:  Hold'em Limit ($3/$6 USD) - 2015/12/18 16:58:32 ET
Table 'Themisto III' 6-max Seat #2 is the button
Seat 2: andrey0709 ($281.81 in chips)
Seat 5: Chessnok ($140.17 in chips)
andrey0709: posts small blind $1
Chessnok: posts big blind $3
*** HOLE CARDS ***
andrey0709: folds
Uncalled bet ($2) returned to Chessnok
Chessnok collected $2 from pot
Chessnok: doesn't show hand
*** SUMMARY ***
Total pot $2 | Rake $0
Seat 2: andrey0709 (button) (small blind) folded before Flop
Seat 5: Chessnok (big blind) collected ($2)


PokerStars Hand #145551060744:  Hold'em Limit ($3/$6 USD) - 2015/12/18 16:58:58 ET
Table 'Themisto III' 6-max Seat #5 is the button
Seat 2: andrey0709 ($273.81 in chips)
Seat 5: Chessnok ($147.93 in chips)
Chessnok: posts small blind $1
andrey0709: posts big blind $3
*** HOLE CARDS ***
Chessnok: raises $3 to $6
andrey0709: calls $3
*** FLOP *** [7h 9s 6d]
andrey0709: checks
Chessnok: bets $3
andrey0709: calls $3
*** TURN *** [7h 9s 6d] [Kc]
andrey0709: checks
Chessnok: bets $6
andrey0709: raises $6 to $12
Chessnok: calls $6
*** RIVER *** [7h 9s 6d Kc] [Ts]
andrey0709: bets $6
Chessnok: calls $6
*** SHOW DOWN ***
andrey0709: shows [8h 5h] (a straight, Six to Ten)
Chessnok: mucks hand
andrey0709 collected $53.50 from pot
*** SUMMARY ***
Total pot $54 | Rake $0.50
Board [7h 9s 6d Kc Ts]
Seat 2: andrey0709 (big blind) showed [8h 5h] and won ($53.50) with a straight, Six to Ten
Seat 5: Chessnok (button) (small blind) mucked


PokerStars Hand #145551057626:  Hold'em Limit ($3/$6 USD) - 2015/12/18 16:58:54 ET
Table 'Themisto III' 6-max Seat #2 is the button
Seat 2: andrey0709 ($274.81 in chips)
Seat 5: Chessnok ($146.93 in chips)
andrey0709: posts small blind $1
Chessnok: posts big blind $3
*** HOLE CARDS ***
andrey0709: folds
Uncalled bet ($2) returned to Chessnok
Chessnok collected $2 from pot
Chessnok: doesn't show hand
*** SUMMARY ***
Total pot $2 | Rake $0
Seat 2: andrey0709 (button) (small blind) folded before Flop
Seat 5: Chessnok (big blind) collected ($2)


PokerStars Hand #145551054427:  Hold'em Limit ($3/$6 USD) - 2015/12/18 16:58:50 ET
Table 'Themisto III' 6-max Seat #5 is the button
Seat 2: andrey0709 ($273.81 in chips)
Seat 5: Chessnok ($147.93 in chips)
Chessnok: posts small blind $1
andrey0709: posts big blind $3
*** HOLE CARDS ***
Chessnok: folds
Uncalled bet ($2) returned to andrey0709
andrey0709 collected $2 from pot
andrey0709: doesn't show hand
*** SUMMARY ***
Total pot $2 | Rake $0
Seat 2: andrey0709 (big blind) collected ($2)
Seat 5: Chessnok (button) (small blind) folded before Flop


PokerStars Hand #145551051526:  Hold'em Limit ($3/$6 USD) - 2015/12/18 16:58:46 ET
Table 'Themisto III' 6-max Seat #2 is the button
Seat 2: andrey0709 ($274.81 in chips)
Seat 5: Chessnok ($146.93 in chips)
andrey0709: posts small blind $1
Chessnok: posts big blind $3
*** HOLE CARDS ***
andrey0709: folds
Uncalled bet ($2) returned to Chessnok
Chessnok collected $2 from pot
Chessnok: doesn't show hand
*** SUMMARY ***
Total pot $2 | Rake $0
Seat 2: andrey0709 (button) (small blind) folded before Flop
Seat 5: Chessnok (big blind) collected ($2)


PokerStars Hand #145551044412:  Hold'em Limit ($3/$6 USD) - 2015/12/18 16:58:36 ET
Table 'Themisto III' 6-max Seat #5 is the button
Seat 2: andrey0709 ($280.81 in chips)
Seat 5: Chessnok ($141.17 in chips)
Chessnok: posts small blind $1
andrey0709: posts big blind $3
*** HOLE CARDS ***
Chessnok: raises $3 to $6
andrey0709: calls $3
*** FLOP *** [Kd 8c Kc]
andrey0709: checks
Chessnok: bets $3
andrey0709: folds
Uncalled bet ($3) returned to Chessnok
Chessnok collected $11.76 from pot
Chessnok: doesn't show hand
*** SUMMARY ***
Total pot $12 | Rake $0.24
Board [Kd 8c Kc]
Seat 2: andrey0709 (big blind) folded on the Flop
Seat 5: Chessnok (button) (small blind) collected ($11.76)


PokerStars Hand #145551030238:  Hold'em Limit ($3/$6 USD) - 2015/12/18 16:58:17 ET
Table 'Themisto III' 6-max Seat #5 is the button
Seat 2: andrey0709 ($273.17 in chips)
Seat 5: Chessnok ($149.17 in chips)
Chessnok: posts small blind $1
andrey0709: posts big blind $3
*** HOLE CARDS ***
Chessnok: raises $3 to $6
andrey0709: calls $3
*** FLOP *** [Ad 8s 9s]
andrey0709: checks
Chessnok: bets $3
andrey0709: raises $3 to $6
Chessnok: folds
Uncalled bet ($3) returned to andrey0709
andrey0709 collected $17.64 from pot
andrey0709: doesn't show hand
*** SUMMARY ***
Total pot $18 | Rake $0.36
Board [Ad 8s 9s]
Seat 2: andrey0709 (big blind) collected ($17.64)
Seat 5: Chessnok (button) (small blind) folded on the Flop


