PokerStars Hand #148822376527:  Hold'em Limit ($3/$6 USD) - 2016/02/14 20:21:50 ET
Table 'Theodora' 6-max Seat #4 is the button
Seat 4: bentinck113 ($243.31 in chips)
Seat 5: Chessnok ($173.83 in chips)
bentinck113: posts small blind $1
Chessnok: posts big blind $3
*** HOLE CARDS ***
bentinck113: folds
Uncalled bet ($2) returned to Chessnok
Chessnok collected $2 from pot
Chessnok: doesn't show hand
*** SUMMARY ***
Total pot $2 | Rake $0
Seat 4: bentinck113 (button) (small blind) folded before Flop
Seat 5: Chessnok (big blind) collected ($2)


PokerStars Hand #148822360659:  Hold'em Limit ($3/$6 USD) - 2016/02/14 20:21:20 ET
Table 'Theodora' 6-max Seat #5 is the button
Seat 4: bentinck113 ($219.81 in chips)
Seat 5: Chessnok ($197.83 in chips)
Chessnok: posts small blind $1
Velbor107: is sitting out
aless284: is sitting out
bentinck113: posts big blind $3
*** HOLE CARDS ***
Velbor107 leaves the table
Chessnok: raises $3 to $6
bentinck113: raises $3 to $9
Chessnok: calls $3
*** FLOP *** [2s 4h 5d]
bentinck113: bets $3
Chessnok: calls $3
*** TURN *** [2s 4h 5d] [Ts]
Hsj2012 joins the table at seat #3
bentinck113: bets $6
Chessnok: calls $6
*** RIVER *** [2s 4h 5d Ts] [Td]
bentinck113: bets $6
Chessnok: calls $6
*** SHOW DOWN ***
bentinck113: shows [Ad Ah] (two pair, Aces and Tens)
Chessnok: mucks hand
bentinck113 collected $47.50 from pot
DismasX joins the table at seat #6
*** SUMMARY ***
Total pot $48 | Rake $0.50
Board [2s 4h 5d Ts Td]
Seat 4: bentinck113 (big blind) showed [Ad Ah] and won ($47.50) with two pair, Aces and Tens
Seat 5: Chessnok (button) (small blind) mucked


