PokerStars Hand #160502359409:  Hold'em Limit ($3/$6 USD) - 2016/10/27 8:28:37 ET
Table 'Theotes II' 6-max Seat #4 is the button
Seat 4: Agrotait ($73 in chips)
Seat 6: hooverr ($73.79 in chips)
Agrotait: posts small blind $1
hooverr: posts big blind $3
*** HOLE CARDS ***
Agrotait: folds
Uncalled bet ($2) returned to hooverr
hooverr collected $2 from pot
hooverr: doesn't show hand
*** SUMMARY ***
Total pot $2 | Rake $0
Seat 4: Agrotait (button) (small blind) folded before Flop
Seat 6: hooverr (big blind) collected ($2)


PokerStars Hand #160502371626:  Hold'em Limit ($3/$6 USD) - 2016/10/27 8:28:43 ET
Table 'Theotes II' 6-max Seat #6 is the button
Seat 4: Agrotait ($72 in chips)
Seat 6: hooverr ($74.79 in chips)
hooverr: posts small blind $1
Agrotait: posts big blind $3
*** HOLE CARDS ***
hooverr: raises $3 to $6
Agrotait: calls $3
*** FLOP *** [7d 4d 8d]
Agrotait: checks
hooverr: bets $3
Agrotait: calls $3
*** TURN *** [7d 4d 8d] [3h]
Agrotait: checks
hooverr: bets $6
Agrotait: calls $6
*** RIVER *** [7d 4d 8d 3h] [Qh]
Agrotait: checks
hooverr: checks
*** SHOW DOWN ***
Agrotait: shows [8s 5s] (a pair of Eights)
hooverr: shows [Td 8h] (a pair of Eights - Queen+Ten kicker)
hooverr collected $29.50 from pot
*** SUMMARY ***
Total pot $30 | Rake $0.50
Board [7d 4d 8d 3h Qh]
Seat 4: Agrotait (big blind) showed [8s 5s] and lost with a pair of Eights
Seat 6: hooverr (button) (small blind) showed [Td 8h] and won ($29.50) with a pair of Eights


PokerStars Hand #160502384763:  Hold'em Limit ($3/$6 USD) - 2016/10/27 8:29:09 ET
Table 'Theotes II' 6-max Seat #4 is the button
Seat 4: Agrotait ($72 in chips)
Seat 6: hooverr ($89.29 in chips)
Agrotait: posts small blind $1
hooverr: posts big blind $3
*** HOLE CARDS ***
Agrotait: folds
Uncalled bet ($2) returned to hooverr
hooverr collected $2 from pot
hooverr: doesn't show hand
*** SUMMARY ***
Total pot $2 | Rake $0
Seat 4: Agrotait (button) (small blind) folded before Flop
Seat 6: hooverr (big blind) collected ($2)


