PokerStars Hand #158212059299:  Hold'em Limit ($3/$6 USD) - 2016/09/05 17:04:28 ET
Table 'Theobalda' 6-max Seat #3 is the button
Seat 3: xcgxcg2005 ($127.64 in chips)
Seat 4: Actionni13 ($150 in chips)
xcgxcg2005: posts small blind $1
Actionni13: posts big blind $3
*** HOLE CARDS ***
xcgxcg2005: raises $3 to $6
Actionni13: calls $3
*** FLOP *** [2h 9d 2s]
Actionni13: checks
xcgxcg2005: bets $3
Actionni13: calls $3
*** TURN *** [2h 9d 2s] [Jc]
Actionni13: checks
xcgxcg2005: bets $6
Actionni13: raises $6 to $12
xcgxcg2005: calls $6
*** RIVER *** [2h 9d 2s Jc] [8s]
Actionni13: bets $6
xcgxcg2005: calls $6
*** SHOW DOWN ***
Actionni13: shows [Jd Qh] (two pair, Jacks and Deuces)
xcgxcg2005: mucks hand
Actionni13 collected $53.50 from pot
*** SUMMARY ***
Total pot $54 | Rake $0.50
Board [2h 9d 2s Jc 8s]
Seat 3: xcgxcg2005 (button) (small blind) mucked
Seat 4: Actionni13 (big blind) showed [Jd Qh] and won ($53.50) with two pair, Jacks and Deuces


PokerStars Hand #158212153086:  Hold'em Limit ($3/$6 USD) - 2016/09/05 17:06:13 ET
Table 'Theobalda' 6-max Seat #3 is the button
Seat 3: xcgxcg2005 ($117.64 in chips)
Seat 4: Actionni13 ($173.50 in chips)
xcgxcg2005: posts small blind $1
Actionni13: posts big blind $3
*** HOLE CARDS ***
xcgxcg2005: folds
Uncalled bet ($2) returned to Actionni13
Actionni13 collected $2 from pot
Actionni13: doesn't show hand
*** SUMMARY ***
Total pot $2 | Rake $0
Seat 3: xcgxcg2005 (button) (small blind) folded before Flop
Seat 4: Actionni13 (big blind) collected ($2)


PokerStars Hand #158212148894:  Hold'em Limit ($3/$6 USD) - 2016/09/05 17:06:08 ET
Table 'Theobalda' 6-max Seat #4 is the button
Seat 3: xcgxcg2005 ($116.64 in chips)
Seat 4: Actionni13 ($174.50 in chips)
Actionni13: posts small blind $1
xcgxcg2005: posts big blind $3
*** HOLE CARDS ***
Actionni13: folds
Uncalled bet ($2) returned to xcgxcg2005
xcgxcg2005 collected $2 from pot
xcgxcg2005: doesn't show hand
*** SUMMARY ***
Total pot $2 | Rake $0
Seat 3: xcgxcg2005 (big blind) collected ($2)
Seat 4: Actionni13 (button) (small blind) folded before Flop


PokerStars Hand #158212144842:  Hold'em Limit ($3/$6 USD) - 2016/09/05 17:06:03 ET
Table 'Theobalda' 6-max Seat #3 is the button
Seat 3: xcgxcg2005 ($117.64 in chips)
Seat 4: Actionni13 ($173.50 in chips)
xcgxcg2005: posts small blind $1
Actionni13: posts big blind $3
*** HOLE CARDS ***
xcgxcg2005: folds
Uncalled bet ($2) returned to Actionni13
Actionni13 collected $2 from pot
Actionni13: doesn't show hand
*** SUMMARY ***
Total pot $2 | Rake $0
Seat 3: xcgxcg2005 (button) (small blind) folded before Flop
Seat 4: Actionni13 (big blind) collected ($2)


PokerStars Hand #158212124658:  Hold'em Limit ($3/$6 USD) - 2016/09/05 17:05:41 ET
Table 'Theobalda' 6-max Seat #4 is the button
Seat 3: xcgxcg2005 ($141.64 in chips)
Seat 4: Actionni13 ($150 in chips)
Actionni13: posts small blind $1
xcgxcg2005: posts big blind $3
*** HOLE CARDS ***
Actionni13: raises $3 to $6
xcgxcg2005: raises $3 to $9
Actionni13: calls $3
*** FLOP *** [3c Jc Jh]
xcgxcg2005: bets $3
Actionni13: calls $3
*** TURN *** [3c Jc Jh] [4h]
xcgxcg2005: bets $6
Actionni13: calls $6
*** RIVER *** [3c Jc Jh 4h] [4s]
xcgxcg2005: bets $6
Actionni13: raises $6 to $12
xcgxcg2005: folds
Uncalled bet ($6) returned to Actionni13
Actionni13 collected $47.50 from pot
Actionni13: doesn't show hand
*** SUMMARY ***
Total pot $48 | Rake $0.50
Board [3c Jc Jh 4h 4s]
Seat 3: xcgxcg2005 (big blind) folded on the River
Seat 4: Actionni13 (button) (small blind) collected ($47.50)


PokerStars Hand #158212111033:  Hold'em Limit ($3/$6 USD) - 2016/09/05 17:05:26 ET
Table 'Theobalda' 6-max Seat #3 is the button
Seat 3: xcgxcg2005 ($127.14 in chips)
Seat 4: Actionni13 ($150 in chips)
xcgxcg2005: posts small blind $1
Actionni13: posts big blind $3
*** HOLE CARDS ***
xcgxcg2005: raises $3 to $6
Actionni13: calls $3
*** FLOP *** [4d 3h Jc]
Actionni13: checks
xcgxcg2005: bets $3
Actionni13: calls $3
*** TURN *** [4d 3h Jc] [7c]
Actionni13: checks
xcgxcg2005: checks
*** RIVER *** [4d 3h Jc 7c] [Tc]
Actionni13: bets $6
xcgxcg2005: calls $6
*** SHOW DOWN ***
Actionni13: shows [Kd 7h] (a pair of Sevens)
xcgxcg2005: shows [Td 2s] (a pair of Tens)
xcgxcg2005 collected $29.50 from pot
*** SUMMARY ***
Total pot $30 | Rake $0.50
Board [4d 3h Jc 7c Tc]
Seat 3: xcgxcg2005 (button) (small blind) showed [Td 2s] and won ($29.50) with a pair of Tens
Seat 4: Actionni13 (big blind) showed [Kd 7h] and lost with a pair of Sevens


PokerStars Hand #158212090152:  Hold'em Limit ($3/$6 USD) - 2016/09/05 17:05:03 ET
Table 'Theobalda' 6-max Seat #4 is the button
Seat 3: xcgxcg2005 ($100.64 in chips)
Seat 4: Actionni13 ($176.50 in chips)
Actionni13: posts small blind $1
xcgxcg2005: posts big blind $3
*** HOLE CARDS ***
Actionni13: raises $3 to $6
xcgxcg2005: calls $3
*** FLOP *** [Jc 4d Kh]
xcgxcg2005: checks
Actionni13: bets $3
xcgxcg2005: calls $3
*** TURN *** [Jc 4d Kh] [6s]
xcgxcg2005: checks
Actionni13: bets $6
xcgxcg2005: raises $6 to $12
Actionni13: calls $6
*** RIVER *** [Jc 4d Kh 6s] [2s]
xcgxcg2005: bets $6
Actionni13: calls $6
*** SHOW DOWN ***
xcgxcg2005: shows [Kd 6d] (two pair, Kings and Sixes)
Actionni13: mucks hand
xcgxcg2005 collected $53.50 from pot
*** SUMMARY ***
Total pot $54 | Rake $0.50
Board [Jc 4d Kh 6s 2s]
Seat 3: xcgxcg2005 (big blind) showed [Kd 6d] and won ($53.50) with two pair, Kings and Sixes
Seat 4: Actionni13 (button) (small blind) mucked


PokerStars Hand #158212204316:  Hold'em Limit ($3/$6 USD) - 2016/09/05 17:07:02 ET
Table 'Theobalda' 6-max Seat #4 is the button
Seat 3: xcgxcg2005 ($124.14 in chips)
Seat 4: Actionni13 ($166.50 in chips)
Actionni13: posts small blind $1
xcgxcg2005: posts big blind $3
*** HOLE CARDS ***
Actionni13: raises $3 to $6
xcgxcg2005: folds
Uncalled bet ($3) returned to Actionni13
Actionni13 collected $6 from pot
Actionni13: doesn't show hand
*** SUMMARY ***
Total pot $6 | Rake $0
Seat 3: xcgxcg2005 (big blind) folded before Flop
Seat 4: Actionni13 (button) (small blind) collected ($6)


PokerStars Hand #158212200004:  Hold'em Limit ($3/$6 USD) - 2016/09/05 17:06:57 ET
Table 'Theobalda' 6-max Seat #3 is the button
Seat 3: xcgxcg2005 ($125.14 in chips)
Seat 4: Actionni13 ($165.50 in chips)
xcgxcg2005: posts small blind $1
Actionni13: posts big blind $3
*** HOLE CARDS ***
xcgxcg2005: folds
Uncalled bet ($2) returned to Actionni13
Actionni13 collected $2 from pot
Actionni13: doesn't show hand
*** SUMMARY ***
Total pot $2 | Rake $0
Seat 3: xcgxcg2005 (button) (small blind) folded before Flop
Seat 4: Actionni13 (big blind) collected ($2)


PokerStars Hand #158212188763:  Hold'em Limit ($3/$6 USD) - 2016/09/05 17:06:53 ET
Table 'Theobalda' 6-max Seat #4 is the button
Seat 3: xcgxcg2005 ($124.14 in chips)
Seat 4: Actionni13 ($166.50 in chips)
Actionni13: posts small blind $1
xcgxcg2005: posts big blind $3
*** HOLE CARDS ***
Actionni13: folds
Uncalled bet ($2) returned to xcgxcg2005
xcgxcg2005 collected $2 from pot
xcgxcg2005: doesn't show hand
*** SUMMARY ***
Total pot $2 | Rake $0
Seat 3: xcgxcg2005 (big blind) collected ($2)
Seat 4: Actionni13 (button) (small blind) folded before Flop


PokerStars Hand #158212170961:  Hold'em Limit ($3/$6 USD) - 2016/09/05 17:06:33 ET
Table 'Theobalda' 6-max Seat #3 is the button
Seat 3: xcgxcg2005 ($109.64 in chips)
Seat 4: Actionni13 ($181.50 in chips)
xcgxcg2005: posts small blind $1
Actionni13: posts big blind $3
*** HOLE CARDS ***
xcgxcg2005: raises $3 to $6
Actionni13: calls $3
*** FLOP *** [Td 2d Ks]
Actionni13: checks
xcgxcg2005: bets $3
Actionni13: raises $3 to $6
xcgxcg2005: raises $3 to $9
Actionni13: calls $3
*** TURN *** [Td 2d Ks] [As]
Actionni13: checks
xcgxcg2005: bets $6
Actionni13: folds
Uncalled bet ($6) returned to xcgxcg2005
xcgxcg2005 collected $29.50 from pot
xcgxcg2005: doesn't show hand
*** SUMMARY ***
Total pot $30 | Rake $0.50
Board [Td 2d Ks As]
Seat 3: xcgxcg2005 (button) (small blind) collected ($29.50)
Seat 4: Actionni13 (big blind) folded on the Turn


PokerStars Hand #158212166413:  Hold'em Limit ($3/$6 USD) - 2016/09/05 17:06:28 ET
Table 'Theobalda' 6-max Seat #4 is the button
Seat 3: xcgxcg2005 ($112.64 in chips)
Seat 4: Actionni13 ($178.50 in chips)
Actionni13: posts small blind $1
xcgxcg2005: posts big blind $3
*** HOLE CARDS ***
Actionni13: raises $3 to $6
xcgxcg2005: folds
Uncalled bet ($3) returned to Actionni13
Actionni13 collected $6 from pot
Actionni13: doesn't show hand
*** SUMMARY ***
Total pot $6 | Rake $0
Seat 3: xcgxcg2005 (big blind) folded before Flop
Seat 4: Actionni13 (button) (small blind) collected ($6)


PokerStars Hand #158212162133:  Hold'em Limit ($3/$6 USD) - 2016/09/05 17:06:23 ET
Table 'Theobalda' 6-max Seat #3 is the button
Seat 3: xcgxcg2005 ($113.64 in chips)
Seat 4: Actionni13 ($177.50 in chips)
xcgxcg2005: posts small blind $1
Actionni13: posts big blind $3
*** HOLE CARDS ***
xcgxcg2005: folds
Uncalled bet ($2) returned to Actionni13
Actionni13 collected $2 from pot
Actionni13: doesn't show hand
*** SUMMARY ***
Total pot $2 | Rake $0
Seat 3: xcgxcg2005 (button) (small blind) folded before Flop
Seat 4: Actionni13 (big blind) collected ($2)


PokerStars Hand #158212157395:  Hold'em Limit ($3/$6 USD) - 2016/09/05 17:06:17 ET
Table 'Theobalda' 6-max Seat #4 is the button
Seat 3: xcgxcg2005 ($116.64 in chips)
Seat 4: Actionni13 ($174.50 in chips)
Actionni13: posts small blind $1
xcgxcg2005: posts big blind $3
*** HOLE CARDS ***
Actionni13: raises $3 to $6
xcgxcg2005: folds
Uncalled bet ($3) returned to Actionni13
Actionni13 collected $6 from pot
Actionni13: doesn't show hand
*** SUMMARY ***
Total pot $6 | Rake $0
Seat 3: xcgxcg2005 (big blind) folded before Flop
Seat 4: Actionni13 (button) (small blind) collected ($6)


PokerStars Hand #158212209074:  Hold'em Limit ($3/$6 USD) - 2016/09/05 17:07:07 ET
Table 'Theobalda' 6-max Seat #3 is the button
Seat 3: xcgxcg2005 ($121.14 in chips)
Seat 4: Actionni13 ($169.50 in chips)
xcgxcg2005: posts small blind $1
Actionni13: posts big blind $3
*** HOLE CARDS ***
xcgxcg2005: raises $3 to $6
I M GOIN OFF joins the table at seat #5
Actionni13: folds
Uncalled bet ($3) returned to xcgxcg2005
xcgxcg2005 collected $6 from pot
xcgxcg2005: doesn't show hand
*** SUMMARY ***
Total pot $6 | Rake $0
Seat 3: xcgxcg2005 (button) (small blind) collected ($6)
Seat 4: Actionni13 (big blind) folded before Flop


