PokerStars Hand #149679189789:  Hold'em Limit ($3/$6 USD) - 2016/03/01 14:17:11 ET
Table 'Theotes II' 10-max Seat #1 is the button
Seat 1: DeKirov ($379.86 in chips)
Seat 3: VolkovDmitri ($136.83 in chips)
DeKirov: posts small blind $1
VolkovDmitri: posts big blind $3
*** HOLE CARDS ***
DeKirov: raises $3 to $6
VolkovDmitri: calls $3
*** FLOP *** [8c Jd Kc]
VolkovDmitri: checks
DeKirov: checks
*** TURN *** [8c Jd Kc] [8d]
VolkovDmitri: checks
DeKirov: checks
*** RIVER *** [8c Jd Kc 8d] [5h]
VolkovDmitri: bets $6
DeKirov: raises $6 to $12
VolkovDmitri: folds
Uncalled bet ($6) returned to DeKirov
DeKirov collected $23.52 from pot
DeKirov: doesn't show hand
*** SUMMARY ***
Total pot $24 | Rake $0.48
Board [8c Jd Kc 8d 5h]
Seat 1: DeKirov (button) (small blind) collected ($23.52)
Seat 3: VolkovDmitri (big blind) folded on the River


PokerStars Hand #149679181883:  Hold'em Limit ($3/$6 USD) - 2016/03/01 14:17:03 ET
Table 'Theotes II' 10-max Seat #3 is the button
Seat 1: DeKirov ($382.86 in chips)
Seat 3: VolkovDmitri ($133.83 in chips)
VolkovDmitri: posts small blind $1
DeKirov: posts big blind $3
*** HOLE CARDS ***
VolkovDmitri: raises $3 to $6
DeKirov: folds
Uncalled bet ($3) returned to VolkovDmitri
VolkovDmitri collected $6 from pot
VolkovDmitri: doesn't show hand
*** SUMMARY ***
Total pot $6 | Rake $0
Seat 1: DeKirov (big blind) folded before Flop
Seat 3: VolkovDmitri (button) (small blind) collected ($6)


PokerStars Hand #149679158711:  Hold'em Limit ($3/$6 USD) - 2016/03/01 14:16:40 ET
Table 'Theotes II' 10-max Seat #1 is the button
Seat 1: DeKirov ($377.10 in chips)
Seat 3: VolkovDmitri ($139.83 in chips)
DeKirov: posts small blind $1
VolkovDmitri: posts big blind $3
*** HOLE CARDS ***
BARCA1CRIS leaves the table
DeKirov: raises $3 to $6
VolkovDmitri: calls $3
*** FLOP *** [Jc 3d 8h]
VolkovDmitri: checks
DeKirov: checks
*** TURN *** [Jc 3d 8h] [Ks]
VolkovDmitri: checks
DeKirov: bets $6
VolkovDmitri: folds
Uncalled bet ($6) returned to DeKirov
DeKirov collected $11.76 from pot
DeKirov: doesn't show hand
*** SUMMARY ***
Total pot $12 | Rake $0.24
Board [Jc 3d 8h Ks]
Seat 1: DeKirov (button) (small blind) collected ($11.76)
Seat 3: VolkovDmitri (big blind) folded on the Turn


PokerStars Hand #149679233361:  Hold'em Limit ($3/$6 USD) - 2016/03/01 14:17:54 ET
Table 'Theotes II' 10-max Seat #3 is the button
Seat 1: DeKirov ($391.38 in chips)
Seat 3: VolkovDmitri ($124.83 in chips)
VolkovDmitri: posts small blind $1
DeKirov: posts big blind $3
*** HOLE CARDS ***
VolkovDmitri: raises $3 to $6
DeKirov: folds
Uncalled bet ($3) returned to VolkovDmitri
VolkovDmitri collected $6 from pot
VolkovDmitri: doesn't show hand
*** SUMMARY ***
Total pot $6 | Rake $0
Seat 1: DeKirov (big blind) folded before Flop
Seat 3: VolkovDmitri (button) (small blind) collected ($6)


PokerStars Hand #149679227544:  Hold'em Limit ($3/$6 USD) - 2016/03/01 14:17:48 ET
Table 'Theotes II' 10-max Seat #1 is the button
Seat 1: DeKirov ($388.38 in chips)
Seat 3: VolkovDmitri ($127.83 in chips)
DeKirov: posts small blind $1
VolkovDmitri: posts big blind $3
*** HOLE CARDS ***
DeKirov: raises $3 to $6
VolkovDmitri: folds
Uncalled bet ($3) returned to DeKirov
DeKirov collected $6 from pot
DeKirov: doesn't show hand
*** SUMMARY ***
Total pot $6 | Rake $0
Seat 1: DeKirov (button) (small blind) collected ($6)
Seat 3: VolkovDmitri (big blind) folded before Flop


PokerStars Hand #149679213331:  Hold'em Limit ($3/$6 USD) - 2016/03/01 14:17:34 ET
Table 'Theotes II' 10-max Seat #3 is the button
Seat 1: DeKirov ($391.38 in chips)
Seat 3: VolkovDmitri ($124.83 in chips)
VolkovDmitri: posts small blind $1
DeKirov: posts big blind $3
*** HOLE CARDS ***
VolkovDmitri: raises $3 to $6
DeKirov: folds
Uncalled bet ($3) returned to VolkovDmitri
VolkovDmitri collected $6 from pot
VolkovDmitri: doesn't show hand
*** SUMMARY ***
Total pot $6 | Rake $0
Seat 1: DeKirov (big blind) folded before Flop
Seat 3: VolkovDmitri (button) (small blind) collected ($6)


PokerStars Hand #149679242421:  Hold'em Limit ($3/$6 USD) - 2016/03/01 14:18:03 ET
Table 'Theotes II' 10-max Seat #1 is the button
Seat 1: DeKirov ($388.38 in chips)
Seat 3: VolkovDmitri ($127.83 in chips)
DeKirov: posts small blind $1
VolkovDmitri: posts big blind $3
*** HOLE CARDS ***
DeKirov: calls $2
VolkovDmitri: checks
*** FLOP *** [6d 4h 7h]
VolkovDmitri: bets $3
DeKirov: raises $3 to $6
VolkovDmitri: calls $3
*** TURN *** [6d 4h 7h] [Ks]
VolkovDmitri: checks
DeKirov: bets $6
VolkovDmitri: calls $6
*** RIVER *** [6d 4h 7h Ks] [4d]
VolkovDmitri: bets $6
DeKirov: raises $6 to $12
VolkovDmitri: raises $6 to $18
DeKirov: folds
Uncalled bet ($6) returned to VolkovDmitri
VolkovDmitri collected $53.50 from pot
VolkovDmitri: doesn't show hand
*** SUMMARY ***
Total pot $54 | Rake $0.50
Board [6d 4h 7h Ks 4d]
Seat 1: DeKirov (button) (small blind) folded on the River
Seat 3: VolkovDmitri (big blind) collected ($53.50)


PokerStars Hand #149679295188:  Hold'em Limit ($3/$6 USD) - 2016/03/01 14:18:56 ET
Table 'Theotes II' 10-max Seat #3 is the button
Seat 1: DeKirov ($361.38 in chips)
Seat 3: VolkovDmitri ($154.33 in chips)
VolkovDmitri: posts small blind $1
DeKirov: posts big blind $3
*** HOLE CARDS ***
VolkovDmitri: raises $3 to $6
DeKirov: raises $3 to $9
VolkovDmitri: calls $3
*** FLOP *** [5c 6h Jc]
DeKirov: checks
VolkovDmitri: bets $3
DeKirov: calls $3
*** TURN *** [5c 6h Jc] [4d]
DeKirov: checks
VolkovDmitri: checks
*** RIVER *** [5c 6h Jc 4d] [Qs]
DeKirov: checks
VolkovDmitri: checks
*** SHOW DOWN ***
DeKirov: shows [3h 3d] (a pair of Threes)
VolkovDmitri: mucks hand
DeKirov collected $23.52 from pot
*** SUMMARY ***
Total pot $24 | Rake $0.48
Board [5c 6h Jc 4d Qs]
Seat 1: DeKirov (big blind) showed [3h 3d] and won ($23.52) with a pair of Threes
Seat 3: VolkovDmitri (button) (small blind) mucked


PokerStars Hand #149679345705:  Hold'em Limit ($3/$6 USD) - 2016/03/01 14:19:46 ET
Table 'Theotes II' 10-max Seat #1 is the button
Seat 1: DeKirov ($372.90 in chips)
Seat 3: VolkovDmitri ($142.33 in chips)
DeKirov: posts small blind $1
VolkovDmitri: posts big blind $3
*** HOLE CARDS ***
DeKirov: raises $3 to $6
VolkovDmitri: calls $3
*** FLOP *** [Th 3s 9s]
VolkovDmitri: bets $3
DeKirov: folds
Uncalled bet ($3) returned to VolkovDmitri
VolkovDmitri collected $11.76 from pot
VolkovDmitri: doesn't show hand
*** SUMMARY ***
Total pot $12 | Rake $0.24
Board [Th 3s 9s]
Seat 1: DeKirov (button) (small blind) folded on the Flop
Seat 3: VolkovDmitri (big blind) collected ($11.76)


PokerStars Hand #149679370344:  Hold'em Limit ($3/$6 USD) - 2016/03/01 14:20:11 ET
Table 'Theotes II' 10-max Seat #3 is the button
Seat 1: DeKirov ($366.90 in chips)
Seat 3: VolkovDmitri ($148.09 in chips)
VolkovDmitri: posts small blind $1
DeKirov: posts big blind $3
*** HOLE CARDS ***
VolkovDmitri: raises $3 to $6
DeKirov: raises $3 to $9
VolkovDmitri: calls $3
*** FLOP *** [5s 9h 9s]
DeKirov: checks
VolkovDmitri: bets $3
DeKirov: calls $3
*** TURN *** [5s 9h 9s] [Qd]
DeKirov: checks
VolkovDmitri: checks
*** RIVER *** [5s 9h 9s Qd] [8d]
DeKirov: bets $6
VolkovDmitri: folds
Uncalled bet ($6) returned to DeKirov
DeKirov collected $23.52 from pot
DeKirov: doesn't show hand
*** SUMMARY ***
Total pot $24 | Rake $0.48
Board [5s 9h 9s Qd 8d]
Seat 1: DeKirov (big blind) collected ($23.52)
Seat 3: VolkovDmitri (button) (small blind) folded on the River


PokerStars Hand #149679403877:  Hold'em Limit ($3/$6 USD) - 2016/03/01 14:20:44 ET
Table 'Theotes II' 10-max Seat #1 is the button
Seat 1: DeKirov ($378.42 in chips)
Seat 3: VolkovDmitri ($136.09 in chips)
DeKirov: posts small blind $1
VolkovDmitri: posts big blind $3
*** HOLE CARDS ***
DeKirov: folds
Uncalled bet ($2) returned to VolkovDmitri
VolkovDmitri collected $2 from pot
VolkovDmitri: doesn't show hand
*** SUMMARY ***
Total pot $2 | Rake $0
Seat 1: DeKirov (button) (small blind) folded before Flop
Seat 3: VolkovDmitri (big blind) collected ($2)


PokerStars Hand #149679410585:  Hold'em Limit ($3/$6 USD) - 2016/03/01 14:20:51 ET
Table 'Theotes II' 10-max Seat #3 is the button
Seat 1: DeKirov ($377.42 in chips)
Seat 3: VolkovDmitri ($137.09 in chips)
VolkovDmitri: posts small blind $1
DeKirov: posts big blind $3
*** HOLE CARDS ***
VolkovDmitri: raises $3 to $6
DeKirov: raises $3 to $9
VolkovDmitri: calls $3
*** FLOP *** [4c 4d 2s]
DeKirov: checks
VolkovDmitri: bets $3
DeKirov: calls $3
*** TURN *** [4c 4d 2s] [3c]
DeKirov: checks
VolkovDmitri: checks
*** RIVER *** [4c 4d 2s 3c] [Ad]
DeKirov: checks
VolkovDmitri: checks
*** SHOW DOWN ***
DeKirov: shows [7c As] (two pair, Aces and Fours)
VolkovDmitri: mucks hand
DeKirov collected $23.52 from pot
*** SUMMARY ***
Total pot $24 | Rake $0.48
Board [4c 4d 2s 3c Ad]
Seat 1: DeKirov (big blind) showed [7c As] and won ($23.52) with two pair, Aces and Fours
Seat 3: VolkovDmitri (button) (small blind) mucked


PokerStars Hand #149679456200:  Hold'em Limit ($3/$6 USD) - 2016/03/01 14:21:37 ET
Table 'Theotes II' 10-max Seat #1 is the button
Seat 1: DeKirov ($388.94 in chips)
Seat 3: VolkovDmitri ($125.09 in chips)
DeKirov: posts small blind $1
VolkovDmitri: posts big blind $3
*** HOLE CARDS ***
DeKirov: raises $3 to $6
VolkovDmitri: raises $3 to $9
DeKirov: calls $3
*** FLOP *** [8c Ac 7s]
VolkovDmitri: bets $3
DeKirov: calls $3
*** TURN *** [8c Ac 7s] [5c]
VolkovDmitri: checks
DeKirov: bets $6
VolkovDmitri: folds
Uncalled bet ($6) returned to DeKirov
DeKirov collected $23.52 from pot
DeKirov: doesn't show hand
*** SUMMARY ***
Total pot $24 | Rake $0.48
Board [8c Ac 7s 5c]
Seat 1: DeKirov (button) (small blind) collected ($23.52)
Seat 3: VolkovDmitri (big blind) folded on the Turn


PokerStars Hand #149679486433:  Hold'em Limit ($3/$6 USD) - 2016/03/01 14:22:07 ET
Table 'Theotes II' 10-max Seat #3 is the button
Seat 1: DeKirov ($400.46 in chips)
Seat 3: VolkovDmitri ($120 in chips)
VolkovDmitri: posts small blind $1
DeKirov: posts big blind $3
*** HOLE CARDS ***
VolkovDmitri: raises $3 to $6
DeKirov: calls $3
*** FLOP *** [3h 3d 8d]
DeKirov: checks
VolkovDmitri: bets $3
DeKirov: calls $3
*** TURN *** [3h 3d 8d] [2s]
DeKirov: checks
VolkovDmitri: checks
*** RIVER *** [3h 3d 8d 2s] [4s]
DeKirov: bets $6
VolkovDmitri: folds
Uncalled bet ($6) returned to DeKirov
DeKirov collected $17.64 from pot
DeKirov: doesn't show hand
*** SUMMARY ***
Total pot $18 | Rake $0.36
Board [3h 3d 8d 2s 4s]
Seat 1: DeKirov (big blind) collected ($17.64)
Seat 3: VolkovDmitri (button) (small blind) folded on the River


PokerStars Hand #149679531830:  Hold'em Limit ($3/$6 USD) - 2016/03/01 14:22:52 ET
Table 'Theotes II' 10-max Seat #1 is the button
Seat 1: DeKirov ($409.10 in chips)
Seat 3: VolkovDmitri ($120 in chips)
DeKirov: posts small blind $1
VolkovDmitri: posts big blind $3
*** HOLE CARDS ***
DeKirov: raises $3 to $6
VolkovDmitri: calls $3
*** FLOP *** [9h 7d 9s]
VolkovDmitri: checks
DeKirov: checks
*** TURN *** [9h 7d 9s] [Qs]
VolkovDmitri: checks
DeKirov: checks
*** RIVER *** [9h 7d 9s Qs] [3s]
VolkovDmitri: bets $6
DeKirov: folds
Uncalled bet ($6) returned to VolkovDmitri
VolkovDmitri collected $11.76 from pot
VolkovDmitri: doesn't show hand
*** SUMMARY ***
Total pot $12 | Rake $0.24
Board [9h 7d 9s Qs 3s]
Seat 1: DeKirov (button) (small blind) folded on the River
Seat 3: VolkovDmitri (big blind) collected ($11.76)


PokerStars Hand #149679558093:  Hold'em Limit ($3/$6 USD) - 2016/03/01 14:23:18 ET
Table 'Theotes II' 10-max Seat #3 is the button
Seat 1: DeKirov ($403.10 in chips)
Seat 3: VolkovDmitri ($125.76 in chips)
VolkovDmitri: posts small blind $1
DeKirov: posts big blind $3
*** HOLE CARDS ***
VolkovDmitri: raises $3 to $6
DeKirov: raises $3 to $9
VolkovDmitri: calls $3
*** FLOP *** [Qd 2s Kc]
DeKirov: checks
VolkovDmitri: checks
*** TURN *** [Qd 2s Kc] [Th]
DeKirov: bets $6
VolkovDmitri: folds
Uncalled bet ($6) returned to DeKirov
DeKirov collected $17.64 from pot
DeKirov: doesn't show hand
*** SUMMARY ***
Total pot $18 | Rake $0.36
Board [Qd 2s Kc Th]
Seat 1: DeKirov (big blind) collected ($17.64)
Seat 3: VolkovDmitri (button) (small blind) folded on the Turn


PokerStars Hand #149679584335:  Hold'em Limit ($3/$6 USD) - 2016/03/01 14:23:44 ET
Table 'Theotes II' 10-max Seat #1 is the button
Seat 1: DeKirov ($411.74 in chips)
Seat 3: VolkovDmitri ($120 in chips)
DeKirov: posts small blind $1
VolkovDmitri: posts big blind $3
*** HOLE CARDS ***
DeKirov: raises $3 to $6
VolkovDmitri: calls $3
*** FLOP *** [Tc Jd Qs]
VolkovDmitri: checks
DeKirov: bets $3
VolkovDmitri: calls $3
*** TURN *** [Tc Jd Qs] [8d]
VolkovDmitri: bets $6
DeKirov: calls $6
*** RIVER *** [Tc Jd Qs 8d] [8c]
VolkovDmitri: bets $6
DeKirov: folds
Uncalled bet ($6) returned to VolkovDmitri
VolkovDmitri collected $29.50 from pot
VolkovDmitri: doesn't show hand
*** SUMMARY ***
Total pot $30 | Rake $0.50
Board [Tc Jd Qs 8d 8c]
Seat 1: DeKirov (button) (small blind) folded on the River
Seat 3: VolkovDmitri (big blind) collected ($29.50)


PokerStars Hand #149679646744:  Hold'em Limit ($3/$6 USD) - 2016/03/01 14:24:46 ET
Table 'Theotes II' 10-max Seat #1 is the button
Seat 1: DeKirov ($384.74 in chips)
Seat 3: VolkovDmitri ($146.02 in chips)
DeKirov: posts small blind $1
VolkovDmitri: posts big blind $3
*** HOLE CARDS ***
DeKirov: raises $3 to $6
VolkovDmitri: calls $3
*** FLOP *** [4d Th 6d]
VolkovDmitri: bets $3
DeKirov: folds
Uncalled bet ($3) returned to VolkovDmitri
VolkovDmitri collected $11.76 from pot
VolkovDmitri: doesn't show hand
*** SUMMARY ***
Total pot $12 | Rake $0.24
Board [4d Th 6d]
Seat 1: DeKirov (button) (small blind) folded on the Flop
Seat 3: VolkovDmitri (big blind) collected ($11.76)


PokerStars Hand #149679612256:  Hold'em Limit ($3/$6 USD) - 2016/03/01 14:24:12 ET
Table 'Theotes II' 10-max Seat #3 is the button
Seat 1: DeKirov ($396.74 in chips)
Seat 3: VolkovDmitri ($134.50 in chips)
VolkovDmitri: posts small blind $1
DeKirov: posts big blind $3
*** HOLE CARDS ***
VolkovDmitri: raises $3 to $6
DeKirov: raises $3 to $9
VolkovDmitri: calls $3
*** FLOP *** [Qc 6s 7h]
DeKirov: checks
VolkovDmitri: bets $3
DeKirov: calls $3
*** TURN *** [Qc 6s 7h] [3c]
DeKirov: checks
VolkovDmitri: bets $6
DeKirov: folds
Uncalled bet ($6) returned to VolkovDmitri
VolkovDmitri collected $23.52 from pot
VolkovDmitri: doesn't show hand
*** SUMMARY ***
Total pot $24 | Rake $0.48
Board [Qc 6s 7h 3c]
Seat 1: DeKirov (big blind) folded on the Turn
Seat 3: VolkovDmitri (button) (small blind) collected ($23.52)


PokerStars Hand #149679659581:  Hold'em Limit ($3/$6 USD) - 2016/03/01 14:24:59 ET
Table 'Theotes II' 10-max Seat #3 is the button
Seat 1: DeKirov ($378.74 in chips)
Seat 3: VolkovDmitri ($151.78 in chips)
VolkovDmitri: posts small blind $1
DeKirov: posts big blind $3
*** HOLE CARDS ***
VolkovDmitri: raises $3 to $6
DeKirov: raises $3 to $9
VolkovDmitri: calls $3
*** FLOP *** [4s Ts As]
DeKirov: checks
VolkovDmitri: bets $3
DeKirov: folds
Uncalled bet ($3) returned to VolkovDmitri
VolkovDmitri collected $17.64 from pot
VolkovDmitri: doesn't show hand
*** SUMMARY ***
Total pot $18 | Rake $0.36
Board [4s Ts As]
Seat 1: DeKirov (big blind) folded on the Flop
Seat 3: VolkovDmitri (button) (small blind) collected ($17.64)


PokerStars Hand #149679686020:  Hold'em Limit ($3/$6 USD) - 2016/03/01 14:25:25 ET
Table 'Theotes II' 10-max Seat #1 is the button
Seat 1: DeKirov ($369.74 in chips)
Seat 3: VolkovDmitri ($160.42 in chips)
DeKirov: posts small blind $1
VolkovDmitri: posts big blind $3
*** HOLE CARDS ***
DeKirov: folds
Uncalled bet ($2) returned to VolkovDmitri
VolkovDmitri collected $2 from pot
VolkovDmitri: doesn't show hand
*** SUMMARY ***
Total pot $2 | Rake $0
Seat 1: DeKirov (button) (small blind) folded before Flop
Seat 3: VolkovDmitri (big blind) collected ($2)


PokerStars Hand #149679691407:  Hold'em Limit ($3/$6 USD) - 2016/03/01 14:25:31 ET
Table 'Theotes II' 10-max Seat #3 is the button
Seat 1: DeKirov ($368.74 in chips)
Seat 3: VolkovDmitri ($161.42 in chips)
VolkovDmitri: posts small blind $1
DeKirov: posts big blind $3
*** HOLE CARDS ***
VolkovDmitri: raises $3 to $6
DeKirov: raises $3 to $9
VolkovDmitri: calls $3
*** FLOP *** [7c 3c Kd]
DeKirov: checks
VolkovDmitri: bets $3
DeKirov: folds
Uncalled bet ($3) returned to VolkovDmitri
VolkovDmitri collected $17.64 from pot
VolkovDmitri: doesn't show hand
*** SUMMARY ***
Total pot $18 | Rake $0.36
Board [7c 3c Kd]
Seat 1: DeKirov (big blind) folded on the Flop
Seat 3: VolkovDmitri (button) (small blind) collected ($17.64)


PokerStars Hand #149679722183:  Hold'em Limit ($3/$6 USD) - 2016/03/01 14:26:01 ET
Table 'Theotes II' 10-max Seat #1 is the button
Seat 1: DeKirov ($359.74 in chips)
Seat 3: VolkovDmitri ($170.06 in chips)
DeKirov: posts small blind $1
VolkovDmitri: posts big blind $3
*** HOLE CARDS ***
DeKirov: raises $3 to $6
VolkovDmitri: raises $3 to $9
DeKirov: calls $3
*** FLOP *** [As 6c 9h]
VolkovDmitri: bets $3
DeKirov: folds
Uncalled bet ($3) returned to VolkovDmitri
VolkovDmitri collected $17.64 from pot
VolkovDmitri: doesn't show hand
*** SUMMARY ***
Total pot $18 | Rake $0.36
Board [As 6c 9h]
Seat 1: DeKirov (button) (small blind) folded on the Flop
Seat 3: VolkovDmitri (big blind) collected ($17.64)


PokerStars Hand #149679764723:  Hold'em Limit ($3/$6 USD) - 2016/03/01 14:26:43 ET
Table 'Theotes II' 10-max Seat #3 is the button
Seat 1: DeKirov ($350.74 in chips)
Seat 3: VolkovDmitri ($178.70 in chips)
VolkovDmitri: posts small blind $1
DeKirov: posts big blind $3
*** HOLE CARDS ***
VolkovDmitri: raises $3 to $6
DeKirov: raises $3 to $9
VolkovDmitri: calls $3
*** FLOP *** [8c Kc 5s]
DeKirov: bets $3
VolkovDmitri: calls $3
*** TURN *** [8c Kc 5s] [Td]
DeKirov: bets $6
VolkovDmitri: calls $6
*** RIVER *** [8c Kc 5s Td] [2d]
DeKirov: bets $6
VolkovDmitri: calls $6
*** SHOW DOWN ***
DeKirov: shows [Ks 5d] (two pair, Kings and Fives)
VolkovDmitri: mucks hand
DeKirov collected $47.50 from pot
*** SUMMARY ***
Total pot $48 | Rake $0.50
Board [8c Kc 5s Td 2d]
Seat 1: DeKirov (big blind) showed [Ks 5d] and won ($47.50) with two pair, Kings and Fives
Seat 3: VolkovDmitri (button) (small blind) mucked


PokerStars Hand #149679811800:  Hold'em Limit ($3/$6 USD) - 2016/03/01 14:27:30 ET
Table 'Theotes II' 10-max Seat #1 is the button
Seat 1: DeKirov ($374.24 in chips)
Seat 3: VolkovDmitri ($154.70 in chips)
DeKirov: posts small blind $1
VolkovDmitri: posts big blind $3
*** HOLE CARDS ***
DeKirov: calls $2
VolkovDmitri: raises $3 to $6
DeKirov: calls $3
*** FLOP *** [5h Kc 5d]
VolkovDmitri: bets $3
DeKirov: folds
Uncalled bet ($3) returned to VolkovDmitri
VolkovDmitri collected $11.76 from pot
VolkovDmitri: doesn't show hand
*** SUMMARY ***
Total pot $12 | Rake $0.24
Board [5h Kc 5d]
Seat 1: DeKirov (button) (small blind) folded on the Flop
Seat 3: VolkovDmitri (big blind) collected ($11.76)


PokerStars Hand #149679823840:  Hold'em Limit ($3/$6 USD) - 2016/03/01 14:27:42 ET
Table 'Theotes II' 10-max Seat #3 is the button
Seat 1: DeKirov ($368.24 in chips)
Seat 3: VolkovDmitri ($160.46 in chips)
VolkovDmitri: posts small blind $1
DeKirov: posts big blind $3
*** HOLE CARDS ***
VolkovDmitri: raises $3 to $6
DeKirov: raises $3 to $9
VolkovDmitri: calls $3
*** FLOP *** [5c 9s Kh]
DeKirov: checks
VolkovDmitri: bets $3
DeKirov: calls $3
*** TURN *** [5c 9s Kh] [2s]
DeKirov: checks
VolkovDmitri: checks
*** RIVER *** [5c 9s Kh 2s] [Qc]
DeKirov: checks
VolkovDmitri: checks
*** SHOW DOWN ***
DeKirov: shows [9c 7c] (a pair of Nines)
VolkovDmitri: mucks hand
DeKirov collected $23.52 from pot
*** SUMMARY ***
Total pot $24 | Rake $0.48
Board [5c 9s Kh 2s Qc]
Seat 1: DeKirov (big blind) showed [9c 7c] and won ($23.52) with a pair of Nines
Seat 3: VolkovDmitri (button) (small blind) mucked


PokerStars Hand #149679866544:  Hold'em Limit ($3/$6 USD) - 2016/03/01 14:28:25 ET
Table 'Theotes II' 10-max Seat #1 is the button
Seat 1: DeKirov ($379.76 in chips)
Seat 3: VolkovDmitri ($148.46 in chips)
DeKirov: posts small blind $1
VolkovDmitri: posts big blind $3
*** HOLE CARDS ***
DeKirov: folds
Uncalled bet ($2) returned to VolkovDmitri
VolkovDmitri collected $2 from pot
VolkovDmitri: doesn't show hand
*** SUMMARY ***
Total pot $2 | Rake $0
Seat 1: DeKirov (button) (small blind) folded before Flop
Seat 3: VolkovDmitri (big blind) collected ($2)


PokerStars Hand #149679871200:  Hold'em Limit ($3/$6 USD) - 2016/03/01 14:28:29 ET
Table 'Theotes II' 10-max Seat #3 is the button
Seat 1: DeKirov ($378.76 in chips)
Seat 3: VolkovDmitri ($149.46 in chips)
VolkovDmitri: posts small blind $1
DeKirov: posts big blind $3
*** HOLE CARDS ***
VolkovDmitri: raises $3 to $6
DeKirov: raises $3 to $9
VolkovDmitri: calls $3
*** FLOP *** [Qh Jh Qc]
DeKirov: checks
VolkovDmitri: bets $3
DeKirov: calls $3
*** TURN *** [Qh Jh Qc] [2s]
DeKirov: checks
VolkovDmitri: checks
*** RIVER *** [Qh Jh Qc 2s] [9h]
DeKirov: checks
VolkovDmitri: bets $6
DeKirov: raises $6 to $12
VolkovDmitri: raises $6 to $18
DeKirov: folds
Uncalled bet ($6) returned to VolkovDmitri
VolkovDmitri collected $47.50 from pot
VolkovDmitri: doesn't show hand
*** SUMMARY ***
Total pot $48 | Rake $0.50
Board [Qh Jh Qc 2s 9h]
Seat 1: DeKirov (big blind) folded on the River
Seat 3: VolkovDmitri (button) (small blind) collected ($47.50)


PokerStars Hand #149679918694:  Hold'em Limit ($3/$6 USD) - 2016/03/01 14:29:16 ET
Table 'Theotes II' 10-max Seat #1 is the button
Seat 1: DeKirov ($354.76 in chips)
Seat 3: VolkovDmitri ($172.96 in chips)
DeKirov: posts small blind $1
VolkovDmitri: posts big blind $3
*** HOLE CARDS ***
DeKirov: raises $3 to $6
VolkovDmitri: folds
Uncalled bet ($3) returned to DeKirov
DeKirov collected $6 from pot
DeKirov: doesn't show hand
*** SUMMARY ***
Total pot $6 | Rake $0
Seat 1: DeKirov (button) (small blind) collected ($6)
Seat 3: VolkovDmitri (big blind) folded before Flop


PokerStars Hand #149679924869:  Hold'em Limit ($3/$6 USD) - 2016/03/01 14:29:23 ET
Table 'Theotes II' 10-max Seat #3 is the button
Seat 1: DeKirov ($357.76 in chips)
Seat 3: VolkovDmitri ($169.96 in chips)
VolkovDmitri: posts small blind $1
DeKirov: posts big blind $3
*** HOLE CARDS ***
VolkovDmitri: raises $3 to $6
DeKirov: calls $3
*** FLOP *** [4d 9d 6d]
Zubasa07 joins the table at seat #2
DeKirov: checks
VolkovDmitri: bets $3
DeKirov: raises $3 to $6
VolkovDmitri: calls $3
*** TURN *** [4d 9d 6d] [8s]
DeKirov: checks
VolkovDmitri: bets $6
DeKirov: calls $6
*** RIVER *** [4d 9d 6d 8s] [Qs]
DeKirov: checks
VolkovDmitri: bets $6
DeKirov: folds
Uncalled bet ($6) returned to VolkovDmitri
VolkovDmitri collected $35.50 from pot
VolkovDmitri: doesn't show hand
*** SUMMARY ***
Total pot $36 | Rake $0.50
Board [4d 9d 6d 8s Qs]
Seat 1: DeKirov (big blind) folded on the River
Seat 3: VolkovDmitri (button) (small blind) collected ($35.50)


PokerStars Hand #149680451336:  Hold'em Limit ($3/$6 USD) - 2016/03/01 14:38:01 ET
Table 'Theotes II' 10-max Seat #1 is the button
Seat 1: DeKirov ($406.52 in chips)
Seat 3: VolkovDmitri ($158.09 in chips)
DeKirov: posts small blind $1
Zubasa07: is sitting out
VolkovDmitri: posts big blind $3
*** HOLE CARDS ***
DeKirov: raises $3 to $6
VolkovDmitri: calls $3
*** FLOP *** [9s Js 3h]
VolkovDmitri: checks
DeKirov: checks
*** TURN *** [9s Js 3h] [7d]
VolkovDmitri: bets $6
DeKirov: folds
Uncalled bet ($6) returned to VolkovDmitri
VolkovDmitri collected $11.76 from pot
VolkovDmitri: doesn't show hand
*** SUMMARY ***
Total pot $12 | Rake $0.24
Board [9s Js 3h 7d]
Seat 1: DeKirov (button) (small blind) folded on the Turn
Seat 3: VolkovDmitri (big blind) collected ($11.76)


PokerStars Hand #149680581108:  Hold'em Limit ($3/$6 USD) - 2016/03/01 14:40:08 ET
Table 'Theotes II' 10-max Seat #1 is the button
Seat 1: DeKirov ($417.66 in chips)
Seat 3: VolkovDmitri ($145.61 in chips)
DeKirov: posts small blind $1
VolkovDmitri: posts big blind $3
*** HOLE CARDS ***
DeKirov: raises $3 to $6
VolkovDmitri: folds
Uncalled bet ($3) returned to DeKirov
DeKirov collected $6 from pot
DeKirov: doesn't show hand
*** SUMMARY ***
Total pot $6 | Rake $0
Seat 1: DeKirov (button) (small blind) collected ($6)
Seat 3: VolkovDmitri (big blind) folded before Flop


PokerStars Hand #149680562611:  Hold'em Limit ($3/$6 USD) - 2016/03/01 14:39:50 ET
Table 'Theotes II' 10-max Seat #3 is the button
Seat 1: DeKirov ($409.02 in chips)
Seat 3: VolkovDmitri ($154.61 in chips)
VolkovDmitri: posts small blind $1
DeKirov: posts big blind $3
*** HOLE CARDS ***
VolkovDmitri: raises $3 to $6
DeKirov: raises $3 to $9
VolkovDmitri: calls $3
*** FLOP *** [4d Qh 7d]
DeKirov: bets $3
VolkovDmitri: folds
Uncalled bet ($3) returned to DeKirov
DeKirov collected $17.64 from pot
DeKirov: doesn't show hand
*** SUMMARY ***
Total pot $18 | Rake $0.36
Board [4d Qh 7d]
Seat 1: DeKirov (big blind) collected ($17.64)
Seat 3: VolkovDmitri (button) (small blind) folded on the Flop


PokerStars Hand #149680546356:  Hold'em Limit ($3/$6 USD) - 2016/03/01 14:39:34 ET
Table 'Theotes II' 10-max Seat #1 is the button
Seat 1: DeKirov ($415.02 in chips)
Seat 3: VolkovDmitri ($148.85 in chips)
DeKirov: posts small blind $1
VolkovDmitri: posts big blind $3
*** HOLE CARDS ***
DeKirov: raises $3 to $6
VolkovDmitri: calls $3
*** FLOP *** [2d 8c Jc]
VolkovDmitri: bets $3
DeKirov: folds
Uncalled bet ($3) returned to VolkovDmitri
VolkovDmitri collected $11.76 from pot
VolkovDmitri: doesn't show hand
*** SUMMARY ***
Total pot $12 | Rake $0.24
Board [2d 8c Jc]
Seat 1: DeKirov (button) (small blind) folded on the Flop
Seat 3: VolkovDmitri (big blind) collected ($11.76)


PokerStars Hand #149680483371:  Hold'em Limit ($3/$6 USD) - 2016/03/01 14:38:33 ET
Table 'Theotes II' 10-max Seat #3 is the button
Seat 1: DeKirov ($400.52 in chips)
Seat 3: VolkovDmitri ($163.85 in chips)
VolkovDmitri: posts small blind $1
DeKirov: posts big blind $3
*** HOLE CARDS ***
VolkovDmitri: raises $3 to $6
DeKirov: calls $3
*** FLOP *** [4c Ac 3d]
DeKirov: checks
VolkovDmitri: bets $3
DeKirov: calls $3
*** TURN *** [4c Ac 3d] [2s]
DeKirov: checks
VolkovDmitri: checks
*** RIVER *** [4c Ac 3d 2s] [9h]
DeKirov: bets $6
VolkovDmitri: calls $6
*** SHOW DOWN ***
DeKirov: shows [Jh 5c] (a straight, Ace to Five)
VolkovDmitri: mucks hand
DeKirov collected $29.50 from pot
*** SUMMARY ***
Total pot $30 | Rake $0.50
Board [4c Ac 3d 2s 9h]
Seat 1: DeKirov (big blind) showed [Jh 5c] and won ($29.50) with a straight, Ace to Five
Seat 3: VolkovDmitri (button) (small blind) mucked


PokerStars Hand #149680640695:  Hold'em Limit ($3/$6 USD) - 2016/03/01 14:41:07 ET
Table 'Theotes II' 10-max Seat #3 is the button
Seat 1: DeKirov ($418.30 in chips)
Seat 3: VolkovDmitri ($144.25 in chips)
VolkovDmitri: posts small blind $1
DeKirov: posts big blind $3
*** HOLE CARDS ***
VolkovDmitri: raises $3 to $6
DeKirov: raises $3 to $9
VolkovDmitri: calls $3
*** FLOP *** [3d 2s 6c]
DeKirov: checks
VolkovDmitri: bets $3
DeKirov: calls $3
*** TURN *** [3d 2s 6c] [Kc]
DeKirov: checks
VolkovDmitri: bets $6
DeKirov: calls $6
*** RIVER *** [3d 2s 6c Kc] [2h]
DeKirov: checks
VolkovDmitri: bets $6
DeKirov: raises $6 to $12
VolkovDmitri: calls $6
*** SHOW DOWN ***
DeKirov: shows [9d Kd] (two pair, Kings and Deuces)
VolkovDmitri: mucks hand
DeKirov collected $59.50 from pot
*** SUMMARY ***
Total pot $60 | Rake $0.50
Board [3d 2s 6c Kc 2h]
Seat 1: DeKirov (big blind) showed [9d Kd] and won ($59.50) with two pair, Kings and Deuces
Seat 3: VolkovDmitri (button) (small blind) mucked


PokerStars Hand #149680630689:  Hold'em Limit ($3/$6 USD) - 2016/03/01 14:40:57 ET
Table 'Theotes II' 10-max Seat #1 is the button
Seat 1: DeKirov ($419.30 in chips)
Seat 3: VolkovDmitri ($143.25 in chips)
DeKirov: posts small blind $1
VolkovDmitri: posts big blind $3
*** HOLE CARDS ***
DeKirov: folds
Uncalled bet ($2) returned to VolkovDmitri
VolkovDmitri collected $2 from pot
VolkovDmitri: doesn't show hand
*** SUMMARY ***
Total pot $2 | Rake $0
Seat 1: DeKirov (button) (small blind) folded before Flop
Seat 3: VolkovDmitri (big blind) collected ($2)


PokerStars Hand #149680618456:  Hold'em Limit ($3/$6 USD) - 2016/03/01 14:40:45 ET
Table 'Theotes II' 10-max Seat #3 is the button
Seat 1: DeKirov ($428.30 in chips)
Seat 3: VolkovDmitri ($134.61 in chips)
VolkovDmitri: posts small blind $1
DeKirov: posts big blind $3
*** HOLE CARDS ***
VolkovDmitri: raises $3 to $6
DeKirov: raises $3 to $9
VolkovDmitri: calls $3
*** FLOP *** [3c As 8h]
DeKirov: checks
VolkovDmitri: bets $3
DeKirov: folds
Uncalled bet ($3) returned to VolkovDmitri
VolkovDmitri collected $17.64 from pot
VolkovDmitri: doesn't show hand
*** SUMMARY ***
Total pot $18 | Rake $0.36
Board [3c As 8h]
Seat 1: DeKirov (big blind) folded on the Flop
Seat 3: VolkovDmitri (button) (small blind) collected ($17.64)


PokerStars Hand #149680613514:  Hold'em Limit ($3/$6 USD) - 2016/03/01 14:40:40 ET
Table 'Theotes II' 10-max Seat #1 is the button
Seat 1: DeKirov ($429.30 in chips)
Seat 3: VolkovDmitri ($133.61 in chips)
DeKirov: posts small blind $1
VolkovDmitri: posts big blind $3
*** HOLE CARDS ***
DeKirov: folds
Uncalled bet ($2) returned to VolkovDmitri
VolkovDmitri collected $2 from pot
VolkovDmitri: doesn't show hand
*** SUMMARY ***
Total pot $2 | Rake $0
Seat 1: DeKirov (button) (small blind) folded before Flop
Seat 3: VolkovDmitri (big blind) collected ($2)


PokerStars Hand #149680592500:  Hold'em Limit ($3/$6 USD) - 2016/03/01 14:40:20 ET
Table 'Theotes II' 10-max Seat #3 is the button
Seat 1: DeKirov ($420.66 in chips)
Seat 3: VolkovDmitri ($142.61 in chips)
VolkovDmitri: posts small blind $1
DeKirov: posts big blind $3
*** HOLE CARDS ***
VolkovDmitri: raises $3 to $6
DeKirov: raises $3 to $9
VolkovDmitri: calls $3
*** FLOP *** [9h Js 2s]
DeKirov: bets $3
VolkovDmitri: folds
Uncalled bet ($3) returned to DeKirov
DeKirov collected $17.64 from pot
DeKirov: doesn't show hand
*** SUMMARY ***
Total pot $18 | Rake $0.36
Board [9h Js 2s]
Seat 1: DeKirov (big blind) collected ($17.64)
Seat 3: VolkovDmitri (button) (small blind) folded on the Flop


PokerStars Hand #149680696711:  Hold'em Limit ($3/$6 USD) - 2016/03/01 14:42:01 ET
Table 'Theotes II' 10-max Seat #3 is the button
Seat 1: DeKirov ($442.80 in chips)
Seat 3: VolkovDmitri ($125 in chips)
VolkovDmitri: posts small blind $1
DeKirov: posts big blind $3
*** HOLE CARDS ***
VolkovDmitri: raises $3 to $6
DeKirov: calls $3
*** FLOP *** [4d Ks 5s]
DeKirov: checks
VolkovDmitri: bets $3
DeKirov: calls $3
*** TURN *** [4d Ks 5s] [8h]
DeKirov: checks
VolkovDmitri: bets $6
DeKirov: calls $6
*** RIVER *** [4d Ks 5s 8h] [Ad]
DeKirov: checks
VolkovDmitri: bets $6
DeKirov: calls $6
*** SHOW DOWN ***
VolkovDmitri: shows [5h As] (two pair, Aces and Fives)
DeKirov: mucks hand
VolkovDmitri collected $41.50 from pot
*** SUMMARY ***
Total pot $42 | Rake $0.50
Board [4d Ks 5s 8h Ad]
Seat 1: DeKirov (big blind) mucked
Seat 3: VolkovDmitri (button) (small blind) showed [5h As] and won ($41.50) with two pair, Aces and Fives


PokerStars Hand #149680690589:  Hold'em Limit ($3/$6 USD) - 2016/03/01 14:41:55 ET
Table 'Theotes II' 10-max Seat #1 is the button
Seat 1: DeKirov ($443.80 in chips)
Seat 3: VolkovDmitri ($124 in chips)
DeKirov: posts small blind $1
VolkovDmitri: posts big blind $3
*** HOLE CARDS ***
DeKirov: folds
Uncalled bet ($2) returned to VolkovDmitri
VolkovDmitri collected $2 from pot
VolkovDmitri: doesn't show hand
*** SUMMARY ***
Total pot $2 | Rake $0
Seat 1: DeKirov (button) (small blind) folded before Flop
Seat 3: VolkovDmitri (big blind) collected ($2)


PokerStars Hand #149680677263:  Hold'em Limit ($3/$6 USD) - 2016/03/01 14:41:42 ET
Table 'Theotes II' 10-max Seat #3 is the button
Seat 1: DeKirov ($446.80 in chips)
Seat 3: VolkovDmitri ($121 in chips)
VolkovDmitri: posts small blind $1
DeKirov: posts big blind $3
*** HOLE CARDS ***
VolkovDmitri: raises $3 to $6
DeKirov: folds
Uncalled bet ($3) returned to VolkovDmitri
VolkovDmitri collected $6 from pot
VolkovDmitri: doesn't show hand
*** SUMMARY ***
Total pot $6 | Rake $0
Seat 1: DeKirov (big blind) folded before Flop
Seat 3: VolkovDmitri (button) (small blind) collected ($6)


PokerStars Hand #149680672453:  Hold'em Limit ($3/$6 USD) - 2016/03/01 14:41:38 ET
Table 'Theotes II' 10-max Seat #1 is the button
Seat 1: DeKirov ($447.80 in chips)
Seat 3: VolkovDmitri ($120 in chips)
DeKirov: posts small blind $1
VolkovDmitri: posts big blind $3
*** HOLE CARDS ***
DeKirov: folds
Uncalled bet ($2) returned to VolkovDmitri
VolkovDmitri collected $2 from pot
VolkovDmitri: doesn't show hand
*** SUMMARY ***
Total pot $2 | Rake $0
Seat 1: DeKirov (button) (small blind) folded before Flop
Seat 3: VolkovDmitri (big blind) collected ($2)


PokerStars Hand #149680752649:  Hold'em Limit ($3/$6 USD) - 2016/03/01 14:42:56 ET
Table 'Theotes II' 10-max Seat #1 is the button
Seat 1: DeKirov ($406.80 in chips)
Seat 3: VolkovDmitri ($159.90 in chips)
DeKirov: posts small blind $1
VolkovDmitri: posts big blind $3
*** HOLE CARDS ***
DeKirov: raises $3 to $6
VolkovDmitri: raises $3 to $9
DeKirov: raises $3 to $12
Betting is capped
VolkovDmitri: calls $3
*** FLOP *** [Ad Kd 5h]
VolkovDmitri: bets $3
DeKirov: raises $3 to $6
VolkovDmitri: calls $3
*** TURN *** [Ad Kd 5h] [2h]
VolkovDmitri: checks
DeKirov: checks
*** RIVER *** [Ad Kd 5h 2h] [8s]
VolkovDmitri: bets $6
DeKirov: raises $6 to $12
VolkovDmitri: calls $6
*** SHOW DOWN ***
DeKirov: shows [Ah Js] (a pair of Aces)
VolkovDmitri: mucks hand
DeKirov collected $59.50 from pot
*** SUMMARY ***
Total pot $60 | Rake $0.50
Board [Ad Kd 5h 2h 8s]
Seat 1: DeKirov (button) (small blind) showed [Ah Js] and won ($59.50) with a pair of Aces
Seat 3: VolkovDmitri (big blind) mucked


PokerStars Hand #149680739822:  Hold'em Limit ($3/$6 USD) - 2016/03/01 14:42:43 ET
Table 'Theotes II' 10-max Seat #3 is the button
Seat 1: DeKirov ($412.80 in chips)
Seat 3: VolkovDmitri ($154.14 in chips)
VolkovDmitri: posts small blind $1
DeKirov: posts big blind $3
*** HOLE CARDS ***
VolkovDmitri: raises $3 to $6
DeKirov: calls $3
*** FLOP *** [Kd 9h Ah]
DeKirov: checks
VolkovDmitri: bets $3
DeKirov: folds
Uncalled bet ($3) returned to VolkovDmitri
VolkovDmitri collected $11.76 from pot
VolkovDmitri: doesn't show hand
*** SUMMARY ***
Total pot $12 | Rake $0.24
Board [Kd 9h Ah]
Seat 1: DeKirov (big blind) folded on the Flop
Seat 3: VolkovDmitri (button) (small blind) collected ($11.76)


PokerStars Hand #149680728502:  Hold'em Limit ($3/$6 USD) - 2016/03/01 14:42:32 ET
Table 'Theotes II' 10-max Seat #1 is the button
Seat 1: DeKirov ($421.80 in chips)
Seat 3: VolkovDmitri ($145.50 in chips)
DeKirov: posts small blind $1
VolkovDmitri: posts big blind $3
*** HOLE CARDS ***
DeKirov: raises $3 to $6
VolkovDmitri: raises $3 to $9
DeKirov: calls $3
*** FLOP *** [Ah Ks 4d]
VolkovDmitri: bets $3
DeKirov: folds
Uncalled bet ($3) returned to VolkovDmitri
VolkovDmitri collected $17.64 from pot
VolkovDmitri: doesn't show hand
*** SUMMARY ***
Total pot $18 | Rake $0.36
Board [Ah Ks 4d]
Seat 1: DeKirov (button) (small blind) folded on the Flop
Seat 3: VolkovDmitri (big blind) collected ($17.64)


PokerStars Hand #149680833985:  Hold'em Limit ($3/$6 USD) - 2016/03/01 14:44:15 ET
Table 'Theotes II' 10-max Seat #1 is the button
Seat 1: DeKirov ($446.80 in chips)
Seat 3: VolkovDmitri ($120 in chips)
DeKirov: posts small blind $1
VolkovDmitri: posts big blind $3
*** HOLE CARDS ***
DeKirov: folds
Uncalled bet ($2) returned to VolkovDmitri
VolkovDmitri collected $2 from pot
VolkovDmitri: doesn't show hand
*** SUMMARY ***
Total pot $2 | Rake $0
Seat 1: DeKirov (button) (small blind) folded before Flop
Seat 3: VolkovDmitri (big blind) collected ($2)


PokerStars Hand #149680813454:  Hold'em Limit ($3/$6 USD) - 2016/03/01 14:43:55 ET
Table 'Theotes II' 10-max Seat #3 is the button
Seat 1: DeKirov ($432.30 in chips)
Seat 3: VolkovDmitri ($133.90 in chips)
VolkovDmitri: posts small blind $1
DeKirov: posts big blind $3
*** HOLE CARDS ***
VolkovDmitri: raises $3 to $6
DeKirov: raises $3 to $9
VolkovDmitri: raises $3 to $12
Betting is capped
DeKirov: calls $3
*** FLOP *** [7h Jc 6d]
DeKirov: checks
VolkovDmitri: bets $3
DeKirov: calls $3
*** TURN *** [7h Jc 6d] [Th]
DeKirov: checks
VolkovDmitri: checks
*** RIVER *** [7h Jc 6d Th] [3d]
DeKirov: checks
VolkovDmitri: checks
*** SHOW DOWN ***
DeKirov: shows [Js Jh] (three of a kind, Jacks)
VolkovDmitri: mucks hand
DeKirov collected $29.50 from pot
*** SUMMARY ***
Total pot $30 | Rake $0.50
Board [7h Jc 6d Th 3d]
Seat 1: DeKirov (big blind) showed [Js Jh] and won ($29.50) with three of a kind, Jacks
Seat 3: VolkovDmitri (button) (small blind) mucked


PokerStars Hand #149680808792:  Hold'em Limit ($3/$6 USD) - 2016/03/01 14:43:51 ET
Table 'Theotes II' 10-max Seat #1 is the button
Seat 1: DeKirov ($433.30 in chips)
Seat 3: VolkovDmitri ($132.90 in chips)
DeKirov: posts small blind $1
VolkovDmitri: posts big blind $3
*** HOLE CARDS ***
DeKirov: folds
Uncalled bet ($2) returned to VolkovDmitri
VolkovDmitri collected $2 from pot
VolkovDmitri: doesn't show hand
*** SUMMARY ***
Total pot $2 | Rake $0
Seat 1: DeKirov (button) (small blind) folded before Flop
Seat 3: VolkovDmitri (big blind) collected ($2)


PokerStars Hand #149680787050:  Hold'em Limit ($3/$6 USD) - 2016/03/01 14:43:29 ET
Table 'Theotes II' 10-max Seat #3 is the button
Seat 1: DeKirov ($436.30 in chips)
Seat 3: VolkovDmitri ($129.90 in chips)
VolkovDmitri: posts small blind $1
DeKirov: posts big blind $3
*** HOLE CARDS ***
VolkovDmitri: raises $3 to $6
DeKirov: folds
Uncalled bet ($3) returned to VolkovDmitri
VolkovDmitri collected $6 from pot
VolkovDmitri: doesn't show hand
*** SUMMARY ***
Total pot $6 | Rake $0
Seat 1: DeKirov (big blind) folded before Flop
Seat 3: VolkovDmitri (button) (small blind) collected ($6)


PokerStars Hand #149680901094:  Hold'em Limit ($3/$6 USD) - 2016/03/01 14:45:21 ET
Table 'Theotes II' 10-max Seat #3 is the button
Seat 1: DeKirov ($457.20 in chips)
Seat 3: VolkovDmitri ($120 in chips)
VolkovDmitri: posts small blind $1
DeKirov: posts big blind $3
*** HOLE CARDS ***
VolkovDmitri: calls $2
DeKirov: checks
*** FLOP *** [9s Jd Td]
DeKirov: checks
VolkovDmitri: bets $3
DeKirov: calls $3
*** TURN *** [9s Jd Td] [8d]
DeKirov: checks
VolkovDmitri: checks
*** RIVER *** [9s Jd Td 8d] [9h]
DeKirov: checks
VolkovDmitri: bets $6
DeKirov: calls $6
*** SHOW DOWN ***
VolkovDmitri: shows [9c Tc] (a full house, Nines full of Tens)
DeKirov: mucks hand
VolkovDmitri collected $23.52 from pot
*** SUMMARY ***
Total pot $24 | Rake $0.48
Board [9s Jd Td 8d 9h]
Seat 1: DeKirov (big blind) mucked
Seat 3: VolkovDmitri (button) (small blind) showed [9c Tc] and won ($23.52) with a full house, Nines full of Tens


PokerStars Hand #149680876110:  Hold'em Limit ($3/$6 USD) - 2016/03/01 14:44:57 ET
Table 'Theotes II' 10-max Seat #1 is the button
Seat 1: DeKirov ($445.68 in chips)
Seat 3: VolkovDmitri ($120.88 in chips)
DeKirov: posts small blind $1
VolkovDmitri: posts big blind $3
*** HOLE CARDS ***
DeKirov: raises $3 to $6
VolkovDmitri: calls $3
*** FLOP *** [5d Qh 9s]
VolkovDmitri: checks
DeKirov: checks
*** TURN *** [5d Qh 9s] [4c]
VolkovDmitri: bets $6
DeKirov: raises $6 to $12
VolkovDmitri: folds
Uncalled bet ($6) returned to DeKirov
DeKirov collected $23.52 from pot
DeKirov: doesn't show hand
*** SUMMARY ***
Total pot $24 | Rake $0.48
Board [5d Qh 9s 4c]
Seat 1: DeKirov (button) (small blind) collected ($23.52)
Seat 3: VolkovDmitri (big blind) folded on the Turn


PokerStars Hand #149680870685:  Hold'em Limit ($3/$6 USD) - 2016/03/01 14:44:51 ET
Table 'Theotes II' 10-max Seat #3 is the button
Seat 1: DeKirov ($444.68 in chips)
Seat 3: VolkovDmitri ($121.88 in chips)
VolkovDmitri: posts small blind $1
DeKirov: posts big blind $3
*** HOLE CARDS ***
VolkovDmitri: folds
Uncalled bet ($2) returned to DeKirov
DeKirov collected $2 from pot
DeKirov: doesn't show hand
*** SUMMARY ***
Total pot $2 | Rake $0
Seat 1: DeKirov (big blind) collected ($2)
Seat 3: VolkovDmitri (button) (small blind) folded before Flop


PokerStars Hand #149680865977:  Hold'em Limit ($3/$6 USD) - 2016/03/01 14:44:47 ET
Table 'Theotes II' 10-max Seat #1 is the button
Seat 1: DeKirov ($445.68 in chips)
Seat 3: VolkovDmitri ($120.88 in chips)
DeKirov: posts small blind $1
VolkovDmitri: posts big blind $3
*** HOLE CARDS ***
DeKirov: folds
Uncalled bet ($2) returned to VolkovDmitri
VolkovDmitri collected $2 from pot
VolkovDmitri: doesn't show hand
*** SUMMARY ***
Total pot $2 | Rake $0
Seat 1: DeKirov (button) (small blind) folded before Flop
Seat 3: VolkovDmitri (big blind) collected ($2)


PokerStars Hand #149680839030:  Hold'em Limit ($3/$6 USD) - 2016/03/01 14:44:20 ET
Table 'Theotes II' 10-max Seat #3 is the button
Seat 1: DeKirov ($445.80 in chips)
Seat 3: VolkovDmitri ($121 in chips)
VolkovDmitri: posts small blind $1
DeKirov: posts big blind $3
*** HOLE CARDS ***
VolkovDmitri: calls $2
DeKirov: checks
*** FLOP *** [Jh 2s Kc]
DeKirov: checks
VolkovDmitri: bets $3
DeKirov: calls $3
*** TURN *** [Jh 2s Kc] [6c]
DeKirov: checks
VolkovDmitri: checks
*** RIVER *** [Jh 2s Kc 6c] [Ks]
DeKirov: checks
VolkovDmitri: checks
*** SHOW DOWN ***
DeKirov: shows [5c 2d] (two pair, Kings and Deuces)
VolkovDmitri: shows [2c 9c] (two pair, Kings and Deuces)
DeKirov collected $5.88 from pot
VolkovDmitri collected $5.88 from pot
*** SUMMARY ***
Total pot $12 | Rake $0.24
Board [Jh 2s Kc 6c Ks]
Seat 1: DeKirov (big blind) showed [5c 2d] and won ($5.88) with two pair, Kings and Deuces
Seat 3: VolkovDmitri (button) (small blind) showed [2c 9c] and won ($5.88) with two pair, Kings and Deuces


PokerStars Hand #149680974855:  Hold'em Limit ($3/$6 USD) - 2016/03/01 14:46:33 ET
Table 'Theotes II' 10-max Seat #1 is the button
Seat 1: DeKirov ($422.20 in chips)
Seat 3: VolkovDmitri ($153.78 in chips)
DeKirov: posts small blind $1
VolkovDmitri: posts big blind $3
*** HOLE CARDS ***
DeKirov: folds
Uncalled bet ($2) returned to VolkovDmitri
VolkovDmitri collected $2 from pot
VolkovDmitri: doesn't show hand
*** SUMMARY ***
Total pot $2 | Rake $0
Seat 1: DeKirov (button) (small blind) folded before Flop
Seat 3: VolkovDmitri (big blind) collected ($2)


PokerStars Hand #149680945065:  Hold'em Limit ($3/$6 USD) - 2016/03/01 14:46:04 ET
Table 'Theotes II' 10-max Seat #3 is the button
Seat 1: DeKirov ($437.20 in chips)
Seat 3: VolkovDmitri ($139.28 in chips)
VolkovDmitri: posts small blind $1
DeKirov: posts big blind $3
*** HOLE CARDS ***
VolkovDmitri: raises $3 to $6
DeKirov: raises $3 to $9
MikeMcD joins the table at seat #4
VolkovDmitri: raises $3 to $12
Betting is capped
DeKirov: calls $3
*** FLOP *** [Ah 7h 3h]
DeKirov: checks
VolkovDmitri: bets $3
DeKirov: calls $3
*** TURN *** [Ah 7h 3h] [Th]
DeKirov: checks
VolkovDmitri: bets $6
DeKirov: folds
Uncalled bet ($6) returned to VolkovDmitri
VolkovDmitri collected $29.50 from pot
VolkovDmitri: doesn't show hand
*** SUMMARY ***
Total pot $30 | Rake $0.50
Board [Ah 7h 3h Th]
Seat 1: DeKirov (big blind) folded on the Turn
Seat 3: VolkovDmitri (button) (small blind) collected ($29.50)


PokerStars Hand #149680940043:  Hold'em Limit ($3/$6 USD) - 2016/03/01 14:45:59 ET
Table 'Theotes II' 10-max Seat #1 is the button
Seat 1: DeKirov ($438.20 in chips)
Seat 3: VolkovDmitri ($138.28 in chips)
DeKirov: posts small blind $1
VolkovDmitri: posts big blind $3
*** HOLE CARDS ***
DeKirov: folds
Uncalled bet ($2) returned to VolkovDmitri
VolkovDmitri collected $2 from pot
VolkovDmitri: doesn't show hand
*** SUMMARY ***
Total pot $2 | Rake $0
Seat 1: DeKirov (button) (small blind) folded before Flop
Seat 3: VolkovDmitri (big blind) collected ($2)


PokerStars Hand #149680925148:  Hold'em Limit ($3/$6 USD) - 2016/03/01 14:45:45 ET
Table 'Theotes II' 10-max Seat #3 is the button
Seat 1: DeKirov ($444.20 in chips)
Seat 3: VolkovDmitri ($132.52 in chips)
VolkovDmitri: posts small blind $1
DeKirov: posts big blind $3
*** HOLE CARDS ***
VolkovDmitri: calls $2
DeKirov: raises $3 to $6
VolkovDmitri: calls $3
*** FLOP *** [6c Kc 9d]
DeKirov: checks
VolkovDmitri: bets $3
DeKirov: folds
Uncalled bet ($3) returned to VolkovDmitri
VolkovDmitri collected $11.76 from pot
VolkovDmitri: doesn't show hand
*** SUMMARY ***
Total pot $12 | Rake $0.24
Board [6c Kc 9d]
Seat 1: DeKirov (big blind) folded on the Flop
Seat 3: VolkovDmitri (button) (small blind) collected ($11.76)


PokerStars Hand #149680919129:  Hold'em Limit ($3/$6 USD) - 2016/03/01 14:45:39 ET
Table 'Theotes II' 10-max Seat #1 is the button
Seat 1: DeKirov ($445.20 in chips)
Seat 3: VolkovDmitri ($131.52 in chips)
DeKirov: posts small blind $1
VolkovDmitri: posts big blind $3
*** HOLE CARDS ***
DeKirov: folds
Uncalled bet ($2) returned to VolkovDmitri
VolkovDmitri collected $2 from pot
VolkovDmitri: doesn't show hand
*** SUMMARY ***
Total pot $2 | Rake $0
Seat 1: DeKirov (button) (small blind) folded before Flop
Seat 3: VolkovDmitri (big blind) collected ($2)


PokerStars Hand #149680991155:  Hold'em Limit ($3/$6 USD) - 2016/03/01 14:46:49 ET
Table 'Theotes II' 10-max Seat #1 is the button
Seat 1: DeKirov ($415.20 in chips)
Seat 3: VolkovDmitri ($160.54 in chips)
DeKirov: posts small blind $1
VolkovDmitri: posts big blind $3
*** HOLE CARDS ***
DeKirov: raises $3 to $6
VolkovDmitri: calls $3
*** FLOP *** [6h Jh 8h]
VolkovDmitri: checks
DeKirov: bets $3
VolkovDmitri: calls $3
*** TURN *** [6h Jh 8h] [6c]
VolkovDmitri: checks
DeKirov: checks
*** RIVER *** [6h Jh 8h 6c] [9h]
VolkovDmitri: checks
DeKirov: checks
*** SHOW DOWN ***
VolkovDmitri: shows [9d 7s] (two pair, Nines and Sixes)
DeKirov: mucks hand
feilinho joins the table at seat #5
VolkovDmitri collected $17.64 from pot
*** SUMMARY ***
Total pot $18 | Rake $0.36
Board [6h Jh 8h 6c 9h]
Seat 1: DeKirov (button) (small blind) mucked
Seat 3: VolkovDmitri (big blind) showed [9d 7s] and won ($17.64) with two pair, Nines and Sixes


PokerStars Hand #149680979915:  Hold'em Limit ($3/$6 USD) - 2016/03/01 14:46:38 ET
Table 'Theotes II' 10-max Seat #3 is the button
Seat 1: DeKirov ($421.20 in chips)
Seat 3: VolkovDmitri ($154.78 in chips)
VolkovDmitri: posts small blind $1
DeKirov: posts big blind $3
*** HOLE CARDS ***
VolkovDmitri: raises $3 to $6
DeKirov: calls $3
*** FLOP *** [Td Tc 9h]
DeKirov: checks
VolkovDmitri: bets $3
DeKirov: folds
Uncalled bet ($3) returned to VolkovDmitri
VolkovDmitri collected $11.76 from pot
VolkovDmitri: doesn't show hand
*** SUMMARY ***
Total pot $12 | Rake $0.24
Board [Td Tc 9h]
Seat 1: DeKirov (big blind) folded on the Flop
Seat 3: VolkovDmitri (button) (small blind) collected ($11.76)


PokerStars Hand #149687500565:  Hold'em Limit ($3/$6 USD) - 2016/03/01 16:34:36 ET
Table 'Theotes II' 10-max Seat #6 is the button
Seat 2: GRAILKO ($212.19 in chips)
Seat 6: Chessnok ($63.13 in chips)
Chessnok: posts small blind $1
GRAILKO: posts big blind $3
*** HOLE CARDS ***
Chessnok: raises $3 to $6
GRAILKO: calls $3
*** FLOP *** [5c 7c 8h]
S33n0rz leaves the table
GRAILKO: checks
Chessnok: bets $3
GRAILKO: calls $3
*** TURN *** [5c 7c 8h] [7s]
GRAILKO: checks
Chessnok: bets $6
GRAILKO: folds
Uncalled bet ($6) returned to Chessnok
Chessnok collected $17.64 from pot
Chessnok: doesn't show hand
*** SUMMARY ***
Total pot $18 | Rake $0.36
Board [5c 7c 8h 7s]
Seat 2: GRAILKO (big blind) folded on the Turn
Seat 6: Chessnok (button) (small blind) collected ($17.64)


