PokerStars Hand #167725786491:  Hold'em Limit ($3/$6 USD) - 2017/03/17 17:16:46 ET
Table 'Theodora' 6-max Seat #6 is the button
Seat 4: AzureCaper ($72 in chips)
Seat 6: LotsaBalls12 ($50.25 in chips)
LotsaBalls12: posts small blind $1
AzureCaper: posts big blind $3
*** HOLE CARDS ***
LotsaBalls12: calls $2
AzureCaper: checks
*** FLOP *** [Ac 8h 5h]
AzureCaper: checks
LotsaBalls12: checks
*** TURN *** [Ac 8h 5h] [6c]
AzureCaper: checks
LotsaBalls12: checks
*** RIVER *** [Ac 8h 5h 6c] [3d]
AzureCaper: checks
LotsaBalls12: checks
*** SHOW DOWN ***
AzureCaper: shows [4c Th] (high card Ace)
LotsaBalls12: shows [2h Qs] (high card Ace - Queen kicker)
LotsaBalls12 collected $5.88 from pot
*** SUMMARY ***
Total pot $6 | Rake $0.12
Board [Ac 8h 5h 6c 3d]
Seat 4: AzureCaper (big blind) showed [4c Th] and lost with high card Ace
Seat 6: LotsaBalls12 (button) (small blind) showed [2h Qs] and won ($5.88) with high card Ace


PokerStars Hand #167725805592:  Hold'em Limit ($3/$6 USD) - 2017/03/17 17:17:08 ET
Table 'Theodora' 6-max Seat #4 is the button
Seat 4: AzureCaper ($72 in chips)
Seat 6: LotsaBalls12 ($53.13 in chips)
AzureCaper: posts small blind $1
LotsaBalls12: posts big blind $3
*** HOLE CARDS ***
AzureCaper: raises $3 to $6
LotsaBalls12: calls $3
*** FLOP *** [7s 7h As]
LotsaBalls12: checks
AzureCaper: bets $3
LotsaBalls12: calls $3
*** TURN *** [7s 7h As] [4d]
LotsaBalls12: checks
GRAILKO joins the table at seat #1
AzureCaper: checks
*** RIVER *** [7s 7h As 4d] [Ac]
Krazy90 joins the table at seat #2
LotsaBalls12: checks
AzureCaper: checks
*** SHOW DOWN ***
LotsaBalls12: shows [Jh Tc] (two pair, Aces and Sevens)
AzureCaper: shows [Kc Js] (two pair, Aces and Sevens - King kicker)
AzureCaper collected $17.64 from pot
*** SUMMARY ***
Total pot $18 | Rake $0.36
Board [7s 7h As 4d Ac]
Seat 4: AzureCaper (button) (small blind) showed [Kc Js] and won ($17.64) with two pair, Aces and Sevens
Seat 6: LotsaBalls12 (big blind) showed [Jh Tc] and lost with two pair, Aces and Sevens


PokerStars Hand #167726412918:  Hold'em Limit ($3/$6 USD) - 2017/03/17 17:29:03 ET
Table 'Theodora' 6-max Seat #2 is the button
Seat 2: Krazy90 ($121 in chips)
Seat 5: Frank_Stein ($159.42 in chips)
Krazy90: posts small blind $1
AzureCaper: is sitting out
Frank_Stein: posts big blind $3
*** HOLE CARDS ***
MATEKATA2 joins the table at seat #1
Krazy90: folds
Uncalled bet ($2) returned to Frank_Stein
Frank_Stein collected $2 from pot
Frank_Stein: doesn't show hand
*** SUMMARY ***
Total pot $2 | Rake $0
Seat 2: Krazy90 (button) (small blind) folded before Flop
Seat 5: Frank_Stein (big blind) collected ($2)


PokerStars Hand #167726435964:  Hold'em Limit ($3/$6 USD) - 2017/03/17 17:29:31 ET
Table 'Theodora' 6-max Seat #5 is the button
Seat 2: Krazy90 ($120 in chips)
Seat 5: Frank_Stein ($145.42 in chips)
Frank_Stein: posts small blind $1
Krazy90: posts big blind $3
*** HOLE CARDS ***
MATEKATA2 leaves the table
Frank_Stein: raises $3 to $6
Kikimor1220 joins the table at seat #3
Krazy90: calls $3
*** FLOP *** [5h 4h Jc]
Krazy90: checks
Frank_Stein: bets $3
Krazy90: raises $3 to $6
Frank_Stein: calls $3
*** TURN *** [5h 4h Jc] [4d]
Krazy90: bets $6
Frank_Stein: folds
Uncalled bet ($6) returned to Krazy90
Krazy90 collected $23.52 from pot
Krazy90: doesn't show hand
*** SUMMARY ***
Total pot $24 | Rake $0.48
Board [5h 4h Jc 4d]
Seat 2: Krazy90 (big blind) collected ($23.52)
Seat 5: Frank_Stein (button) (small blind) folded on the Turn


