PokerStars Hand #148816684337:  Hold'em Limit ($3/$6 USD) - 2016/02/14 18:06:55 ET
Table 'Theodora' 6-max Seat #1 is the button
Seat 1: DUKEOFORANGE ($67.53 in chips)
Seat 5: Chessnok ($172.85 in chips)
DUKEOFORANGE: posts small blind $1
feel488: is sitting out
PrayFTR: is sitting out
Chessnok: posts big blind $3
*** HOLE CARDS ***
DUKEOFORANGE: folds
Uncalled bet ($2) returned to Chessnok
Chessnok collected $2 from pot
Chessnok: doesn't show hand
feel488 leaves the table
*** SUMMARY ***
Total pot $2 | Rake $0
Seat 1: DUKEOFORANGE (button) (small blind) folded before Flop
Seat 5: Chessnok (big blind) collected ($2)


PokerStars Hand #148816689905:  Hold'em Limit ($3/$6 USD) - 2016/02/14 18:07:01 ET
Table 'Theodora' 6-max Seat #5 is the button
Seat 1: DUKEOFORANGE ($66.53 in chips)
Seat 5: Chessnok ($173.85 in chips)
Chessnok: posts small blind $1
DUKEOFORANGE: posts big blind $3
*** HOLE CARDS ***
PrayFTR leaves the table
Chessnok: raises $3 to $6
DUKEOFORANGE: raises $3 to $9
Rmk1500 leaves the table
Chessnok: calls $3
*** FLOP *** [Ac 9s Kh]
DUKEOFORANGE: bets $3
zugswang64 joins the table at seat #4
Chessnok: calls $3
*** TURN *** [Ac 9s Kh] [4d]
DUKEOFORANGE: bets $6
Chessnok: calls $6
*** RIVER *** [Ac 9s Kh 4d] [5c]
DUKEOFORANGE: checks
Chessnok: checks
*** SHOW DOWN ***
DUKEOFORANGE: shows [6h Kc] (a pair of Kings)
Chessnok: mucks hand
DUKEOFORANGE collected $35.50 from pot
*** SUMMARY ***
Total pot $36 | Rake $0.50
Board [Ac 9s Kh 4d 5c]
Seat 1: DUKEOFORANGE (big blind) showed [6h Kc] and won ($35.50) with a pair of Kings
Seat 5: Chessnok (button) (small blind) mucked


