PokerStars Hand #145800534598:  Hold'em Limit ($3/$6 USD) - 2015/12/23 12:47:32 ET
Table 'Thernoe' 6-max Seat #6 is the button
Seat 4: SpeedKing78 ($136.50 in chips)
Seat 6: pokkermon ($64.53 in chips)
pokkermon: posts small blind $1
SpeedKing78: posts big blind $3
*** HOLE CARDS ***
pokkermon: folds
Uncalled bet ($2) returned to SpeedKing78
SpeedKing78 collected $2 from pot
SpeedKing78: doesn't show hand
*** SUMMARY ***
Total pot $2 | Rake $0
Seat 4: SpeedKing78 (big blind) collected ($2)
Seat 6: pokkermon (button) (small blind) folded before Flop


PokerStars Hand #145800516011:  Hold'em Limit ($3/$6 USD) - 2015/12/23 12:47:10 ET
Table 'Thernoe' 6-max Seat #4 is the button
Seat 4: SpeedKing78 ($113 in chips)
Seat 6: pokkermon ($88.53 in chips)
SpeedKing78: posts small blind $1
pokkermon: posts big blind $3
*** HOLE CARDS ***
SpeedKing78: raises $3 to $6
pokkermon: raises $3 to $9
SpeedKing78: calls $3
*** FLOP *** [3c Qs 3h]
pokkermon: bets $3
SpeedKing78: calls $3
*** TURN *** [3c Qs 3h] [7d]
pokkermon: bets $6
SpeedKing78: calls $6
*** RIVER *** [3c Qs 3h 7d] [5s]
pokkermon: bets $6
SpeedKing78: calls $6
*** SHOW DOWN ***
pokkermon: shows [Ah Kh] (a pair of Threes)
SpeedKing78: shows [7h 6s] (two pair, Sevens and Threes)
SpeedKing78 collected $47.50 from pot
*** SUMMARY ***
Total pot $48 | Rake $0.50
Board [3c Qs 3h 7d 5s]
Seat 4: SpeedKing78 (button) (small blind) showed [7h 6s] and won ($47.50) with two pair, Sevens and Threes
Seat 6: pokkermon (big blind) showed [Ah Kh] and lost with a pair of Threes


PokerStars Hand #145800501933:  Hold'em Limit ($3/$6 USD) - 2015/12/23 12:46:55 ET
Table 'Thernoe' 6-max Seat #6 is the button
Seat 4: SpeedKing78 ($119 in chips)
Seat 6: pokkermon ($82.77 in chips)
pokkermon: posts small blind $1
korrnel: is sitting out
SpeedKing78: posts big blind $3
*** HOLE CARDS ***
pokkermon: raises $3 to $6
SpeedKing78: calls $3
*** FLOP *** [Jh 3c 9s]
korrnel leaves the table
SpeedKing78: checks
pokkermon: bets $3
SpeedKing78: folds
Uncalled bet ($3) returned to pokkermon
pokkermon collected $11.76 from pot
pokkermon: doesn't show hand
*** SUMMARY ***
Total pot $12 | Rake $0.24
Board [Jh 3c 9s]
Seat 4: SpeedKing78 (big blind) folded on the Flop
Seat 6: pokkermon (button) (small blind) collected ($11.76)


PokerStars Hand #145800584674:  Hold'em Limit ($3/$6 USD) - 2015/12/23 12:48:29 ET
Table 'Thernoe' 6-max Seat #4 is the button
Seat 4: SpeedKing78 ($153 in chips)
Seat 6: pokkermon ($47.53 in chips)
SpeedKing78: posts small blind $1
pokkermon: posts big blind $3
*** HOLE CARDS ***
SpeedKing78: raises $3 to $6
pokkermon: raises $3 to $9
SpeedKing78: raises $3 to $12
Betting is capped
pokkermon: calls $3
*** FLOP *** [Qd 2d 2h]
pokkermon: checks
SpeedKing78: bets $3
pokkermon: folds
Uncalled bet ($3) returned to SpeedKing78
SpeedKing78 collected $23.52 from pot
SpeedKing78: doesn't show hand
*** SUMMARY ***
Total pot $24 | Rake $0.48
Board [Qd 2d 2h]
Seat 4: SpeedKing78 (button) (small blind) collected ($23.52)
Seat 6: pokkermon (big blind) folded on the Flop


PokerStars Hand #145800580975:  Hold'em Limit ($3/$6 USD) - 2015/12/23 12:48:24 ET
Table 'Thernoe' 6-max Seat #6 is the button
Seat 4: SpeedKing78 ($152 in chips)
Seat 6: pokkermon ($48.53 in chips)
pokkermon: posts small blind $1
SpeedKing78: posts big blind $3
*** HOLE CARDS ***
pokkermon: folds
Uncalled bet ($2) returned to SpeedKing78
SpeedKing78 collected $2 from pot
SpeedKing78: doesn't show hand
*** SUMMARY ***
Total pot $2 | Rake $0
Seat 4: SpeedKing78 (big blind) collected ($2)
Seat 6: pokkermon (button) (small blind) folded before Flop


PokerStars Hand #145800576153:  Hold'em Limit ($3/$6 USD) - 2015/12/23 12:48:19 ET
Table 'Thernoe' 6-max Seat #4 is the button
Seat 4: SpeedKing78 ($149 in chips)
Seat 6: pokkermon ($51.53 in chips)
SpeedKing78: posts small blind $1
pokkermon: posts big blind $3
*** HOLE CARDS ***
SpeedKing78: raises $3 to $6
pokkermon: folds
Uncalled bet ($3) returned to SpeedKing78
SpeedKing78 collected $6 from pot
SpeedKing78: doesn't show hand
*** SUMMARY ***
Total pot $6 | Rake $0
Seat 4: SpeedKing78 (button) (small blind) collected ($6)
Seat 6: pokkermon (big blind) folded before Flop


PokerStars Hand #145800569665:  Hold'em Limit ($3/$6 USD) - 2015/12/23 12:48:12 ET
Table 'Thernoe' 6-max Seat #6 is the button
Seat 4: SpeedKing78 ($152 in chips)
Seat 6: pokkermon ($48.53 in chips)
pokkermon: posts small blind $1
SpeedKing78: posts big blind $3
*** HOLE CARDS ***
pokkermon: raises $3 to $6
SpeedKing78: folds
Uncalled bet ($3) returned to pokkermon
pokkermon collected $6 from pot
pokkermon: doesn't show hand
*** SUMMARY ***
Total pot $6 | Rake $0
Seat 4: SpeedKing78 (big blind) folded before Flop
Seat 6: pokkermon (button) (small blind) collected ($6)


PokerStars Hand #145800542301:  Hold'em Limit ($3/$6 USD) - 2015/12/23 12:47:40 ET
Table 'Thernoe' 6-max Seat #4 is the button
Seat 4: SpeedKing78 ($137.50 in chips)
Seat 6: pokkermon ($63.53 in chips)
SpeedKing78: posts small blind $1
pokkermon: posts big blind $3
*** HOLE CARDS ***
SpeedKing78: raises $3 to $6
pokkermon: calls $3
*** FLOP *** [3s 7s 9h]
pokkermon: checks
SpeedKing78: bets $3
pokkermon: calls $3
*** TURN *** [3s 7s 9h] [6c]
pokkermon: checks
SpeedKing78: bets $6
pokkermon: calls $6
*** RIVER *** [3s 7s 9h 6c] [Qd]
pokkermon: checks
SpeedKing78: checks
*** SHOW DOWN ***
pokkermon: shows [3d As] (a pair of Threes)
SpeedKing78: shows [8s 7h] (a pair of Sevens)
SpeedKing78 collected $29.50 from pot
*** SUMMARY ***
Total pot $30 | Rake $0.50
Board [3s 7s 9h 6c Qd]
Seat 4: SpeedKing78 (button) (small blind) showed [8s 7h] and won ($29.50) with a pair of Sevens
Seat 6: pokkermon (big blind) showed [3d As] and lost with a pair of Threes


PokerStars Hand #145800649833:  Hold'em Limit ($3/$6 USD) - 2015/12/23 12:49:42 ET
Table 'Thernoe' 6-max Seat #6 is the button
Seat 3: Miele104 ($120 in chips)
Seat 6: pokkermon ($35.53 in chips)
pokkermon: posts small blind $1
Miele104: posts big blind $3
*** HOLE CARDS ***
pokkermon: raises $3 to $6
Miele104: calls $3
*** FLOP *** [3h 7c 4d]
Miele104: checks
pokkermon: bets $3
Miele104: folds
Uncalled bet ($3) returned to pokkermon
pokkermon collected $11.76 from pot
pokkermon: doesn't show hand
*** SUMMARY ***
Total pot $12 | Rake $0.24
Board [3h 7c 4d]
Seat 3: Miele104 (big blind) folded on the Flop
Seat 6: pokkermon (button) (small blind) collected ($11.76)


PokerStars Hand #145800628062:  Hold'em Limit ($3/$6 USD) - 2015/12/23 12:49:18 ET
Table 'Thernoe' 6-max Seat #4 is the button
Seat 4: SpeedKing78 ($191.02 in chips)
Seat 6: pokkermon ($8.53 in chips)
SpeedKing78: posts small blind $1
pokkermon: posts big blind $3
*** HOLE CARDS ***
SpeedKing78: raises $3 to $6
pokkermon: folds
Uncalled bet ($3) returned to SpeedKing78
SpeedKing78 collected $6 from pot
SpeedKing78: doesn't show hand
*** SUMMARY ***
Total pot $6 | Rake $0
Seat 4: SpeedKing78 (button) (small blind) collected ($6)
Seat 6: pokkermon (big blind) folded before Flop


PokerStars Hand #145800601209:  Hold'em Limit ($3/$6 USD) - 2015/12/23 12:48:47 ET
Table 'Thernoe' 6-max Seat #6 is the button
Seat 4: SpeedKing78 ($164.52 in chips)
Seat 6: pokkermon ($35.53 in chips)
pokkermon: posts small blind $1
SpeedKing78: posts big blind $3
*** HOLE CARDS ***
pokkermon: raises $3 to $6
SpeedKing78: calls $3
*** FLOP *** [6s 3h 8h]
SpeedKing78: checks
pokkermon: bets $3
SpeedKing78: calls $3
*** TURN *** [6s 3h 8h] [8s]
SpeedKing78: bets $6
pokkermon: raises $6 to $12
SpeedKing78: calls $6
*** RIVER *** [6s 3h 8h 8s] [3d]
SpeedKing78: checks
pokkermon: bets $6
SpeedKing78: calls $6
*** SHOW DOWN ***
pokkermon: shows [5c 7c] (two pair, Eights and Threes)
SpeedKing78: shows [6h 4c] (two pair, Eights and Sixes)
SpeedKing78 collected $53.50 from pot
*** SUMMARY ***
Total pot $54 | Rake $0.50
Board [6s 3h 8h 8s 3d]
Seat 4: SpeedKing78 (big blind) showed [6h 4c] and won ($53.50) with two pair, Eights and Sixes
Seat 6: pokkermon (button) (small blind) showed [5c 7c] and lost with two pair, Eights and Threes


PokerStars Hand #145800716223:  Hold'em Limit ($3/$6 USD) - 2015/12/23 12:50:59 ET
Table 'Thernoe' 6-max Seat #4 is the button
Seat 3: Miele104 ($119.46 in chips)
Seat 4: SpeedKing78 ($175.02 in chips)
SpeedKing78: posts small blind $1
pokkermon: is sitting out
Miele104: posts big blind $3
*** HOLE CARDS ***
pokkermon leaves the table
SpeedKing78: folds
Uncalled bet ($2) returned to Miele104
Miele104 collected $2 from pot
Miele104: doesn't show hand
*** SUMMARY ***
Total pot $2 | Rake $0
Seat 3: Miele104 (big blind) collected ($2)
Seat 4: SpeedKing78 (button) (small blind) folded before Flop


PokerStars Hand #145800721048:  Hold'em Limit ($3/$6 USD) - 2015/12/23 12:51:04 ET
Table 'Thernoe' 6-max Seat #3 is the button
Seat 3: Miele104 ($120.46 in chips)
Seat 4: SpeedKing78 ($174.02 in chips)
Miele104: posts small blind $1
SpeedKing78: posts big blind $3
*** HOLE CARDS ***
Miele104: folds
Uncalled bet ($2) returned to SpeedKing78
SpeedKing78 collected $2 from pot
SpeedKing78: doesn't show hand
*** SUMMARY ***
Total pot $2 | Rake $0
Seat 3: Miele104 (button) (small blind) folded before Flop
Seat 4: SpeedKing78 (big blind) collected ($2)


