PokerStars Hand #168105715723:  Hold'em Limit ($3/$6 USD) - 2017/03/25 17:14:19 ET
Table 'Theresia' 6-max Seat #1 is the button
Seat 1: Moodymud ($60 in chips)
Seat 4: FHstyles ($60 in chips)
Moodymud: posts small blind $1
FHstyles: posts big blind $3
*** HOLE CARDS ***
Moodymud: raises $3 to $6
FHstyles: raises $3 to $9
Moodymud: calls $3
*** FLOP *** [3d 4c As]
FHstyles: bets $3
Moodymud: calls $3
*** TURN *** [3d 4c As] [6c]
FHstyles: bets $6
Moodymud: raises $6 to $12
FHstyles: calls $6
*** RIVER *** [3d 4c As 6c] [6h]
mistere3 joins the table at seat #3
FHstyles: checks
Moodymud: bets $6
FHstyles: calls $6
*** SHOW DOWN ***
Moodymud: shows [6s 9d] (three of a kind, Sixes)
FHstyles: mucks hand
Moodymud collected $59.50 from pot
*** SUMMARY ***
Total pot $60 | Rake $0.50
Board [3d 4c As 6c 6h]
Seat 1: Moodymud (button) (small blind) showed [6s 9d] and won ($59.50) with three of a kind, Sixes
Seat 4: FHstyles (big blind) mucked


PokerStars Hand #168105740989:  Hold'em Limit ($3/$6 USD) - 2017/03/25 17:14:49 ET
Table 'Theresia' 6-max Seat #4 is the button
Seat 1: Moodymud ($89.50 in chips)
Seat 4: FHstyles ($30 in chips)
FHstyles: posts small blind $1
Moodymud: posts big blind $3
*** HOLE CARDS ***
FHstyles: raises $3 to $6
Moodymud: calls $3
*** FLOP *** [4d Ah 4h]
Moodymud: checks
FHstyles said, "die shtface"
FHstyles: bets $3
Moodymud: folds
Uncalled bet ($3) returned to FHstyles
FHstyles collected $11.76 from pot
FHstyles: doesn't show hand
*** SUMMARY ***
Total pot $12 | Rake $0.24
Board [4d Ah 4h]
Seat 1: Moodymud (big blind) folded on the Flop
Seat 4: FHstyles (button) (small blind) collected ($11.76)


