PokerStars Hand #149620685793:  Hold'em Limit ($3/$6 USD) - 2016/02/29 12:48:16 ET
Table 'Theresia II' 6-max Seat #3 is the button
Seat 3: skanQ ($120 in chips)
Seat 5: PeteSvensson ($120 in chips)
skanQ: posts small blind $1
PeteSvensson: posts big blind $3
*** HOLE CARDS ***
skanQ: calls $2
PeteSvensson: checks
*** FLOP *** [5s Qd Ad]
PeteSvensson: checks
skanQ: bets $3
PeteSvensson: raises $3 to $6
skanQ: folds
Uncalled bet ($3) returned to PeteSvensson
Eklund_1891 joins the table at seat #4
PeteSvensson collected $11.76 from pot
*** SUMMARY ***
Total pot $12 | Rake $0.24
Board [5s Qd Ad]
Seat 3: skanQ (button) (small blind) folded on the Flop
Seat 5: PeteSvensson (big blind) collected ($11.76)


PokerStars Hand #149632335531:  Hold'em Limit ($3/$6 USD) - 2016/02/29 15:58:47 ET
Table 'Theresia II' 6-max Seat #5 is the button
Seat 2: Diamantstier ($139.17 in chips)
Seat 5: Miele104 ($284.50 in chips)
Miele104: posts small blind $1
Diamantstier: posts big blind $3
*** HOLE CARDS ***
Miele104: folds
Uncalled bet ($2) returned to Diamantstier
Miele104 leaves the table
MilPopov joins the table at seat #4
Diamantstier collected $2 from pot
Diamantstier: doesn't show hand
*** SUMMARY ***
Total pot $2 | Rake $0
Seat 2: Diamantstier (big blind) collected ($2)
Seat 5: Miele104 (button) (small blind) folded before Flop


PokerStars Hand #149632365271:  Hold'em Limit ($3/$6 USD) - 2016/02/29 15:59:21 ET
Table 'Theresia II' 6-max Seat #4 is the button
Seat 2: Diamantstier ($151.69 in chips)
Seat 4: MilPopov ($30 in chips)
MilPopov: posts small blind $1
Diamantstier: posts big blind $3
*** HOLE CARDS ***
MilPopov: raises $3 to $6
Diamantstier: folds
Uncalled bet ($3) returned to MilPopov
MilPopov collected $6 from pot
MilPopov: doesn't show hand
*** SUMMARY ***
Total pot $6 | Rake $0
Seat 2: Diamantstier (big blind) folded before Flop
Seat 4: MilPopov (button) (small blind) collected ($6)


PokerStars Hand #149632341005:  Hold'em Limit ($3/$6 USD) - 2016/02/29 15:58:53 ET
Table 'Theresia II' 6-max Seat #2 is the button
Seat 2: Diamantstier ($140.17 in chips)
Seat 4: MilPopov ($42 in chips)
Diamantstier: posts small blind $1
MilPopov: posts big blind $3
*** HOLE CARDS ***
Diamantstier: calls $2
MilPopov: checks
*** FLOP *** [Kd 8c 7c]
MilPopov: checks
Diamantstier: bets $3
MilPopov: calls $3
*** TURN *** [Kd 8c 7c] [6d]
MilPopov: checks
Diamantstier: bets $6
MilPopov: calls $6
*** RIVER *** [Kd 8c 7c 6d] [Kh]
MilPopov: checks
Diamantstier: checks
*** SHOW DOWN ***
MilPopov: shows [7s 9d] (two pair, Kings and Sevens)
Diamantstier: shows [8s 7d] (two pair, Kings and Eights)
Diamantstier collected $23.52 from pot
*** SUMMARY ***
Total pot $24 | Rake $0.48
Board [Kd 8c 7c 6d Kh]
Seat 2: Diamantstier (button) (small blind) showed [8s 7d] and won ($23.52) with two pair, Kings and Eights
Seat 4: MilPopov (big blind) showed [7s 9d] and lost with two pair, Kings and Sevens


PokerStars Hand #149632422644:  Hold'em Limit ($3/$6 USD) - 2016/02/29 16:00:26 ET
Table 'Theresia II' 6-max Seat #2 is the button
Seat 2: Diamantstier ($166.19 in chips)
Seat 4: MilPopov ($15 in chips)
Diamantstier: posts small blind $1
Zubasa07 was removed from the table for failing to post
MilPopov: posts big blind $3
*** HOLE CARDS ***
Diamantstier: folds
Uncalled bet ($2) returned to MilPopov
MilPopov collected $2 from pot
MilPopov: doesn't show hand
*** SUMMARY ***
Total pot $2 | Rake $0
Seat 2: Diamantstier (button) (small blind) folded before Flop
Seat 4: MilPopov (big blind) collected ($2)


PokerStars Hand #149632409613:  Hold'em Limit ($3/$6 USD) - 2016/02/29 16:00:11 ET
Table 'Theresia II' 6-max Seat #4 is the button
Seat 2: Diamantstier ($169.19 in chips)
Seat 4: MilPopov ($12 in chips)
MilPopov: posts small blind $1
Diamantstier: posts big blind $3
*** HOLE CARDS ***
MilPopov: raises $3 to $6
Diamantstier: folds
Uncalled bet ($3) returned to MilPopov
MilPopov collected $6 from pot
MilPopov: doesn't show hand
*** SUMMARY ***
Total pot $6 | Rake $0
Seat 2: Diamantstier (big blind) folded before Flop
Seat 4: MilPopov (button) (small blind) collected ($6)


PokerStars Hand #149632374814:  Hold'em Limit ($3/$6 USD) - 2016/02/29 15:59:32 ET
Table 'Theresia II' 6-max Seat #2 is the button
Seat 2: Diamantstier ($148.69 in chips)
Seat 4: MilPopov ($33 in chips)
Diamantstier: posts small blind $1
MilPopov: posts big blind $3
*** HOLE CARDS ***
Diamantstier: raises $3 to $6
MilPopov: calls $3
*** FLOP *** [3h 9d Th]
MilPopov: checks
Diamantstier: bets $3
MilPopov: calls $3
*** TURN *** [3h 9d Th] [2c]
MilPopov: bets $6
Diamantstier: calls $6
*** RIVER *** [3h 9d Th 2c] [Qc]
MilPopov: bets $6
Diamantstier: raises $6 to $12
MilPopov: folds
Uncalled bet ($6) returned to Diamantstier
Diamantstier collected $41.50 from pot
Diamantstier: doesn't show hand
*** SUMMARY ***
Total pot $42 | Rake $0.50
Board [3h 9d Th 2c Qc]
Seat 2: Diamantstier (button) (small blind) collected ($41.50)
Seat 4: MilPopov (big blind) folded on the River


PokerStars Hand #149632433278:  Hold'em Limit ($3/$6 USD) - 2016/02/29 16:00:37 ET
Table 'Theresia II' 6-max Seat #4 is the button
Seat 2: Diamantstier ($165.19 in chips)
Seat 4: MilPopov ($16 in chips)
MilPopov: posts small blind $1
Diamantstier: posts big blind $3
*** HOLE CARDS ***
MilPopov: raises $3 to $6
Diamantstier: folds
Uncalled bet ($3) returned to MilPopov
MilPopov collected $6 from pot
MilPopov: doesn't show hand
*** SUMMARY ***
Total pot $6 | Rake $0
Seat 2: Diamantstier (big blind) folded before Flop
Seat 4: MilPopov (button) (small blind) collected ($6)


PokerStars Hand #149632450761:  Hold'em Limit ($3/$6 USD) - 2016/02/29 16:00:56 ET
Table 'Theresia II' 6-max Seat #2 is the button
Seat 2: Diamantstier ($162.19 in chips)
Seat 4: MilPopov ($19 in chips)
Diamantstier: posts small blind $1
MilPopov: posts big blind $3
*** HOLE CARDS ***
Diamantstier: raises $3 to $6
MilPopov: raises $3 to $9
Diamantstier: calls $3
*** FLOP *** [Ac 9c 8c]
MilPopov: bets $3
Diamantstier: calls $3
*** TURN *** [Ac 9c 8c] [Js]
MilPopov: bets $6
Diamantstier: calls $6
*** RIVER *** [Ac 9c 8c Js] [Ad]
MilPopov: bets $1 and is all-in
Diamantstier: folds
Uncalled bet ($1) returned to MilPopov
MilPopov collected $35.50 from pot
MilPopov: doesn't show hand
*** SUMMARY ***
Total pot $36 | Rake $0.50
Board [Ac 9c 8c Js Ad]
Seat 2: Diamantstier (button) (small blind) folded on the River
Seat 4: MilPopov (big blind) collected ($35.50)


PokerStars Hand #149632522317:  Hold'em Limit ($3/$6 USD) - 2016/02/29 16:02:06 ET
Table 'Theresia II' 6-max Seat #2 is the button
Seat 2: Diamantstier ($141.19 in chips)
Seat 4: MilPopov ($39.50 in chips)
Diamantstier: posts small blind $1
MilPopov: posts big blind $3
*** HOLE CARDS ***
Diamantstier: raises $3 to $6
MilPopov: calls $3
*** FLOP *** [3s 8h 6c]
MilPopov: checks
Diamantstier: bets $3
MilPopov: calls $3
*** TURN *** [3s 8h 6c] [2s]
MilPopov: checks
Diamantstier: bets $6
MilPopov: folds
Uncalled bet ($6) returned to Diamantstier
Diamantstier collected $17.64 from pot
Diamantstier: doesn't show hand
*** SUMMARY ***
Total pot $18 | Rake $0.36
Board [3s 8h 6c 2s]
Seat 2: Diamantstier (button) (small blind) collected ($17.64)
Seat 4: MilPopov (big blind) folded on the Turn


PokerStars Hand #149632509050:  Hold'em Limit ($3/$6 USD) - 2016/02/29 16:01:54 ET
Table 'Theresia II' 6-max Seat #4 is the button
Seat 2: Diamantstier ($144.19 in chips)
Seat 4: MilPopov ($36.50 in chips)
MilPopov: posts small blind $1
Diamantstier: posts big blind $3
*** HOLE CARDS ***
MilPopov: raises $3 to $6
Diamantstier: folds
Uncalled bet ($3) returned to MilPopov
MilPopov collected $6 from pot
MilPopov: doesn't show hand
*** SUMMARY ***
Total pot $6 | Rake $0
Seat 2: Diamantstier (big blind) folded before Flop
Seat 4: MilPopov (button) (small blind) collected ($6)


PokerStars Hand #149632632535:  Hold'em Limit ($3/$6 USD) - 2016/02/29 16:03:50 ET
Table 'Theresia II' 6-max Seat #4 is the button
Seat 2: Diamantstier ($151.33 in chips)
Seat 4: MilPopov ($28.02 in chips)
MilPopov: posts small blind $1
Diamantstier: posts big blind $3
*** HOLE CARDS ***
MilPopov: raises $3 to $6
Diamantstier: folds
Uncalled bet ($3) returned to MilPopov
MilPopov collected $6 from pot
MilPopov: doesn't show hand
*** SUMMARY ***
Total pot $6 | Rake $0
Seat 2: Diamantstier (big blind) folded before Flop
Seat 4: MilPopov (button) (small blind) collected ($6)


PokerStars Hand #149632588601:  Hold'em Limit ($3/$6 USD) - 2016/02/29 16:03:10 ET
Table 'Theresia II' 6-max Seat #4 is the button
Seat 2: Diamantstier ($142.83 in chips)
Seat 4: MilPopov ($37.26 in chips)
MilPopov: posts small blind $1
Diamantstier: posts big blind $3
*** HOLE CARDS ***
MilPopov: raises $3 to $6
Diamantstier: calls $3
*** FLOP *** [9c 6h Qc]
Diamantstier: checks
MilPopov: bets $3
Diamantstier: folds
Uncalled bet ($3) returned to MilPopov
MilPopov collected $11.76 from pot
MilPopov: doesn't show hand
*** SUMMARY ***
Total pot $12 | Rake $0.24
Board [9c 6h Qc]
Seat 2: Diamantstier (big blind) folded on the Flop
Seat 4: MilPopov (button) (small blind) collected ($11.76)


PokerStars Hand #149632603343:  Hold'em Limit ($3/$6 USD) - 2016/02/29 16:03:23 ET
Table 'Theresia II' 6-max Seat #2 is the button
Seat 2: Diamantstier ($136.83 in chips)
Seat 4: MilPopov ($43.02 in chips)
Diamantstier: posts small blind $1
MilPopov: posts big blind $3
*** HOLE CARDS ***
Diamantstier: raises $3 to $6
MilPopov: calls $3
*** FLOP *** [Jc 5c Qd]
MilPopov: checks
Diamantstier: bets $3
MilPopov: calls $3
*** TURN *** [Jc 5c Qd] [9c]
alexfer999 joins the table at seat #3
MilPopov: checks
Diamantstier: checks
*** RIVER *** [Jc 5c Qd 9c] [Jh]
MilPopov: bets $6
Diamantstier: calls $6
*** SHOW DOWN ***
MilPopov: shows [6d Kd] (a pair of Jacks)
Diamantstier: shows [4s 4h] (two pair, Jacks and Fours)
Diamantstier collected $29.50 from pot
*** SUMMARY ***
Total pot $30 | Rake $0.50
Board [Jc 5c Qd 9c Jh]
Seat 2: Diamantstier (button) (small blind) showed [4s 4h] and won ($29.50) with two pair, Jacks and Fours
Seat 4: MilPopov (big blind) showed [6d Kd] and lost with a pair of Jacks


PokerStars Hand #149632581280:  Hold'em Limit ($3/$6 USD) - 2016/02/29 16:03:03 ET
Table 'Theresia II' 6-max Seat #2 is the button
Seat 2: Diamantstier ($143.83 in chips)
Seat 4: MilPopov ($36.26 in chips)
Diamantstier: posts small blind $1
MilPopov: posts big blind $3
*** HOLE CARDS ***
Diamantstier: folds
Uncalled bet ($2) returned to MilPopov
MilPopov collected $2 from pot
MilPopov: doesn't show hand
*** SUMMARY ***
Total pot $2 | Rake $0
Seat 2: Diamantstier (button) (small blind) folded before Flop
Seat 4: MilPopov (big blind) collected ($2)


PokerStars Hand #149632547137:  Hold'em Limit ($3/$6 USD) - 2016/02/29 16:02:30 ET
Table 'Theresia II' 6-max Seat #4 is the button
Seat 2: Diamantstier ($149.83 in chips)
Seat 4: MilPopov ($30.50 in chips)
MilPopov: posts small blind $1
Diamantstier: posts big blind $3
*** HOLE CARDS ***
MilPopov: raises $3 to $6
Diamantstier: calls $3
*** FLOP *** [Jd 4d Qs]
Diamantstier: checks
MilPopov: bets $3
Diamantstier: folds
Uncalled bet ($3) returned to MilPopov
MilPopov collected $11.76 from pot
MilPopov: doesn't show hand
*** SUMMARY ***
Total pot $12 | Rake $0.24
Board [Jd 4d Qs]
Seat 2: Diamantstier (big blind) folded on the Flop
Seat 4: MilPopov (button) (small blind) collected ($11.76)


PokerStars Hand #149635137102:  Hold'em Limit ($3/$6 USD) - 2016/02/29 16:43:24 ET
Table 'Theresia II' 6-max Seat #3 is the button
Seat 2: Diamantstier ($78.19 in chips)
Seat 3: alexfer999 ($53.63 in chips)
alexfer999: posts small blind $1
Df_master: is sitting out
Diamantstier: posts big blind $3
*** HOLE CARDS ***
alexfer999: raises $3 to $6
Diamantstier: raises $3 to $9
alexfer999: raises $3 to $12
Betting is capped
Diamantstier: calls $3
*** FLOP *** [5c 3d 6s]
Diamantstier: checks
alexfer999: bets $3
Diamantstier: calls $3
*** TURN *** [5c 3d 6s] [9d]
Diamantstier: checks
alexfer999: bets $6
Diamantstier: calls $6
*** RIVER *** [5c 3d 6s 9d] [Jd]
Diamantstier: checks
alexfer999: bets $6
Diamantstier: calls $6
*** SHOW DOWN ***
alexfer999: shows [Jh Jc] (three of a kind, Jacks)
Diamantstier: mucks hand
alexfer999 collected $53.50 from pot
*** SUMMARY ***
Total pot $54 | Rake $0.50
Board [5c 3d 6s 9d Jd]
Seat 2: Diamantstier (big blind) mucked
Seat 3: alexfer999 (button) (small blind) showed [Jh Jc] and won ($53.50) with three of a kind, Jacks


PokerStars Hand #149635170623:  Hold'em Limit ($3/$6 USD) - 2016/02/29 16:43:57 ET
Table 'Theresia II' 6-max Seat #2 is the button
Seat 2: Diamantstier ($51.19 in chips)
Seat 3: alexfer999 ($80.13 in chips)
Diamantstier: posts small blind $1
alexfer999: posts big blind $3
*** HOLE CARDS ***
Diamantstier: raises $3 to $6
alexfer999: calls $3
*** FLOP *** [Ah Jd 3s]
alexfer999: checks
Diamantstier: bets $3
alexfer999: calls $3
*** TURN *** [Ah Jd 3s] [2s]
alexfer999: checks
Diamantstier: bets $6
alexfer999: calls $6
*** RIVER *** [Ah Jd 3s 2s] [2c]
alexfer999: checks
Diamantstier: bets $6
alexfer999: calls $6
*** SHOW DOWN ***
Diamantstier: shows [Ts Tc] (two pair, Tens and Deuces)
alexfer999: shows [5c Ad] (two pair, Aces and Deuces)
alexfer999 collected $41.50 from pot
*** SUMMARY ***
Total pot $42 | Rake $0.50
Board [Ah Jd 3s 2s 2c]
Seat 2: Diamantstier (button) (small blind) showed [Ts Tc] and lost with two pair, Tens and Deuces
Seat 3: alexfer999 (big blind) showed [5c Ad] and won ($41.50) with two pair, Aces and Deuces


