PokerStars Hand #160341591361:  Hold'em Limit ($3/$6 USD) - 2016/10/23 15:42:02 ET
Table 'Thernoe' 6-max Seat #4 is the button
Seat 4: Koraseg ($119.64 in chips)
Seat 6: mogoallin ($191.76 in chips)
Koraseg: posts small blind $1
mogoallin: posts big blind $3
*** HOLE CARDS ***
Koraseg: raises $3 to $6
mogoallin: raises $3 to $9
Koraseg: calls $3
*** FLOP *** [4s 5c 5s]
mogoallin: bets $3
vestimokrec joins the table at seat #1
Koraseg: raises $3 to $6
mogoallin: calls $3
*** TURN *** [4s 5c 5s] [9h]
mogoallin: checks
Koraseg: bets $6
mogoallin: folds
Uncalled bet ($6) returned to Koraseg
Koraseg collected $29.50 from pot
Koraseg: doesn't show hand
*** SUMMARY ***
Total pot $30 | Rake $0.50
Board [4s 5c 5s 9h]
Seat 4: Koraseg (button) (small blind) collected ($29.50)
Seat 6: mogoallin (big blind) folded on the Turn


PokerStars Hand #160341584757:  Hold'em Limit ($3/$6 USD) - 2016/10/23 15:41:55 ET
Table 'Thernoe' 6-max Seat #6 is the button
Seat 4: Koraseg ($122.64 in chips)
Seat 6: mogoallin ($188.76 in chips)
mogoallin: posts small blind $1
Koraseg: posts big blind $3
*** HOLE CARDS ***
mogoallin: raises $3 to $6
Koraseg: folds
Uncalled bet ($3) returned to mogoallin
mogoallin collected $6 from pot
mogoallin: doesn't show hand
*** SUMMARY ***
Total pot $6 | Rake $0
Seat 4: Koraseg (big blind) folded before Flop
Seat 6: mogoallin (button) (small blind) collected ($6)


PokerStars Hand #160341570778:  Hold'em Limit ($3/$6 USD) - 2016/10/23 15:41:42 ET
Table 'Thernoe' 6-max Seat #4 is the button
Seat 4: Koraseg ($114 in chips)
Seat 6: mogoallin ($197.76 in chips)
Koraseg: posts small blind $1
mogoallin: posts big blind $3
*** HOLE CARDS ***
Koraseg: raises $3 to $6
mogoallin: calls $3
*** FLOP *** [6c Ks 4s]
mogoallin: checks
Koraseg: bets $3
mogoallin: calls $3
*** TURN *** [6c Ks 4s] [Qc]
mogoallin: checks
Koraseg: checks
*** RIVER *** [6c Ks 4s Qc] [Jc]
mogoallin: checks
Koraseg: checks
*** SHOW DOWN ***
mogoallin: shows [Ah 7c] (high card Ace)
Koraseg: shows [Jh 3d] (a pair of Jacks)
Koraseg collected $17.64 from pot
*** SUMMARY ***
Total pot $18 | Rake $0.36
Board [6c Ks 4s Qc Jc]
Seat 4: Koraseg (button) (small blind) showed [Jh 3d] and won ($17.64) with a pair of Jacks
Seat 6: mogoallin (big blind) showed [Ah 7c] and lost with high card Ace


PokerStars Hand #160341629959:  Hold'em Limit ($3/$6 USD) - 2016/10/23 15:42:40 ET
Table 'Thernoe' 6-max Seat #4 is the button
Seat 4: Koraseg ($157.64 in chips)
Seat 6: mogoallin ($152.76 in chips)
Koraseg: posts small blind $1
mogoallin: posts big blind $3
*** HOLE CARDS ***
Koraseg: raises $3 to $6
mogoallin: folds
Uncalled bet ($3) returned to Koraseg
Koraseg collected $6 from pot
Koraseg: doesn't show hand
*** SUMMARY ***
Total pot $6 | Rake $0
Seat 4: Koraseg (button) (small blind) collected ($6)
Seat 6: mogoallin (big blind) folded before Flop


PokerStars Hand #160341608690:  Hold'em Limit ($3/$6 USD) - 2016/10/23 15:42:19 ET
Table 'Thernoe' 6-max Seat #6 is the button
Seat 4: Koraseg ($134.14 in chips)
Seat 6: mogoallin ($176.76 in chips)
mogoallin: posts small blind $1
Koraseg: posts big blind $3
*** HOLE CARDS ***
mogoallin: raises $3 to $6
Koraseg: calls $3
*** FLOP *** [Ts 8c 6s]
Koraseg: checks
mogoallin: bets $3
Koraseg: raises $3 to $6
mogoallin: calls $3
*** TURN *** [Ts 8c 6s] [5s]
Koraseg: bets $6
mogoallin: calls $6
*** RIVER *** [Ts 8c 6s 5s] [5d]
Koraseg: bets $6
mogoallin: calls $6
*** SHOW DOWN ***
Koraseg: shows [9d 7h] (a straight, Six to Ten)
mogoallin: mucks hand
Koraseg collected $47.50 from pot
fsreibnitz joins the table at seat #3
*** SUMMARY ***
Total pot $48 | Rake $0.50
Board [Ts 8c 6s 5s 5d]
Seat 4: Koraseg (big blind) showed [9d 7h] and won ($47.50) with a straight, Six to Ten
Seat 6: mogoallin (button) (small blind) mucked


PokerStars Hand #160341955484:  Hold'em Limit ($3/$6 USD) - 2016/10/23 15:48:05 ET
Table 'Thernoe' 6-max Seat #5 is the button
Seat 3: fsreibnitz ($155.38 in chips)
Seat 5: kaithehai ($77.65 in chips)
kaithehai: posts small blind $1
fsreibnitz: posts big blind $3
*** HOLE CARDS ***
kaithehai: calls $2
fsreibnitz: checks
*** FLOP *** [3d 5c 9h]
fsreibnitz: checks
kaithehai: bets $3
fsreibnitz: calls $3
*** TURN *** [3d 5c 9h] [8h]
fsreibnitz: checks
kaithehai: bets $6
fsreibnitz: folds
Uncalled bet ($6) returned to kaithehai
kaithehai collected $11.76 from pot
kaithehai: doesn't show hand
*** SUMMARY ***
Total pot $12 | Rake $0.24
Board [3d 5c 9h 8h]
Seat 3: fsreibnitz (big blind) folded on the Turn
Seat 5: kaithehai (button) (small blind) collected ($11.76)


PokerStars Hand #160341942636:  Hold'em Limit ($3/$6 USD) - 2016/10/23 15:47:52 ET
Table 'Thernoe' 6-max Seat #3 is the button
Seat 3: fsreibnitz ($161.38 in chips)
Seat 5: kaithehai ($71.89 in chips)
fsreibnitz: posts small blind $1
kaithehai: posts big blind $3
*** HOLE CARDS ***
fsreibnitz: raises $3 to $6
kaithehai: calls $3
*** FLOP *** [9d 6s 5s]
kaithehai: checks
fsreibnitz: checks
*** TURN *** [9d 6s 5s] [4s]
kaithehai: bets $6
fsreibnitz: folds
Uncalled bet ($6) returned to kaithehai
kaithehai collected $11.76 from pot
kaithehai: doesn't show hand
*** SUMMARY ***
Total pot $12 | Rake $0.24
Board [9d 6s 5s 4s]
Seat 3: fsreibnitz (button) (small blind) folded on the Turn
Seat 5: kaithehai (big blind) collected ($11.76)


PokerStars Hand #160341924635:  Hold'em Limit ($3/$6 USD) - 2016/10/23 15:47:34 ET
Table 'Thernoe' 6-max Seat #5 is the button
Seat 3: fsreibnitz ($158.50 in chips)
Seat 5: kaithehai ($74.89 in chips)
kaithehai: posts small blind $1
fsreibnitz: posts big blind $3
*** HOLE CARDS ***
kaithehai: calls $2
fsreibnitz: checks
*** FLOP *** [5h 7s Ah]
fsreibnitz: checks
kaithehai: checks
*** TURN *** [5h 7s Ah] [3c]
fsreibnitz: checks
kaithehai: checks
*** RIVER *** [5h 7s Ah 3c] [2c]
fsreibnitz: checks
kaithehai: checks
*** SHOW DOWN ***
fsreibnitz: shows [Qd 8c] (high card Ace)
kaithehai: mucks hand
fsreibnitz collected $5.88 from pot
*** SUMMARY ***
Total pot $6 | Rake $0.12
Board [5h 7s Ah 3c 2c]
Seat 3: fsreibnitz (big blind) showed [Qd 8c] and won ($5.88) with high card Ace
Seat 5: kaithehai (button) (small blind) mucked


PokerStars Hand #160341905843:  Hold'em Limit ($3/$6 USD) - 2016/10/23 15:47:15 ET
Table 'Thernoe' 6-max Seat #3 is the button
Seat 3: fsreibnitz ($167.50 in chips)
Seat 5: kaithehai ($66.25 in chips)
fsreibnitz: posts small blind $1
Koraseg: is sitting out
kaithehai: posts big blind $3
*** HOLE CARDS ***
fsreibnitz: raises $3 to $6
kaithehai: calls $3
*** FLOP *** [7d Ts Qs]
kaithehai: checks
vestimokrec leaves the table
fsreibnitz: bets $3
kaithehai: calls $3
*** TURN *** [7d Ts Qs] [Ah]
kaithehai: checks
fsreibnitz: checks
*** RIVER *** [7d Ts Qs Ah] [9c]
kaithehai: bets $6
fsreibnitz: folds
Uncalled bet ($6) returned to kaithehai
kaithehai collected $17.64 from pot
kaithehai: doesn't show hand
*** SUMMARY ***
Total pot $18 | Rake $0.36
Board [7d Ts Qs Ah 9c]
Seat 3: fsreibnitz (button) (small blind) folded on the River
Seat 5: kaithehai (big blind) collected ($17.64)


PokerStars Hand #160342022532:  Hold'em Limit ($3/$6 USD) - 2016/10/23 15:49:13 ET
Table 'Thernoe' 6-max Seat #5 is the button
Seat 3: fsreibnitz ($139.78 in chips)
Seat 5: kaithehai ($91.91 in chips)
kaithehai: posts small blind $1
fsreibnitz: posts big blind $3
*** HOLE CARDS ***
kaithehai: raises $3 to $6
fsreibnitz: raises $3 to $9
kaithehai: calls $3
*** FLOP *** [5s 2h Kd]
fsreibnitz: bets $3
kaithehai: folds
Uncalled bet ($3) returned to fsreibnitz
fsreibnitz collected $17.64 from pot
fsreibnitz: doesn't show hand
*** SUMMARY ***
Total pot $18 | Rake $0.36
Board [5s 2h Kd]
Seat 3: fsreibnitz (big blind) collected ($17.64)
Seat 5: kaithehai (button) (small blind) folded on the Flop


PokerStars Hand #160342006032:  Hold'em Limit ($3/$6 USD) - 2016/10/23 15:48:57 ET
Table 'Thernoe' 6-max Seat #3 is the button
Seat 3: fsreibnitz ($131.14 in chips)
Seat 5: kaithehai ($100.91 in chips)
fsreibnitz: posts small blind $1
kaithehai: posts big blind $3
*** HOLE CARDS ***
fsreibnitz: raises $3 to $6
kaithehai: calls $3
*** FLOP *** [2c Th 8h]
kaithehai: checks
fsreibnitz: bets $3
kaithehai: calls $3
*** TURN *** [2c Th 8h] [Ks]
kaithehai: checks
fsreibnitz: bets $6
kaithehai: folds
Uncalled bet ($6) returned to fsreibnitz
fsreibnitz collected $17.64 from pot
fsreibnitz: doesn't show hand
*** SUMMARY ***
Total pot $18 | Rake $0.36
Board [2c Th 8h Ks]
Seat 3: fsreibnitz (button) (small blind) collected ($17.64)
Seat 5: kaithehai (big blind) folded on the Turn


PokerStars Hand #160341989542:  Hold'em Limit ($3/$6 USD) - 2016/10/23 15:48:40 ET
Table 'Thernoe' 6-max Seat #5 is the button
Seat 3: fsreibnitz ($125.38 in chips)
Seat 5: kaithehai ($106.91 in chips)
kaithehai: posts small blind $1
fsreibnitz: posts big blind $3
*** HOLE CARDS ***
kaithehai: calls $2
fsreibnitz: checks
*** FLOP *** [Qs Ts 8s]
fsreibnitz: checks
kaithehai: bets $3
fsreibnitz: calls $3
*** TURN *** [Qs Ts 8s] [4s]
fsreibnitz: checks
kaithehai: checks
*** RIVER *** [Qs Ts 8s 4s] [6h]
fsreibnitz: bets $6
kaithehai: folds
Uncalled bet ($6) returned to fsreibnitz
fsreibnitz collected $11.76 from pot
fsreibnitz: doesn't show hand
*** SUMMARY ***
Total pot $12 | Rake $0.24
Board [Qs Ts 8s 4s 6h]
Seat 3: fsreibnitz (big blind) collected ($11.76)
Seat 5: kaithehai (button) (small blind) folded on the River


PokerStars Hand #160341970669:  Hold'em Limit ($3/$6 USD) - 2016/10/23 15:48:21 ET
Table 'Thernoe' 6-max Seat #3 is the button
Seat 3: fsreibnitz ($149.38 in chips)
Seat 5: kaithehai ($83.41 in chips)
fsreibnitz: posts small blind $1
kaithehai: posts big blind $3
*** HOLE CARDS ***
fsreibnitz: raises $3 to $6
kaithehai: calls $3
*** FLOP *** [Th 8d 3c]
kaithehai: checks
fsreibnitz: checks
*** TURN *** [Th 8d 3c] [9d]
kaithehai: bets $6
fsreibnitz: raises $6 to $12
kaithehai: raises $6 to $18
fsreibnitz: calls $6
*** RIVER *** [Th 8d 3c 9d] [Jd]
kaithehai: checks
fsreibnitz: checks
*** SHOW DOWN ***
kaithehai: shows [7c Js] (a straight, Seven to Jack)
fsreibnitz: mucks hand
kaithehai collected $47.50 from pot
*** SUMMARY ***
Total pot $48 | Rake $0.50
Board [Th 8d 3c 9d Jd]
Seat 3: fsreibnitz (button) (small blind) mucked
Seat 5: kaithehai (big blind) showed [7c Js] and won ($47.50) with a straight, Seven to Jack


PokerStars Hand #160342032463:  Hold'em Limit ($3/$6 USD) - 2016/10/23 15:49:23 ET
Table 'Thernoe' 6-max Seat #3 is the button
Seat 3: fsreibnitz ($148.42 in chips)
Seat 5: kaithehai ($82.91 in chips)
fsreibnitz: posts small blind $1
kaithehai: posts big blind $3
*** HOLE CARDS ***
fsreibnitz: raises $3 to $6
kaithehai: calls $3
*** FLOP *** [2d Qh Ts]
kaithehai: checks
fsreibnitz: bets $3
kaithehai: raises $3 to $6
fsreibnitz: calls $3
*** TURN *** [2d Qh Ts] [4c]
kaithehai: bets $6
fsreibnitz: raises $6 to $12
vestimokrec joins the table at seat #6
kaithehai: calls $6
*** RIVER *** [2d Qh Ts 4c] [4s]
kaithehai: checks
Koraseg leaves the table
fsreibnitz: bets $6
kaithehai: calls $6
*** SHOW DOWN ***
fsreibnitz: shows [Kd Kc] (two pair, Kings and Fours)
kaithehai: mucks hand
fsreibnitz collected $59.50 from pot
*** SUMMARY ***
Total pot $60 | Rake $0.50
Board [2d Qh Ts 4c 4s]
Seat 3: fsreibnitz (button) (small blind) showed [Kd Kc] and won ($59.50) with two pair, Kings and Fours
Seat 5: kaithehai (big blind) mucked


PokerStars Hand #160343748081:  Hold'em Limit ($3/$6 USD) - 2016/10/23 16:21:13 ET
Table 'Thernoe' 6-max Seat #6 is the button
Seat 5: kaithehai ($138.89 in chips)
Seat 6: Koraseg ($101.18 in chips)
Koraseg: posts small blind $1
kaithehai: posts big blind $3
*** HOLE CARDS ***
Koraseg: raises $3 to $6
kaithehai: calls $3
*** FLOP *** [8s 5c Th]
Kusk1 joins the table at seat #1
kaithehai: checks
Koraseg: bets $3
kaithehai: folds
Uncalled bet ($3) returned to Koraseg
Koraseg collected $11.76 from pot
Koraseg: doesn't show hand
*** SUMMARY ***
Total pot $12 | Rake $0.24
Board [8s 5c Th]
Seat 5: kaithehai (big blind) folded on the Flop
Seat 6: Koraseg (button) (small blind) collected ($11.76)


PokerStars Hand #160343758095:  Hold'em Limit ($3/$6 USD) - 2016/10/23 16:21:24 ET
Table 'Thernoe' 6-max Seat #5 is the button
Seat 5: kaithehai ($132.89 in chips)
Seat 6: Koraseg ($106.94 in chips)
kaithehai: posts small blind $1
Koraseg: posts big blind $3
*** HOLE CARDS ***
kaithehai: raises $3 to $6
Koraseg: calls $3
*** FLOP *** [8h Jd Js]
Koraseg: checks
kaithehai: bets $3
Koraseg: raises $3 to $6
kaithehai: folds
Uncalled bet ($3) returned to Koraseg
Koraseg collected $17.64 from pot
Koraseg: doesn't show hand
*** SUMMARY ***
Total pot $18 | Rake $0.36
Board [8h Jd Js]
Seat 5: kaithehai (button) (small blind) folded on the Flop
Seat 6: Koraseg (big blind) collected ($17.64)


PokerStars Hand #160347066160:  Hold'em Limit ($3/$6 USD) - 2016/10/23 17:23:09 ET
Table 'Thernoe' 6-max Seat #5 is the button
Seat 4: Misiek25 ($222.69 in chips)
Seat 5: Masqb ($111.75 in chips)
Masqb: posts small blind $1
xRauIx: is sitting out
ABATAPP: is sitting out
Misiek25: posts big blind $3
*** HOLE CARDS ***
xRauIx leaves the table
Masqb: folds
Uncalled bet ($2) returned to Misiek25
Misiek25 collected $2 from pot
Misiek25: doesn't show hand
*** SUMMARY ***
Total pot $2 | Rake $0
Seat 4: Misiek25 (big blind) collected ($2)
Seat 5: Masqb (button) (small blind) folded before Flop


