PokerStars Hand #165065129048:  Hold'em Limit ($3/$6 USD) - 2017/01/23 17:38:08 ET
Table 'Thernoe' 6-max Seat #4 is the button
Seat 1: bullyingpros ($59.15 in chips)
Seat 4: Actionni13 ($151 in chips)
Actionni13: posts small blind $1
bullyingpros: posts big blind $3
*** HOLE CARDS ***
Actionni13: raises $3 to $6
bullyingpros: calls $3
*** FLOP *** [4c Kd Ks]
bullyingpros: checks
Actionni13: bets $3
bullyingpros: calls $3
*** TURN *** [4c Kd Ks] [2h]
bullyingpros: checks
Actionni13: checks
*** RIVER *** [4c Kd Ks 2h] [6h]
bullyingpros: bets $6
Actionni13: calls $6
*** SHOW DOWN ***
bullyingpros: shows [4s Kc] (a full house, Kings full of Fours)
Actionni13: mucks hand
bullyingpros collected $29.50 from pot
*** SUMMARY ***
Total pot $30 | Rake $0.50
Board [4c Kd Ks 2h 6h]
Seat 1: bullyingpros (big blind) showed [4s Kc] and won ($29.50) with a full house, Kings full of Fours
Seat 4: Actionni13 (button) (small blind) mucked


PokerStars Hand #165065124443:  Hold'em Limit ($3/$6 USD) - 2017/01/23 17:38:04 ET
Table 'Thernoe' 6-max Seat #1 is the button
Seat 1: bullyingpros ($60.15 in chips)
Seat 4: Actionni13 ($150 in chips)
bullyingpros: posts small blind $1
Actionni13: posts big blind $3
*** HOLE CARDS ***
bullyingpros: folds
Uncalled bet ($2) returned to Actionni13
Actionni13 collected $2 from pot
*** SUMMARY ***
Total pot $2 | Rake $0
Seat 1: bullyingpros (button) (small blind) folded before Flop
Seat 4: Actionni13 (big blind) collected ($2)


PokerStars Hand #165065095712:  Hold'em Limit ($3/$6 USD) - 2017/01/23 17:37:33 ET
Table 'Thernoe' 6-max Seat #4 is the button
Seat 1: bullyingpros ($26.44 in chips)
Seat 4: Actionni13 ($160.53 in chips)
Actionni13: posts small blind $1
bullyingpros: posts big blind $3
*** HOLE CARDS ***
Actionni13: raises $3 to $6
bullyingpros: raises $3 to $9
Actionni13: calls $3
*** FLOP *** [3s 3c Js]
bullyingpros: bets $3
Actionni13: calls $3
*** TURN *** [3s 3c Js] [Jc]
bullyingpros: bets $6
Actionni13: folds
Uncalled bet ($6) returned to bullyingpros
bullyingpros collected $23.52 from pot
*** SUMMARY ***
Total pot $24 | Rake $0.48
Board [3s 3c Js Jc]
Seat 1: bullyingpros (big blind) collected ($23.52)
Seat 4: Actionni13 (button) (small blind) folded on the Turn


PokerStars Hand #165065188893:  Hold'em Limit ($3/$6 USD) - 2017/01/23 17:39:13 ET
Table 'Thernoe' 6-max Seat #1 is the button
Seat 1: bullyingpros ($99.79 in chips)
Seat 4: Actionni13 ($150 in chips)
bullyingpros: posts small blind $1
Actionni13: posts big blind $3
*** HOLE CARDS ***
bullyingpros: calls $2
Actionni13: checks
*** FLOP *** [Qd Qh 2c]
Actionni13: checks
bullyingpros: checks
*** TURN *** [Qd Qh 2c] [As]
Actionni13: checks
bullyingpros: checks
*** RIVER *** [Qd Qh 2c As] [Ad]
Actionni13: checks
bullyingpros: checks
*** SHOW DOWN ***
Actionni13: shows [7d 5c] (two pair, Aces and Queens)
bullyingpros: shows [9c 7c] (two pair, Aces and Queens - Nine kicker)
bullyingpros collected $5.88 from pot
*** SUMMARY ***
Total pot $6 | Rake $0.12
Board [Qd Qh 2c As Ad]
Seat 1: bullyingpros (button) (small blind) showed [9c 7c] and won ($5.88) with two pair, Aces and Queens
Seat 4: Actionni13 (big blind) showed [7d 5c] and lost with two pair, Aces and Queens


PokerStars Hand #165065177824:  Hold'em Limit ($3/$6 USD) - 2017/01/23 17:39:01 ET
Table 'Thernoe' 6-max Seat #4 is the button
Seat 1: bullyingpros ($91.15 in chips)
Seat 4: Actionni13 ($150 in chips)
Actionni13: posts small blind $1
bullyingpros: posts big blind $3
*** HOLE CARDS ***
Actionni13: raises $3 to $6
bullyingpros: raises $3 to $9
Actionni13: calls $3
*** FLOP *** [4d 8s Th]
bullyingpros: bets $3
Actionni13: folds
Uncalled bet ($3) returned to bullyingpros
bullyingpros collected $17.64 from pot
*** SUMMARY ***
Total pot $18 | Rake $0.36
Board [4d 8s Th]
Seat 1: bullyingpros (big blind) collected ($17.64)
Seat 4: Actionni13 (button) (small blind) folded on the Flop


PokerStars Hand #165065158437:  Hold'em Limit ($3/$6 USD) - 2017/01/23 17:38:40 ET
Table 'Thernoe' 6-max Seat #1 is the button
Seat 1: bullyingpros ($73.65 in chips)
Seat 4: Actionni13 ($150 in chips)
bullyingpros: posts small blind $1
Actionni13: posts big blind $3
*** HOLE CARDS ***
bullyingpros: raises $3 to $6
Actionni13: raises $3 to $9
bullyingpros: calls $3
*** FLOP *** [3h As 8c]
Actionni13: bets $3
bullyingpros: calls $3
*** TURN *** [3h As 8c] [2h]
Actionni13: bets $6
bullyingpros: raises $6 to $12
Actionni13: folds
Uncalled bet ($6) returned to bullyingpros
bullyingpros collected $35.50 from pot
*** SUMMARY ***
Total pot $36 | Rake $0.50
Board [3h As 8c 2h]
Seat 1: bullyingpros (button) (small blind) collected ($35.50)
Seat 4: Actionni13 (big blind) folded on the Turn


PokerStars Hand #165065228625:  Hold'em Limit ($3/$6 USD) - 2017/01/23 17:39:57 ET
Table 'Thernoe' 6-max Seat #1 is the button
Seat 1: bullyingpros ($78.67 in chips)
Seat 4: Actionni13 ($173.50 in chips)
bullyingpros: posts small blind $1
Actionni13: posts big blind $3
*** HOLE CARDS ***
bullyingpros: raises $3 to $6
Actionni13: calls $3
*** FLOP *** [Ks Kh Js]
Actionni13: checks
bullyingpros: bets $3
Actionni13: raises $3 to $6
bullyingpros: calls $3
*** TURN *** [Ks Kh Js] [8c]
Actionni13: bets $6
bullyingpros: calls $6
*** RIVER *** [Ks Kh Js 8c] [8h]
Actionni13: bets $6
bullyingpros: calls $6
*** SHOW DOWN ***
Actionni13: shows [7s Jh] (two pair, Kings and Jacks)
bullyingpros: shows [Jd Qs] (two pair, Kings and Jacks - Queen kicker)
bullyingpros collected $47.50 from pot
*** SUMMARY ***
Total pot $48 | Rake $0.50
Board [Ks Kh Js 8c 8h]
Seat 1: bullyingpros (button) (small blind) showed [Jd Qs] and won ($47.50) with two pair, Kings and Jacks
Seat 4: Actionni13 (big blind) showed [7s Jh] and lost with two pair, Kings and Jacks


PokerStars Hand #165065204932:  Hold'em Limit ($3/$6 USD) - 2017/01/23 17:39:31 ET
Table 'Thernoe' 6-max Seat #4 is the button
Seat 1: bullyingpros ($102.67 in chips)
Seat 4: Actionni13 ($150 in chips)
Actionni13: posts small blind $1
bullyingpros: posts big blind $3
*** HOLE CARDS ***
Actionni13: raises $3 to $6
bullyingpros: raises $3 to $9
Actionni13: calls $3
*** FLOP *** [2d 9c Ac]
bullyingpros: bets $3
Actionni13: calls $3
*** TURN *** [2d 9c Ac] [Th]
bullyingpros: checks
Actionni13: bets $6
bullyingpros: calls $6
*** RIVER *** [2d 9c Ac Th] [Jd]
bullyingpros: checks
Actionni13: bets $6
bullyingpros: calls $6
*** SHOW DOWN ***
Actionni13: shows [Ad 4d] (a pair of Aces)
bullyingpros: shows [Ks Kc] (a pair of Kings)
Actionni13 collected $47.50 from pot
*** SUMMARY ***
Total pot $48 | Rake $0.50
Board [2d 9c Ac Th Jd]
Seat 1: bullyingpros (big blind) showed [Ks Kc] and lost with a pair of Kings
Seat 4: Actionni13 (button) (small blind) showed [Ad 4d] and won ($47.50) with a pair of Aces


PokerStars Hand #165065283822:  Hold'em Limit ($3/$6 USD) - 2017/01/23 17:40:57 ET
Table 'Thernoe' 6-max Seat #1 is the button
Seat 1: bullyingpros ($84.17 in chips)
Seat 4: Actionni13 ($167.50 in chips)
bullyingpros: posts small blind $1
Actionni13: posts big blind $3
*** HOLE CARDS ***
bullyingpros: raises $3 to $6
Actionni13: raises $3 to $9
bullyingpros: calls $3
*** FLOP *** [3d 2c 7c]
Actionni13: bets $3
bullyingpros: calls $3
*** TURN *** [3d 2c 7c] [4d]
Actionni13: checks
bullyingpros: bets $6
Actionni13: folds
Uncalled bet ($6) returned to bullyingpros
bullyingpros collected $23.52 from pot
*** SUMMARY ***
Total pot $24 | Rake $0.48
Board [3d 2c 7c 4d]
Seat 1: bullyingpros (button) (small blind) collected ($23.52)
Seat 4: Actionni13 (big blind) folded on the Turn


PokerStars Hand #165065259430:  Hold'em Limit ($3/$6 USD) - 2017/01/23 17:40:31 ET
Table 'Thernoe' 6-max Seat #4 is the button
Seat 1: bullyingpros ($102.17 in chips)
Seat 4: Actionni13 ($150 in chips)
Actionni13: posts small blind $1
bullyingpros: posts big blind $3
*** HOLE CARDS ***
Actionni13: raises $3 to $6
bullyingpros: raises $3 to $9
Actionni13: calls $3
*** FLOP *** [4h 3s 7d]
bullyingpros: bets $3
Actionni13: calls $3
*** TURN *** [4h 3s 7d] [4d]
bullyingpros: bets $6
Actionni13: calls $6
*** RIVER *** [4h 3s 7d 4d] [5h]
bullyingpros: checks
Actionni13: checks
*** SHOW DOWN ***
bullyingpros: shows [Ks 9d] (a pair of Fours)
Actionni13: shows [As 3h] (two pair, Fours and Threes)
Actionni13 collected $35.50 from pot
*** SUMMARY ***
Total pot $36 | Rake $0.50
Board [4h 3s 7d 4d 5h]
Seat 1: bullyingpros (big blind) showed [Ks 9d] and lost with a pair of Fours
Seat 4: Actionni13 (button) (small blind) showed [As 3h] and won ($35.50) with two pair, Fours and Threes


PokerStars Hand #165065343143:  Hold'em Limit ($3/$6 USD) - 2017/01/23 17:42:02 ET
Table 'Thernoe' 6-max Seat #4 is the button
Seat 1: bullyingpros ($118.19 in chips)
Seat 4: Actionni13 ($151 in chips)
Actionni13: posts small blind $1
bullyingpros: posts big blind $3
*** HOLE CARDS ***
Actionni13: raises $3 to $6
bullyingpros: raises $3 to $9
Actionni13: calls $3
*** FLOP *** [2d 8s 8h]
bullyingpros: bets $3
Actionni13: calls $3
*** TURN *** [2d 8s 8h] [8d]
bullyingpros: bets $6
Zubasa07 joins the table at seat #2
Actionni13: folds
Uncalled bet ($6) returned to bullyingpros
bullyingpros collected $23.52 from pot
*** SUMMARY ***
Total pot $24 | Rake $0.48
Board [2d 8s 8h 8d]
Seat 1: bullyingpros (big blind) collected ($23.52)
Seat 4: Actionni13 (button) (small blind) folded on the Turn


PokerStars Hand #165065338452:  Hold'em Limit ($3/$6 USD) - 2017/01/23 17:41:57 ET
Table 'Thernoe' 6-max Seat #1 is the button
Seat 1: bullyingpros ($119.19 in chips)
Seat 4: Actionni13 ($150 in chips)
bullyingpros: posts small blind $1
Actionni13: posts big blind $3
*** HOLE CARDS ***
bullyingpros: folds
Uncalled bet ($2) returned to Actionni13
Actionni13 collected $2 from pot
*** SUMMARY ***
Total pot $2 | Rake $0
Seat 1: bullyingpros (button) (small blind) folded before Flop
Seat 4: Actionni13 (big blind) collected ($2)


PokerStars Hand #165065311148:  Hold'em Limit ($3/$6 USD) - 2017/01/23 17:41:27 ET
Table 'Thernoe' 6-max Seat #4 is the button
Seat 1: bullyingpros ($95.69 in chips)
Seat 4: Actionni13 ($155.50 in chips)
Actionni13: posts small blind $1
bullyingpros: posts big blind $3
*** HOLE CARDS ***
Actionni13: raises $3 to $6
bullyingpros: calls $3
*** FLOP *** [7s 6c 4h]
bullyingpros: checks
Actionni13: bets $3
bullyingpros: raises $3 to $6
Actionni13: calls $3
*** TURN *** [7s 6c 4h] [8h]
bullyingpros: bets $6
Actionni13: calls $6
*** RIVER *** [7s 6c 4h 8h] [4s]
bullyingpros: bets $6
Actionni13: calls $6
*** SHOW DOWN ***
bullyingpros: shows [Td 5s] (a straight, Four to Eight)
Actionni13: mucks hand
bullyingpros collected $47.50 from pot
*** SUMMARY ***
Total pot $48 | Rake $0.50
Board [7s 6c 4h 8h 4s]
Seat 1: bullyingpros (big blind) showed [Td 5s] and won ($47.50) with a straight, Four to Eight
Seat 4: Actionni13 (button) (small blind) mucked


PokerStars Hand #165065546567:  Hold'em Limit ($3/$6 USD) - 2017/01/23 17:45:47 ET
Table 'Thernoe' 6-max Seat #6 is the button
Seat 1: bullyingpros ($90.71 in chips)
Seat 6: andyrr ($85.43 in chips)
andyrr: posts small blind $1
bullyingpros: posts big blind $3
*** HOLE CARDS ***
andyrr: raises $3 to $6
bullyingpros: raises $3 to $9
andyrr: folds
Uncalled bet ($3) returned to bullyingpros
bullyingpros collected $12 from pot
*** SUMMARY ***
Total pot $12 | Rake $0
Seat 1: bullyingpros (big blind) collected ($12)
Seat 6: andyrr (button) (small blind) folded before Flop


PokerStars Hand #165065542511:  Hold'em Limit ($3/$6 USD) - 2017/01/23 17:45:42 ET
Table 'Thernoe' 6-max Seat #1 is the button
Seat 1: bullyingpros ($91.71 in chips)
Seat 6: andyrr ($84.43 in chips)
bullyingpros: posts small blind $1
andyrr: posts big blind $3
*** HOLE CARDS ***
bullyingpros: folds
Uncalled bet ($2) returned to andyrr
andyrr collected $2 from pot
andyrr: doesn't show hand
*** SUMMARY ***
Total pot $2 | Rake $0
Seat 1: bullyingpros (button) (small blind) folded before Flop
Seat 6: andyrr (big blind) collected ($2)


PokerStars Hand #165065591066:  Hold'em Limit ($3/$6 USD) - 2017/01/23 17:46:36 ET
Table 'Thernoe' 6-max Seat #1 is the button
Seat 1: bullyingpros ($93.35 in chips)
Seat 6: andyrr ($82.19 in chips)
bullyingpros: posts small blind $1
andyrr: posts big blind $3
*** HOLE CARDS ***
bullyingpros: raises $3 to $6
andyrr: calls $3
*** FLOP *** [7c 8c 8d]
andyrr: checks
bullyingpros: bets $3
andyrr: calls $3
*** TURN *** [7c 8c 8d] [Qd]
andyrr: bets $6
bullyingpros: calls $6
*** RIVER *** [7c 8c 8d Qd] [6h]
andyrr: bets $6
bullyingpros: calls $6
*** SHOW DOWN ***
andyrr: shows [Th 5c] (a pair of Eights)
bullyingpros: shows [Ac 5s] (a pair of Eights - Ace kicker)
bullyingpros collected $41.50 from pot
*** SUMMARY ***
Total pot $42 | Rake $0.50
Board [7c 8c 8d Qd 6h]
Seat 1: bullyingpros (button) (small blind) showed [Ac 5s] and won ($41.50) with a pair of Eights
Seat 6: andyrr (big blind) showed [Th 5c] and lost with a pair of Eights


PokerStars Hand #165065585580:  Hold'em Limit ($3/$6 USD) - 2017/01/23 17:46:30 ET
Table 'Thernoe' 6-max Seat #6 is the button
Seat 1: bullyingpros ($96.35 in chips)
Seat 6: andyrr ($79.19 in chips)
andyrr: posts small blind $1
bullyingpros: posts big blind $3
*** HOLE CARDS ***
andyrr: raises $3 to $6
bullyingpros: folds
Uncalled bet ($3) returned to andyrr
andyrr collected $6 from pot
andyrr: doesn't show hand
*** SUMMARY ***
Total pot $6 | Rake $0
Seat 1: bullyingpros (big blind) folded before Flop
Seat 6: andyrr (button) (small blind) collected ($6)


PokerStars Hand #165065581236:  Hold'em Limit ($3/$6 USD) - 2017/01/23 17:46:26 ET
Table 'Thernoe' 6-max Seat #1 is the button
Seat 1: bullyingpros ($97.35 in chips)
Seat 6: andyrr ($78.19 in chips)
bullyingpros: posts small blind $1
andyrr: posts big blind $3
*** HOLE CARDS ***
bullyingpros: folds
Uncalled bet ($2) returned to andyrr
andyrr collected $2 from pot
andyrr: doesn't show hand
*** SUMMARY ***
Total pot $2 | Rake $0
Seat 1: bullyingpros (button) (small blind) folded before Flop
Seat 6: andyrr (big blind) collected ($2)


PokerStars Hand #165065570951:  Hold'em Limit ($3/$6 USD) - 2017/01/23 17:46:14 ET
Table 'Thernoe' 6-max Seat #6 is the button
Seat 1: bullyingpros ($103.35 in chips)
Seat 6: andyrr ($72.43 in chips)
andyrr: posts small blind $1
bullyingpros: posts big blind $3
*** HOLE CARDS ***
andyrr: raises $3 to $6
bullyingpros: calls $3
*** FLOP *** [Ah Kc 8d]
bullyingpros: checks
andyrr: bets $3
bullyingpros: folds
Uncalled bet ($3) returned to andyrr
andyrr collected $11.76 from pot
andyrr: doesn't show hand
*** SUMMARY ***
Total pot $12 | Rake $0.24
Board [Ah Kc 8d]
Seat 1: bullyingpros (big blind) folded on the Flop
Seat 6: andyrr (button) (small blind) collected ($11.76)


PokerStars Hand #165065566856:  Hold'em Limit ($3/$6 USD) - 2017/01/23 17:46:09 ET
Table 'Thernoe' 6-max Seat #1 is the button
Seat 1: bullyingpros ($104.35 in chips)
Seat 6: andyrr ($71.43 in chips)
bullyingpros: posts small blind $1
andyrr: posts big blind $3
*** HOLE CARDS ***
bullyingpros: folds
Uncalled bet ($2) returned to andyrr
andyrr collected $2 from pot
andyrr: doesn't show hand
*** SUMMARY ***
Total pot $2 | Rake $0
Seat 1: bullyingpros (button) (small blind) folded before Flop
Seat 6: andyrr (big blind) collected ($2)


PokerStars Hand #165065557393:  Hold'em Limit ($3/$6 USD) - 2017/01/23 17:45:59 ET
Table 'Thernoe' 6-max Seat #6 is the button
Seat 1: bullyingpros ($95.71 in chips)
Seat 6: andyrr ($80.43 in chips)
andyrr: posts small blind $1
bullyingpros: posts big blind $3
*** HOLE CARDS ***
andyrr: raises $3 to $6
bullyingpros: raises $3 to $9
andyrr: calls $3
*** FLOP *** [Jc 4h Kd]
bullyingpros: bets $3
andyrr: folds
Uncalled bet ($3) returned to bullyingpros
bullyingpros collected $17.64 from pot
*** SUMMARY ***
Total pot $18 | Rake $0.36
Board [Jc 4h Kd]
Seat 1: bullyingpros (big blind) collected ($17.64)
Seat 6: andyrr (button) (small blind) folded on the Flop


PokerStars Hand #165065552601:  Hold'em Limit ($3/$6 USD) - 2017/01/23 17:45:54 ET
Table 'Thernoe' 6-max Seat #1 is the button
Seat 1: bullyingpros ($96.71 in chips)
Seat 6: andyrr ($79.43 in chips)
bullyingpros: posts small blind $1
andyrr: posts big blind $3
*** HOLE CARDS ***
bullyingpros: folds
Uncalled bet ($2) returned to andyrr
andyrr collected $2 from pot
andyrr: doesn't show hand
*** SUMMARY ***
Total pot $2 | Rake $0
Seat 1: bullyingpros (button) (small blind) folded before Flop
Seat 6: andyrr (big blind) collected ($2)


PokerStars Hand #165065636718:  Hold'em Limit ($3/$6 USD) - 2017/01/23 17:47:28 ET
Table 'Thernoe' 6-max Seat #1 is the button
Seat 1: bullyingpros ($135.99 in chips)
Seat 6: andyrr ($38.19 in chips)
bullyingpros: posts small blind $1
andyrr: posts big blind $3
*** HOLE CARDS ***
bullyingpros: folds
Uncalled bet ($2) returned to andyrr
andyrr collected $2 from pot
andyrr: doesn't show hand
*** SUMMARY ***
Total pot $2 | Rake $0
Seat 1: bullyingpros (button) (small blind) folded before Flop
Seat 6: andyrr (big blind) collected ($2)


PokerStars Hand #165065621175:  Hold'em Limit ($3/$6 USD) - 2017/01/23 17:47:10 ET
Table 'Thernoe' 6-max Seat #6 is the button
Seat 1: bullyingpros ($121.49 in chips)
Seat 6: andyrr ($53.19 in chips)
andyrr: posts small blind $1
bullyingpros: posts big blind $3
*** HOLE CARDS ***
andyrr: raises $3 to $6
bullyingpros: calls $3
*** FLOP *** [Jc 3h 4d]
bullyingpros: checks
andyrr: bets $3
bullyingpros: calls $3
*** TURN *** [Jc 3h 4d] [As]
bullyingpros: checks
andyrr: bets $6
bullyingpros: raises $6 to $12
andyrr: folds
Uncalled bet ($6) returned to bullyingpros
bullyingpros collected $29.50 from pot
*** SUMMARY ***
Total pot $30 | Rake $0.50
Board [Jc 3h 4d As]
Seat 1: bullyingpros (big blind) collected ($29.50)
Seat 6: andyrr (button) (small blind) folded on the Turn


PokerStars Hand #165065616610:  Hold'em Limit ($3/$6 USD) - 2017/01/23 17:47:05 ET
Table 'Thernoe' 6-max Seat #1 is the button
Seat 1: bullyingpros ($122.49 in chips)
Seat 6: andyrr ($52.19 in chips)
bullyingpros: posts small blind $1
andyrr: posts big blind $3
*** HOLE CARDS ***
bullyingpros: folds
Uncalled bet ($2) returned to andyrr
andyrr collected $2 from pot
andyrr: doesn't show hand
*** SUMMARY ***
Total pot $2 | Rake $0
Seat 1: bullyingpros (button) (small blind) folded before Flop
Seat 6: andyrr (big blind) collected ($2)


PokerStars Hand #165065605014:  Hold'em Limit ($3/$6 USD) - 2017/01/23 17:46:52 ET
Table 'Thernoe' 6-max Seat #6 is the button
Seat 1: bullyingpros ($113.85 in chips)
Seat 6: andyrr ($61.19 in chips)
andyrr: posts small blind $1
bullyingpros: posts big blind $3
*** HOLE CARDS ***
andyrr: raises $3 to $6
bullyingpros: calls $3
*** FLOP *** [7h 3s Js]
bullyingpros: checks
andyrr: bets $3
bullyingpros: raises $3 to $6
andyrr: folds
Uncalled bet ($3) returned to bullyingpros
bullyingpros collected $17.64 from pot
*** SUMMARY ***
Total pot $18 | Rake $0.36
Board [7h 3s Js]
Seat 1: bullyingpros (big blind) collected ($17.64)
Seat 6: andyrr (button) (small blind) folded on the Flop


PokerStars Hand #165065689496:  Hold'em Limit ($3/$6 USD) - 2017/01/23 17:48:27 ET
Table 'Thernoe' 6-max Seat #6 is the button
Seat 1: bullyingpros ($159.99 in chips)
Seat 6: andyrr ($12.95 in chips)
andyrr: posts small blind $1
bullyingpros: posts big blind $3
*** HOLE CARDS ***
andyrr: folds
Uncalled bet ($2) returned to bullyingpros
bullyingpros collected $2 from pot
*** SUMMARY ***
Total pot $2 | Rake $0
Seat 1: bullyingpros (big blind) collected ($2)
Seat 6: andyrr (button) (small blind) folded before Flop


PokerStars Hand #165065675883:  Hold'em Limit ($3/$6 USD) - 2017/01/23 17:48:12 ET
Table 'Thernoe' 6-max Seat #1 is the button
Seat 1: bullyingpros ($142.49 in chips)
Seat 6: andyrr ($30.95 in chips)
bullyingpros: posts small blind $1
andyrr: posts big blind $3
*** HOLE CARDS ***
bullyingpros: raises $3 to $6
andyrr: calls $3
*** FLOP *** [Td 9d 6c]
andyrr: bets $3
bullyingpros: raises $3 to $6
andyrr: calls $3
*** TURN *** [Td 9d 6c] [2c]
andyrr: checks
bullyingpros: checks
*** RIVER *** [Td 9d 6c 2c] [4s]
andyrr: bets $6
bullyingpros: calls $6
*** SHOW DOWN ***
andyrr: shows [Qd 7d] (high card Queen)
bullyingpros: shows [As 3d] (high card Ace)
bullyingpros collected $35.50 from pot
*** SUMMARY ***
Total pot $36 | Rake $0.50
Board [Td 9d 6c 2c 4s]
Seat 1: bullyingpros (button) (small blind) showed [As 3d] and won ($35.50) with high card Ace
Seat 6: andyrr (big blind) showed [Qd 7d] and lost with high card Queen


PokerStars Hand #165065666582:  Hold'em Limit ($3/$6 USD) - 2017/01/23 17:48:01 ET
Table 'Thernoe' 6-max Seat #6 is the button
Seat 1: bullyingpros ($148.49 in chips)
Seat 6: andyrr ($25.19 in chips)
andyrr: posts small blind $1
bullyingpros: posts big blind $3
*** HOLE CARDS ***
andyrr: raises $3 to $6
bullyingpros: calls $3
*** FLOP *** [9s Qd Kd]
bullyingpros: checks
andyrr: bets $3
bullyingpros: folds
Uncalled bet ($3) returned to andyrr
andyrr collected $11.76 from pot
andyrr: doesn't show hand
*** SUMMARY ***
Total pot $12 | Rake $0.24
Board [9s Qd Kd]
Seat 1: bullyingpros (big blind) folded on the Flop
Seat 6: andyrr (button) (small blind) collected ($11.76)


PokerStars Hand #165065661353:  Hold'em Limit ($3/$6 USD) - 2017/01/23 17:47:56 ET
Table 'Thernoe' 6-max Seat #1 is the button
Seat 1: bullyingpros ($149.49 in chips)
Seat 6: andyrr ($24.19 in chips)
bullyingpros: posts small blind $1
andyrr: posts big blind $3
*** HOLE CARDS ***
bullyingpros: folds
Uncalled bet ($2) returned to andyrr
andyrr collected $2 from pot
andyrr: doesn't show hand
*** SUMMARY ***
Total pot $2 | Rake $0
Seat 1: bullyingpros (button) (small blind) folded before Flop
Seat 6: andyrr (big blind) collected ($2)


PokerStars Hand #165065646984:  Hold'em Limit ($3/$6 USD) - 2017/01/23 17:47:39 ET
Table 'Thernoe' 6-max Seat #6 is the button
Seat 1: bullyingpros ($134.99 in chips)
Seat 6: andyrr ($39.19 in chips)
andyrr: posts small blind $1
bullyingpros: posts big blind $3
*** HOLE CARDS ***
andyrr: raises $3 to $6
bullyingpros: calls $3
*** FLOP *** [3h 7c Kh]
bullyingpros: checks
andyrr: bets $3
bullyingpros: calls $3
*** TURN *** [3h 7c Kh] [Ac]
bullyingpros: checks
andyrr: checks
*** RIVER *** [3h 7c Kh Ac] [6c]
bullyingpros: bets $6
andyrr: calls $6
*** SHOW DOWN ***
bullyingpros: shows [4s Ah] (a pair of Aces)
andyrr: mucks hand
bullyingpros collected $29.50 from pot
*** SUMMARY ***
Total pot $30 | Rake $0.50
Board [3h 7c Kh Ac 6c]
Seat 1: bullyingpros (big blind) showed [4s Ah] and won ($29.50) with a pair of Aces
Seat 6: andyrr (button) (small blind) mucked


