PokerStars Hand #156557165192:  Hold'em Limit ($3/$6 USD) - 2016/07/28 13:41:03 ET
Table 'Thernoe' 10-max Seat #2 is the button
Seat 1: Ag3r0n ($152.89 in chips)
Seat 2: KUZNEC111 ($172.31 in chips)
KUZNEC111: posts small blind $1
belik555: is sitting out
Ag3r0n: posts big blind $3
*** HOLE CARDS ***
belik555 leaves the table
KUZNEC111: calls $2
Ag3r0n: checks
*** FLOP *** [4c 6s 6c]
Ag3r0n: checks
KUZNEC111: bets $3
Ag3r0n: folds
Uncalled bet ($3) returned to KUZNEC111
KUZNEC111 collected $5.88 from pot
KUZNEC111: doesn't show hand
*** SUMMARY ***
Total pot $6 | Rake $0.12
Board [4c 6s 6c]
Seat 1: Ag3r0n (big blind) folded on the Flop
Seat 2: KUZNEC111 (button) (small blind) collected ($5.88)


PokerStars Hand #156557191383:  Hold'em Limit ($3/$6 USD) - 2016/07/28 13:41:41 ET
Table 'Thernoe' 10-max Seat #2 is the button
Seat 1: Ag3r0n ($131.89 in chips)
Seat 2: KUZNEC111 ($192.69 in chips)
KUZNEC111: posts small blind $1
Ag3r0n: posts big blind $3
*** HOLE CARDS ***
KUZNEC111: raises $3 to $6
Ag3r0n: raises $3 to $9
KUZNEC111: raises $3 to $12
Betting is capped
Ag3r0n: calls $3
*** FLOP *** [4d Kh 8s]
Ag3r0n: checks
KUZNEC111: bets $3
Ag3r0n: calls $3
*** TURN *** [4d Kh 8s] [8d]
Ag3r0n: checks
KUZNEC111: bets $6
Ag3r0n: calls $6
*** RIVER *** [4d Kh 8s 8d] [4c]
Ag3r0n: checks
KUZNEC111: bets $6
Ag3r0n: calls $6
*** SHOW DOWN ***
KUZNEC111: shows [Ah Th] (two pair, Eights and Fours)
Ag3r0n: shows [Qs Qd] (two pair, Queens and Eights)
Ag3r0n collected $53.50 from pot
*** SUMMARY ***
Total pot $54 | Rake $0.50
Board [4d Kh 8s 8d 4c]
Seat 1: Ag3r0n (big blind) showed [Qs Qd] and won ($53.50) with two pair, Queens and Eights
Seat 2: KUZNEC111 (button) (small blind) showed [Ah Th] and lost with two pair, Eights and Fours


PokerStars Hand #156557203008:  Hold'em Limit ($3/$6 USD) - 2016/07/28 13:41:58 ET
Table 'Thernoe' 10-max Seat #1 is the button
Seat 1: Ag3r0n ($158.39 in chips)
Seat 2: KUZNEC111 ($165.69 in chips)
Ag3r0n: posts small blind $1
KUZNEC111: posts big blind $3
*** HOLE CARDS ***
Ag3r0n: raises $3 to $6
KUZNEC111: calls $3
*** FLOP *** [7d Jd 6d]
KUZNEC111: checks
Ag3r0n: checks
*** TURN *** [7d Jd 6d] [Js]
KUZNEC111: bets $6
Ag3r0n: folds
Uncalled bet ($6) returned to KUZNEC111
KUZNEC111 collected $11.76 from pot
KUZNEC111: doesn't show hand
*** SUMMARY ***
Total pot $12 | Rake $0.24
Board [7d Jd 6d Js]
Seat 1: Ag3r0n (button) (small blind) folded on the Turn
Seat 2: KUZNEC111 (big blind) collected ($11.76)


PokerStars Hand #156557175623:  Hold'em Limit ($3/$6 USD) - 2016/07/28 13:41:18 ET
Table 'Thernoe' 10-max Seat #1 is the button
Seat 1: Ag3r0n ($149.89 in chips)
Seat 2: KUZNEC111 ($175.19 in chips)
Ag3r0n: posts small blind $1
KUZNEC111: posts big blind $3
*** HOLE CARDS ***
Ag3r0n: raises $3 to $6
KUZNEC111: calls $3
*** FLOP *** [4d 5c 8h]
KUZNEC111: bets $3
Ag3r0n: raises $3 to $6
KUZNEC111: calls $3
*** TURN *** [4d 5c 8h] [4c]
KUZNEC111: checks
Ag3r0n: bets $6
KUZNEC111: raises $6 to $12
Ag3r0n: folds
Uncalled bet ($6) returned to KUZNEC111
KUZNEC111 collected $35.50 from pot
KUZNEC111: doesn't show hand
*** SUMMARY ***
Total pot $36 | Rake $0.50
Board [4d 5c 8h 4c]
Seat 1: Ag3r0n (button) (small blind) folded on the Turn
Seat 2: KUZNEC111 (big blind) collected ($35.50)


PokerStars Hand #156557241417:  Hold'em Limit ($3/$6 USD) - 2016/07/28 13:42:52 ET
Table 'Thernoe' 10-max Seat #2 is the button
Seat 1: Ag3r0n ($134.14 in chips)
Seat 2: KUZNEC111 ($188.70 in chips)
KUZNEC111: posts small blind $1
Ag3r0n: posts big blind $3
*** HOLE CARDS ***
KUZNEC111: raises $3 to $6
Ag3r0n: folds
Uncalled bet ($3) returned to KUZNEC111
KUZNEC111 collected $6 from pot
KUZNEC111: doesn't show hand
*** SUMMARY ***
Total pot $6 | Rake $0
Seat 1: Ag3r0n (big blind) folded before Flop
Seat 2: KUZNEC111 (button) (small blind) collected ($6)


PokerStars Hand #156557224244:  Hold'em Limit ($3/$6 USD) - 2016/07/28 13:42:28 ET
Table 'Thernoe' 10-max Seat #1 is the button
Seat 1: Ag3r0n ($152.14 in chips)
Seat 2: KUZNEC111 ($171.20 in chips)
Ag3r0n: posts small blind $1
KUZNEC111: posts big blind $3
*** HOLE CARDS ***
Ag3r0n: raises $3 to $6
KUZNEC111: calls $3
*** FLOP *** [Tc 3s Ts]
KUZNEC111: checks
Ag3r0n: bets $3
KUZNEC111: raises $3 to $6
Ag3r0n: calls $3
*** TURN *** [Tc 3s Ts] [As]
KUZNEC111: checks
Ag3r0n: checks
*** RIVER *** [Tc 3s Ts As] [2d]
KUZNEC111: bets $6
Ag3r0n: calls $6
*** SHOW DOWN ***
KUZNEC111: shows [6h Th] (three of a kind, Tens)
Ag3r0n: mucks hand
KUZNEC111 collected $35.50 from pot
*** SUMMARY ***
Total pot $36 | Rake $0.50
Board [Tc 3s Ts As 2d]
Seat 1: Ag3r0n (button) (small blind) mucked
Seat 2: KUZNEC111 (big blind) showed [6h Th] and won ($35.50) with three of a kind, Tens


PokerStars Hand #156557245588:  Hold'em Limit ($3/$6 USD) - 2016/07/28 13:42:58 ET
Table 'Thernoe' 10-max Seat #1 is the button
Seat 1: Ag3r0n ($131.14 in chips)
Seat 2: KUZNEC111 ($191.70 in chips)
Ag3r0n: posts small blind $1
KUZNEC111: posts big blind $3
*** HOLE CARDS ***
Ag3r0n: raises $3 to $6
KUZNEC111: calls $3
*** FLOP *** [9c Jc 6s]
KUZNEC111: checks
Ag3r0n: bets $3
KUZNEC111: calls $3
*** TURN *** [9c Jc 6s] [Qs]
KUZNEC111: checks
Ag3r0n: bets $6
KUZNEC111: calls $6
*** RIVER *** [9c Jc 6s Qs] [9s]
KUZNEC111: checks
Ag3r0n: bets $6
KUZNEC111: folds
Uncalled bet ($6) returned to Ag3r0n
Ag3r0n collected $29.50 from pot
*** SUMMARY ***
Total pot $30 | Rake $0.50
Board [9c Jc 6s Qs 9s]
Seat 1: Ag3r0n (button) (small blind) collected ($29.50)
Seat 2: KUZNEC111 (big blind) folded on the River


PokerStars Hand #156557213305:  Hold'em Limit ($3/$6 USD) - 2016/07/28 13:42:12 ET
Table 'Thernoe' 10-max Seat #2 is the button
Seat 1: Ag3r0n ($152.39 in chips)
Seat 2: KUZNEC111 ($171.45 in chips)
KUZNEC111: posts small blind $1
Ag3r0n: posts big blind $3
*** HOLE CARDS ***
KUZNEC111: raises $3 to $6
Ag3r0n: calls $3
*** FLOP *** [8d 7h 7s]
Ag3r0n: checks
KUZNEC111: checks
*** TURN *** [8d 7h 7s] [Ks]
Ag3r0n: bets $6
KUZNEC111: calls $6
*** RIVER *** [8d 7h 7s Ks] [2d]
Ag3r0n: bets $6
KUZNEC111: calls $6
*** SHOW DOWN ***
Ag3r0n: shows [5s 8h] (two pair, Eights and Sevens)
KUZNEC111: shows [8c Jd] (two pair, Eights and Sevens)
Ag3r0n collected $17.75 from pot
KUZNEC111 collected $17.75 from pot
*** SUMMARY ***
Total pot $36 | Rake $0.50
Board [8d 7h 7s Ks 2d]
Seat 1: Ag3r0n (big blind) showed [5s 8h] and won ($17.75) with two pair, Eights and Sevens
Seat 2: KUZNEC111 (button) (small blind) showed [8c Jd] and won ($17.75) with two pair, Eights and Sevens


PokerStars Hand #156557280172:  Hold'em Limit ($3/$6 USD) - 2016/07/28 13:43:48 ET
Table 'Thernoe' 10-max Seat #1 is the button
Seat 1: Ag3r0n ($151.16 in chips)
Seat 2: KUZNEC111 ($170.70 in chips)
Ag3r0n: posts small blind $1
KUZNEC111: posts big blind $3
*** HOLE CARDS ***
Ag3r0n: raises $3 to $6
KUZNEC111: calls $3
*** FLOP *** [2h Jh 7d]
KUZNEC111: checks
Ag3r0n: checks
*** TURN *** [2h Jh 7d] [3s]
KUZNEC111: checks
Ag3r0n: checks
*** RIVER *** [2h Jh 7d 3s] [3d]
KUZNEC111: checks
Ag3r0n: checks
*** SHOW DOWN ***
KUZNEC111: shows [8h Tc] (a pair of Threes)
Ag3r0n: shows [Qc 6d] (a pair of Threes - Queen kicker)
Ag3r0n collected $11.76 from pot
*** SUMMARY ***
Total pot $12 | Rake $0.24
Board [2h Jh 7d 3s 3d]
Seat 1: Ag3r0n (button) (small blind) showed [Qc 6d] and won ($11.76) with a pair of Threes
Seat 2: KUZNEC111 (big blind) showed [8h Tc] and lost with a pair of Threes


PokerStars Hand #156557275916:  Hold'em Limit ($3/$6 USD) - 2016/07/28 13:43:42 ET
Table 'Thernoe' 10-max Seat #2 is the button
Seat 1: Ag3r0n ($154.16 in chips)
Seat 2: KUZNEC111 ($167.70 in chips)
KUZNEC111: posts small blind $1
Ag3r0n: posts big blind $3
*** HOLE CARDS ***
KUZNEC111: raises $3 to $6
Ag3r0n: folds
Uncalled bet ($3) returned to KUZNEC111
KUZNEC111 collected $6 from pot
KUZNEC111: doesn't show hand
*** SUMMARY ***
Total pot $6 | Rake $0
Seat 1: Ag3r0n (big blind) folded before Flop
Seat 2: KUZNEC111 (button) (small blind) collected ($6)


PokerStars Hand #156557263662:  Hold'em Limit ($3/$6 USD) - 2016/07/28 13:43:24 ET
Table 'Thernoe' 10-max Seat #1 is the button
Seat 1: Ag3r0n ($142.64 in chips)
Seat 2: KUZNEC111 ($179.70 in chips)
Ag3r0n: posts small blind $1
KUZNEC111: posts big blind $3
*** HOLE CARDS ***
Ag3r0n: raises $3 to $6
KUZNEC111: calls $3
*** FLOP *** [Jh Qd 4h]
KUZNEC111: bets $3
Ag3r0n: raises $3 to $6
KUZNEC111: calls $3
*** TURN *** [Jh Qd 4h] [9d]
KUZNEC111: checks
Ag3r0n: bets $6
KUZNEC111: folds
Uncalled bet ($6) returned to Ag3r0n
Ag3r0n collected $23.52 from pot
*** SUMMARY ***
Total pot $24 | Rake $0.48
Board [Jh Qd 4h 9d]
Seat 1: Ag3r0n (button) (small blind) collected ($23.52)
Seat 2: KUZNEC111 (big blind) folded on the Turn


PokerStars Hand #156557258962:  Hold'em Limit ($3/$6 USD) - 2016/07/28 13:43:18 ET
Table 'Thernoe' 10-max Seat #2 is the button
Seat 1: Ag3r0n ($145.64 in chips)
Seat 2: KUZNEC111 ($176.70 in chips)
KUZNEC111: posts small blind $1
Ag3r0n: posts big blind $3
*** HOLE CARDS ***
KUZNEC111: raises $3 to $6
Ag3r0n: folds
Uncalled bet ($3) returned to KUZNEC111
KUZNEC111 collected $6 from pot
KUZNEC111: doesn't show hand
*** SUMMARY ***
Total pot $6 | Rake $0
Seat 1: Ag3r0n (big blind) folded before Flop
Seat 2: KUZNEC111 (button) (small blind) collected ($6)


PokerStars Hand #156557330364:  Hold'em Limit ($3/$6 USD) - 2016/07/28 13:44:59 ET
Table 'Thernoe' 10-max Seat #1 is the button
Seat 1: Ag3r0n ($171.17 in chips)
Seat 2: KUZNEC111 ($149.09 in chips)
Ag3r0n: posts small blind $1
KUZNEC111: posts big blind $3
*** HOLE CARDS ***
Ag3r0n: raises $3 to $6
KUZNEC111: calls $3
*** FLOP *** [3c 9s Ac]
KUZNEC111: checks
Ag3r0n: bets $3
KUZNEC111: calls $3
*** TURN *** [3c 9s Ac] [Qh]
KUZNEC111: checks
Ag3r0n: checks
*** RIVER *** [3c 9s Ac Qh] [2c]
KUZNEC111: bets $6
Ag3r0n: folds
Uncalled bet ($6) returned to KUZNEC111
KUZNEC111 collected $17.64 from pot
KUZNEC111: doesn't show hand
*** SUMMARY ***
Total pot $18 | Rake $0.36
Board [3c 9s Ac Qh 2c]
Seat 1: Ag3r0n (button) (small blind) folded on the River
Seat 2: KUZNEC111 (big blind) collected ($17.64)


PokerStars Hand #156557305071:  Hold'em Limit ($3/$6 USD) - 2016/07/28 13:44:23 ET
Table 'Thernoe' 10-max Seat #1 is the button
Seat 1: Ag3r0n ($180.42 in chips)
Seat 2: KUZNEC111 ($140.70 in chips)
Ag3r0n: posts small blind $1
KUZNEC111: posts big blind $3
*** HOLE CARDS ***
Ag3r0n: raises $3 to $6
KUZNEC111: calls $3
*** FLOP *** [9h 3s 6h]
KUZNEC111: bets $3
Ag3r0n: calls $3
*** TURN *** [9h 3s 6h] [6c]
KUZNEC111: bets $6
Ag3r0n: folds
Uncalled bet ($6) returned to KUZNEC111
KUZNEC111 collected $17.64 from pot
KUZNEC111: doesn't show hand
*** SUMMARY ***
Total pot $18 | Rake $0.36
Board [9h 3s 6h 6c]
Seat 1: Ag3r0n (button) (small blind) folded on the Turn
Seat 2: KUZNEC111 (big blind) collected ($17.64)


PokerStars Hand #156557317448:  Hold'em Limit ($3/$6 USD) - 2016/07/28 13:44:41 ET
Table 'Thernoe' 10-max Seat #2 is the button
Seat 1: Ag3r0n ($171.42 in chips)
Seat 2: KUZNEC111 ($149.34 in chips)
KUZNEC111: posts small blind $1
Ag3r0n: posts big blind $3
*** HOLE CARDS ***
KUZNEC111: calls $2
Ag3r0n: checks
*** FLOP *** [5s 3s Ts]
Ag3r0n: bets $3
KUZNEC111: calls $3
*** TURN *** [5s 3s Ts] [Kd]
Ag3r0n: bets $6
KUZNEC111: calls $6
*** RIVER *** [5s 3s Ts Kd] [3c]
Ag3r0n: checks
KUZNEC111: bets $6
Ag3r0n: calls $6
*** SHOW DOWN ***
KUZNEC111: shows [9h 5h] (two pair, Fives and Threes)
Ag3r0n: shows [5d Qs] (two pair, Fives and Threes)
Ag3r0n collected $17.75 from pot
KUZNEC111 collected $17.75 from pot
*** SUMMARY ***
Total pot $36 | Rake $0.50
Board [5s 3s Ts Kd 3c]
Seat 1: Ag3r0n (big blind) showed [5d Qs] and won ($17.75) with two pair, Fives and Threes
Seat 2: KUZNEC111 (button) (small blind) showed [9h 5h] and won ($17.75) with two pair, Fives and Threes


PokerStars Hand #156557292109:  Hold'em Limit ($3/$6 USD) - 2016/07/28 13:44:05 ET
Table 'Thernoe' 10-max Seat #2 is the button
Seat 1: Ag3r0n ($156.92 in chips)
Seat 2: KUZNEC111 ($164.70 in chips)
KUZNEC111: posts small blind $1
Ag3r0n: posts big blind $3
*** HOLE CARDS ***
KUZNEC111: raises $3 to $6
Ag3r0n: raises $3 to $9
KUZNEC111: calls $3
*** FLOP *** [8s 4c 2c]
Ag3r0n: bets $3
KUZNEC111: calls $3
*** TURN *** [8s 4c 2c] [4h]
Ag3r0n: bets $6
KUZNEC111: calls $6
*** RIVER *** [8s 4c 2c 4h] [Kh]
Ag3r0n: checks
KUZNEC111: bets $6
Ag3r0n: calls $6
*** SHOW DOWN ***
KUZNEC111: shows [9h Jd] (a pair of Fours)
Ag3r0n: shows [Ad Jh] (a pair of Fours - Ace kicker)
Ag3r0n collected $47.50 from pot
*** SUMMARY ***
Total pot $48 | Rake $0.50
Board [8s 4c 2c 4h Kh]
Seat 1: Ag3r0n (big blind) showed [Ad Jh] and won ($47.50) with a pair of Fours
Seat 2: KUZNEC111 (button) (small blind) showed [9h Jd] and lost with a pair of Fours


PokerStars Hand #156557373130:  Hold'em Limit ($3/$6 USD) - 2016/07/28 13:46:01 ET
Table 'Thernoe' 10-max Seat #1 is the button
Seat 1: Ag3r0n ($185.19 in chips)
Seat 2: KUZNEC111 ($133.49 in chips)
Ag3r0n: posts small blind $1
KUZNEC111: posts big blind $3
*** HOLE CARDS ***
Ag3r0n: raises $3 to $6
KUZNEC111: calls $3
*** FLOP *** [Kh 8h 7c]
KUZNEC111: bets $3
Ag3r0n: folds
Uncalled bet ($3) returned to KUZNEC111
KUZNEC111 collected $11.76 from pot
KUZNEC111: doesn't show hand
*** SUMMARY ***
Total pot $12 | Rake $0.24
Board [Kh 8h 7c]
Seat 1: Ag3r0n (button) (small blind) folded on the Flop
Seat 2: KUZNEC111 (big blind) collected ($11.76)


PokerStars Hand #156557362932:  Hold'em Limit ($3/$6 USD) - 2016/07/28 13:45:46 ET
Table 'Thernoe' 10-max Seat #2 is the button
Seat 1: Ag3r0n ($167.69 in chips)
Seat 2: KUZNEC111 ($151.49 in chips)
KUZNEC111: posts small blind $1
Ag3r0n: posts big blind $3
*** HOLE CARDS ***
KUZNEC111: raises $3 to $6
Ag3r0n: calls $3
*** FLOP *** [Tc 8c 2s]
Ag3r0n: checks
KUZNEC111: checks
*** TURN *** [Tc 8c 2s] [6h]
Ag3r0n: bets $6
KUZNEC111: calls $6
*** RIVER *** [Tc 8c 2s 6h] [Ts]
Ag3r0n: bets $6
KUZNEC111: calls $6
*** SHOW DOWN ***
Ag3r0n: shows [Td 8s] (a full house, Tens full of Eights)
KUZNEC111: mucks hand
Ag3r0n collected $35.50 from pot
*** SUMMARY ***
Total pot $36 | Rake $0.50
Board [Tc 8c 2s 6h Ts]
Seat 1: Ag3r0n (big blind) showed [Td 8s] and won ($35.50) with a full house, Tens full of Eights
Seat 2: KUZNEC111 (button) (small blind) mucked


PokerStars Hand #156557341018:  Hold'em Limit ($3/$6 USD) - 2016/07/28 13:45:15 ET
Table 'Thernoe' 10-max Seat #2 is the button
Seat 1: Ag3r0n ($162.17 in chips)
Seat 2: KUZNEC111 ($157.73 in chips)
KUZNEC111: posts small blind $1
Ag3r0n: posts big blind $3
*** HOLE CARDS ***
KUZNEC111: raises $3 to $6
Ag3r0n: calls $3
*** FLOP *** [As 3h 2s]
Ag3r0n: checks
KUZNEC111: checks
*** TURN *** [As 3h 2s] [8d]
Ag3r0n: checks
KUZNEC111: bets $6
Ag3r0n: folds
Uncalled bet ($6) returned to KUZNEC111
KUZNEC111 collected $11.76 from pot
KUZNEC111: doesn't show hand
*** SUMMARY ***
Total pot $12 | Rake $0.24
Board [As 3h 2s 8d]
Seat 1: Ag3r0n (big blind) folded on the Turn
Seat 2: KUZNEC111 (button) (small blind) collected ($11.76)


PokerStars Hand #156557349728:  Hold'em Limit ($3/$6 USD) - 2016/07/28 13:45:27 ET
Table 'Thernoe' 10-max Seat #1 is the button
Seat 1: Ag3r0n ($156.17 in chips)
Seat 2: KUZNEC111 ($163.49 in chips)
Ag3r0n: posts small blind $1
KUZNEC111: posts big blind $3
*** HOLE CARDS ***
Ag3r0n: raises $3 to $6
KUZNEC111: calls $3
*** FLOP *** [9d 5c As]
KUZNEC111: bets $3
Ag3r0n: raises $3 to $6
KUZNEC111: calls $3
*** TURN *** [9d 5c As] [Ac]
KUZNEC111: checks
Ag3r0n: bets $6
KUZNEC111: folds
Uncalled bet ($6) returned to Ag3r0n
Ag3r0n collected $23.52 from pot
*** SUMMARY ***
Total pot $24 | Rake $0.48
Board [9d 5c As Ac]
Seat 1: Ag3r0n (button) (small blind) collected ($23.52)
Seat 2: KUZNEC111 (big blind) folded on the Turn


PokerStars Hand #156557379528:  Hold'em Limit ($3/$6 USD) - 2016/07/28 13:46:10 ET
Table 'Thernoe' 10-max Seat #2 is the button
Seat 1: Ag3r0n ($179.19 in chips)
Seat 2: KUZNEC111 ($139.25 in chips)
KUZNEC111: posts small blind $1
Ag3r0n: posts big blind $3
*** HOLE CARDS ***
KUZNEC111: raises $3 to $6
Ag3r0n: calls $3
*** FLOP *** [7h 6c Qh]
Ag3r0n: bets $3
KUZNEC111: calls $3
*** TURN *** [7h 6c Qh] [Kc]
Ag3r0n: checks
KUZNEC111: bets $6
Ag3r0n: calls $6
*** RIVER *** [7h 6c Qh Kc] [7s]
Ag3r0n: checks
KUZNEC111: checks
*** SHOW DOWN ***
Ag3r0n: shows [5d 7d] (three of a kind, Sevens)
KUZNEC111: mucks hand
Ag3r0n collected $29.50 from pot
*** SUMMARY ***
Total pot $30 | Rake $0.50
Board [7h 6c Qh Kc 7s]
Seat 1: Ag3r0n (big blind) showed [5d 7d] and won ($29.50) with three of a kind, Sevens
Seat 2: KUZNEC111 (button) (small blind) mucked


PokerStars Hand #156557392195:  Hold'em Limit ($3/$6 USD) - 2016/07/28 13:46:28 ET
Table 'Thernoe' 10-max Seat #1 is the button
Seat 1: Ag3r0n ($193.69 in chips)
Seat 2: KUZNEC111 ($124.25 in chips)
Ag3r0n: posts small blind $1
KUZNEC111: posts big blind $3
*** HOLE CARDS ***
Ag3r0n: raises $3 to $6
KUZNEC111: calls $3
*** FLOP *** [9c 4d Tc]
KUZNEC111: bets $3
Ag3r0n: calls $3
*** TURN *** [9c 4d Tc] [Qh]
KUZNEC111: bets $6
Ag3r0n: calls $6
*** RIVER *** [9c 4d Tc Qh] [8h]
KUZNEC111: bets $6
Ag3r0n: calls $6
*** SHOW DOWN ***
KUZNEC111: shows [8c 4c] (two pair, Eights and Fours)
Ag3r0n: mucks hand
KUZNEC111 collected $41.50 from pot
*** SUMMARY ***
Total pot $42 | Rake $0.50
Board [9c 4d Tc Qh 8h]
Seat 1: Ag3r0n (button) (small blind) mucked
Seat 2: KUZNEC111 (big blind) showed [8c 4c] and won ($41.50) with two pair, Eights and Fours


PokerStars Hand #156557411558:  Hold'em Limit ($3/$6 USD) - 2016/07/28 13:46:56 ET
Table 'Thernoe' 10-max Seat #1 is the button
Seat 1: Ag3r0n ($166.69 in chips)
Seat 2: KUZNEC111 ($150.51 in chips)
Ag3r0n: posts small blind $1
KUZNEC111: posts big blind $3
*** HOLE CARDS ***
Ag3r0n: raises $3 to $6
KUZNEC111: calls $3
*** FLOP *** [3d As 4h]
KUZNEC111: bets $3
Ag3r0n: calls $3
*** TURN *** [3d As 4h] [Tc]
KUZNEC111: bets $6
Ag3r0n: raises $6 to $12
KUZNEC111: calls $6
*** RIVER *** [3d As 4h Tc] [9h]
KUZNEC111: checks
Ag3r0n: bets $6
KUZNEC111: folds
Uncalled bet ($6) returned to Ag3r0n
Ag3r0n collected $41.50 from pot
*** SUMMARY ***
Total pot $42 | Rake $0.50
Board [3d As 4h Tc 9h]
Seat 1: Ag3r0n (button) (small blind) collected ($41.50)
Seat 2: KUZNEC111 (big blind) folded on the River


PokerStars Hand #156557405274:  Hold'em Limit ($3/$6 USD) - 2016/07/28 13:46:47 ET
Table 'Thernoe' 10-max Seat #2 is the button
Seat 1: Ag3r0n ($172.69 in chips)
Seat 2: KUZNEC111 ($144.75 in chips)
KUZNEC111: posts small blind $1
Ag3r0n: posts big blind $3
*** HOLE CARDS ***
KUZNEC111: raises $3 to $6
Ag3r0n: calls $3
*** FLOP *** [4c Ac 6d]
Ag3r0n: checks
KUZNEC111: bets $3
Ag3r0n: folds
Uncalled bet ($3) returned to KUZNEC111
KUZNEC111 collected $11.76 from pot
KUZNEC111: doesn't show hand
*** SUMMARY ***
Total pot $12 | Rake $0.24
Board [4c Ac 6d]
Seat 1: Ag3r0n (big blind) folded on the Flop
Seat 2: KUZNEC111 (button) (small blind) collected ($11.76)


PokerStars Hand #156557437288:  Hold'em Limit ($3/$6 USD) - 2016/07/28 13:47:32 ET
Table 'Thernoe' 10-max Seat #2 is the button
Seat 1: Ag3r0n ($193.95 in chips)
Seat 2: KUZNEC111 ($122.51 in chips)
KUZNEC111: posts small blind $1
Ag3r0n: posts big blind $3
*** HOLE CARDS ***
KUZNEC111: raises $3 to $6
Ag3r0n: calls $3
*** FLOP *** [6h 5h Jh]
Ag3r0n: checks
KUZNEC111: checks
*** TURN *** [6h 5h Jh] [As]
Ag3r0n: checks
KUZNEC111: bets $6
Ag3r0n: folds
Uncalled bet ($6) returned to KUZNEC111
KUZNEC111 collected $11.76 from pot
KUZNEC111: doesn't show hand
*** SUMMARY ***
Total pot $12 | Rake $0.24
Board [6h 5h Jh As]
Seat 1: Ag3r0n (big blind) folded on the Turn
Seat 2: KUZNEC111 (button) (small blind) collected ($11.76)


PokerStars Hand #156557447605:  Hold'em Limit ($3/$6 USD) - 2016/07/28 13:47:47 ET
Table 'Thernoe' 10-max Seat #1 is the button
Seat 1: Ag3r0n ($187.95 in chips)
Seat 2: KUZNEC111 ($128.27 in chips)
Ag3r0n: posts small blind $1
KUZNEC111: posts big blind $3
*** HOLE CARDS ***
Ag3r0n: raises $3 to $6
KUZNEC111: calls $3
*** FLOP *** [Jc 8d 4s]
KUZNEC111: checks
Ag3r0n: bets $3
KUZNEC111: calls $3
*** TURN *** [Jc 8d 4s] [5h]
KUZNEC111: checks
Ag3r0n: checks
*** RIVER *** [Jc 8d 4s 5h] [2h]
KUZNEC111: bets $6
Ag3r0n: raises $6 to $12
KUZNEC111: folds
Uncalled bet ($6) returned to Ag3r0n
Ag3r0n collected $29.50 from pot
*** SUMMARY ***
Total pot $30 | Rake $0.50
Board [Jc 8d 4s 5h 2h]
Seat 1: Ag3r0n (button) (small blind) collected ($29.50)
Seat 2: KUZNEC111 (big blind) folded on the River


PokerStars Hand #156557459783:  Hold'em Limit ($3/$6 USD) - 2016/07/28 13:48:05 ET
Table 'Thernoe' 10-max Seat #2 is the button
Seat 1: Ag3r0n ($202.45 in chips)
Seat 2: KUZNEC111 ($113.27 in chips)
KUZNEC111: posts small blind $1
Ag3r0n: posts big blind $3
*** HOLE CARDS ***
KUZNEC111: raises $3 to $6
Ag3r0n: raises $3 to $9
KUZNEC111: calls $3
*** FLOP *** [2c 4h Ks]
Ag3r0n: bets $3
KUZNEC111: calls $3
*** TURN *** [2c 4h Ks] [4d]
Ag3r0n: bets $6
KUZNEC111: raises $6 to $12
Ag3r0n: folds
Uncalled bet ($6) returned to KUZNEC111
KUZNEC111 collected $35.50 from pot
KUZNEC111: doesn't show hand
*** SUMMARY ***
Total pot $36 | Rake $0.50
Board [2c 4h Ks 4d]
Seat 1: Ag3r0n (big blind) folded on the Turn
Seat 2: KUZNEC111 (button) (small blind) collected ($35.50)


PokerStars Hand #156557425771:  Hold'em Limit ($3/$6 USD) - 2016/07/28 13:47:16 ET
Table 'Thernoe' 10-max Seat #2 is the button
Seat 1: Ag3r0n ($187.19 in chips)
Seat 2: KUZNEC111 ($129.51 in chips)
KUZNEC111: posts small blind $1
Ag3r0n: posts big blind $3
*** HOLE CARDS ***
KUZNEC111: folds
Uncalled bet ($2) returned to Ag3r0n
Ag3r0n collected $2 from pot
*** SUMMARY ***
Total pot $2 | Rake $0
Seat 1: Ag3r0n (big blind) collected ($2)
Seat 2: KUZNEC111 (button) (small blind) folded before Flop


PokerStars Hand #156557430828:  Hold'em Limit ($3/$6 USD) - 2016/07/28 13:47:23 ET
Table 'Thernoe' 10-max Seat #1 is the button
Seat 1: Ag3r0n ($188.19 in chips)
Seat 2: KUZNEC111 ($128.51 in chips)
Ag3r0n: posts small blind $1
KUZNEC111: posts big blind $3
*** HOLE CARDS ***
Ag3r0n: raises $3 to $6
KUZNEC111: calls $3
*** FLOP *** [4s Ks 4d]
KUZNEC111: checks
Ag3r0n: bets $3
KUZNEC111: folds
Uncalled bet ($3) returned to Ag3r0n
Ag3r0n collected $11.76 from pot
*** SUMMARY ***
Total pot $12 | Rake $0.24
Board [4s Ks 4d]
Seat 1: Ag3r0n (button) (small blind) collected ($11.76)
Seat 2: KUZNEC111 (big blind) folded on the Flop


PokerStars Hand #156557496105:  Hold'em Limit ($3/$6 USD) - 2016/07/28 13:48:56 ET
Table 'Thernoe' 10-max Seat #2 is the button
Seat 1: Ag3r0n ($186.95 in chips)
Seat 2: KUZNEC111 ($127.29 in chips)
KUZNEC111: posts small blind $1
Ag3r0n: posts big blind $3
*** HOLE CARDS ***
KUZNEC111: calls $2
Ag3r0n: checks
*** FLOP *** [Td 3d Qc]
Ag3r0n: checks
KUZNEC111: checks
*** TURN *** [Td 3d Qc] [4h]
Ag3r0n: checks
KUZNEC111: bets $6
Ag3r0n: folds
Uncalled bet ($6) returned to KUZNEC111
KUZNEC111 collected $5.88 from pot
KUZNEC111: doesn't show hand
*** SUMMARY ***
Total pot $6 | Rake $0.12
Board [Td 3d Qc 4h]
Seat 1: Ag3r0n (big blind) folded on the Turn
Seat 2: KUZNEC111 (button) (small blind) collected ($5.88)


PokerStars Hand #156557470625:  Hold'em Limit ($3/$6 USD) - 2016/07/28 13:48:20 ET
Table 'Thernoe' 10-max Seat #1 is the button
Seat 1: Ag3r0n ($184.45 in chips)
Seat 2: KUZNEC111 ($130.77 in chips)
Ag3r0n: posts small blind $1
KUZNEC111: posts big blind $3
*** HOLE CARDS ***
Ag3r0n: raises $3 to $6
KUZNEC111: calls $3
*** FLOP *** [Kd As 9h]
KUZNEC111: bets $3
Ag3r0n: calls $3
*** TURN *** [Kd As 9h] [Qs]
KUZNEC111: bets $6
Ag3r0n: raises $6 to $12
KUZNEC111: folds
Uncalled bet ($6) returned to Ag3r0n
Ag3r0n collected $29.50 from pot
*** SUMMARY ***
Total pot $30 | Rake $0.50
Board [Kd As 9h Qs]
Seat 1: Ag3r0n (button) (small blind) collected ($29.50)
Seat 2: KUZNEC111 (big blind) folded on the Turn


PokerStars Hand #156557480218:  Hold'em Limit ($3/$6 USD) - 2016/07/28 13:48:34 ET
Table 'Thernoe' 10-max Seat #2 is the button
Seat 1: Ag3r0n ($198.95 in chips)
Seat 2: KUZNEC111 ($115.77 in chips)
KUZNEC111: posts small blind $1
Ag3r0n: posts big blind $3
*** HOLE CARDS ***
KUZNEC111: raises $3 to $6
Ag3r0n: calls $3
*** FLOP *** [Td 8h 9s]
Ag3r0n: checks
KUZNEC111: checks
*** TURN *** [Td 8h 9s] [Kd]
Ag3r0n: checks
KUZNEC111: bets $6
Ag3r0n: folds
Uncalled bet ($6) returned to KUZNEC111
KUZNEC111 collected $11.76 from pot
KUZNEC111: doesn't show hand
*** SUMMARY ***
Total pot $12 | Rake $0.24
Board [Td 8h 9s Kd]
Seat 1: Ag3r0n (big blind) folded on the Turn
Seat 2: KUZNEC111 (button) (small blind) collected ($11.76)


PokerStars Hand #156557504763:  Hold'em Limit ($3/$6 USD) - 2016/07/28 13:49:09 ET
Table 'Thernoe' 10-max Seat #1 is the button
Seat 1: Ag3r0n ($183.95 in chips)
Seat 2: KUZNEC111 ($130.17 in chips)
Ag3r0n: posts small blind $1
KUZNEC111: posts big blind $3
*** HOLE CARDS ***
Ag3r0n: folds
Uncalled bet ($2) returned to KUZNEC111
KUZNEC111 collected $2 from pot
KUZNEC111: doesn't show hand
*** SUMMARY ***
Total pot $2 | Rake $0
Seat 1: Ag3r0n (button) (small blind) folded before Flop
Seat 2: KUZNEC111 (big blind) collected ($2)


PokerStars Hand #156557489107:  Hold'em Limit ($3/$6 USD) - 2016/07/28 13:48:46 ET
Table 'Thernoe' 10-max Seat #1 is the button
Seat 1: Ag3r0n ($192.95 in chips)
Seat 2: KUZNEC111 ($121.53 in chips)
Ag3r0n: posts small blind $1
KUZNEC111: posts big blind $3
*** HOLE CARDS ***
Ag3r0n: raises $3 to $6
KUZNEC111: calls $3
*** FLOP *** [2c 8c Kd]
KUZNEC111: bets $3
Ag3r0n: folds
Uncalled bet ($3) returned to KUZNEC111
KUZNEC111 collected $11.76 from pot
KUZNEC111: doesn't show hand
*** SUMMARY ***
Total pot $12 | Rake $0.24
Board [2c 8c Kd]
Seat 1: Ag3r0n (button) (small blind) folded on the Flop
Seat 2: KUZNEC111 (big blind) collected ($11.76)


PokerStars Hand #156557538180:  Hold'em Limit ($3/$6 USD) - 2016/07/28 13:49:57 ET
Table 'Thernoe' 10-max Seat #1 is the button
Seat 1: Ag3r0n ($188.45 in chips)
Seat 2: KUZNEC111 ($124.69 in chips)
Ag3r0n: posts small blind $1
KUZNEC111: posts big blind $3
*** HOLE CARDS ***
Ag3r0n: raises $3 to $6
KUZNEC111: calls $3
*** FLOP *** [6s Qd 4c]
KUZNEC111: bets $3
Ag3r0n: raises $3 to $6
KUZNEC111: calls $3
*** TURN *** [6s Qd 4c] [Kh]
KUZNEC111: checks
Ag3r0n: bets $6
KUZNEC111: calls $6
*** RIVER *** [6s Qd 4c Kh] [Kd]
KUZNEC111: checks
Ag3r0n: bets $6
KUZNEC111: folds
Uncalled bet ($6) returned to Ag3r0n
Ag3r0n collected $35.50 from pot
*** SUMMARY ***
Total pot $36 | Rake $0.50
Board [6s Qd 4c Kh Kd]
Seat 1: Ag3r0n (button) (small blind) collected ($35.50)
Seat 2: KUZNEC111 (big blind) folded on the River


PokerStars Hand #156557532437:  Hold'em Limit ($3/$6 USD) - 2016/07/28 13:49:48 ET
Table 'Thernoe' 10-max Seat #2 is the button
Seat 1: Ag3r0n ($191.45 in chips)
Seat 2: KUZNEC111 ($121.69 in chips)
KUZNEC111: posts small blind $1
Ag3r0n: posts big blind $3
*** HOLE CARDS ***
KUZNEC111: raises $3 to $6
Ag3r0n: folds
Uncalled bet ($3) returned to KUZNEC111
KUZNEC111 collected $6 from pot
KUZNEC111: doesn't show hand
*** SUMMARY ***
Total pot $6 | Rake $0
Seat 1: Ag3r0n (big blind) folded before Flop
Seat 2: KUZNEC111 (button) (small blind) collected ($6)


PokerStars Hand #156557520343:  Hold'em Limit ($3/$6 USD) - 2016/07/28 13:49:31 ET
Table 'Thernoe' 10-max Seat #1 is the button
Seat 1: Ag3r0n ($170.95 in chips)
Seat 2: KUZNEC111 ($142.69 in chips)
Ag3r0n: posts small blind $1
KUZNEC111: posts big blind $3
*** HOLE CARDS ***
Ag3r0n: raises $3 to $6
KUZNEC111: calls $3
*** FLOP *** [8h 4s Ks]
KUZNEC111: bets $3
Ag3r0n: calls $3
*** TURN *** [8h 4s Ks] [9d]
KUZNEC111: checks
Ag3r0n: bets $6
KUZNEC111: calls $6
*** RIVER *** [8h 4s Ks 9d] [Qd]
KUZNEC111: checks
Ag3r0n: bets $6
KUZNEC111: calls $6
*** SHOW DOWN ***
Ag3r0n: shows [Js Qs] (a pair of Queens)
KUZNEC111: mucks hand
Ag3r0n collected $41.50 from pot
*** SUMMARY ***
Total pot $42 | Rake $0.50
Board [8h 4s Ks 9d Qd]
Seat 1: Ag3r0n (button) (small blind) showed [Js Qs] and won ($41.50) with a pair of Queens
Seat 2: KUZNEC111 (big blind) mucked


PokerStars Hand #156557507549:  Hold'em Limit ($3/$6 USD) - 2016/07/28 13:49:13 ET
Table 'Thernoe' 10-max Seat #2 is the button
Seat 1: Ag3r0n ($182.95 in chips)
Seat 2: KUZNEC111 ($131.17 in chips)
KUZNEC111: posts small blind $1
Ag3r0n: posts big blind $3
*** HOLE CARDS ***
KUZNEC111: raises $3 to $6
Ag3r0n: calls $3
*** FLOP *** [Jc 4d Ts]
Ag3r0n: checks
KUZNEC111: checks
*** TURN *** [Jc 4d Ts] [3s]
Ag3r0n: bets $6
KUZNEC111: calls $6
*** RIVER *** [Jc 4d Ts 3s] [Qd]
Ag3r0n: checks
KUZNEC111: bets $6
Ag3r0n: folds
Uncalled bet ($6) returned to KUZNEC111
KUZNEC111 collected $23.52 from pot
KUZNEC111: doesn't show hand
*** SUMMARY ***
Total pot $24 | Rake $0.48
Board [Jc 4d Ts 3s Qd]
Seat 1: Ag3r0n (big blind) folded on the River
Seat 2: KUZNEC111 (button) (small blind) collected ($23.52)


PokerStars Hand #156557557174:  Hold'em Limit ($3/$6 USD) - 2016/07/28 13:50:24 ET
Table 'Thernoe' 10-max Seat #1 is the button
Seat 1: Ag3r0n ($202.95 in chips)
Seat 2: KUZNEC111 ($109.69 in chips)
Ag3r0n: posts small blind $1
KUZNEC111: posts big blind $3
*** HOLE CARDS ***
Ag3r0n: folds
Uncalled bet ($2) returned to KUZNEC111
KUZNEC111 collected $2 from pot
KUZNEC111: doesn't show hand
*** SUMMARY ***
Total pot $2 | Rake $0
Seat 1: Ag3r0n (button) (small blind) folded before Flop
Seat 2: KUZNEC111 (big blind) collected ($2)


PokerStars Hand #156557552473:  Hold'em Limit ($3/$6 USD) - 2016/07/28 13:50:17 ET
Table 'Thernoe' 10-max Seat #2 is the button
Seat 1: Ag3r0n ($205.95 in chips)
Seat 2: KUZNEC111 ($106.69 in chips)
KUZNEC111: posts small blind $1
Ag3r0n: posts big blind $3
*** HOLE CARDS ***
KUZNEC111: raises $3 to $6
Ag3r0n: folds
Uncalled bet ($3) returned to KUZNEC111
KUZNEC111 collected $6 from pot
KUZNEC111: doesn't show hand
*** SUMMARY ***
Total pot $6 | Rake $0
Seat 1: Ag3r0n (big blind) folded before Flop
Seat 2: KUZNEC111 (button) (small blind) collected ($6)


PokerStars Hand #156557565130:  Hold'em Limit ($3/$6 USD) - 2016/07/28 13:50:35 ET
Table 'Thernoe' 10-max Seat #1 is the button
Seat 1: Ag3r0n ($198.95 in chips)
Seat 2: KUZNEC111 ($113.69 in chips)
Ag3r0n: posts small blind $1
KUZNEC111: posts big blind $3
*** HOLE CARDS ***
Ag3r0n: raises $3 to $6
KUZNEC111: raises $3 to $9
Ag3r0n: calls $3
*** FLOP *** [3h 6s Th]
KUZNEC111: bets $3
Ag3r0n: raises $3 to $6
KUZNEC111: raises $3 to $9
Ag3r0n: calls $3
*** TURN *** [3h 6s Th] [9s]
KUZNEC111: bets $6
Ag3r0n: raises $6 to $12
KUZNEC111: raises $6 to $18
Ag3r0n: calls $6
*** RIVER *** [3h 6s Th 9s] [Kd]
KUZNEC111: bets $6
Ag3r0n: calls $6
*** SHOW DOWN ***
KUZNEC111: shows [6c 6d] (three of a kind, Sixes)
Ag3r0n: mucks hand
KUZNEC111 collected $83.50 from pot
*** SUMMARY ***
Total pot $84 | Rake $0.50
Board [3h 6s Th 9s Kd]
Seat 1: Ag3r0n (button) (small blind) mucked
Seat 2: KUZNEC111 (big blind) showed [6c 6d] and won ($83.50) with three of a kind, Sixes


PokerStars Hand #156557560523:  Hold'em Limit ($3/$6 USD) - 2016/07/28 13:50:29 ET
Table 'Thernoe' 10-max Seat #2 is the button
Seat 1: Ag3r0n ($201.95 in chips)
Seat 2: KUZNEC111 ($110.69 in chips)
KUZNEC111: posts small blind $1
Ag3r0n: posts big blind $3
*** HOLE CARDS ***
KUZNEC111: raises $3 to $6
Ag3r0n: folds
Uncalled bet ($3) returned to KUZNEC111
KUZNEC111 collected $6 from pot
KUZNEC111: doesn't show hand
*** SUMMARY ***
Total pot $6 | Rake $0
Seat 1: Ag3r0n (big blind) folded before Flop
Seat 2: KUZNEC111 (button) (small blind) collected ($6)


PokerStars Hand #156557623296:  Hold'em Limit ($3/$6 USD) - 2016/07/28 13:51:59 ET
Table 'Thernoe' 10-max Seat #1 is the button
Seat 1: Ag3r0n ($156.45 in chips)
Seat 2: KUZNEC111 ($154.59 in chips)
Ag3r0n: posts small blind $1
KUZNEC111: posts big blind $3
*** HOLE CARDS ***
Ag3r0n: folds
Uncalled bet ($2) returned to KUZNEC111
KUZNEC111 collected $2 from pot
KUZNEC111: doesn't show hand
*** SUMMARY ***
Total pot $2 | Rake $0
Seat 1: Ag3r0n (button) (small blind) folded before Flop
Seat 2: KUZNEC111 (big blind) collected ($2)


PokerStars Hand #156557589137:  Hold'em Limit ($3/$6 USD) - 2016/07/28 13:51:10 ET
Table 'Thernoe' 10-max Seat #2 is the button
Seat 1: Ag3r0n ($156.95 in chips)
Seat 2: KUZNEC111 ($155.19 in chips)
KUZNEC111: posts small blind $1
Ag3r0n: posts big blind $3
*** HOLE CARDS ***
KUZNEC111: calls $2
Ag3r0n: raises $3 to $6
KUZNEC111: calls $3
*** FLOP *** [6c Kc Kh]
Ag3r0n: bets $3
KUZNEC111: calls $3
*** TURN *** [6c Kc Kh] [8c]
Ag3r0n: bets $6
KUZNEC111: calls $6
*** RIVER *** [6c Kc Kh 8c] [Ah]
Ag3r0n: bets $6
KUZNEC111: folds
Uncalled bet ($6) returned to Ag3r0n
Ag3r0n collected $29.50 from pot
*** SUMMARY ***
Total pot $30 | Rake $0.50
Board [6c Kc Kh 8c Ah]
Seat 1: Ag3r0n (big blind) collected ($29.50)
Seat 2: KUZNEC111 (button) (small blind) folded on the River


PokerStars Hand #156557603567:  Hold'em Limit ($3/$6 USD) - 2016/07/28 13:51:30 ET
Table 'Thernoe' 10-max Seat #1 is the button
Seat 1: Ag3r0n ($171.45 in chips)
Seat 2: KUZNEC111 ($140.19 in chips)
Ag3r0n: posts small blind $1
KUZNEC111: posts big blind $3
*** HOLE CARDS ***
Ag3r0n: raises $3 to $6
KUZNEC111: raises $3 to $9
Ag3r0n: calls $3
*** FLOP *** [5h 7s Jd]
KUZNEC111: bets $3
Ag3r0n: folds
Uncalled bet ($3) returned to KUZNEC111
KUZNEC111 collected $17.64 from pot
KUZNEC111: doesn't show hand
*** SUMMARY ***
Total pot $18 | Rake $0.36
Board [5h 7s Jd]
Seat 1: Ag3r0n (button) (small blind) folded on the Flop
Seat 2: KUZNEC111 (big blind) collected ($17.64)


PokerStars Hand #156557615668:  Hold'em Limit ($3/$6 USD) - 2016/07/28 13:51:47 ET
Table 'Thernoe' 10-max Seat #2 is the button
Seat 1: Ag3r0n ($162.45 in chips)
Seat 2: KUZNEC111 ($148.83 in chips)
KUZNEC111: posts small blind $1
Ag3r0n: posts big blind $3
*** HOLE CARDS ***
KUZNEC111: raises $3 to $6
Ag3r0n: calls $3
*** FLOP *** [2d 3c 9h]
Ag3r0n: checks
KUZNEC111: bets $3
Ag3r0n: folds
Uncalled bet ($3) returned to KUZNEC111
KUZNEC111 collected $11.76 from pot
KUZNEC111: doesn't show hand
*** SUMMARY ***
Total pot $12 | Rake $0.24
Board [2d 3c 9h]
Seat 1: Ag3r0n (big blind) folded on the Flop
Seat 2: KUZNEC111 (button) (small blind) collected ($11.76)


PokerStars Hand #156557644381:  Hold'em Limit ($3/$6 USD) - 2016/07/28 13:52:29 ET
Table 'Thernoe' 10-max Seat #1 is the button
Seat 1: Ag3r0n ($137.45 in chips)
Seat 2: KUZNEC111 ($173.09 in chips)
Ag3r0n: posts small blind $1
KUZNEC111: posts big blind $3
*** HOLE CARDS ***
Ag3r0n: raises $3 to $6
KUZNEC111: raises $3 to $9
Ag3r0n: calls $3
*** FLOP *** [8c 9h Ac]
KUZNEC111: bets $3
Ag3r0n: calls $3
*** TURN *** [8c 9h Ac] [Tc]
KUZNEC111: bets $6
Ag3r0n: folds
Uncalled bet ($6) returned to KUZNEC111
KUZNEC111 collected $23.52 from pot
KUZNEC111: doesn't show hand
*** SUMMARY ***
Total pot $24 | Rake $0.48
Board [8c 9h Ac Tc]
Seat 1: Ag3r0n (button) (small blind) folded on the Turn
Seat 2: KUZNEC111 (big blind) collected ($23.52)


PokerStars Hand #156557653409:  Hold'em Limit ($3/$6 USD) - 2016/07/28 13:52:42 ET
Table 'Thernoe' 10-max Seat #2 is the button
Seat 1: Ag3r0n ($125.45 in chips)
Seat 2: KUZNEC111 ($184.61 in chips)
KUZNEC111: posts small blind $1
Ag3r0n: posts big blind $3
*** HOLE CARDS ***
KUZNEC111: calls $2
Ag3r0n: raises $3 to $6
KUZNEC111: calls $3
*** FLOP *** [As 6h 6c]
Ag3r0n: bets $3
KUZNEC111: calls $3
*** TURN *** [As 6h 6c] [5s]
Ag3r0n: bets $6
KUZNEC111: calls $6
*** RIVER *** [As 6h 6c 5s] [6d]
Ag3r0n: bets $6
KUZNEC111: folds
Uncalled bet ($6) returned to Ag3r0n
Ag3r0n collected $29.50 from pot
*** SUMMARY ***
Total pot $30 | Rake $0.50
Board [As 6h 6c 5s 6d]
Seat 1: Ag3r0n (big blind) collected ($29.50)
Seat 2: KUZNEC111 (button) (small blind) folded on the River


PokerStars Hand #156557668323:  Hold'em Limit ($3/$6 USD) - 2016/07/28 13:53:04 ET
Table 'Thernoe' 10-max Seat #1 is the button
Seat 1: Ag3r0n ($139.95 in chips)
Seat 2: KUZNEC111 ($169.61 in chips)
Ag3r0n: posts small blind $1
KUZNEC111: posts big blind $3
*** HOLE CARDS ***
Ag3r0n: raises $3 to $6
KUZNEC111: calls $3
*** FLOP *** [9d 3d 4s]
KUZNEC111: bets $3
Ag3r0n: raises $3 to $6
KUZNEC111: calls $3
*** TURN *** [9d 3d 4s] [3h]
KUZNEC111: checks
Ag3r0n: checks
*** RIVER *** [9d 3d 4s 3h] [5d]
KUZNEC111: bets $6
Ag3r0n: calls $6
*** SHOW DOWN ***
KUZNEC111: shows [6h 5s] (two pair, Fives and Threes)
Ag3r0n: mucks hand
KUZNEC111 collected $35.50 from pot
*** SUMMARY ***
Total pot $36 | Rake $0.50
Board [9d 3d 4s 3h 5d]
Seat 1: Ag3r0n (button) (small blind) mucked
Seat 2: KUZNEC111 (big blind) showed [6h 5s] and won ($35.50) with two pair, Fives and Threes


PokerStars Hand #156557626389:  Hold'em Limit ($3/$6 USD) - 2016/07/28 13:52:03 ET
Table 'Thernoe' 10-max Seat #2 is the button
Seat 1: Ag3r0n ($155.45 in chips)
Seat 2: KUZNEC111 ($155.59 in chips)
KUZNEC111: posts small blind $1
Ag3r0n: posts big blind $3
*** HOLE CARDS ***
KUZNEC111: calls $2
Ag3r0n: checks
*** FLOP *** [6d 8s 3c]
Ag3r0n: bets $3
KUZNEC111: calls $3
*** TURN *** [6d 8s 3c] [Jd]
Ag3r0n: bets $6
KUZNEC111: raises $6 to $12
Ag3r0n: calls $6
*** RIVER *** [6d 8s 3c Jd] [7h]
Ag3r0n: checks
KUZNEC111: bets $6
Ag3r0n: folds
Uncalled bet ($6) returned to KUZNEC111
KUZNEC111 collected $35.50 from pot
KUZNEC111: doesn't show hand
*** SUMMARY ***
Total pot $36 | Rake $0.50
Board [6d 8s 3c Jd 7h]
Seat 1: Ag3r0n (big blind) folded on the River
Seat 2: KUZNEC111 (button) (small blind) collected ($35.50)


PokerStars Hand #156557680137:  Hold'em Limit ($3/$6 USD) - 2016/07/28 13:53:21 ET
Table 'Thernoe' 10-max Seat #2 is the button
Seat 1: Ag3r0n ($121.95 in chips)
Seat 2: KUZNEC111 ($187.11 in chips)
KUZNEC111: posts small blind $1
Ag3r0n: posts big blind $3
*** HOLE CARDS ***
KUZNEC111: raises $3 to $6
Ag3r0n: calls $3
*** FLOP *** [4s 3c Qd]
Ag3r0n: checks
WSpieler joins the table at seat #10
KUZNEC111: bets $3
Ag3r0n: calls $3
*** TURN *** [4s 3c Qd] [Qc]
Ag3r0n: checks
KUZNEC111: bets $6
Ag3r0n: folds
Uncalled bet ($6) returned to KUZNEC111
BuzovaPro joins the table at seat #3
KUZNEC111 collected $17.64 from pot
KUZNEC111: doesn't show hand
*** SUMMARY ***
Total pot $18 | Rake $0.36
Board [4s 3c Qd Qc]
Seat 1: Ag3r0n (big blind) folded on the Turn
Seat 2: KUZNEC111 (button) (small blind) collected ($17.64)


PokerStars Hand #156557690513:  Hold'em Limit ($3/$6 USD) - 2016/07/28 13:53:36 ET
Table 'Thernoe' 10-max Seat #1 is the button
Seat 1: Ag3r0n ($112.95 in chips)
Seat 2: KUZNEC111 ($195.75 in chips)
Ag3r0n: posts small blind $1
KUZNEC111: posts big blind $3
*** HOLE CARDS ***
Ag3r0n: raises $3 to $6
KUZNEC111: calls $3
*** FLOP *** [Js 2d 7h]
KUZNEC111: bets $3
Ag3r0n: calls $3
*** TURN *** [Js 2d 7h] [9d]
KUZNEC111: checks
Ag3r0n: bets $6
KUZNEC111: calls $6
*** RIVER *** [Js 2d 7h 9d] [5h]
KUZNEC111: checks
Ag3r0n: bets $6
KUZNEC111: folds
Uncalled bet ($6) returned to Ag3r0n
Ag3r0n collected $29.50 from pot
*** SUMMARY ***
Total pot $30 | Rake $0.50
Board [Js 2d 7h 9d 5h]
Seat 1: Ag3r0n (button) (small blind) collected ($29.50)
Seat 2: KUZNEC111 (big blind) folded on the River


PokerStars Hand #156559442837:  Hold'em Limit ($3/$6 USD) - 2016/07/28 14:35:26 ET
Table 'Thernoe' 10-max Seat #3 is the button
Seat 3: vestimokrec ($130.49 in chips)
Seat 6: nat42 ($103.36 in chips)
KUZNEC111 will be allowed to play after the button
vestimokrec: posts small blind $1
asino222: is sitting out
nat42: posts big blind $3
*** HOLE CARDS ***
komornik joins the table at seat #4
vestimokrec: raises $3 to $6
nat42: calls $3
*** FLOP *** [5d Qd 9c]
nat42: checks
MooDao joins the table at seat #7
vestimokrec: checks
*** TURN *** [5d Qd 9c] [4s]
nat42: bets $6
vestimokrec: calls $6
*** RIVER *** [5d Qd 9c 4s] [3h]
nat42: bets $6
vestimokrec: folds
Uncalled bet ($6) returned to nat42
nat42 collected $23.52 from pot
*** SUMMARY ***
Total pot $24 | Rake $0.48
Board [5d Qd 9c 4s 3h]
Seat 3: vestimokrec (button) (small blind) folded on the River
Seat 6: nat42 (big blind) collected ($23.52)


PokerStars Hand #156563397786:  Hold'em Limit ($3/$6 USD) - 2016/07/28 16:00:44 ET
Table 'Thernoe' 10-max Seat #9 is the button
Seat 2: LillThore ($24.63 in chips)
Seat 9: roxy1362 ($63.50 in chips)
roxy1362: posts small blind $1
LillThore: posts big blind $3
*** HOLE CARDS ***
roxy1362: folds
Uncalled bet ($2) returned to LillThore
LillThore collected $2 from pot
LillThore: doesn't show hand
*** SUMMARY ***
Total pot $2 | Rake $0
Seat 2: LillThore (big blind) collected ($2)
Seat 9: roxy1362 (button) (small blind) folded before Flop


PokerStars Hand #156563389772:  Hold'em Limit ($3/$6 USD) - 2016/07/28 16:00:32 ET
Table 'Thernoe' 10-max Seat #2 is the button
Seat 2: LillThore ($33.63 in chips)
Seat 9: roxy1362 ($54.86 in chips)
LillThore: posts small blind $1
nat42: is sitting out
roxy1362: posts big blind $3
*** HOLE CARDS ***
nat42 leaves the table
LillThore: raises $3 to $6
roxy1362: calls $3
*** FLOP *** [7h 4h 9s]
roxy1362: checks
LillThore: bets $3
roxy1362: raises $3 to $6
LillThore: folds
Uncalled bet ($3) returned to roxy1362
roxy1362 collected $17.64 from pot
*** SUMMARY ***
Total pot $18 | Rake $0.36
Board [7h 4h 9s]
Seat 2: LillThore (button) (small blind) folded on the Flop
Seat 9: roxy1362 (big blind) collected ($17.64)


