PokerStars Hand #155871183620:  Hold'em Limit ($3/$6 USD) - 2016/07/12 7:12:32 ET
Table 'Thersites' 6-max Seat #3 is the button
Seat 3: jl45259071 ($100 in chips)
Seat 4: Agrotait ($72 in chips)
jl45259071: posts small blind $1
Agrotait: posts big blind $3
*** HOLE CARDS ***
jl45259071: calls $2
Agrotait: raises $3 to $6
jl45259071: calls $3
*** FLOP *** [Kd 9h 6c]
Agrotait: bets $3
jl45259071: calls $3
*** TURN *** [Kd 9h 6c] [3h]
B_loJkl joins the table at seat #5
Agrotait: bets $6
jl45259071: calls $6
*** RIVER *** [Kd 9h 6c 3h] [7c]
Agrotait: bets $6
jl45259071: folds
Uncalled bet ($6) returned to Agrotait
Agrotait collected $29.50 from pot
Agrotait: doesn't show hand
*** SUMMARY ***
Total pot $30 | Rake $0.50
Board [Kd 9h 6c 3h 7c]
Seat 3: jl45259071 (button) (small blind) folded on the River
Seat 4: Agrotait (big blind) collected ($29.50)


PokerStars Hand #155871834600:  Hold'em Limit ($3/$6 USD) - 2016/07/12 7:38:30 ET
Table 'Thersites' 6-max Seat #3 is the button
Seat 3: jl45259071 ($82.36 in chips)
Seat 6: bugsbubble ($164.83 in chips)
iskambil will be allowed to play after the button
jl45259071: posts small blind $1
B_loJkl: is sitting out
bugsbubble: posts big blind $3
*** HOLE CARDS ***
jl45259071: folds
Uncalled bet ($2) returned to bugsbubble
bugsbubble collected $2 from pot
bugsbubble: doesn't show hand
*** SUMMARY ***
Total pot $2 | Rake $0
Seat 3: jl45259071 (button) (small blind) folded before Flop
Seat 6: bugsbubble (big blind) collected ($2)


PokerStars Hand #155872041632:  Hold'em Limit ($3/$6 USD) - 2016/07/12 7:46:27 ET
Table 'Thersites' 6-max Seat #3 is the button
Seat 3: jl45259071 ($91.85 in chips)
Seat 6: bugsbubble ($128.64 in chips)
jl45259071: posts small blind $1
bugsbubble: posts big blind $3
*** HOLE CARDS ***
jl45259071: folds
Uncalled bet ($2) returned to bugsbubble
bugsbubble collected $2 from pot
bugsbubble: doesn't show hand
*** SUMMARY ***
Total pot $2 | Rake $0
Seat 3: jl45259071 (button) (small blind) folded before Flop
Seat 6: bugsbubble (big blind) collected ($2)


PokerStars Hand #155872038998:  Hold'em Limit ($3/$6 USD) - 2016/07/12 7:46:21 ET
Table 'Thersites' 6-max Seat #6 is the button
Seat 3: jl45259071 ($90.85 in chips)
Seat 6: bugsbubble ($129.64 in chips)
bugsbubble: posts small blind $1
iskambil: is sitting out
jl45259071: posts big blind $3
*** HOLE CARDS ***
bugsbubble: folds
Uncalled bet ($2) returned to jl45259071
jl45259071 collected $2 from pot
jl45259071: doesn't show hand
*** SUMMARY ***
Total pot $2 | Rake $0
Seat 3: jl45259071 (big blind) collected ($2)
Seat 6: bugsbubble (button) (small blind) folded before Flop


