PokerStars Hand #145431365450:  Hold'em Limit ($3/$6 USD) - 2015/12/16 9:52:40 ET
Table 'Theresia' 2-max Seat #2 is the button
Seat 1: covasa andre ($12.71 in chips)
Seat 2: krytalex ($138.03 in chips)
krytalex: posts small blind $1
covasa andre: posts big blind $3
*** HOLE CARDS ***
krytalex: raises $3 to $6
covasa andre: raises $3 to $9
krytalex: calls $3
*** FLOP *** [Tc Th 5d]
covasa andre: bets $3
krytalex: calls $3
*** TURN *** [Tc Th 5d] [Ad]
covasa andre: bets $0.71 and is all-in
krytalex: calls $0.71
*** RIVER *** [Tc Th 5d Ad] [2d]
*** SHOW DOWN ***
covasa andre: shows [Ks Kh] (two pair, Kings and Tens)
krytalex: shows [Jc Kc] (a pair of Tens)
covasa andre collected $24.92 from pot
*** SUMMARY ***
Total pot $25.42 | Rake $0.50
Board [Tc Th 5d Ad 2d]
Seat 1: covasa andre (big blind) showed [Ks Kh] and won ($24.92) with two pair, Kings and Tens
Seat 2: krytalex (button) (small blind) showed [Jc Kc] and lost with a pair of Tens


PokerStars Hand #145431361832:  Hold'em Limit ($3/$6 USD) - 2015/12/16 9:52:34 ET
Table 'Theresia' 2-max Seat #1 is the button
Seat 1: covasa andre ($13.71 in chips)
Seat 2: krytalex ($137.03 in chips)
covasa andre: posts small blind $1
krytalex: posts big blind $3
*** HOLE CARDS ***
covasa andre: folds
Uncalled bet ($2) returned to krytalex
krytalex collected $2 from pot
*** SUMMARY ***
Total pot $2 | Rake $0
Seat 1: covasa andre (button) (small blind) folded before Flop
Seat 2: krytalex (big blind) collected ($2)


PokerStars Hand #145431346274:  Hold'em Limit ($3/$6 USD) - 2015/12/16 9:52:11 ET
Table 'Theresia' 2-max Seat #2 is the button
Seat 1: covasa andre ($19.71 in chips)
Seat 2: krytalex ($131.27 in chips)
krytalex: posts small blind $1
covasa andre: posts big blind $3
*** HOLE CARDS ***
krytalex: raises $3 to $6
covasa andre: calls $3
*** FLOP *** [9s 6s Kh]
covasa andre: checks
krytalex: bets $3
covasa andre: folds
Uncalled bet ($3) returned to krytalex
krytalex collected $11.76 from pot
*** SUMMARY ***
Total pot $12 | Rake $0.24
Board [9s 6s Kh]
Seat 1: covasa andre (big blind) folded on the Flop
Seat 2: krytalex (button) (small blind) collected ($11.76)


PokerStars Hand #145431318746:  Hold'em Limit ($3/$6 USD) - 2015/12/16 9:51:30 ET
Table 'Theresia' 2-max Seat #1 is the button
Seat 1: covasa andre ($31.71 in chips)
Seat 2: krytalex ($119.75 in chips)
covasa andre: posts small blind $1
krytalex: posts big blind $3
*** HOLE CARDS ***
covasa andre: raises $3 to $6
krytalex: calls $3
*** FLOP *** [4d Tc 2s]
krytalex: checks
covasa andre: bets $3
krytalex: raises $3 to $6
covasa andre: calls $3
*** TURN *** [4d Tc 2s] [Ts]
krytalex: bets $6
covasa andre: folds
Uncalled bet ($6) returned to krytalex
krytalex collected $23.52 from pot
*** SUMMARY ***
Total pot $24 | Rake $0.48
Board [4d Tc 2s Ts]
Seat 1: covasa andre (button) (small blind) folded on the Turn
Seat 2: krytalex (big blind) collected ($23.52)


PokerStars Hand #145431415401:  Hold'em Limit ($3/$6 USD) - 2015/12/16 9:53:55 ET
Table 'Theresia' 2-max Seat #2 is the button
Seat 1: covasa andre ($33.56 in chips)
Seat 2: krytalex ($116.32 in chips)
krytalex: posts small blind $1
covasa andre: posts big blind $3
*** HOLE CARDS ***
krytalex: raises $3 to $6
covasa andre: raises $3 to $9
krytalex: calls $3
*** FLOP *** [Ac 3s 4h]
covasa andre: bets $3
krytalex: folds
Uncalled bet ($3) returned to covasa andre
covasa andre collected $17.64 from pot
covasa andre: doesn't show hand
*** SUMMARY ***
Total pot $18 | Rake $0.36
Board [Ac 3s 4h]
Seat 1: covasa andre (big blind) collected ($17.64)
Seat 2: krytalex (button) (small blind) folded on the Flop


PokerStars Hand #145431410543:  Hold'em Limit ($3/$6 USD) - 2015/12/16 9:53:48 ET
Table 'Theresia' 2-max Seat #1 is the button
Seat 1: covasa andre ($30.56 in chips)
Seat 2: krytalex ($119.32 in chips)
covasa andre: posts small blind $1
krytalex: posts big blind $3
*** HOLE CARDS ***
covasa andre: raises $3 to $6
krytalex: folds
Uncalled bet ($3) returned to covasa andre
covasa andre collected $6 from pot
covasa andre: doesn't show hand
*** SUMMARY ***
Total pot $6 | Rake $0
Seat 1: covasa andre (button) (small blind) collected ($6)
Seat 2: krytalex (big blind) folded before Flop


PokerStars Hand #145431406798:  Hold'em Limit ($3/$6 USD) - 2015/12/16 9:53:42 ET
Table 'Theresia' 2-max Seat #2 is the button
Seat 1: covasa andre ($29.56 in chips)
Seat 2: krytalex ($120.32 in chips)
krytalex: posts small blind $1
covasa andre: posts big blind $3
*** HOLE CARDS ***
krytalex: folds
Uncalled bet ($2) returned to covasa andre
covasa andre collected $2 from pot
covasa andre: doesn't show hand
*** SUMMARY ***
Total pot $2 | Rake $0
Seat 1: covasa andre (big blind) collected ($2)
Seat 2: krytalex (button) (small blind) folded before Flop


PokerStars Hand #145431403503:  Hold'em Limit ($3/$6 USD) - 2015/12/16 9:53:37 ET
Table 'Theresia' 2-max Seat #1 is the button
Seat 1: covasa andre ($30.56 in chips)
Seat 2: krytalex ($119.32 in chips)
covasa andre: posts small blind $1
krytalex: posts big blind $3
*** HOLE CARDS ***
covasa andre: folds
Uncalled bet ($2) returned to krytalex
krytalex collected $2 from pot
*** SUMMARY ***
Total pot $2 | Rake $0
Seat 1: covasa andre (button) (small blind) folded before Flop
Seat 2: krytalex (big blind) collected ($2)


PokerStars Hand #145431394846:  Hold'em Limit ($3/$6 USD) - 2015/12/16 9:53:24 ET
Table 'Theresia' 2-max Seat #2 is the button
Seat 1: covasa andre ($33.56 in chips)
Seat 2: krytalex ($116.32 in chips)
krytalex: posts small blind $1
covasa andre: posts big blind $3
*** HOLE CARDS ***
krytalex: raises $3 to $6
covasa andre: folds
Uncalled bet ($3) returned to krytalex
krytalex collected $6 from pot
*** SUMMARY ***
Total pot $6 | Rake $0
Seat 1: covasa andre (big blind) folded before Flop
Seat 2: krytalex (button) (small blind) collected ($6)


PokerStars Hand #145431378876:  Hold'em Limit ($3/$6 USD) - 2015/12/16 9:53:00 ET
Table 'Theresia' 2-max Seat #1 is the button
Seat 1: covasa andre ($24.92 in chips)
Seat 2: krytalex ($125.32 in chips)
covasa andre: posts small blind $1
krytalex: posts big blind $3
*** HOLE CARDS ***
covasa andre: raises $3 to $6
krytalex: calls $3
*** FLOP *** [3c 3s 4h]
krytalex: checks
covasa andre: bets $3
krytalex: calls $3
*** TURN *** [3c 3s 4h] [Ac]
krytalex: checks
covasa andre: bets $6
krytalex: folds
Uncalled bet ($6) returned to covasa andre
covasa andre collected $17.64 from pot
covasa andre: doesn't show hand
*** SUMMARY ***
Total pot $18 | Rake $0.36
Board [3c 3s 4h Ac]
Seat 1: covasa andre (button) (small blind) collected ($17.64)
Seat 2: krytalex (big blind) folded on the Turn


PokerStars Hand #145431453917:  Hold'em Limit ($3/$6 USD) - 2015/12/16 9:54:53 ET
Table 'Theresia' 2-max Seat #2 is the button
Seat 1: covasa andre ($38.20 in chips)
Seat 2: krytalex ($111.08 in chips)
krytalex: posts small blind $1
covasa andre: posts big blind $3
*** HOLE CARDS ***
krytalex: raises $3 to $6
covasa andre: folds
Uncalled bet ($3) returned to krytalex
krytalex collected $6 from pot
*** SUMMARY ***
Total pot $6 | Rake $0
Seat 1: covasa andre (big blind) folded before Flop
Seat 2: krytalex (button) (small blind) collected ($6)


PokerStars Hand #145431445118:  Hold'em Limit ($3/$6 USD) - 2015/12/16 9:54:40 ET
Table 'Theresia' 2-max Seat #1 is the button
Seat 1: covasa andre ($35.20 in chips)
Seat 2: krytalex ($114.08 in chips)
covasa andre: posts small blind $1
krytalex: posts big blind $3
*** HOLE CARDS ***
covasa andre: raises $3 to $6
krytalex: folds
Uncalled bet ($3) returned to covasa andre
covasa andre collected $6 from pot
covasa andre: doesn't show hand
*** SUMMARY ***
Total pot $6 | Rake $0
Seat 1: covasa andre (button) (small blind) collected ($6)
Seat 2: krytalex (big blind) folded before Flop


PokerStars Hand #145431440159:  Hold'em Limit ($3/$6 USD) - 2015/12/16 9:54:33 ET
Table 'Theresia' 2-max Seat #2 is the button
Seat 1: covasa andre ($38.20 in chips)
Seat 2: krytalex ($111.08 in chips)
krytalex: posts small blind $1
covasa andre: posts big blind $3
*** HOLE CARDS ***
krytalex: raises $3 to $6
covasa andre: folds
Uncalled bet ($3) returned to krytalex
krytalex collected $6 from pot
*** SUMMARY ***
Total pot $6 | Rake $0
Seat 1: covasa andre (big blind) folded before Flop
Seat 2: krytalex (button) (small blind) collected ($6)


PokerStars Hand #145431436533:  Hold'em Limit ($3/$6 USD) - 2015/12/16 9:54:27 ET
Table 'Theresia' 2-max Seat #1 is the button
Seat 1: covasa andre ($35.20 in chips)
Seat 2: krytalex ($114.08 in chips)
covasa andre: posts small blind $1
krytalex: posts big blind $3
*** HOLE CARDS ***
covasa andre: raises $3 to $6
krytalex: folds
Uncalled bet ($3) returned to covasa andre
covasa andre collected $6 from pot
covasa andre: doesn't show hand
*** SUMMARY ***
Total pot $6 | Rake $0
Seat 1: covasa andre (button) (small blind) collected ($6)
Seat 2: krytalex (big blind) folded before Flop


PokerStars Hand #145431427444:  Hold'em Limit ($3/$6 USD) - 2015/12/16 9:54:14 ET
Table 'Theresia' 2-max Seat #2 is the button
Seat 1: covasa andre ($41.20 in chips)
Seat 2: krytalex ($108.32 in chips)
krytalex: posts small blind $1
covasa andre: posts big blind $3
*** HOLE CARDS ***
krytalex: raises $3 to $6
covasa andre: calls $3
*** FLOP *** [7s Jd 7d]
covasa andre: checks
krytalex: bets $3
covasa andre: folds
Uncalled bet ($3) returned to krytalex
krytalex collected $11.76 from pot
*** SUMMARY ***
Total pot $12 | Rake $0.24
Board [7s Jd 7d]
Seat 1: covasa andre (big blind) folded on the Flop
Seat 2: krytalex (button) (small blind) collected ($11.76)


PokerStars Hand #145431424027:  Hold'em Limit ($3/$6 USD) - 2015/12/16 9:54:08 ET
Table 'Theresia' 2-max Seat #1 is the button
Seat 1: covasa andre ($42.20 in chips)
Seat 2: krytalex ($107.32 in chips)
covasa andre: posts small blind $1
krytalex: posts big blind $3
*** HOLE CARDS ***
covasa andre: folds
Uncalled bet ($2) returned to krytalex
krytalex collected $2 from pot
*** SUMMARY ***
Total pot $2 | Rake $0
Seat 1: covasa andre (button) (small blind) folded before Flop
Seat 2: krytalex (big blind) collected ($2)


PokerStars Hand #145431485665:  Hold'em Limit ($3/$6 USD) - 2015/12/16 9:55:49 ET
Table 'Theresia' 2-max Seat #1 is the button
Seat 1: covasa andre ($25.20 in chips)
Seat 2: krytalex ($123.72 in chips)
covasa andre: posts small blind $1
krytalex: posts big blind $3
*** HOLE CARDS ***
covasa andre: raises $3 to $6
krytalex: calls $3
*** FLOP *** [2d 4d Kc]
krytalex: checks
covasa andre: bets $3
krytalex: raises $3 to $6
covasa andre: calls $3
*** TURN *** [2d 4d Kc] [Qd]
krytalex: bets $6
covasa andre: folds
Uncalled bet ($6) returned to krytalex
krytalex collected $23.52 from pot
*** SUMMARY ***
Total pot $24 | Rake $0.48
Board [2d 4d Kc Qd]
Seat 1: covasa andre (button) (small blind) folded on the Turn
Seat 2: krytalex (big blind) collected ($23.52)


PokerStars Hand #145431480750:  Hold'em Limit ($3/$6 USD) - 2015/12/16 9:55:40 ET
Table 'Theresia' 2-max Seat #2 is the button
Seat 1: covasa andre ($28.20 in chips)
Seat 2: krytalex ($120.72 in chips)
krytalex: posts small blind $1
covasa andre: posts big blind $3
*** HOLE CARDS ***
krytalex: raises $3 to $6
covasa andre: folds
Uncalled bet ($3) returned to krytalex
krytalex collected $6 from pot
*** SUMMARY ***
Total pot $6 | Rake $0
Seat 1: covasa andre (big blind) folded before Flop
Seat 2: krytalex (button) (small blind) collected ($6)


PokerStars Hand #145431478253:  Hold'em Limit ($3/$6 USD) - 2015/12/16 9:55:36 ET
Table 'Theresia' 2-max Seat #1 is the button
Seat 1: covasa andre ($29.20 in chips)
Seat 2: krytalex ($119.72 in chips)
covasa andre: posts small blind $1
krytalex: posts big blind $3
*** HOLE CARDS ***
covasa andre: folds
Uncalled bet ($2) returned to krytalex
krytalex collected $2 from pot
*** SUMMARY ***
Total pot $2 | Rake $0
Seat 1: covasa andre (button) (small blind) folded before Flop
Seat 2: krytalex (big blind) collected ($2)


PokerStars Hand #145431468763:  Hold'em Limit ($3/$6 USD) - 2015/12/16 9:55:18 ET
Table 'Theresia' 2-max Seat #2 is the button
Seat 1: covasa andre ($38.20 in chips)
Seat 2: krytalex ($111.08 in chips)
krytalex: posts small blind $1
covasa andre: posts big blind $3
*** HOLE CARDS ***
krytalex: raises $3 to $6
covasa andre: calls $3
*** FLOP *** [Jd Kc 9c]
covasa andre: checks
krytalex: bets $3
covasa andre: calls $3
*** TURN *** [Jd Kc 9c] [5s]
covasa andre: checks
krytalex: bets $6
covasa andre: folds
Uncalled bet ($6) returned to krytalex
krytalex collected $17.64 from pot
*** SUMMARY ***
Total pot $18 | Rake $0.36
Board [Jd Kc 9c 5s]
Seat 1: covasa andre (big blind) folded on the Turn
Seat 2: krytalex (button) (small blind) collected ($17.64)


PokerStars Hand #145431464770:  Hold'em Limit ($3/$6 USD) - 2015/12/16 9:55:11 ET
Table 'Theresia' 2-max Seat #1 is the button
Seat 1: covasa andre ($35.20 in chips)
Seat 2: krytalex ($114.08 in chips)
covasa andre: posts small blind $1
krytalex: posts big blind $3
*** HOLE CARDS ***
covasa andre: raises $3 to $6
krytalex: folds
Uncalled bet ($3) returned to covasa andre
covasa andre collected $6 from pot
covasa andre: doesn't show hand
*** SUMMARY ***
Total pot $6 | Rake $0
Seat 1: covasa andre (button) (small blind) collected ($6)
Seat 2: krytalex (big blind) folded before Flop


PokerStars Hand #145431497773:  Hold'em Limit ($3/$6 USD) - 2015/12/16 9:56:10 ET
Table 'Theresia' 2-max Seat #2 is the button
Seat 1: covasa andre ($13.20 in chips)
Seat 2: krytalex ($135.24 in chips)
krytalex: posts small blind $1
covasa andre: posts big blind $3
*** HOLE CARDS ***
krytalex: raises $3 to $6
covasa andre: raises $3 to $9
krytalex: calls $3
*** FLOP *** [5s 3d 3c]
covasa andre: bets $3
krytalex: calls $3
*** TURN *** [5s 3d 3c] [8s]
covasa andre: bets $1.20 and is all-in
krytalex: calls $1.20
*** RIVER *** [5s 3d 3c 8s] [6d]
*** SHOW DOWN ***
covasa andre: shows [As 7h] (a pair of Threes)
krytalex: shows [Kc 2c] (a pair of Threes - lower kicker)
covasa andre collected $25.90 from pot
*** SUMMARY ***
Total pot $26.40 | Rake $0.50
Board [5s 3d 3c 8s 6d]
Seat 1: covasa andre (big blind) showed [As 7h] and won ($25.90) with a pair of Threes
Seat 2: krytalex (button) (small blind) showed [Kc 2c] and lost with a pair of Threes


PokerStars Hand #145431546885:  Hold'em Limit ($3/$6 USD) - 2015/12/16 9:57:38 ET
Table 'Theresia' 2-max Seat #1 is the button
Seat 1: covasa andre ($48.40 in chips)
Seat 2: krytalex ($99.04 in chips)
covasa andre: posts small blind $1
krytalex: posts big blind $3
*** HOLE CARDS ***
covasa andre: folds
Uncalled bet ($2) returned to krytalex
krytalex collected $2 from pot
*** SUMMARY ***
Total pot $2 | Rake $0
Seat 1: covasa andre (button) (small blind) folded before Flop
Seat 2: krytalex (big blind) collected ($2)


PokerStars Hand #145431527367:  Hold'em Limit ($3/$6 USD) - 2015/12/16 9:57:03 ET
Table 'Theresia' 2-max Seat #2 is the button
Seat 1: covasa andre ($24.90 in chips)
Seat 2: krytalex ($123.04 in chips)
krytalex: posts small blind $1
covasa andre: posts big blind $3
*** HOLE CARDS ***
krytalex: raises $3 to $6
covasa andre: raises $3 to $9
krytalex: calls $3
*** FLOP *** [8d 2c 7c]
covasa andre: bets $3
krytalex: calls $3
*** TURN *** [8d 2c 7c] [6c]
covasa andre: bets $6
krytalex: calls $6
*** RIVER *** [8d 2c 7c 6c] [Jc]
covasa andre: bets $6
krytalex: calls $6
*** SHOW DOWN ***
covasa andre: shows [8s Ad] (a pair of Eights)
krytalex: mucks hand
covasa andre collected $47.50 from pot
*** SUMMARY ***
Total pot $48 | Rake $0.50
Board [8d 2c 7c 6c Jc]
Seat 1: covasa andre (big blind) showed [8s Ad] and won ($47.50) with a pair of Eights
Seat 2: krytalex (button) (small blind) mucked


PokerStars Hand #145431594004:  Hold'em Limit ($3/$6 USD) - 2015/12/16 9:59:01 ET
Table 'Theresia' 2-max Seat #1 is the button
Seat 1: covasa andre ($39.92 in chips)
Seat 2: krytalex ($106.54 in chips)
covasa andre: posts small blind $1
krytalex: posts big blind $3
*** HOLE CARDS ***
covasa andre: folds
Uncalled bet ($2) returned to krytalex
krytalex collected $2 from pot
*** SUMMARY ***
Total pot $2 | Rake $0
Seat 1: covasa andre (button) (small blind) folded before Flop
Seat 2: krytalex (big blind) collected ($2)


PokerStars Hand #145431580685:  Hold'em Limit ($3/$6 USD) - 2015/12/16 9:58:38 ET
Table 'Theresia' 2-max Seat #2 is the button
Seat 1: covasa andre ($28.40 in chips)
Seat 2: krytalex ($118.54 in chips)
krytalex: posts small blind $1
covasa andre: posts big blind $3
*** HOLE CARDS ***
krytalex: raises $3 to $6
covasa andre: calls $3
*** FLOP *** [Td 3s 6h]
covasa andre: checks
krytalex: bets $3
covasa andre: raises $3 to $6
krytalex: calls $3
*** TURN *** [Td 3s 6h] [6s]
covasa andre: bets $6
krytalex: folds
Uncalled bet ($6) returned to covasa andre
covasa andre collected $23.52 from pot
covasa andre: doesn't show hand
*** SUMMARY ***
Total pot $24 | Rake $0.48
Board [Td 3s 6h 6s]
Seat 1: covasa andre (big blind) collected ($23.52)
Seat 2: krytalex (button) (small blind) folded on the Turn


PokerStars Hand #145431577268:  Hold'em Limit ($3/$6 USD) - 2015/12/16 9:58:32 ET
Table 'Theresia' 2-max Seat #1 is the button
Seat 1: covasa andre ($29.40 in chips)
Seat 2: krytalex ($117.54 in chips)
covasa andre: posts small blind $1
krytalex: posts big blind $3
*** HOLE CARDS ***
covasa andre: folds
Uncalled bet ($2) returned to krytalex
krytalex collected $2 from pot
*** SUMMARY ***
Total pot $2 | Rake $0
Seat 1: covasa andre (button) (small blind) folded before Flop
Seat 2: krytalex (big blind) collected ($2)


PokerStars Hand #145431573239:  Hold'em Limit ($3/$6 USD) - 2015/12/16 9:58:25 ET
Table 'Theresia' 2-max Seat #2 is the button
Seat 1: covasa andre ($32.40 in chips)
Seat 2: krytalex ($114.54 in chips)
krytalex: posts small blind $1
covasa andre: posts big blind $3
*** HOLE CARDS ***
krytalex: raises $3 to $6
covasa andre: folds
Uncalled bet ($3) returned to krytalex
krytalex collected $6 from pot
*** SUMMARY ***
Total pot $6 | Rake $0
Seat 1: covasa andre (big blind) folded before Flop
Seat 2: krytalex (button) (small blind) collected ($6)


PokerStars Hand #145431569460:  Hold'em Limit ($3/$6 USD) - 2015/12/16 9:58:18 ET
Table 'Theresia' 2-max Seat #1 is the button
Seat 1: covasa andre ($29.40 in chips)
Seat 2: krytalex ($117.54 in chips)
covasa andre: posts small blind $1
krytalex: posts big blind $3
*** HOLE CARDS ***
covasa andre: raises $3 to $6
krytalex: folds
Uncalled bet ($3) returned to covasa andre
covasa andre collected $6 from pot
covasa andre: doesn't show hand
*** SUMMARY ***
Total pot $6 | Rake $0
Seat 1: covasa andre (button) (small blind) collected ($6)
Seat 2: krytalex (big blind) folded before Flop


PokerStars Hand #145431549675:  Hold'em Limit ($3/$6 USD) - 2015/12/16 9:57:43 ET
Table 'Theresia' 2-max Seat #2 is the button
Seat 1: covasa andre ($47.40 in chips)
Seat 2: krytalex ($100.04 in chips)
krytalex: posts small blind $1
covasa andre: posts big blind $3
*** HOLE CARDS ***
krytalex: raises $3 to $6
covasa andre: raises $3 to $9
krytalex: calls $3
*** FLOP *** [Jh 2c 4d]
covasa andre: bets $3
krytalex: calls $3
*** TURN *** [Jh 2c 4d] [Qh]
covasa andre: bets $6
krytalex: raises $6 to $12
covasa andre: folds
Uncalled bet ($6) returned to krytalex
krytalex collected $35.50 from pot
*** SUMMARY ***
Total pot $36 | Rake $0.50
Board [Jh 2c 4d Qh]
Seat 1: covasa andre (big blind) folded on the Turn
Seat 2: krytalex (button) (small blind) collected ($35.50)


PokerStars Hand #145431623999:  Hold'em Limit ($3/$6 USD) - 2015/12/16 9:59:54 ET
Table 'Theresia' 2-max Seat #1 is the button
Seat 1: covasa andre ($66.94 in chips)
Seat 2: krytalex ($78.54 in chips)
covasa andre: posts small blind $1
krytalex: posts big blind $3
*** HOLE CARDS ***
covasa andre: folds
Uncalled bet ($2) returned to krytalex
krytalex collected $2 from pot
*** SUMMARY ***
Total pot $2 | Rake $0
Seat 1: covasa andre (button) (small blind) folded before Flop
Seat 2: krytalex (big blind) collected ($2)


PokerStars Hand #145431610509:  Hold'em Limit ($3/$6 USD) - 2015/12/16 9:59:30 ET
Table 'Theresia' 2-max Seat #2 is the button
Seat 1: covasa andre ($49.44 in chips)
Seat 2: krytalex ($96.54 in chips)
krytalex: posts small blind $1
covasa andre: posts big blind $3
*** HOLE CARDS ***
krytalex: raises $3 to $6
covasa andre: raises $3 to $9
krytalex: calls $3
*** FLOP *** [6d 2h 7s]
covasa andre: bets $3
krytalex: calls $3
*** TURN *** [6d 2h 7s] [Ac]
covasa andre: checks
krytalex: checks
*** RIVER *** [6d 2h 7s Ac] [Jc]
covasa andre: bets $6
krytalex: calls $6
*** SHOW DOWN ***
covasa andre: shows [5h 5s] (a pair of Fives)
krytalex: mucks hand
covasa andre collected $35.50 from pot
*** SUMMARY ***
Total pot $36 | Rake $0.50
Board [6d 2h 7s Ac Jc]
Seat 1: covasa andre (big blind) showed [5h 5s] and won ($35.50) with a pair of Fives
Seat 2: krytalex (button) (small blind) mucked


PokerStars Hand #145431607968:  Hold'em Limit ($3/$6 USD) - 2015/12/16 9:59:26 ET
Table 'Theresia' 2-max Seat #1 is the button
Seat 1: covasa andre ($50.44 in chips)
Seat 2: krytalex ($95.54 in chips)
covasa andre: posts small blind $1
krytalex: posts big blind $3
*** HOLE CARDS ***
covasa andre: folds
Uncalled bet ($2) returned to krytalex
krytalex collected $2 from pot
*** SUMMARY ***
Total pot $2 | Rake $0
Seat 1: covasa andre (button) (small blind) folded before Flop
Seat 2: krytalex (big blind) collected ($2)


PokerStars Hand #145431596787:  Hold'em Limit ($3/$6 USD) - 2015/12/16 9:59:06 ET
Table 'Theresia' 2-max Seat #2 is the button
Seat 1: covasa andre ($38.92 in chips)
Seat 2: krytalex ($107.54 in chips)
krytalex: posts small blind $1
covasa andre: posts big blind $3
*** HOLE CARDS ***
krytalex: raises $3 to $6
covasa andre: raises $3 to $9
krytalex: calls $3
*** FLOP *** [5d 8s 3d]
covasa andre: bets $3
krytalex: calls $3
*** TURN *** [5d 8s 3d] [3c]
covasa andre: checks
krytalex: checks
*** RIVER *** [5d 8s 3d 3c] [2d]
covasa andre: bets $6
krytalex: folds
Uncalled bet ($6) returned to covasa andre
covasa andre collected $23.52 from pot
covasa andre: doesn't show hand
*** SUMMARY ***
Total pot $24 | Rake $0.48
Board [5d 8s 3d 3c 2d]
Seat 1: covasa andre (big blind) collected ($23.52)
Seat 2: krytalex (button) (small blind) folded on the River


PokerStars Hand #145431666486:  Hold'em Limit ($3/$6 USD) - 2015/12/16 10:01:05 ET
Table 'Theresia' 2-max Seat #2 is the button
Seat 1: covasa andre ($76.44 in chips)
Seat 2: krytalex ($73 in chips)
krytalex: posts small blind $1
covasa andre: posts big blind $3
*** HOLE CARDS ***
krytalex: raises $3 to $6
covasa andre: folds
Uncalled bet ($3) returned to krytalex
krytalex collected $6 from pot
*** SUMMARY ***
Total pot $6 | Rake $0
Seat 1: covasa andre (big blind) folded before Flop
Seat 2: krytalex (button) (small blind) collected ($6)


PokerStars Hand #145431662975:  Hold'em Limit ($3/$6 USD) - 2015/12/16 10:00:59 ET
Table 'Theresia' 2-max Seat #1 is the button
Seat 1: covasa andre ($77.44 in chips)
Seat 2: krytalex ($72 in chips)
covasa andre: posts small blind $1
krytalex: posts big blind $3
*** HOLE CARDS ***
covasa andre: folds
Uncalled bet ($2) returned to krytalex
krytalex collected $2 from pot
*** SUMMARY ***
Total pot $2 | Rake $0
Seat 1: covasa andre (button) (small blind) folded before Flop
Seat 2: krytalex (big blind) collected ($2)


PokerStars Hand #145431660179:  Hold'em Limit ($3/$6 USD) - 2015/12/16 10:00:54 ET
Table 'Theresia' 2-max Seat #2 is the button
Seat 1: covasa andre ($76.44 in chips)
Seat 2: krytalex ($73 in chips)
krytalex: posts small blind $1
covasa andre: posts big blind $3
*** HOLE CARDS ***
krytalex: folds
Uncalled bet ($2) returned to covasa andre
covasa andre collected $2 from pot
covasa andre: doesn't show hand
*** SUMMARY ***
Total pot $2 | Rake $0
Seat 1: covasa andre (big blind) collected ($2)
Seat 2: krytalex (button) (small blind) folded before Flop


PokerStars Hand #145431654281:  Hold'em Limit ($3/$6 USD) - 2015/12/16 10:00:44 ET
Table 'Theresia' 2-max Seat #1 is the button
Seat 1: covasa andre ($77.44 in chips)
Seat 2: krytalex ($72 in chips)
covasa andre: posts small blind $1
krytalex: posts big blind $3
*** HOLE CARDS ***
covasa andre: folds
Uncalled bet ($2) returned to krytalex
krytalex collected $2 from pot
*** SUMMARY ***
Total pot $2 | Rake $0
Seat 1: covasa andre (button) (small blind) folded before Flop
Seat 2: krytalex (big blind) collected ($2)


PokerStars Hand #145431641976:  Hold'em Limit ($3/$6 USD) - 2015/12/16 10:00:25 ET
Table 'Theresia' 2-max Seat #2 is the button
Seat 1: covasa andre ($62.94 in chips)
Seat 2: krytalex ($82.30 in chips)
krytalex: posts small blind $1
covasa andre: posts big blind $3
*** HOLE CARDS ***
krytalex: raises $3 to $6
covasa andre: calls $3
*** FLOP *** [Ts Ks As]
covasa andre: checks
krytalex: bets $3
covasa andre: calls $3
*** TURN *** [Ts Ks As] [6d]
covasa andre: checks
krytalex: bets $6
covasa andre: calls $6
*** RIVER *** [Ts Ks As 6d] [5s]
covasa andre: bets $6
krytalex: folds
Uncalled bet ($6) returned to covasa andre
covasa andre collected $29.50 from pot
covasa andre: doesn't show hand
*** SUMMARY ***
Total pot $30 | Rake $0.50
Board [Ts Ks As 6d 5s]
Seat 1: covasa andre (big blind) collected ($29.50)
Seat 2: krytalex (button) (small blind) folded on the River


PokerStars Hand #145431637720:  Hold'em Limit ($3/$6 USD) - 2015/12/16 10:00:18 ET
Table 'Theresia' 2-max Seat #1 is the button
Seat 1: covasa andre ($59.94 in chips)
Seat 2: krytalex ($85.30 in chips)
covasa andre: posts small blind $1
krytalex: posts big blind $3
*** HOLE CARDS ***
covasa andre: raises $3 to $6
krytalex: folds
Uncalled bet ($3) returned to covasa andre
covasa andre collected $6 from pot
covasa andre: doesn't show hand
*** SUMMARY ***
Total pot $6 | Rake $0
Seat 1: covasa andre (button) (small blind) collected ($6)
Seat 2: krytalex (big blind) folded before Flop


PokerStars Hand #145431628118:  Hold'em Limit ($3/$6 USD) - 2015/12/16 10:00:02 ET
Table 'Theresia' 2-max Seat #2 is the button
Seat 1: covasa andre ($65.94 in chips)
Seat 2: krytalex ($79.54 in chips)
krytalex: posts small blind $1
covasa andre: posts big blind $3
*** HOLE CARDS ***
krytalex: raises $3 to $6
covasa andre: calls $3
*** FLOP *** [Ah Kd 7d]
covasa andre: checks
krytalex: bets $3
covasa andre: folds
Uncalled bet ($3) returned to krytalex
krytalex collected $11.76 from pot
*** SUMMARY ***
Total pot $12 | Rake $0.24
Board [Ah Kd 7d]
Seat 1: covasa andre (big blind) folded on the Flop
Seat 2: krytalex (button) (small blind) collected ($11.76)


PokerStars Hand #145431700094:  Hold'em Limit ($3/$6 USD) - 2015/12/16 10:01:57 ET
Table 'Theresia' 2-max Seat #2 is the button
Seat 1: covasa andre ($100.94 in chips)
Seat 2: krytalex ($73 in chips)
krytalex: posts small blind $1
covasa andre: posts big blind $3
*** HOLE CARDS ***
krytalex: raises $3 to $6
covasa andre: raises $3 to $9
krytalex: calls $3
*** FLOP *** [8d 3h Jd]
covasa andre: bets $3
krytalex: calls $3
*** TURN *** [8d 3h Jd] [2h]
covasa andre: bets $6
krytalex: folds
Uncalled bet ($6) returned to covasa andre
covasa andre collected $23.52 from pot
covasa andre: doesn't show hand
*** SUMMARY ***
Total pot $24 | Rake $0.48
Board [8d 3h Jd 2h]
Seat 1: covasa andre (big blind) collected ($23.52)
Seat 2: krytalex (button) (small blind) folded on the Turn


PokerStars Hand #145431696292:  Hold'em Limit ($3/$6 USD) - 2015/12/16 10:01:51 ET
Table 'Theresia' 2-max Seat #1 is the button
Seat 1: covasa andre ($101.94 in chips)
Seat 2: krytalex ($72 in chips)
covasa andre: posts small blind $1
krytalex: posts big blind $3
*** HOLE CARDS ***
covasa andre: folds
Uncalled bet ($2) returned to krytalex
krytalex collected $2 from pot
*** SUMMARY ***
Total pot $2 | Rake $0
Seat 1: covasa andre (button) (small blind) folded before Flop
Seat 2: krytalex (big blind) collected ($2)


PokerStars Hand #145431677622:  Hold'em Limit ($3/$6 USD) - 2015/12/16 10:01:22 ET
Table 'Theresia' 2-max Seat #2 is the button
Seat 1: covasa andre ($72.44 in chips)
Seat 2: krytalex ($77 in chips)
krytalex: posts small blind $1
covasa andre: posts big blind $3
*** HOLE CARDS ***
krytalex: raises $3 to $6
covasa andre: raises $3 to $9
krytalex: calls $3
*** FLOP *** [3s Ks 6c]
covasa andre: bets $3
krytalex: calls $3
*** TURN *** [3s Ks 6c] [8s]
covasa andre: checks
krytalex: bets $6
covasa andre: raises $6 to $12
krytalex: calls $6
*** RIVER *** [3s Ks 6c 8s] [Ad]
covasa andre: bets $6
krytalex: calls $6
*** SHOW DOWN ***
covasa andre: shows [Kd Qh] (a pair of Kings)
krytalex: mucks hand
covasa andre collected $59.50 from pot
*** SUMMARY ***
Total pot $60 | Rake $0.50
Board [3s Ks 6c 8s Ad]
Seat 1: covasa andre (big blind) showed [Kd Qh] and won ($59.50) with a pair of Kings
Seat 2: krytalex (button) (small blind) mucked


PokerStars Hand #145431670228:  Hold'em Limit ($3/$6 USD) - 2015/12/16 10:01:11 ET
Table 'Theresia' 2-max Seat #1 is the button
Seat 1: covasa andre ($73.44 in chips)
Seat 2: krytalex ($76 in chips)
covasa andre: posts small blind $1
krytalex: posts big blind $3
*** HOLE CARDS ***
covasa andre: folds
Uncalled bet ($2) returned to krytalex
krytalex collected $2 from pot
*** SUMMARY ***
Total pot $2 | Rake $0
Seat 1: covasa andre (button) (small blind) folded before Flop
Seat 2: krytalex (big blind) collected ($2)


PokerStars Hand #145431737702:  Hold'em Limit ($3/$6 USD) - 2015/12/16 10:02:52 ET
Table 'Theresia' 2-max Seat #2 is the button
Seat 1: covasa andre ($114.22 in chips)
Seat 2: krytalex ($76 in chips)
krytalex: posts small blind $1
covasa andre: posts big blind $3
*** HOLE CARDS ***
krytalex: raises $3 to $6
covasa andre: calls $3
*** FLOP *** [9h Js Jd]
covasa andre: checks
krytalex: bets $3
covasa andre: raises $3 to $6
krytalex: folds
Uncalled bet ($3) returned to covasa andre
covasa andre collected $17.64 from pot
covasa andre: doesn't show hand
*** SUMMARY ***
Total pot $18 | Rake $0.36
Board [9h Js Jd]
Seat 1: covasa andre (big blind) collected ($17.64)
Seat 2: krytalex (button) (small blind) folded on the Flop


PokerStars Hand #145431732150:  Hold'em Limit ($3/$6 USD) - 2015/12/16 10:02:43 ET
Table 'Theresia' 2-max Seat #1 is the button
Seat 1: covasa andre ($115.22 in chips)
Seat 2: krytalex ($75 in chips)
covasa andre: posts small blind $1
krytalex: posts big blind $3
*** HOLE CARDS ***
covasa andre: folds
Uncalled bet ($2) returned to krytalex
krytalex collected $2 from pot
*** SUMMARY ***
Total pot $2 | Rake $0
Seat 1: covasa andre (button) (small blind) folded before Flop
Seat 2: krytalex (big blind) collected ($2)


PokerStars Hand #145431722576:  Hold'em Limit ($3/$6 USD) - 2015/12/16 10:02:29 ET
Table 'Theresia' 2-max Seat #2 is the button
Seat 1: covasa andre ($118.22 in chips)
Seat 2: krytalex ($72 in chips)
krytalex: posts small blind $1
covasa andre: posts big blind $3
*** HOLE CARDS ***
krytalex: raises $3 to $6
covasa andre: folds
Uncalled bet ($3) returned to krytalex
krytalex collected $6 from pot
*** SUMMARY ***
Total pot $6 | Rake $0
Seat 1: covasa andre (big blind) folded before Flop
Seat 2: krytalex (button) (small blind) collected ($6)


PokerStars Hand #145431710876:  Hold'em Limit ($3/$6 USD) - 2015/12/16 10:02:12 ET
Table 'Theresia' 2-max Seat #1 is the button
Seat 1: covasa andre ($112.46 in chips)
Seat 2: krytalex ($72 in chips)
covasa andre: posts small blind $1
krytalex: posts big blind $3
*** HOLE CARDS ***
covasa andre: raises $3 to $6
krytalex: calls $3
*** FLOP *** [Qs 8c Qd]
krytalex: checks
covasa andre: checks
*** TURN *** [Qs 8c Qd] [7s]
krytalex: checks
covasa andre: checks
*** RIVER *** [Qs 8c Qd 7s] [3c]
krytalex: checks
covasa andre: bets $6
krytalex: folds
Uncalled bet ($6) returned to covasa andre
covasa andre collected $11.76 from pot
covasa andre: doesn't show hand
*** SUMMARY ***
Total pot $12 | Rake $0.24
Board [Qs 8c Qd 7s 3c]
Seat 1: covasa andre (button) (small blind) collected ($11.76)
Seat 2: krytalex (big blind) folded on the River


PokerStars Hand #145431755086:  Hold'em Limit ($3/$6 USD) - 2015/12/16 10:03:17 ET
Table 'Theresia' 2-max Seat #1 is the button
Seat 1: covasa andre ($122.86 in chips)
Seat 2: krytalex ($72 in chips)
covasa andre: posts small blind $1
krytalex: posts big blind $3
*** HOLE CARDS ***
covasa andre: raises $3 to $6
krytalex: calls $3
*** FLOP *** [Qd Kd 8s]
krytalex: checks
covasa andre: bets $3
krytalex: folds
Uncalled bet ($3) returned to covasa andre
covasa andre collected $11.76 from pot
covasa andre: doesn't show hand
*** SUMMARY ***
Total pot $12 | Rake $0.24
Board [Qd Kd 8s]
Seat 1: covasa andre (button) (small blind) collected ($11.76)
Seat 2: krytalex (big blind) folded on the Flop


PokerStars Hand #145431764137:  Hold'em Limit ($3/$6 USD) - 2015/12/16 10:03:30 ET
Table 'Theresia' 2-max Seat #2 is the button
Seat 1: covasa andre ($128.62 in chips)
Seat 2: krytalex ($72 in chips)
krytalex: posts small blind $1
covasa andre: posts big blind $3
*** HOLE CARDS ***
krytalex: raises $3 to $6
covasa andre: raises $3 to $9
krytalex: calls $3
*** FLOP *** [2c 6d 7h]
covasa andre: bets $3
krytalex: folds
Uncalled bet ($3) returned to covasa andre
covasa andre collected $17.64 from pot
*** SUMMARY ***
Total pot $18 | Rake $0.36
Board [2c 6d 7h]
Seat 1: covasa andre (big blind) collected ($17.64)
Seat 2: krytalex (button) (small blind) folded on the Flop


PokerStars Hand #145431776259:  Hold'em Limit ($3/$6 USD) - 2015/12/16 10:03:47 ET
Table 'Theresia' 2-max Seat #1 is the button
Seat 1: covasa andre ($137.26 in chips)
Seat 2: krytalex ($72 in chips)
covasa andre: posts small blind $1
krytalex: posts big blind $3
*** HOLE CARDS ***
covasa andre: folds
Uncalled bet ($2) returned to krytalex
krytalex collected $2 from pot
*** SUMMARY ***
Total pot $2 | Rake $0
Seat 1: covasa andre (button) (small blind) folded before Flop
Seat 2: krytalex (big blind) collected ($2)


PokerStars Hand #145431782483:  Hold'em Limit ($3/$6 USD) - 2015/12/16 10:03:56 ET
Table 'Theresia' 2-max Seat #2 is the button
Seat 1: covasa andre ($136.26 in chips)
Seat 2: krytalex ($73 in chips)
krytalex: posts small blind $1
covasa andre: posts big blind $3
*** HOLE CARDS ***
krytalex: raises $3 to $6
covasa andre: calls $3
*** FLOP *** [2s 8d Td]
covasa andre: checks
krytalex: bets $3
covasa andre: folds
Uncalled bet ($3) returned to krytalex
krytalex collected $11.76 from pot
*** SUMMARY ***
Total pot $12 | Rake $0.24
Board [2s 8d Td]
Seat 1: covasa andre (big blind) folded on the Flop
Seat 2: krytalex (button) (small blind) collected ($11.76)


PokerStars Hand #145431805879:  Hold'em Limit ($3/$6 USD) - 2015/12/16 10:04:30 ET
Table 'Theresia' 2-max Seat #1 is the button
Seat 1: covasa andre ($126.26 in chips)
Seat 2: krytalex ($82.76 in chips)
covasa andre: posts small blind $1
krytalex: posts big blind $3
*** HOLE CARDS ***
covasa andre: folds
Uncalled bet ($2) returned to krytalex
krytalex collected $2 from pot
*** SUMMARY ***
Total pot $2 | Rake $0
Seat 1: covasa andre (button) (small blind) folded before Flop
Seat 2: krytalex (big blind) collected ($2)


PokerStars Hand #145431800521:  Hold'em Limit ($3/$6 USD) - 2015/12/16 10:04:22 ET
Table 'Theresia' 2-max Seat #2 is the button
Seat 1: covasa andre ($129.26 in chips)
Seat 2: krytalex ($79.76 in chips)
krytalex: posts small blind $1
covasa andre: posts big blind $3
*** HOLE CARDS ***
krytalex: raises $3 to $6
covasa andre: folds
Uncalled bet ($3) returned to krytalex
krytalex collected $6 from pot
*** SUMMARY ***
Total pot $6 | Rake $0
Seat 1: covasa andre (big blind) folded before Flop
Seat 2: krytalex (button) (small blind) collected ($6)


PokerStars Hand #145431809115:  Hold'em Limit ($3/$6 USD) - 2015/12/16 10:04:34 ET
Table 'Theresia' 2-max Seat #2 is the button
Seat 1: covasa andre ($125.26 in chips)
Seat 2: krytalex ($83.76 in chips)
krytalex: posts small blind $1
covasa andre: posts big blind $3
*** HOLE CARDS ***
krytalex: raises $3 to $6
covasa andre: raises $3 to $9
krytalex: calls $3
*** FLOP *** [6s 5c 8s]
covasa andre: bets $3
krytalex: raises $3 to $6
covasa andre: raises $3 to $9
krytalex: raises $3 to $12
Betting is capped
covasa andre: calls $3
*** TURN *** [6s 5c 8s] [Kh]
covasa andre: checks
krytalex: checks
*** RIVER *** [6s 5c 8s Kh] [Jd]
covasa andre: bets $6
krytalex: calls $6
*** SHOW DOWN ***
covasa andre: shows [8h Jh] (two pair, Jacks and Eights)
krytalex: mucks hand
covasa andre collected $53.50 from pot
*** SUMMARY ***
Total pot $54 | Rake $0.50
Board [6s 5c 8s Kh Jd]
Seat 1: covasa andre (big blind) showed [8h Jh] and won ($53.50) with two pair, Jacks and Eights
Seat 2: krytalex (button) (small blind) mucked


PokerStars Hand #145431823171:  Hold'em Limit ($3/$6 USD) - 2015/12/16 10:04:54 ET
Table 'Theresia' 2-max Seat #1 is the button
Seat 1: covasa andre ($151.76 in chips)
Seat 2: krytalex ($72 in chips)
covasa andre: posts small blind $1
krytalex: posts big blind $3
*** HOLE CARDS ***
covasa andre: folds
Uncalled bet ($2) returned to krytalex
krytalex collected $2 from pot
*** SUMMARY ***
Total pot $2 | Rake $0
Seat 1: covasa andre (button) (small blind) folded before Flop
Seat 2: krytalex (big blind) collected ($2)


PokerStars Hand #145431826351:  Hold'em Limit ($3/$6 USD) - 2015/12/16 10:04:58 ET
Table 'Theresia' 2-max Seat #2 is the button
Seat 1: covasa andre ($150.76 in chips)
Seat 2: krytalex ($73 in chips)
krytalex: posts small blind $1
covasa andre: posts big blind $3
*** HOLE CARDS ***
krytalex: raises $3 to $6
covasa andre: raises $3 to $9
krytalex: calls $3
*** FLOP *** [3d Jh 2c]
covasa andre: bets $3
krytalex: calls $3
*** TURN *** [3d Jh 2c] [Jd]
covasa andre: bets $6
krytalex: raises $6 to $12
covasa andre: raises $6 to $18
krytalex: folds
Uncalled bet ($6) returned to covasa andre
covasa andre collected $47.50 from pot
covasa andre: doesn't show hand
*** SUMMARY ***
Total pot $48 | Rake $0.50
Board [3d Jh 2c Jd]
Seat 1: covasa andre (big blind) collected ($47.50)
Seat 2: krytalex (button) (small blind) folded on the Turn


PokerStars Hand #145431796043:  Hold'em Limit ($3/$6 USD) - 2015/12/16 10:04:16 ET
Table 'Theresia' 2-max Seat #1 is the button
Seat 1: covasa andre ($130.26 in chips)
Seat 2: krytalex ($78.76 in chips)
covasa andre: posts small blind $1
krytalex: posts big blind $3
*** HOLE CARDS ***
covasa andre: folds
Uncalled bet ($2) returned to krytalex
krytalex collected $2 from pot
*** SUMMARY ***
Total pot $2 | Rake $0
Seat 1: covasa andre (button) (small blind) folded before Flop
Seat 2: krytalex (big blind) collected ($2)


PokerStars Hand #145431846141:  Hold'em Limit ($3/$6 USD) - 2015/12/16 10:05:26 ET
Table 'Theresia' 2-max Seat #1 is the button
Seat 1: covasa andre ($174.26 in chips)
Seat 2: krytalex ($72 in chips)
covasa andre: posts small blind $1
krytalex: posts big blind $3
*** HOLE CARDS ***
covasa andre: folds
Uncalled bet ($2) returned to krytalex
krytalex collected $2 from pot
*** SUMMARY ***
Total pot $2 | Rake $0
Seat 1: covasa andre (button) (small blind) folded before Flop
Seat 2: krytalex (big blind) collected ($2)


PokerStars Hand #145431849096:  Hold'em Limit ($3/$6 USD) - 2015/12/16 10:05:30 ET
Table 'Theresia' 2-max Seat #2 is the button
Seat 1: covasa andre ($173.26 in chips)
Seat 2: krytalex ($73 in chips)
krytalex: posts small blind $1
covasa andre: posts big blind $3
*** HOLE CARDS ***
krytalex: raises $3 to $6
covasa andre: folds
Uncalled bet ($3) returned to krytalex
krytalex collected $6 from pot
*** SUMMARY ***
Total pot $6 | Rake $0
Seat 1: covasa andre (big blind) folded before Flop
Seat 2: krytalex (button) (small blind) collected ($6)


PokerStars Hand #145431859488:  Hold'em Limit ($3/$6 USD) - 2015/12/16 10:05:45 ET
Table 'Theresia' 2-max Seat #1 is the button
Seat 1: covasa andre ($170.26 in chips)
Seat 2: krytalex ($76 in chips)
covasa andre: posts small blind $1
krytalex: posts big blind $3
*** HOLE CARDS ***
covasa andre: folds
Uncalled bet ($2) returned to krytalex
krytalex collected $2 from pot
*** SUMMARY ***
Total pot $2 | Rake $0
Seat 1: covasa andre (button) (small blind) folded before Flop
Seat 2: krytalex (big blind) collected ($2)


PokerStars Hand #145431863484:  Hold'em Limit ($3/$6 USD) - 2015/12/16 10:05:50 ET
Table 'Theresia' 2-max Seat #2 is the button
Seat 1: covasa andre ($169.26 in chips)
Seat 2: krytalex ($77 in chips)
krytalex: posts small blind $1
covasa andre: posts big blind $3
*** HOLE CARDS ***
krytalex: folds
Uncalled bet ($2) returned to covasa andre
covasa andre collected $2 from pot
covasa andre: doesn't show hand
*** SUMMARY ***
Total pot $2 | Rake $0
Seat 1: covasa andre (big blind) collected ($2)
Seat 2: krytalex (button) (small blind) folded before Flop


PokerStars Hand #145431841194:  Hold'em Limit ($3/$6 USD) - 2015/12/16 10:05:19 ET
Table 'Theresia' 2-max Seat #2 is the button
Seat 1: covasa andre ($173.26 in chips)
Seat 2: krytalex ($73 in chips)
krytalex: posts small blind $1
covasa andre: posts big blind $3
*** HOLE CARDS ***
krytalex: folds
Uncalled bet ($2) returned to covasa andre
covasa andre collected $2 from pot
covasa andre: doesn't show hand
*** SUMMARY ***
Total pot $2 | Rake $0
Seat 1: covasa andre (big blind) collected ($2)
Seat 2: krytalex (button) (small blind) folded before Flop


PokerStars Hand #145431838014:  Hold'em Limit ($3/$6 USD) - 2015/12/16 10:05:15 ET
Table 'Theresia' 2-max Seat #1 is the button
Seat 1: covasa andre ($174.26 in chips)
Seat 2: krytalex ($72 in chips)
covasa andre: posts small blind $1
krytalex: posts big blind $3
*** HOLE CARDS ***
covasa andre: folds
Uncalled bet ($2) returned to krytalex
krytalex collected $2 from pot
*** SUMMARY ***
Total pot $2 | Rake $0
Seat 1: covasa andre (button) (small blind) folded before Flop
Seat 2: krytalex (big blind) collected ($2)


PokerStars Hand #145431888807:  Hold'em Limit ($3/$6 USD) - 2015/12/16 10:06:26 ET
Table 'Theresia' 2-max Seat #1 is the button
Seat 1: covasa andre ($143.26 in chips)
Seat 2: krytalex ($102.50 in chips)
covasa andre: posts small blind $1
krytalex: posts big blind $3
*** HOLE CARDS ***
covasa andre: raises $3 to $6
krytalex: raises $3 to $9
covasa andre: calls $3
*** FLOP *** [Qc Kd Th]
krytalex: bets $3
covasa andre: calls $3
*** TURN *** [Qc Kd Th] [3c]
krytalex: bets $6
covasa andre: calls $6
*** RIVER *** [Qc Kd Th 3c] [4d]
krytalex: bets $6
covasa andre: calls $6
*** SHOW DOWN ***
krytalex: shows [Ad As] (a pair of Aces)
covasa andre: mucks hand
krytalex collected $47.50 from pot
*** SUMMARY ***
Total pot $48 | Rake $0.50
Board [Qc Kd Th 3c 4d]
Seat 1: covasa andre (button) (small blind) mucked
Seat 2: krytalex (big blind) showed [Ad As] and won ($47.50) with a pair of Aces


PokerStars Hand #145431914935:  Hold'em Limit ($3/$6 USD) - 2015/12/16 10:07:03 ET
Table 'Theresia' 2-max Seat #1 is the button
Seat 1: covasa andre ($142.76 in chips)
Seat 2: krytalex ($102 in chips)
covasa andre: posts small blind $1
krytalex said, "lol"
krytalex: posts big blind $3
*** HOLE CARDS ***
covasa andre: folds
Uncalled bet ($2) returned to krytalex
krytalex collected $2 from pot
*** SUMMARY ***
Total pot $2 | Rake $0
Seat 1: covasa andre (button) (small blind) folded before Flop
Seat 2: krytalex (big blind) collected ($2)


PokerStars Hand #145431898095:  Hold'em Limit ($3/$6 USD) - 2015/12/16 10:06:39 ET
Table 'Theresia' 2-max Seat #2 is the button
Seat 1: covasa andre ($119.26 in chips)
Seat 2: krytalex ($126 in chips)
krytalex: posts small blind $1
covasa andre: posts big blind $3
*** HOLE CARDS ***
krytalex: raises $3 to $6
covasa andre: raises $3 to $9
krytalex: calls $3
*** FLOP *** [2d 4s 4h]
covasa andre: bets $3
krytalex: calls $3
*** TURN *** [2d 4s 4h] [2s]
covasa andre: bets $6
krytalex: calls $6
*** RIVER *** [2d 4s 4h 2s] [5c]
covasa andre: bets $6
krytalex: calls $6
*** SHOW DOWN ***
covasa andre: shows [9h Kc] (two pair, Fours and Deuces)
krytalex: mucks hand
covasa andre collected $47.50 from pot
*** SUMMARY ***
Total pot $48 | Rake $0.50
Board [2d 4s 4h 2s 5c]
Seat 1: covasa andre (big blind) showed [9h Kc] and won ($47.50) with two pair, Fours and Deuces
Seat 2: krytalex (button) (small blind) mucked


PokerStars Hand #145431884954:  Hold'em Limit ($3/$6 USD) - 2015/12/16 10:06:21 ET
Table 'Theresia' 2-max Seat #2 is the button
Seat 1: covasa andre ($146.26 in chips)
Seat 2: krytalex ($99.50 in chips)
krytalex: posts small blind $1
covasa andre: posts big blind $3
*** HOLE CARDS ***
krytalex: raises $3 to $6
covasa andre: folds
Uncalled bet ($3) returned to krytalex
krytalex collected $6 from pot
*** SUMMARY ***
Total pot $6 | Rake $0
Seat 1: covasa andre (big blind) folded before Flop
Seat 2: krytalex (button) (small blind) collected ($6)


PokerStars Hand #145431872725:  Hold'em Limit ($3/$6 USD) - 2015/12/16 10:06:03 ET
Table 'Theresia' 2-max Seat #1 is the button
Seat 1: covasa andre ($170.26 in chips)
Seat 2: krytalex ($76 in chips)
covasa andre: posts small blind $1
krytalex: posts big blind $3
*** HOLE CARDS ***
covasa andre: raises $3 to $6
krytalex: raises $3 to $9
covasa andre: calls $3
*** FLOP *** [6c 7s 9s]
krytalex: bets $3
covasa andre: calls $3
*** TURN *** [6c 7s 9s] [8d]
krytalex: bets $6
covasa andre: raises $6 to $12
krytalex: calls $6
*** RIVER *** [6c 7s 9s 8d] [Jh]
krytalex: checks
covasa andre: checks
*** SHOW DOWN ***
krytalex: shows [5s 5c] (a straight, Five to Nine)
covasa andre: mucks hand
krytalex collected $47.50 from pot
*** SUMMARY ***
Total pot $48 | Rake $0.50
Board [6c 7s 9s 8d Jh]
Seat 1: covasa andre (button) (small blind) mucked
Seat 2: krytalex (big blind) showed [5s 5c] and won ($47.50) with a straight, Five to Nine


PokerStars Hand #145431927353:  Hold'em Limit ($3/$6 USD) - 2015/12/16 10:07:20 ET
Table 'Theresia' 2-max Seat #2 is the button
Seat 1: covasa andre ($134.76 in chips)
Seat 2: krytalex ($109.76 in chips)
krytalex: posts small blind $1
covasa andre: posts big blind $3
*** HOLE CARDS ***
krytalex: raises $3 to $6
covasa andre: folds
Uncalled bet ($3) returned to krytalex
krytalex collected $6 from pot
*** SUMMARY ***
Total pot $6 | Rake $0
Seat 1: covasa andre (big blind) folded before Flop
Seat 2: krytalex (button) (small blind) collected ($6)


PokerStars Hand #145431937281:  Hold'em Limit ($3/$6 USD) - 2015/12/16 10:07:35 ET
Table 'Theresia' 2-max Seat #2 is the button
Seat 1: covasa andre ($137.52 in chips)
Seat 2: krytalex ($106.76 in chips)
krytalex: posts small blind $1
covasa andre: posts big blind $3
*** HOLE CARDS ***
krytalex: folds
Uncalled bet ($2) returned to covasa andre
covasa andre collected $2 from pot
covasa andre: doesn't show hand
*** SUMMARY ***
Total pot $2 | Rake $0
Seat 1: covasa andre (big blind) collected ($2)
Seat 2: krytalex (button) (small blind) folded before Flop


PokerStars Hand #145431931305:  Hold'em Limit ($3/$6 USD) - 2015/12/16 10:07:26 ET
Table 'Theresia' 2-max Seat #1 is the button
Seat 1: covasa andre ($131.76 in chips)
Seat 2: krytalex ($112.76 in chips)
covasa andre: posts small blind $1
krytalex: posts big blind $3
*** HOLE CARDS ***
covasa andre: raises $3 to $6
krytalex: calls $3
*** FLOP *** [Qd 5h As]
krytalex: checks
covasa andre: bets $3
krytalex: folds
Uncalled bet ($3) returned to covasa andre
covasa andre collected $11.76 from pot
covasa andre: doesn't show hand
*** SUMMARY ***
Total pot $12 | Rake $0.24
Board [Qd 5h As]
Seat 1: covasa andre (button) (small blind) collected ($11.76)
Seat 2: krytalex (big blind) folded on the Flop


PokerStars Hand #145431940730:  Hold'em Limit ($3/$6 USD) - 2015/12/16 10:07:39 ET
Table 'Theresia' 2-max Seat #1 is the button
Seat 1: covasa andre ($138.52 in chips)
Seat 2: krytalex ($105.76 in chips)
covasa andre: posts small blind $1
krytalex: posts big blind $3
*** HOLE CARDS ***
covasa andre: raises $3 to $6
krytalex: calls $3
*** FLOP *** [7c 6s 4d]
krytalex: checks
covasa andre: checks
*** TURN *** [7c 6s 4d] [Th]
krytalex: bets $6
covasa andre: calls $6
*** RIVER *** [7c 6s 4d Th] [Ad]
krytalex: checks
covasa andre: bets $6
krytalex: folds
Uncalled bet ($6) returned to covasa andre
covasa andre collected $23.52 from pot
covasa andre: doesn't show hand
*** SUMMARY ***
Total pot $24 | Rake $0.48
Board [7c 6s 4d Th Ad]
Seat 1: covasa andre (button) (small blind) collected ($23.52)
Seat 2: krytalex (big blind) folded on the River


PokerStars Hand #145431924295:  Hold'em Limit ($3/$6 USD) - 2015/12/16 10:07:16 ET
Table 'Theresia' 2-max Seat #1 is the button
Seat 1: covasa andre ($135.76 in chips)
Seat 2: krytalex ($108.76 in chips)
covasa andre: posts small blind $1
krytalex: posts big blind $3
*** HOLE CARDS ***
covasa andre: folds
Uncalled bet ($2) returned to krytalex
krytalex collected $2 from pot
*** SUMMARY ***
Total pot $2 | Rake $0
Seat 1: covasa andre (button) (small blind) folded before Flop
Seat 2: krytalex (big blind) collected ($2)


PokerStars Hand #145431918163:  Hold'em Limit ($3/$6 USD) - 2015/12/16 10:07:07 ET
Table 'Theresia' 2-max Seat #2 is the button
Seat 1: covasa andre ($141.76 in chips)
Seat 2: krytalex ($103 in chips)
krytalex: posts small blind $1
covasa andre: posts big blind $3
*** HOLE CARDS ***
krytalex: raises $3 to $6
covasa andre: calls $3
*** FLOP *** [Th Qd 8d]
covasa andre: checks
krytalex: bets $3
covasa andre: folds
Uncalled bet ($3) returned to krytalex
krytalex collected $11.76 from pot
*** SUMMARY ***
Total pot $12 | Rake $0.24
Board [Th Qd 8d]
Seat 1: covasa andre (big blind) folded on the Flop
Seat 2: krytalex (button) (small blind) collected ($11.76)


PokerStars Hand #145431970970:  Hold'em Limit ($3/$6 USD) - 2015/12/16 10:08:22 ET
Table 'Theresia' 2-max Seat #1 is the button
Seat 1: covasa andre ($123.04 in chips)
Seat 2: krytalex ($120.26 in chips)
covasa andre: posts small blind $1
krytalex: posts big blind $3
*** HOLE CARDS ***
covasa andre: folds
Uncalled bet ($2) returned to krytalex
krytalex collected $2 from pot
*** SUMMARY ***
Total pot $2 | Rake $0
Seat 1: covasa andre (button) (small blind) folded before Flop
Seat 2: krytalex (big blind) collected ($2)


PokerStars Hand #145431956490:  Hold'em Limit ($3/$6 USD) - 2015/12/16 10:08:02 ET
Table 'Theresia' 2-max Seat #2 is the button
Seat 1: covasa andre ($150.04 in chips)
Seat 2: krytalex ($93.76 in chips)
krytalex: posts small blind $1
covasa andre: posts big blind $3
*** HOLE CARDS ***
krytalex: raises $3 to $6
covasa andre: raises $3 to $9
krytalex: raises $3 to $12
Betting is capped
covasa andre: calls $3
*** FLOP *** [6h 5s 3d]
covasa andre: bets $3
krytalex: calls $3
*** TURN *** [6h 5s 3d] [8c]
covasa andre: bets $6
krytalex: raises $6 to $12
covasa andre: calls $6
*** RIVER *** [6h 5s 3d 8c] [Qs]
covasa andre: checks
krytalex: bets $6
covasa andre: folds
Uncalled bet ($6) returned to krytalex
krytalex collected $53.50 from pot
*** SUMMARY ***
Total pot $54 | Rake $0.50
Board [6h 5s 3d 8c Qs]
Seat 1: covasa andre (big blind) folded on the River
Seat 2: krytalex (button) (small blind) collected ($53.50)


PokerStars Hand #145431984828:  Hold'em Limit ($3/$6 USD) - 2015/12/16 10:08:42 ET
Table 'Theresia' 2-max Seat #1 is the button
Seat 1: covasa andre ($133.56 in chips)
Seat 2: krytalex ($109.26 in chips)
covasa andre: posts small blind $1
krytalex: posts big blind $3
*** HOLE CARDS ***
covasa andre: folds
Uncalled bet ($2) returned to krytalex
krytalex collected $2 from pot
*** SUMMARY ***
Total pot $2 | Rake $0
Seat 1: covasa andre (button) (small blind) folded before Flop
Seat 2: krytalex (big blind) collected ($2)


PokerStars Hand #145431974282:  Hold'em Limit ($3/$6 USD) - 2015/12/16 10:08:27 ET
Table 'Theresia' 2-max Seat #2 is the button
Seat 1: covasa andre ($122.04 in chips)
Seat 2: krytalex ($121.26 in chips)
krytalex: posts small blind $1
covasa andre: posts big blind $3
*** HOLE CARDS ***
krytalex: raises $3 to $6
covasa andre: raises $3 to $9
krytalex: calls $3
*** FLOP *** [2h 8s 5h]
covasa andre: bets $3
krytalex: calls $3
*** TURN *** [2h 8s 5h] [Qc]
covasa andre: bets $6
krytalex: folds
Uncalled bet ($6) returned to covasa andre
covasa andre collected $23.52 from pot
covasa andre: doesn't show hand
*** SUMMARY ***
Total pot $24 | Rake $0.48
Board [2h 8s 5h Qc]
Seat 1: covasa andre (big blind) collected ($23.52)
Seat 2: krytalex (button) (small blind) folded on the Turn


PokerStars Hand #145431987929:  Hold'em Limit ($3/$6 USD) - 2015/12/16 10:08:46 ET
Table 'Theresia' 2-max Seat #2 is the button
Seat 1: covasa andre ($132.56 in chips)
Seat 2: krytalex ($110.26 in chips)
krytalex: posts small blind $1
covasa andre: posts big blind $3
*** HOLE CARDS ***
krytalex: raises $3 to $6
covasa andre: calls $3
*** FLOP *** [Jh 5h Th]
covasa andre: checks
krytalex: checks
*** TURN *** [Jh 5h Th] [5d]
covasa andre: checks
krytalex: bets $6
covasa andre: folds
Uncalled bet ($6) returned to krytalex
krytalex collected $11.76 from pot
*** SUMMARY ***
Total pot $12 | Rake $0.24
Board [Jh 5h Th 5d]
Seat 1: covasa andre (big blind) folded on the Turn
Seat 2: krytalex (button) (small blind) collected ($11.76)


PokerStars Hand #145431998622:  Hold'em Limit ($3/$6 USD) - 2015/12/16 10:09:01 ET
Table 'Theresia' 2-max Seat #1 is the button
Seat 1: covasa andre ($126.56 in chips)
Seat 2: krytalex ($116.02 in chips)
covasa andre: posts small blind $1
krytalex: posts big blind $3
*** HOLE CARDS ***
covasa andre: raises $3 to $6
krytalex: calls $3
*** FLOP *** [6s 7c Ad]
krytalex: checks
covasa andre: bets $3
krytalex: raises $3 to $6
covasa andre: raises $3 to $9
krytalex: calls $3
*** TURN *** [6s 7c Ad] [6d]
krytalex: bets $6
covasa andre: folds
Uncalled bet ($6) returned to krytalex
krytalex collected $29.50 from pot
*** SUMMARY ***
Total pot $30 | Rake $0.50
Board [6s 7c Ad 6d]
Seat 1: covasa andre (button) (small blind) folded on the Turn
Seat 2: krytalex (big blind) collected ($29.50)


PokerStars Hand #145432009941:  Hold'em Limit ($3/$6 USD) - 2015/12/16 10:09:18 ET
Table 'Theresia' 2-max Seat #2 is the button
Seat 1: covasa andre ($111.56 in chips)
Seat 2: krytalex ($130.52 in chips)
krytalex: posts small blind $1
covasa andre: posts big blind $3
*** HOLE CARDS ***
krytalex: raises $3 to $6
covasa andre: calls $3
*** FLOP *** [6s 6c Ah]
covasa andre: checks
krytalex: bets $3
covasa andre: calls $3
*** TURN *** [6s 6c Ah] [2d]
covasa andre: checks
krytalex: checks
*** RIVER *** [6s 6c Ah 2d] [2s]
covasa andre: bets $6
krytalex: calls $6
*** SHOW DOWN ***
covasa andre: shows [6d Ks] (a full house, Sixes full of Deuces)
krytalex: mucks hand
covasa andre collected $29.50 from pot
*** SUMMARY ***
Total pot $30 | Rake $0.50
Board [6s 6c Ah 2d 2s]
Seat 1: covasa andre (big blind) showed [6d Ks] and won ($29.50) with a full house, Sixes full of Deuces
Seat 2: krytalex (button) (small blind) mucked


PokerStars Hand #145432035005:  Hold'em Limit ($3/$6 USD) - 2015/12/16 10:09:53 ET
Table 'Theresia' 2-max Seat #2 is the button
Seat 1: covasa andre ($99.06 in chips)
Seat 2: krytalex ($142.02 in chips)
krytalex: posts small blind $1
covasa andre: posts big blind $3
*** HOLE CARDS ***
krytalex: folds
Uncalled bet ($2) returned to covasa andre
covasa andre collected $2 from pot
covasa andre: doesn't show hand
*** SUMMARY ***
Total pot $2 | Rake $0
Seat 1: covasa andre (big blind) collected ($2)
Seat 2: krytalex (button) (small blind) folded before Flop


PokerStars Hand #145432022843:  Hold'em Limit ($3/$6 USD) - 2015/12/16 10:09:36 ET
Table 'Theresia' 2-max Seat #1 is the button
Seat 1: covasa andre ($126.06 in chips)
Seat 2: krytalex ($115.52 in chips)
covasa andre: posts small blind $1
krytalex: posts big blind $3
*** HOLE CARDS ***
covasa andre: raises $3 to $6
krytalex: calls $3
*** FLOP *** [2c 6h 5c]
krytalex: checks
covasa andre: bets $3
krytalex: calls $3
*** TURN *** [2c 6h 5c] [3s]
krytalex: checks
covasa andre: bets $6
krytalex: raises $6 to $12
covasa andre: calls $6
*** RIVER *** [2c 6h 5c 3s] [Qc]
krytalex: bets $6
covasa andre: calls $6
*** SHOW DOWN ***
krytalex: shows [4s Ts] (a straight, Deuce to Six)
covasa andre: mucks hand
krytalex collected $53.50 from pot
*** SUMMARY ***
Total pot $54 | Rake $0.50
Board [2c 6h 5c 3s Qc]
Seat 1: covasa andre (button) (small blind) mucked
Seat 2: krytalex (big blind) showed [4s Ts] and won ($53.50) with a straight, Deuce to Six


PokerStars Hand #145432038667:  Hold'em Limit ($3/$6 USD) - 2015/12/16 10:09:59 ET
Table 'Theresia' 2-max Seat #1 is the button
Seat 1: covasa andre ($100.06 in chips)
Seat 2: krytalex ($141.02 in chips)
covasa andre: posts small blind $1
krytalex: posts big blind $3
*** HOLE CARDS ***
covasa andre: folds
Uncalled bet ($2) returned to krytalex
covasa andre leaves the table
krytalex collected $2 from pot
*** SUMMARY ***
Total pot $2 | Rake $0
Seat 1: covasa andre (button) (small blind) folded before Flop
Seat 2: krytalex (big blind) collected ($2)


