PokerStars Hand #169093463600:  Hold'em Limit ($3/$6 USD) - 2017/04/15 17:42:55 ET
Table 'Thernoe' 10-max Seat #4 is the button
Seat 4: bongo65 ($120 in chips)
Seat 5: simper11 ($120 in chips)
bongo65: posts small blind $1
simper11: posts big blind $3
*** HOLE CARDS ***
bongo65: raises $3 to $6
simper11: calls $3
*** FLOP *** [4d 4h Ac]
simper11: checks
bongo65: bets $3
simper11: raises $3 to $6
bongo65: calls $3
*** TURN *** [4d 4h Ac] [Th]
simper11: bets $6
bongo65: raises $6 to $12
simper11: folds
Uncalled bet ($6) returned to bongo65
bongo65 collected $35.50 from pot
bongo65: doesn't show hand
*** SUMMARY ***
Total pot $36 | Rake $0.50
Board [4d 4h Ac Th]
Seat 4: bongo65 (button) (small blind) collected ($35.50)
Seat 5: simper11 (big blind) folded on the Turn


PokerStars Hand #169093476784:  Hold'em Limit ($3/$6 USD) - 2017/04/15 17:43:13 ET
Table 'Thernoe' 10-max Seat #5 is the button
Seat 4: bongo65 ($137.50 in chips)
Seat 5: simper11 ($120 in chips)
simper11: posts small blind $1
bongo65: posts big blind $3
*** HOLE CARDS ***
simper11: raises $3 to $6
bongo65: calls $3
*** FLOP *** [Qh 3c 8s]
bongo65: checks
simper11: bets $3
bongo65: calls $3
*** TURN *** [Qh 3c 8s] [8d]
bongo65: checks
simper11: bets $6
bongo65: calls $6
*** RIVER *** [Qh 3c 8s 8d] [Th]
bongo65: checks
simper11: bets $6
bongo65: calls $6
*** SHOW DOWN ***
simper11: shows [5d 7s] (a pair of Eights)
bongo65: shows [Ad 6c] (a pair of Eights - Ace kicker)
bongo65 collected $41.50 from pot
*** SUMMARY ***
Total pot $42 | Rake $0.50
Board [Qh 3c 8s 8d Th]
Seat 4: bongo65 (big blind) showed [Ad 6c] and won ($41.50) with a pair of Eights
Seat 5: simper11 (button) (small blind) showed [5d 7s] and lost with a pair of Eights


PokerStars Hand #169093493323:  Hold'em Limit ($3/$6 USD) - 2017/04/15 17:43:35 ET
Table 'Thernoe' 10-max Seat #5 is the button
Seat 4: bongo65 ($157 in chips)
Seat 5: simper11 ($121 in chips)
simper11: posts small blind $1
bongo65: posts big blind $3
*** HOLE CARDS ***
simper11: folds
Uncalled bet ($2) returned to bongo65
bongo65 collected $2 from pot
bongo65: doesn't show hand
*** SUMMARY ***
Total pot $2 | Rake $0
Seat 4: bongo65 (big blind) collected ($2)
Seat 5: simper11 (button) (small blind) folded before Flop


PokerStars Hand #169093489274:  Hold'em Limit ($3/$6 USD) - 2017/04/15 17:43:29 ET
Table 'Thernoe' 10-max Seat #4 is the button
Seat 4: bongo65 ($158 in chips)
Seat 5: simper11 ($120 in chips)
bongo65: posts small blind $1
simper11: posts big blind $3
*** HOLE CARDS ***
bongo65: folds
Uncalled bet ($2) returned to simper11
simper11 collected $2 from pot
simper11: doesn't show hand
*** SUMMARY ***
Total pot $2 | Rake $0
Seat 4: bongo65 (button) (small blind) folded before Flop
Seat 5: simper11 (big blind) collected ($2)


PokerStars Hand #169093508479:  Hold'em Limit ($3/$6 USD) - 2017/04/15 17:43:54 ET
Table 'Thernoe' 10-max Seat #5 is the button
Seat 4: bongo65 ($140 in chips)
Seat 5: simper11 ($137.50 in chips)
simper11: posts small blind $1
bongo65: posts big blind $3
*** HOLE CARDS ***
simper11: folds
Uncalled bet ($2) returned to bongo65
bongo65 collected $2 from pot
bongo65: doesn't show hand
*** SUMMARY ***
Total pot $2 | Rake $0
Seat 4: bongo65 (big blind) collected ($2)
Seat 5: simper11 (button) (small blind) folded before Flop


PokerStars Hand #169093498841:  Hold'em Limit ($3/$6 USD) - 2017/04/15 17:43:42 ET
Table 'Thernoe' 10-max Seat #4 is the button
Seat 4: bongo65 ($158 in chips)
Seat 5: simper11 ($120 in chips)
bongo65: posts small blind $1
simper11: posts big blind $3
*** HOLE CARDS ***
bongo65: raises $3 to $6
simper11: calls $3
*** FLOP *** [Tc Th Jh]
simper11: checks
bongo65: checks
*** TURN *** [Tc Th Jh] [4d]
simper11: bets $6
bongo65: calls $6
*** RIVER *** [Tc Th Jh 4d] [Ts]
simper11: bets $6
bongo65: calls $6
*** SHOW DOWN ***
simper11: shows [Jc 8h] (a full house, Tens full of Jacks)
bongo65: mucks hand
simper11 collected $35.50 from pot
*** SUMMARY ***
Total pot $36 | Rake $0.50
Board [Tc Th Jh 4d Ts]
Seat 4: bongo65 (button) (small blind) mucked
Seat 5: simper11 (big blind) showed [Jc 8h] and won ($35.50) with a full house, Tens full of Jacks


PokerStars Hand #169093512103:  Hold'em Limit ($3/$6 USD) - 2017/04/15 17:43:59 ET
Table 'Thernoe' 10-max Seat #4 is the button
Seat 4: bongo65 ($141 in chips)
Seat 5: simper11 ($136.50 in chips)
bongo65: posts small blind $1
simper11: posts big blind $3
*** HOLE CARDS ***
bongo65: raises $3 to $6
simper11: raises $3 to $9
bongo65: calls $3
*** FLOP *** [Td Tc 4d]
simper11: bets $3
bongo65: calls $3
*** TURN *** [Td Tc 4d] [3c]
simper11: bets $6
bongo65: calls $6
*** RIVER *** [Td Tc 4d 3c] [8s]
simper11: bets $6
bongo65: raises $6 to $12
simper11: raises $6 to $18
bongo65: calls $6
*** SHOW DOWN ***
simper11: shows [Qh Qc] (two pair, Queens and Tens)
bongo65: mucks hand
simper11 collected $71.50 from pot
*** SUMMARY ***
Total pot $72 | Rake $0.50
Board [Td Tc 4d 3c 8s]
Seat 4: bongo65 (button) (small blind) mucked
Seat 5: simper11 (big blind) showed [Qh Qc] and won ($71.50) with two pair, Queens and Tens


PokerStars Hand #169093524013:  Hold'em Limit ($3/$6 USD) - 2017/04/15 17:44:15 ET
Table 'Thernoe' 10-max Seat #5 is the button
Seat 4: bongo65 ($105 in chips)
Seat 5: simper11 ($172 in chips)
simper11: posts small blind $1
bongo65: posts big blind $3
*** HOLE CARDS ***
simper11: raises $3 to $6
bongo65: raises $3 to $9
simper11: calls $3
*** FLOP *** [Th Tc 9d]
bongo65: bets $3
simper11: calls $3
*** TURN *** [Th Tc 9d] [Qs]
bongo65: checks
simper11: checks
*** RIVER *** [Th Tc 9d Qs] [Jd]
bongo65: bets $6
simper11: calls $6
*** SHOW DOWN ***
bongo65: shows [As Qc] (two pair, Queens and Tens)
simper11: mucks hand
bongo65 collected $35.50 from pot
*** SUMMARY ***
Total pot $36 | Rake $0.50
Board [Th Tc 9d Qs Jd]
Seat 4: bongo65 (big blind) showed [As Qc] and won ($35.50) with two pair, Queens and Tens
Seat 5: simper11 (button) (small blind) mucked


PokerStars Hand #169093534587:  Hold'em Limit ($3/$6 USD) - 2017/04/15 17:44:29 ET
Table 'Thernoe' 10-max Seat #4 is the button
Seat 4: bongo65 ($122.50 in chips)
Seat 5: simper11 ($154 in chips)
bongo65: posts small blind $1
simper11: posts big blind $3
*** HOLE CARDS ***
bongo65: raises $3 to $6
simper11: calls $3
*** FLOP *** [As 2c 7h]
simper11: checks
bongo65: bets $3
simper11: calls $3
*** TURN *** [As 2c 7h] [7d]
simper11: checks
bongo65: checks
*** RIVER *** [As 2c 7h 7d] [Qh]
simper11: checks
bongo65: checks
*** SHOW DOWN ***
simper11: shows [Jd Td] (a pair of Sevens)
bongo65: shows [Ad Qc] (two pair, Aces and Queens)
bongo65 collected $17.64 from pot
*** SUMMARY ***
Total pot $18 | Rake $0.36
Board [As 2c 7h 7d Qh]
Seat 4: bongo65 (button) (small blind) showed [Ad Qc] and won ($17.64) with two pair, Aces and Queens
Seat 5: simper11 (big blind) showed [Jd Td] and lost with a pair of Sevens


PokerStars Hand #169093554001:  Hold'em Limit ($3/$6 USD) - 2017/04/15 17:44:55 ET
Table 'Thernoe' 10-max Seat #4 is the button
Seat 4: bongo65 ($125.14 in chips)
Seat 5: simper11 ($150.76 in chips)
bongo65: posts small blind $1
simper11: posts big blind $3
*** HOLE CARDS ***
bongo65: folds
Uncalled bet ($2) returned to simper11
simper11 collected $2 from pot
simper11: doesn't show hand
*** SUMMARY ***
Total pot $2 | Rake $0
Seat 4: bongo65 (button) (small blind) folded before Flop
Seat 5: simper11 (big blind) collected ($2)


PokerStars Hand #169093543632:  Hold'em Limit ($3/$6 USD) - 2017/04/15 17:44:41 ET
Table 'Thernoe' 10-max Seat #5 is the button
Seat 4: bongo65 ($131.14 in chips)
Seat 5: simper11 ($145 in chips)
simper11: posts small blind $1
bongo65: posts big blind $3
*** HOLE CARDS ***
simper11: raises $3 to $6
bongo65: calls $3
*** FLOP *** [Jc 2s Jd]
bongo65: checks
simper11: bets $3
bongo65: folds
Uncalled bet ($3) returned to simper11
simper11 collected $11.76 from pot
simper11: doesn't show hand
*** SUMMARY ***
Total pot $12 | Rake $0.24
Board [Jc 2s Jd]
Seat 4: bongo65 (big blind) folded on the Flop
Seat 5: simper11 (button) (small blind) collected ($11.76)


PokerStars Hand #169093630964:  Hold'em Limit ($3/$6 USD) - 2017/04/15 17:46:35 ET
Table 'Thernoe' 10-max Seat #4 is the button
Seat 4: bongo65 ($97.14 in chips)
Seat 5: simper11 ($178.26 in chips)
bongo65: posts small blind $1
simper11: posts big blind $3
*** HOLE CARDS ***
bongo65: folds
Uncalled bet ($2) returned to simper11
bongo65 leaves the table
simper11 collected $2 from pot
simper11: doesn't show hand
*** SUMMARY ***
Total pot $2 | Rake $0
Seat 4: bongo65 (button) (small blind) folded before Flop
Seat 5: simper11 (big blind) collected ($2)


PokerStars Hand #169093560420:  Hold'em Limit ($3/$6 USD) - 2017/04/15 17:45:03 ET
Table 'Thernoe' 10-max Seat #5 is the button
Seat 4: bongo65 ($124.14 in chips)
Seat 5: simper11 ($151.76 in chips)
simper11: posts small blind $1
bongo65: posts big blind $3
*** HOLE CARDS ***
simper11: raises $3 to $6
bongo65: calls $3
*** FLOP *** [6c 2d 4h]
bongo65: bets $3
simper11: calls $3
*** TURN *** [6c 2d 4h] [As]
bongo65: bets $6
simper11: raises $6 to $12
bongo65: raises $6 to $18
simper11: calls $6
*** RIVER *** [6c 2d 4h As] [2s]
bongo65 is disconnected
bongo65 is connected
bongo65: checks
simper11: bets $6
bongo65: folds
Uncalled bet ($6) returned to simper11
simper11 collected $53.50 from pot
simper11: doesn't show hand
*** SUMMARY ***
Total pot $54 | Rake $0.50
Board [6c 2d 4h As 2s]
Seat 4: bongo65 (big blind) folded on the River
Seat 5: simper11 (button) (small blind) collected ($53.50)


