PokerStars Hand #144952718421:  Hold'em Limit ($3/$6 USD) - 2015/12/07 2:47:35 ET
Table 'Theresia II' 2-max Seat #1 is the button
Seat 1: Cah4ec1982 ($161.64 in chips)
Seat 2: Blunntorama ($25.57 in chips)
Cah4ec1982: posts small blind $1
Blunntorama: posts big blind $3
*** HOLE CARDS ***
Cah4ec1982: raises $3 to $6
Blunntorama: raises $3 to $9
Cah4ec1982: calls $3
*** FLOP *** [7h 3c Ah]
Blunntorama: bets $3
Cah4ec1982: calls $3
*** TURN *** [7h 3c Ah] [9s]
Blunntorama: bets $6
Cah4ec1982: calls $6
*** RIVER *** [7h 3c Ah 9s] [2h]
Blunntorama: bets $6
Cah4ec1982: raises $6 to $12
Blunntorama: calls $1.57 and is all-in
Uncalled bet ($4.43) returned to Cah4ec1982
*** SHOW DOWN ***
Cah4ec1982: shows [4h As] (a pair of Aces)
Blunntorama: shows [8d 6s] (high card Ace)
Cah4ec1982 collected $50.64 from pot
*** SUMMARY ***
Total pot $51.14 | Rake $0.50
Board [7h 3c Ah 9s 2h]
Seat 1: Cah4ec1982 (button) (small blind) showed [4h As] and won ($50.64) with a pair of Aces
Seat 2: Blunntorama (big blind) showed [8d 6s] and lost with high card Ace


PokerStars Hand #144952706976:  Hold'em Limit ($3/$6 USD) - 2015/12/07 2:47:01 ET
Table 'Theresia II' 2-max Seat #2 is the button
Seat 1: Cah4ec1982 ($127.64 in chips)
Seat 2: Blunntorama ($60.57 in chips)
Blunntorama: posts small blind $1
Cah4ec1982: posts big blind $3
*** HOLE CARDS ***
Blunntorama: raises $3 to $6
Cah4ec1982: raises $3 to $9
Blunntorama: calls $3
*** FLOP *** [2h 2d 4d]
Cah4ec1982: bets $3
Blunntorama: calls $3
*** TURN *** [2h 2d 4d] [5d]
Cah4ec1982: checks
Blunntorama: checks
*** RIVER *** [2h 2d 4d 5d] [As]
Cah4ec1982: checks
Blunntorama: bets $6
Cah4ec1982: calls $6
*** SHOW DOWN ***
Blunntorama: shows [Jd 7s] (a pair of Deuces)
Cah4ec1982: shows [Kd Tc] (a pair of Deuces - Ace+King kicker)
Cah4ec1982 collected $35.50 from pot
*** SUMMARY ***
Total pot $36 | Rake $0.50
Board [2h 2d 4d 5d As]
Seat 1: Cah4ec1982 (big blind) showed [Kd Tc] and won ($35.50) with a pair of Deuces
Seat 2: Blunntorama (button) (small blind) showed [Jd 7s] and lost with a pair of Deuces


PokerStars Hand #144952705332:  Hold'em Limit ($3/$6 USD) - 2015/12/07 2:46:57 ET
Table 'Theresia II' 2-max Seat #1 is the button
Seat 1: Cah4ec1982 ($128.64 in chips)
Seat 2: Blunntorama ($59.57 in chips)
Cah4ec1982: posts small blind $1
Blunntorama: posts big blind $3
*** HOLE CARDS ***
Cah4ec1982: folds
Uncalled bet ($2) returned to Blunntorama
Blunntorama collected $2 from pot
*** SUMMARY ***
Total pot $2 | Rake $0
Seat 1: Cah4ec1982 (button) (small blind) folded before Flop
Seat 2: Blunntorama (big blind) collected ($2)


PokerStars Hand #144952713749:  Hold'em Limit ($3/$6 USD) - 2015/12/07 2:47:21 ET
Table 'Theresia II' 2-max Seat #2 is the button
Seat 1: Cah4ec1982 ($144.14 in chips)
Seat 2: Blunntorama ($43.57 in chips)
Blunntorama: posts small blind $1
Cah4ec1982: posts big blind $3
*** HOLE CARDS ***
Blunntorama: raises $3 to $6
Cah4ec1982: raises $3 to $9
Blunntorama: calls $3
*** FLOP *** [9h Ad 9s]
Cah4ec1982: bets $3
Blunntorama: calls $3
*** TURN *** [9h Ad 9s] [3c]
Cah4ec1982: checks
Blunntorama: checks
*** RIVER *** [9h Ad 9s 3c] [Th]
Cah4ec1982: bets $6
Blunntorama: calls $6
*** SHOW DOWN ***
Cah4ec1982: shows [Ks Kc] (two pair, Kings and Nines)
Blunntorama: mucks hand
Cah4ec1982 collected $35.50 from pot
*** SUMMARY ***
Total pot $36 | Rake $0.50
Board [9h Ad 9s 3c Th]
Seat 1: Cah4ec1982 (big blind) showed [Ks Kc] and won ($35.50) with two pair, Kings and Nines
Seat 2: Blunntorama (button) (small blind) mucked


PokerStars Hand #144969357153:  Hold'em Limit ($3/$6 USD) - 2015/12/07 10:55:13 ET
Table 'Theresia II' 2-max Seat #1 is the button
Seat 1: Cah4ec1982 ($201.21 in chips)
Seat 2: cengiz1979 ($32.93 in chips)
Cah4ec1982: posts small blind $1
cengiz1979: posts big blind $3
*** HOLE CARDS ***
Cah4ec1982: raises $3 to $6
cengiz1979: calls $3
*** FLOP *** [Tc Kd Qs]
cengiz1979: bets $3
Cah4ec1982: calls $3
*** TURN *** [Tc Kd Qs] [8h]
cengiz1979: bets $6
Cah4ec1982: raises $6 to $12
cengiz1979: raises $6 to $18
Cah4ec1982: raises $6 to $24
Betting is capped
cengiz1979: calls $5.93 and is all-in
Uncalled bet ($0.07) returned to Cah4ec1982
*** RIVER *** [Tc Kd Qs 8h] [3h]
*** SHOW DOWN ***
cengiz1979: shows [Ts 9d] (a pair of Tens)
Cah4ec1982: shows [Kh 4d] (a pair of Kings)
Cah4ec1982 collected $65.36 from pot
*** SUMMARY ***
Total pot $65.86 | Rake $0.50
Board [Tc Kd Qs 8h 3h]
Seat 1: Cah4ec1982 (button) (small blind) showed [Kh 4d] and won ($65.36) with a pair of Kings
Seat 2: cengiz1979 (big blind) showed [Ts 9d] and lost with a pair of Tens


