PokerStars Hand #169852935776:  Hold'em Limit ($3/$6 USD) - 2017/05/02 10:20:51 ET
Table 'Thersites' 6-max Seat #3 is the button
Seat 3: NoVebra ($72 in chips)
Seat 4: asino222 ($120 in chips)
NoVebra: posts small blind $1
asino222: posts big blind $3
*** HOLE CARDS ***
NoVebra: folds
Uncalled bet ($2) returned to asino222
asino222 collected $2 from pot
asino222: doesn't show hand
*** SUMMARY ***
Total pot $2 | Rake $0
Seat 3: NoVebra (button) (small blind) folded before Flop
Seat 4: asino222 (big blind) collected ($2)


PokerStars Hand #169852940036:  Hold'em Limit ($3/$6 USD) - 2017/05/02 10:20:58 ET
Table 'Thersites' 6-max Seat #4 is the button
Seat 3: NoVebra ($72 in chips)
Seat 4: asino222 ($121 in chips)
asino222: posts small blind $1
NoVebra: posts big blind $3
*** HOLE CARDS ***
asino222: raises $3 to $6
NoVebra: raises $3 to $9
asino222: calls $3
*** FLOP *** [5h 9s Ah]
NoVebra: bets $3
Great_Kang joins the table at seat #5
asino222: calls $3
*** TURN *** [5h 9s Ah] [Qs]
NoVebra: checks
asino222: checks
*** RIVER *** [5h 9s Ah Qs] [5s]
NoVebra: bets $6
asino222: folds
Uncalled bet ($6) returned to NoVebra
NoVebra collected $23.52 from pot
NoVebra: doesn't show hand
*** SUMMARY ***
Total pot $24 | Rake $0.48
Board [5h 9s Ah Qs 5s]
Seat 3: NoVebra (big blind) collected ($23.52)
Seat 4: asino222 (button) (small blind) folded on the River


PokerStars Hand #169852971088:  Hold'em Limit ($3/$6 USD) - 2017/05/02 10:21:49 ET
Table 'Thersites' 6-max Seat #3 is the button
Seat 3: NoVebra ($83.52 in chips)
Seat 4: asino222 ($109 in chips)
NoVebra: posts small blind $1
asino222: posts big blind $3
*** HOLE CARDS ***
NoVebra: raises $3 to $6
asino222: folds
Uncalled bet ($3) returned to NoVebra
NoVebra collected $6 from pot
NoVebra: doesn't show hand
*** SUMMARY ***
Total pot $6 | Rake $0
Seat 3: NoVebra (button) (small blind) collected ($6)
Seat 4: asino222 (big blind) folded before Flop


PokerStars Hand #169853024149:  Hold'em Limit ($3/$6 USD) - 2017/05/02 10:23:16 ET
Table 'Thersites' 6-max Seat #4 is the button
Seat 3: NoVebra ($72 in chips)
Seat 4: asino222 ($126.71 in chips)
asino222: posts small blind $1
NoVebra: posts big blind $3
*** HOLE CARDS ***
asino222: folds
Uncalled bet ($2) returned to NoVebra
NoVebra collected $2 from pot
NoVebra: doesn't show hand
*** SUMMARY ***
Total pot $2 | Rake $0
Seat 3: NoVebra (big blind) collected ($2)
Seat 4: asino222 (button) (small blind) folded before Flop


PokerStars Hand #169853032602:  Hold'em Limit ($3/$6 USD) - 2017/05/02 10:23:30 ET
Table 'Thersites' 6-max Seat #3 is the button
Seat 3: NoVebra ($73 in chips)
Seat 4: asino222 ($125.71 in chips)
NoVebra: posts small blind $1
asino222: posts big blind $3
*** HOLE CARDS ***
NoVebra: raises $3 to $6
asino222: calls $3
*** FLOP *** [4h 6c Js]
asino222: checks
NoVebra: bets $3
asino222: raises $3 to $6
NoVebra: calls $3
*** TURN *** [4h 6c Js] [7d]
asino222: bets $6
NoVebra: folds
Uncalled bet ($6) returned to asino222
asino222 collected $23.52 from pot
asino222: doesn't show hand
*** SUMMARY ***
Total pot $24 | Rake $0.48
Board [4h 6c Js 7d]
Seat 3: NoVebra (button) (small blind) folded on the Turn
Seat 4: asino222 (big blind) collected ($23.52)


