PokerStars Hand #156519156672:  Hold'em Limit ($3/$6 USD) - 2016/07/27 14:56:37 ET
Table 'Thessalia II' 6-max Seat #2 is the button
Seat 1: Ag3r0n ($72 in chips)
Seat 2: gorcea_vs ($34.06 in chips)
gorcea_vs: posts small blind $1
Ag3r0n: posts big blind $3
*** HOLE CARDS ***
gorcea_vs: raises $3 to $6
Ag3r0n: calls $3
*** FLOP *** [2h Ts Qd]
Ag3r0n: checks
gorcea_vs: bets $3
Ag3r0n: folds
Uncalled bet ($3) returned to gorcea_vs
gorcea_vs collected $11.76 from pot
gorcea_vs: doesn't show hand
*** SUMMARY ***
Total pot $12 | Rake $0.24
Board [2h Ts Qd]
Seat 1: Ag3r0n (big blind) folded on the Flop
Seat 2: gorcea_vs (button) (small blind) collected ($11.76)


PokerStars Hand #156519153372:  Hold'em Limit ($3/$6 USD) - 2016/07/27 14:56:31 ET
Table 'Thessalia II' 6-max Seat #1 is the button
Seat 1: Ag3r0n ($72 in chips)
Seat 2: gorcea_vs ($33.06 in chips)
Ag3r0n: posts small blind $1
gorcea_vs: posts big blind $3
*** HOLE CARDS ***
Ag3r0n: folds
Uncalled bet ($2) returned to gorcea_vs
gorcea_vs collected $2 from pot
*** SUMMARY ***
Total pot $2 | Rake $0
Seat 1: Ag3r0n (button) (small blind) folded before Flop
Seat 2: gorcea_vs (big blind) collected ($2)


PokerStars Hand #156519163526:  Hold'em Limit ($3/$6 USD) - 2016/07/27 14:56:49 ET
Table 'Thessalia II' 6-max Seat #1 is the button
Seat 1: Ag3r0n ($72 in chips)
Seat 2: gorcea_vs ($39.82 in chips)
Ag3r0n: posts small blind $1
gorcea_vs: posts big blind $3
*** HOLE CARDS ***
Ag3r0n: raises $3 to $6
vestimokrec joins the table at seat #3
gorcea_vs: calls $3
*** FLOP *** [5s 8s Ts]
gorcea_vs: checks
Ag3r0n: checks
*** TURN *** [5s 8s Ts] [5h]
gorcea_vs: bets $6
Ag3r0n: folds
Uncalled bet ($6) returned to gorcea_vs
gorcea_vs collected $11.76 from pot
gorcea_vs: doesn't show hand
*** SUMMARY ***
Total pot $12 | Rake $0.24
Board [5s 8s Ts 5h]
Seat 1: Ag3r0n (button) (small blind) folded on the Turn
Seat 2: gorcea_vs (big blind) collected ($11.76)


PokerStars Hand #156521813410:  Hold'em Limit ($3/$6 USD) - 2016/07/27 15:53:20 ET
Table 'Thessalia II' 6-max Seat #3 is the button
Seat 1: Ag3r0n ($142.55 in chips)
Seat 3: alexissaksa ($79.35 in chips)
gorcea_vs will be allowed to play after the button
alexissaksa: posts small blind $1
Wurst2000: is sitting out
Ag3r0n: posts big blind $3
*** HOLE CARDS ***
alexissaksa: raises $3 to $6
Ag3r0n: folds
Uncalled bet ($3) returned to alexissaksa
alexissaksa collected $6 from pot
alexissaksa: doesn't show hand
*** SUMMARY ***
Total pot $6 | Rake $0
Seat 1: Ag3r0n (big blind) folded before Flop
Seat 3: alexissaksa (button) (small blind) collected ($6)


