PokerStars Hand #151743524676:  Hold'em Limit ($3/$6 USD) - 2016/04/10 20:40:24 ET
Table 'Thessalia' 6-max Seat #1 is the button
Seat 1: Zubasa07 ($500 in chips)
Seat 4: thekiing80 ($120 in chips)
Zubasa07: posts small blind $1
thekiing80: posts big blind $3
*** HOLE CARDS ***
Zubasa07: folds
Uncalled bet ($2) returned to thekiing80
thekiing80 collected $2 from pot
thekiing80: doesn't show hand
*** SUMMARY ***
Total pot $2 | Rake $0
Seat 1: Zubasa07 (button) (small blind) folded before Flop
Seat 4: thekiing80 (big blind) collected ($2)


PokerStars Hand #151743565165:  Hold'em Limit ($3/$6 USD) - 2016/04/10 20:41:51 ET
Table 'Thessalia' 6-max Seat #1 is the button
Seat 1: Zubasa07 ($507.50 in chips)
Seat 4: thekiing80 ($111.50 in chips)
Zubasa07: posts small blind $1
thekiing80: posts big blind $3
*** HOLE CARDS ***
Zubasa07: folds
Uncalled bet ($2) returned to thekiing80
thekiing80 collected $2 from pot
thekiing80: doesn't show hand
*** SUMMARY ***
Total pot $2 | Rake $0
Seat 1: Zubasa07 (button) (small blind) folded before Flop
Seat 4: thekiing80 (big blind) collected ($2)


PokerStars Hand #151743532050:  Hold'em Limit ($3/$6 USD) - 2016/04/10 20:40:40 ET
Table 'Thessalia' 6-max Seat #4 is the button
Seat 1: Zubasa07 ($499 in chips)
Seat 4: thekiing80 ($121 in chips)
thekiing80: posts small blind $1
Zubasa07: posts big blind $3
*** HOLE CARDS ***
thekiing80: raises $3 to $6
Zubasa07: raises $3 to $9
thekiing80: calls $3
*** FLOP *** [Ts 8s 7h]
Zubasa07: bets $3
thekiing80: calls $3
*** TURN *** [Ts 8s 7h] [Tc]
Zubasa07: checks
thekiing80: bets $6
Zubasa07: calls $6
*** RIVER *** [Ts 8s 7h Tc] [5h]
Zubasa07: checks
thekiing80: bets $6
Zubasa07: calls $6
*** SHOW DOWN ***
thekiing80: shows [9d Th] (three of a kind, Tens)
Zubasa07: mucks hand
thekiing80 collected $47.50 from pot
*** SUMMARY ***
Total pot $48 | Rake $0.50
Board [Ts 8s 7h Tc 5h]
Seat 1: Zubasa07 (big blind) mucked
Seat 4: thekiing80 (button) (small blind) showed [9d Th] and won ($47.50) with three of a kind, Tens


PokerStars Hand #151743544331:  Hold'em Limit ($3/$6 USD) - 2016/04/10 20:41:06 ET
Table 'Thessalia' 6-max Seat #1 is the button
Seat 1: Zubasa07 ($475 in chips)
Seat 4: thekiing80 ($144.50 in chips)
Zubasa07: posts small blind $1
thekiing80: posts big blind $3
*** HOLE CARDS ***
Zubasa07: raises $3 to $6
thekiing80: folds
Uncalled bet ($3) returned to Zubasa07
Zubasa07 collected $6 from pot
Zubasa07: doesn't show hand
*** SUMMARY ***
Total pot $6 | Rake $0
Seat 1: Zubasa07 (button) (small blind) collected ($6)
Seat 4: thekiing80 (big blind) folded before Flop


PokerStars Hand #151743547439:  Hold'em Limit ($3/$6 USD) - 2016/04/10 20:41:13 ET
Table 'Thessalia' 6-max Seat #4 is the button
Seat 1: Zubasa07 ($478 in chips)
Seat 4: thekiing80 ($141.50 in chips)
thekiing80: posts small blind $1
Zubasa07: posts big blind $3
*** HOLE CARDS ***
thekiing80: raises $3 to $6
Zubasa07: raises $3 to $9
thekiing80: raises $3 to $12
Betting is capped
Zubasa07: calls $3
*** FLOP *** [Kd Ks 9h]
Zubasa07: checks
thekiing80: checks
*** TURN *** [Kd Ks 9h] [7d]
Zubasa07: bets $6
thekiing80: calls $6
*** RIVER *** [Kd Ks 9h 7d] [Ad]
Zubasa07: checks
thekiing80: bets $6
Zubasa07: raises $6 to $12
thekiing80: calls $6
*** SHOW DOWN ***
Zubasa07: shows [9d 6d] (a flush, Ace high)
thekiing80: mucks hand
Zubasa07 collected $59.50 from pot
*** SUMMARY ***
Total pot $60 | Rake $0.50
Board [Kd Ks 9h 7d Ad]
Seat 1: Zubasa07 (big blind) showed [9d 6d] and won ($59.50) with a flush, Ace high
Seat 4: thekiing80 (button) (small blind) mucked


PokerStars Hand #151743569138:  Hold'em Limit ($3/$6 USD) - 2016/04/10 20:42:00 ET
Table 'Thessalia' 6-max Seat #4 is the button
Seat 1: Zubasa07 ($506.50 in chips)
Seat 4: thekiing80 ($161.41 in chips)
thekiing80: posts small blind $1
Zubasa07: posts big blind $3
*** HOLE CARDS ***
thekiing80: raises $3 to $6
Zubasa07: calls $3
*** FLOP *** [2s 7h Ah]
Scribe169 joins the table at seat #3
Zubasa07: checks
thekiing80: bets $3
Zubasa07: calls $3
*** TURN *** [2s 7h Ah] [2d]
Zubasa07: checks
thekiing80: bets $6
Velbor107 joins the table at seat #5
Zubasa07: calls $6
*** RIVER *** [2s 7h Ah 2d] [9h]
Zubasa07: checks
thekiing80: bets $6
Zubasa07: calls $6
*** SHOW DOWN ***
thekiing80: shows [3c 6c] (a pair of Deuces)
Zubasa07: shows [7s Th] (two pair, Sevens and Deuces)
Zubasa07 collected $41.50 from pot
*** SUMMARY ***
Total pot $42 | Rake $0.50
Board [2s 7h Ah 2d 9h]
Seat 1: Zubasa07 (big blind) showed [7s Th] and won ($41.50) with two pair, Sevens and Deuces
Seat 4: thekiing80 (button) (small blind) showed [3c 6c] and lost with a pair of Deuces


PokerStars Hand #151744352823:  Hold'em Limit ($3/$6 USD) - 2016/04/10 21:11:59 ET
Table 'Thessalia' 6-max Seat #6 is the button
Seat 4: thekiing80 ($81.92 in chips)
Seat 6: RaisemyNut$ ($66.09 in chips)
RaisemyNut$: posts small blind $1
Hitin&Winin: is sitting out
thekiing80: posts big blind $3
*** HOLE CARDS ***
RaisemyNut$: raises $3 to $6
thekiing80: folds
Uncalled bet ($3) returned to RaisemyNut$
RaisemyNut$ collected $6 from pot
RaisemyNut$: doesn't show hand
Hitin&Winin leaves the table
*** SUMMARY ***
Total pot $6 | Rake $0
Seat 4: thekiing80 (big blind) folded before Flop
Seat 6: RaisemyNut$ (button) (small blind) collected ($6)


PokerStars Hand #151744355937:  Hold'em Limit ($3/$6 USD) - 2016/04/10 21:12:06 ET
Table 'Thessalia' 6-max Seat #4 is the button
Seat 4: thekiing80 ($78.92 in chips)
Seat 6: RaisemyNut$ ($69.09 in chips)
thekiing80: posts small blind $1
RaisemyNut$: posts big blind $3
*** HOLE CARDS ***
thekiing80: raises $3 to $6
RaisemyNut$: calls $3
*** FLOP *** [Jc 5c 7s]
RaisemyNut$: checks
thekiing80: bets $3
RaisemyNut$: folds
Uncalled bet ($3) returned to thekiing80
thekiing80 collected $11.76 from pot
thekiing80: doesn't show hand
*** SUMMARY ***
Total pot $12 | Rake $0.24
Board [Jc 5c 7s]
Seat 4: thekiing80 (button) (small blind) collected ($11.76)
Seat 6: RaisemyNut$ (big blind) folded on the Flop


PokerStars Hand #151744366123:  Hold'em Limit ($3/$6 USD) - 2016/04/10 21:12:30 ET
Table 'Thessalia' 6-max Seat #4 is the button
Seat 4: thekiing80 ($85.68 in chips)
Seat 6: RaisemyNut$ ($62.09 in chips)
thekiing80: posts small blind $1
RaisemyNut$: posts big blind $3
*** HOLE CARDS ***
thekiing80: folds
Uncalled bet ($2) returned to RaisemyNut$
RaisemyNut$ collected $2 from pot
RaisemyNut$: doesn't show hand
*** SUMMARY ***
Total pot $2 | Rake $0
Seat 4: thekiing80 (button) (small blind) folded before Flop
Seat 6: RaisemyNut$ (big blind) collected ($2)


PokerStars Hand #151744363010:  Hold'em Limit ($3/$6 USD) - 2016/04/10 21:12:22 ET
Table 'Thessalia' 6-max Seat #6 is the button
Seat 4: thekiing80 ($84.68 in chips)
Seat 6: RaisemyNut$ ($63.09 in chips)
RaisemyNut$: posts small blind $1
thekiing80: posts big blind $3
*** HOLE CARDS ***
RaisemyNut$: folds
Uncalled bet ($2) returned to thekiing80
thekiing80 collected $2 from pot
thekiing80: doesn't show hand
*** SUMMARY ***
Total pot $2 | Rake $0
Seat 4: thekiing80 (big blind) collected ($2)
Seat 6: RaisemyNut$ (button) (small blind) folded before Flop


PokerStars Hand #151744368216:  Hold'em Limit ($3/$6 USD) - 2016/04/10 21:12:34 ET
Table 'Thessalia' 6-max Seat #6 is the button
Seat 4: thekiing80 ($84.68 in chips)
Seat 6: RaisemyNut$ ($63.09 in chips)
RaisemyNut$: posts small blind $1
thekiing80: posts big blind $3
*** HOLE CARDS ***
RaisemyNut$: raises $3 to $6
thekiing80: calls $3
*** FLOP *** [9s Js 6s]
thekiing80: checks
RaisemyNut$: bets $3
thekiing80: raises $3 to $6
RaisemyNut$: folds
Uncalled bet ($3) returned to thekiing80
thekiing80 collected $17.64 from pot
thekiing80: doesn't show hand
*** SUMMARY ***
Total pot $18 | Rake $0.36
Board [9s Js 6s]
Seat 4: thekiing80 (big blind) collected ($17.64)
Seat 6: RaisemyNut$ (button) (small blind) folded on the Flop


PokerStars Hand #151744377802:  Hold'em Limit ($3/$6 USD) - 2016/04/10 21:12:57 ET
Table 'Thessalia' 6-max Seat #4 is the button
Seat 4: thekiing80 ($93.32 in chips)
Seat 6: RaisemyNut$ ($60 in chips)
thekiing80: posts small blind $1
RaisemyNut$: posts big blind $3
*** HOLE CARDS ***
thekiing80: raises $3 to $6
RaisemyNut$: raises $3 to $9
thekiing80: calls $3
*** FLOP *** [Qd Js 2h]
RaisemyNut$: bets $3
thekiing80: calls $3
*** TURN *** [Qd Js 2h] [4s]
RaisemyNut$: checks
thekiing80: checks
*** RIVER *** [Qd Js 2h 4s] [4d]
RaisemyNut$: bets $6
thekiing80: folds
Uncalled bet ($6) returned to RaisemyNut$
RaisemyNut$ collected $23.52 from pot
RaisemyNut$: doesn't show hand
*** SUMMARY ***
Total pot $24 | Rake $0.48
Board [Qd Js 2h 4s 4d]
Seat 4: thekiing80 (button) (small blind) folded on the River
Seat 6: RaisemyNut$ (big blind) collected ($23.52)


PokerStars Hand #151744388784:  Hold'em Limit ($3/$6 USD) - 2016/04/10 21:13:23 ET
Table 'Thessalia' 6-max Seat #6 is the button
Seat 4: thekiing80 ($81.32 in chips)
Seat 6: RaisemyNut$ ($71.52 in chips)
RaisemyNut$: posts small blind $1
thekiing80: posts big blind $3
*** HOLE CARDS ***
RaisemyNut$: raises $3 to $6
thekiing80: folds
Uncalled bet ($3) returned to RaisemyNut$
RaisemyNut$ collected $6 from pot
RaisemyNut$: doesn't show hand
*** SUMMARY ***
Total pot $6 | Rake $0
Seat 4: thekiing80 (big blind) folded before Flop
Seat 6: RaisemyNut$ (button) (small blind) collected ($6)


PokerStars Hand #151744400681:  Hold'em Limit ($3/$6 USD) - 2016/04/10 21:13:32 ET
Table 'Thessalia' 6-max Seat #4 is the button
Seat 4: thekiing80 ($78.32 in chips)
Seat 6: RaisemyNut$ ($74.52 in chips)
thekiing80: posts small blind $1
RaisemyNut$: posts big blind $3
*** HOLE CARDS ***
thekiing80: raises $3 to $6
RaisemyNut$: folds
Uncalled bet ($3) returned to thekiing80
thekiing80 collected $6 from pot
thekiing80: doesn't show hand
*** SUMMARY ***
Total pot $6 | Rake $0
Seat 4: thekiing80 (button) (small blind) collected ($6)
Seat 6: RaisemyNut$ (big blind) folded before Flop


PokerStars Hand #151744416836:  Hold'em Limit ($3/$6 USD) - 2016/04/10 21:14:10 ET
Table 'Thessalia' 6-max Seat #4 is the button
Seat 4: thekiing80 ($57.32 in chips)
Seat 6: RaisemyNut$ ($95.02 in chips)
thekiing80: posts small blind $1
RaisemyNut$: posts big blind $3
*** HOLE CARDS ***
thekiing80: raises $3 to $6
RaisemyNut$: folds
Uncalled bet ($3) returned to thekiing80
thekiing80 collected $6 from pot
thekiing80: doesn't show hand
*** SUMMARY ***
Total pot $6 | Rake $0
Seat 4: thekiing80 (button) (small blind) collected ($6)
Seat 6: RaisemyNut$ (big blind) folded before Flop


PokerStars Hand #151744403470:  Hold'em Limit ($3/$6 USD) - 2016/04/10 21:13:38 ET
Table 'Thessalia' 6-max Seat #6 is the button
Seat 4: thekiing80 ($81.32 in chips)
Seat 6: RaisemyNut$ ($71.52 in chips)
RaisemyNut$: posts small blind $1
thekiing80: posts big blind $3
*** HOLE CARDS ***
RaisemyNut$: raises $3 to $6
thekiing80: raises $3 to $9
RaisemyNut$: calls $3
*** FLOP *** [Qh Td Ad]
thekiing80: bets $3
RaisemyNut$: calls $3
*** TURN *** [Qh Td Ad] [3h]
thekiing80: bets $6
RaisemyNut$: calls $6
*** RIVER *** [Qh Td Ad 3h] [Kd]
thekiing80: bets $6
RaisemyNut$: calls $6
*** SHOW DOWN ***
thekiing80: shows [Tc 7c] (a pair of Tens)
RaisemyNut$: shows [3s Kh] (two pair, Kings and Threes)
RaisemyNut$ collected $47.50 from pot
*** SUMMARY ***
Total pot $48 | Rake $0.50
Board [Qh Td Ad 3h Kd]
Seat 4: thekiing80 (big blind) showed [Tc 7c] and lost with a pair of Tens
Seat 6: RaisemyNut$ (button) (small blind) showed [3s Kh] and won ($47.50) with two pair, Kings and Threes


PokerStars Hand #151744419628:  Hold'em Limit ($3/$6 USD) - 2016/04/10 21:14:17 ET
Table 'Thessalia' 6-max Seat #6 is the button
Seat 4: thekiing80 ($60.32 in chips)
Seat 6: RaisemyNut$ ($92.02 in chips)
RaisemyNut$: posts small blind $1
thekiing80: posts big blind $3
*** HOLE CARDS ***
RaisemyNut$: raises $3 to $6
thekiing80: raises $3 to $9
RaisemyNut$: calls $3
*** FLOP *** [8c 3h 2s]
thekiing80: bets $3
RaisemyNut$: calls $3
*** TURN *** [8c 3h 2s] [7d]
thekiing80: bets $6
RaisemyNut$: raises $6 to $12
thekiing80: calls $6
*** RIVER *** [8c 3h 2s 7d] [6d]
thekiing80: checks
RaisemyNut$: bets $6
thekiing80: raises $6 to $12
RaisemyNut$: raises $6 to $18
thekiing80: calls $6
*** SHOW DOWN ***
RaisemyNut$: shows [8d 7s] (two pair, Eights and Sevens)
thekiing80: mucks hand
RaisemyNut$ collected $83.50 from pot
*** SUMMARY ***
Total pot $84 | Rake $0.50
Board [8c 3h 2s 7d 6d]
Seat 4: thekiing80 (big blind) mucked
Seat 6: RaisemyNut$ (button) (small blind) showed [8d 7s] and won ($83.50) with two pair, Eights and Sevens


PokerStars Hand #151744438768:  Hold'em Limit ($3/$6 USD) - 2016/04/10 21:15:02 ET
Table 'Thessalia' 6-max Seat #6 is the button
Seat 4: thekiing80 ($26.96 in chips)
Seat 6: RaisemyNut$ ($124.52 in chips)
RaisemyNut$: posts small blind $1
thekiing80: posts big blind $3
*** HOLE CARDS ***
RaisemyNut$: raises $3 to $6
thekiing80: folds
Uncalled bet ($3) returned to RaisemyNut$
RaisemyNut$ collected $6 from pot
RaisemyNut$: doesn't show hand
*** SUMMARY ***
Total pot $6 | Rake $0
Seat 4: thekiing80 (big blind) folded before Flop
Seat 6: RaisemyNut$ (button) (small blind) collected ($6)


PokerStars Hand #151744431187:  Hold'em Limit ($3/$6 USD) - 2016/04/10 21:14:44 ET
Table 'Thessalia' 6-max Seat #4 is the button
Seat 4: thekiing80 ($18.32 in chips)
Seat 6: RaisemyNut$ ($133.52 in chips)
thekiing80: posts small blind $1
RaisemyNut$: posts big blind $3
*** HOLE CARDS ***
thekiing80: calls $2
RaisemyNut$: checks
*** FLOP *** [Th Ad 5d]
RaisemyNut$: checks
thekiing80: checks
*** TURN *** [Th Ad 5d] [As]
RaisemyNut$: bets $6
thekiing80: calls $6
*** RIVER *** [Th Ad 5d As] [Kd]
RaisemyNut$: checks
thekiing80: bets $6
RaisemyNut$: folds
Uncalled bet ($6) returned to thekiing80
thekiing80 collected $17.64 from pot
thekiing80: doesn't show hand
*** SUMMARY ***
Total pot $18 | Rake $0.36
Board [Th Ad 5d As Kd]
Seat 4: thekiing80 (button) (small blind) collected ($17.64)
Seat 6: RaisemyNut$ (big blind) folded on the River


PokerStars Hand #151744441260:  Hold'em Limit ($3/$6 USD) - 2016/04/10 21:15:07 ET
Table 'Thessalia' 6-max Seat #4 is the button
Seat 4: thekiing80 ($23.96 in chips)
Seat 6: RaisemyNut$ ($127.52 in chips)
thekiing80: posts small blind $1
RaisemyNut$: posts big blind $3
*** HOLE CARDS ***
thekiing80: raises $3 to $6
RaisemyNut$: raises $3 to $9
thekiing80: raises $3 to $12
Betting is capped
RaisemyNut$: calls $3
*** FLOP *** [6d 4d 4s]
RaisemyNut$: checks
thekiing80: bets $3
RaisemyNut$: calls $3
*** TURN *** [6d 4d 4s] [Jh]
RaisemyNut$: checks
thekiing80: bets $6
RaisemyNut$: raises $6 to $12
thekiing80: calls $2.96 and is all-in
Uncalled bet ($3.04) returned to RaisemyNut$
*** RIVER *** [6d 4d 4s Jh] [Jd]
*** SHOW DOWN ***
RaisemyNut$: shows [4h 4c] (four of a kind, Fours)
thekiing80: shows [6h Ac] (two pair, Jacks and Sixes)
RaisemyNut$ collected $47.42 from pot
*** SUMMARY ***
Total pot $47.92 | Rake $0.50
Board [6d 4d 4s Jh Jd]
Seat 4: thekiing80 (button) (small blind) showed [6h Ac] and lost with two pair, Jacks and Sixes
Seat 6: RaisemyNut$ (big blind) showed [4h 4c] and won ($47.42) with four of a kind, Fours


