PokerStars Hand #151399601109:  Hold'em Limit ($3/$6 USD) - 2016/04/03 21:09:53 ET
Table 'Thessalia' 6-max Seat #3 is the button
Seat 3: factor725 ($128.50 in chips)
Seat 4: AzureCaper ($72 in chips)
factor725: posts small blind $1
AzureCaper: posts big blind $3
*** HOLE CARDS ***
factor725: raises $3 to $6
AzureCaper: calls $3
*** FLOP *** [Td 5s Qs]
AzureCaper: checks
factor725: bets $3
AzureCaper: calls $3
*** TURN *** [Td 5s Qs] [4d]
AzureCaper: checks
factor725: bets $6
AzureCaper: calls $6
*** RIVER *** [Td 5s Qs 4d] [3h]
AzureCaper: checks
factor725: checks
*** SHOW DOWN ***
AzureCaper: shows [7s As] (high card Ace)
factor725: shows [Jc 5c] (a pair of Fives)
factor725 collected $29.50 from pot
*** SUMMARY ***
Total pot $30 | Rake $0.50
Board [Td 5s Qs 4d 3h]
Seat 3: factor725 (button) (small blind) showed [Jc 5c] and won ($29.50) with a pair of Fives
Seat 4: AzureCaper (big blind) showed [7s As] and lost with high card Ace


PokerStars Hand #151399591780:  Hold'em Limit ($3/$6 USD) - 2016/04/03 21:09:31 ET
Table 'Thessalia' 6-max Seat #3 is the button
Seat 3: factor725 ($107 in chips)
Seat 4: AzureCaper ($84.64 in chips)
factor725: posts small blind $1
AzureCaper: posts big blind $3
*** HOLE CARDS ***
factor725: raises $3 to $6
AzureCaper: calls $3
*** FLOP *** [7d 3s Td]
AzureCaper: checks
factor725: bets $3
AzureCaper: calls $3
*** TURN *** [7d 3s Td] [8d]
AzureCaper: checks
factor725: bets $6
AzureCaper: calls $6
*** RIVER *** [7d 3s Td 8d] [3c]
AzureCaper: checks
factor725: bets $6
AzureCaper: calls $6
*** SHOW DOWN ***
factor725: shows [Ts As] (two pair, Tens and Threes)
AzureCaper: mucks hand
factor725 collected $41.50 from pot
*** SUMMARY ***
Total pot $42 | Rake $0.50
Board [7d 3s Td 8d 3c]
Seat 3: factor725 (button) (small blind) showed [Ts As] and won ($41.50) with two pair, Tens and Threes
Seat 4: AzureCaper (big blind) mucked


PokerStars Hand #151399583037:  Hold'em Limit ($3/$6 USD) - 2016/04/03 21:09:11 ET
Table 'Thessalia' 6-max Seat #4 is the button
Seat 3: factor725 ($116 in chips)
Seat 4: AzureCaper ($76 in chips)
AzureCaper: posts small blind $1
factor725: posts big blind $3
*** HOLE CARDS ***
AzureCaper: raises $3 to $6
factor725: calls $3
*** FLOP *** [Jc Kh Td]
factor725: checks
AzureCaper: bets $3
factor725: calls $3
*** TURN *** [Jc Kh Td] [3s]
factor725: checks
AzureCaper: bets $6
factor725: folds
Uncalled bet ($6) returned to AzureCaper
AzureCaper collected $17.64 from pot
AzureCaper: doesn't show hand
*** SUMMARY ***
Total pot $18 | Rake $0.36
Board [Jc Kh Td 3s]
Seat 3: factor725 (big blind) folded on the Turn
Seat 4: AzureCaper (button) (small blind) collected ($17.64)


PokerStars Hand #151399580871:  Hold'em Limit ($3/$6 USD) - 2016/04/03 21:09:06 ET
Table 'Thessalia' 6-max Seat #3 is the button
Seat 3: factor725 ($117 in chips)
Seat 4: AzureCaper ($75 in chips)
factor725: posts small blind $1
AzureCaper: posts big blind $3
*** HOLE CARDS ***
factor725: folds
Uncalled bet ($2) returned to AzureCaper
AzureCaper collected $2 from pot
AzureCaper: doesn't show hand
*** SUMMARY ***
Total pot $2 | Rake $0
Seat 3: factor725 (button) (small blind) folded before Flop
Seat 4: AzureCaper (big blind) collected ($2)


PokerStars Hand #151399575307:  Hold'em Limit ($3/$6 USD) - 2016/04/03 21:08:53 ET
Table 'Thessalia' 6-max Seat #4 is the button
Seat 3: factor725 ($120 in chips)
Seat 4: AzureCaper ($72 in chips)
AzureCaper: posts small blind $1
anetkaapro: is sitting out
factor725: posts big blind $3
*** HOLE CARDS ***
AzureCaper: raises $3 to $6
factor725: folds
Uncalled bet ($3) returned to AzureCaper
AzureCaper collected $6 from pot
AzureCaper: doesn't show hand
*** SUMMARY ***
Total pot $6 | Rake $0
Seat 3: factor725 (big blind) folded before Flop
Seat 4: AzureCaper (button) (small blind) collected ($6)


PokerStars Hand #151399615061:  Hold'em Limit ($3/$6 USD) - 2016/04/03 21:10:25 ET
Table 'Thessalia' 6-max Seat #3 is the button
Seat 3: factor725 ($169.50 in chips)
Seat 4: AzureCaper ($72 in chips)
factor725: posts small blind $1
AzureCaper: posts big blind $3
*** HOLE CARDS ***
factor725: folds
Uncalled bet ($2) returned to AzureCaper
Brama Br joins the table at seat #5
AzureCaper collected $2 from pot
AzureCaper: doesn't show hand
*** SUMMARY ***
Total pot $2 | Rake $0
Seat 3: factor725 (button) (small blind) folded before Flop
Seat 4: AzureCaper (big blind) collected ($2)


PokerStars Hand #151399607228:  Hold'em Limit ($3/$6 USD) - 2016/04/03 21:10:07 ET
Table 'Thessalia' 6-max Seat #4 is the button
Seat 3: factor725 ($143 in chips)
Seat 4: AzureCaper ($72 in chips)
AzureCaper: posts small blind $1
factor725: posts big blind $3
*** HOLE CARDS ***
AzureCaper: raises $3 to $6
factor725: calls $3
*** FLOP *** [2d 7d Qh]
factor725: checks
AzureCaper: bets $3
factor725: calls $3
*** TURN *** [2d 7d Qh] [6s]
factor725: checks
AzureCaper: bets $6
factor725: calls $6
*** RIVER *** [2d 7d Qh 6s] [8d]
factor725: bets $6
AzureCaper: raises $6 to $12
factor725: raises $6 to $18
AzureCaper: folds
Uncalled bet ($6) returned to factor725
factor725 collected $53.50 from pot
*** SUMMARY ***
Total pot $54 | Rake $0.50
Board [2d 7d Qh 6s 8d]
Seat 3: factor725 (big blind) collected ($53.50)
Seat 4: AzureCaper (button) (small blind) folded on the River


PokerStars Hand #151399767887:  Hold'em Limit ($3/$6 USD) - 2016/04/03 21:16:15 ET
Table 'Thessalia' 6-max Seat #4 is the button
Seat 1: factor725 ($124.74 in chips)
Seat 4: AzureCaper ($229.10 in chips)
Brama Br will be allowed to play after the button
AzureCaper: posts small blind $1
anetkaapro: is sitting out
factor725: posts big blind $3
*** HOLE CARDS ***
AzureCaper: folds
Uncalled bet ($2) returned to factor725
factor725 collected $2 from pot
*** SUMMARY ***
Total pot $2 | Rake $0
Seat 1: factor725 (big blind) collected ($2)
Seat 4: AzureCaper (button) (small blind) folded before Flop


PokerStars Hand #151400020897:  Hold'em Limit ($3/$6 USD) - 2016/04/03 21:25:44 ET
Table 'Thessalia' 6-max Seat #4 is the button
Seat 3: Brama Br ($187.44 in chips)
Seat 4: AzureCaper ($278.70 in chips)
AzureCaper: posts small blind $1
Brama Br: posts big blind $3
*** HOLE CARDS ***
AzureCaper: raises $3 to $6
Brama Br: calls $3
*** FLOP *** [2s Qc 7c]
Brama Br: checks
AzureCaper: bets $3
Brama Br: folds
Uncalled bet ($3) returned to AzureCaper
AzureCaper collected $11.76 from pot
AzureCaper: doesn't show hand
*** SUMMARY ***
Total pot $12 | Rake $0.24
Board [2s Qc 7c]
Seat 3: Brama Br (big blind) folded on the Flop
Seat 4: AzureCaper (button) (small blind) collected ($11.76)


PokerStars Hand #151400026465:  Hold'em Limit ($3/$6 USD) - 2016/04/03 21:25:57 ET
Table 'Thessalia' 6-max Seat #3 is the button
Seat 3: Brama Br ($181.44 in chips)
Seat 4: AzureCaper ($284.46 in chips)
Brama Br: posts small blind $1
AzureCaper: posts big blind $3
*** HOLE CARDS ***
Brama Br: raises $3 to $6
AzureCaper: calls $3
*** FLOP *** [7h 6d 3c]
AzureCaper: checks
Brama Br: bets $3
AzureCaper: calls $3
*** TURN *** [7h 6d 3c] [Jh]
AzureCaper: checks
Brama Br: bets $6
AzureCaper: calls $6
*** RIVER *** [7h 6d 3c Jh] [2d]
AzureCaper: checks
Brama Br: bets $6
AzureCaper: folds
Uncalled bet ($6) returned to Brama Br
Brama Br collected $29.50 from pot
Brama Br: doesn't show hand
*** SUMMARY ***
Total pot $30 | Rake $0.50
Board [7h 6d 3c Jh 2d]
Seat 3: Brama Br (button) (small blind) collected ($29.50)
Seat 4: AzureCaper (big blind) folded on the River


PokerStars Hand #151400033663:  Hold'em Limit ($3/$6 USD) - 2016/04/03 21:26:14 ET
Table 'Thessalia' 6-max Seat #4 is the button
Seat 3: Brama Br ($195.94 in chips)
Seat 4: AzureCaper ($269.46 in chips)
AzureCaper: posts small blind $1
Brama Br: posts big blind $3
*** HOLE CARDS ***
AzureCaper: raises $3 to $6
Brama Br: calls $3
*** FLOP *** [7s Ks 2h]
Brama Br: checks
AzureCaper: bets $3
Brama Br: calls $3
*** TURN *** [7s Ks 2h] [Tc]
Brama Br: checks
AzureCaper: checks
*** RIVER *** [7s Ks 2h Tc] [7c]
Brama Br: bets $6
AzureCaper: calls $6
*** SHOW DOWN ***
Brama Br: shows [As 4s] (a pair of Sevens)
AzureCaper: shows [4c Ad] (a pair of Sevens)
Brama Br collected $14.75 from pot
AzureCaper collected $14.75 from pot
*** SUMMARY ***
Total pot $30 | Rake $0.50
Board [7s Ks 2h Tc 7c]
Seat 3: Brama Br (big blind) showed [As 4s] and won ($14.75) with a pair of Sevens
Seat 4: AzureCaper (button) (small blind) showed [4c Ad] and won ($14.75) with a pair of Sevens


PokerStars Hand #151400041389:  Hold'em Limit ($3/$6 USD) - 2016/04/03 21:26:32 ET
Table 'Thessalia' 6-max Seat #3 is the button
Seat 3: Brama Br ($195.69 in chips)
Seat 4: AzureCaper ($269.21 in chips)
Brama Br: posts small blind $1
AzureCaper: posts big blind $3
*** HOLE CARDS ***
Brama Br: raises $3 to $6
AzureCaper: folds
Uncalled bet ($3) returned to Brama Br
Brama Br collected $6 from pot
Brama Br: doesn't show hand
*** SUMMARY ***
Total pot $6 | Rake $0
Seat 3: Brama Br (button) (small blind) collected ($6)
Seat 4: AzureCaper (big blind) folded before Flop


PokerStars Hand #151400044188:  Hold'em Limit ($3/$6 USD) - 2016/04/03 21:26:39 ET
Table 'Thessalia' 6-max Seat #4 is the button
Seat 3: Brama Br ($198.69 in chips)
Seat 4: AzureCaper ($266.21 in chips)
AzureCaper: posts small blind $1
Brama Br: posts big blind $3
*** HOLE CARDS ***
AzureCaper: raises $3 to $6
Brama Br: folds
Uncalled bet ($3) returned to AzureCaper
AzureCaper collected $6 from pot
AzureCaper: doesn't show hand
*** SUMMARY ***
Total pot $6 | Rake $0
Seat 3: Brama Br (big blind) folded before Flop
Seat 4: AzureCaper (button) (small blind) collected ($6)


PokerStars Hand #151400046561:  Hold'em Limit ($3/$6 USD) - 2016/04/03 21:26:44 ET
Table 'Thessalia' 6-max Seat #3 is the button
Seat 3: Brama Br ($195.69 in chips)
Seat 4: AzureCaper ($269.21 in chips)
Brama Br: posts small blind $1
AzureCaper: posts big blind $3
*** HOLE CARDS ***
Brama Br: raises $3 to $6
AzureCaper: calls $3
*** FLOP *** [6d 5d 3c]
AzureCaper: checks
Brama Br: bets $3
AzureCaper: calls $3
*** TURN *** [6d 5d 3c] [8d]
AzureCaper: checks
Brama Br: bets $6
AzureCaper: folds
Uncalled bet ($6) returned to Brama Br
Brama Br collected $17.64 from pot
Brama Br: doesn't show hand
*** SUMMARY ***
Total pot $18 | Rake $0.36
Board [6d 5d 3c 8d]
Seat 3: Brama Br (button) (small blind) collected ($17.64)
Seat 4: AzureCaper (big blind) folded on the Turn


PokerStars Hand #151400054620:  Hold'em Limit ($3/$6 USD) - 2016/04/03 21:27:04 ET
Table 'Thessalia' 6-max Seat #3 is the button
Seat 3: Brama Br ($201.33 in chips)
Seat 4: AzureCaper ($263.21 in chips)
Brama Br: posts small blind $1
AzureCaper: posts big blind $3
*** HOLE CARDS ***
Brama Br: folds
Uncalled bet ($2) returned to AzureCaper
AzureCaper collected $2 from pot
AzureCaper: doesn't show hand
*** SUMMARY ***
Total pot $2 | Rake $0
Seat 3: Brama Br (button) (small blind) folded before Flop
Seat 4: AzureCaper (big blind) collected ($2)


PokerStars Hand #151400052365:  Hold'em Limit ($3/$6 USD) - 2016/04/03 21:26:58 ET
Table 'Thessalia' 6-max Seat #4 is the button
Seat 3: Brama Br ($204.33 in chips)
Seat 4: AzureCaper ($260.21 in chips)
AzureCaper: posts small blind $1
Brama Br: posts big blind $3
*** HOLE CARDS ***
AzureCaper: raises $3 to $6
Brama Br: folds
Uncalled bet ($3) returned to AzureCaper
AzureCaper collected $6 from pot
AzureCaper: doesn't show hand
*** SUMMARY ***
Total pot $6 | Rake $0
Seat 3: Brama Br (big blind) folded before Flop
Seat 4: AzureCaper (button) (small blind) collected ($6)


PokerStars Hand #151400056648:  Hold'em Limit ($3/$6 USD) - 2016/04/03 21:27:09 ET
Table 'Thessalia' 6-max Seat #4 is the button
Seat 3: Brama Br ($200.33 in chips)
Seat 4: AzureCaper ($264.21 in chips)
AzureCaper: posts small blind $1
Brama Br: posts big blind $3
*** HOLE CARDS ***
AzureCaper: raises $3 to $6
Brama Br: calls $3
*** FLOP *** [Qd Jc Td]
Brama Br: checks
AzureCaper: bets $3
Brama Br: calls $3
*** TURN *** [Qd Jc Td] [6c]
Brama Br: checks
AzureCaper: checks
*** RIVER *** [Qd Jc Td 6c] [3s]
Brama Br: bets $6
AzureCaper: calls $6
*** SHOW DOWN ***
Brama Br: shows [8c Tc] (a pair of Tens)
AzureCaper: mucks hand
Brama Br collected $29.50 from pot
*** SUMMARY ***
Total pot $30 | Rake $0.50
Board [Qd Jc Td 6c 3s]
Seat 3: Brama Br (big blind) showed [8c Tc] and won ($29.50) with a pair of Tens
Seat 4: AzureCaper (button) (small blind) mucked


PokerStars Hand #151400062356:  Hold'em Limit ($3/$6 USD) - 2016/04/03 21:27:22 ET
Table 'Thessalia' 6-max Seat #3 is the button
Seat 3: Brama Br ($214.83 in chips)
Seat 4: AzureCaper ($249.21 in chips)
Brama Br: posts small blind $1
AzureCaper: posts big blind $3
*** HOLE CARDS ***
Brama Br: raises $3 to $6
AzureCaper: raises $3 to $9
Brama Br: calls $3
*** FLOP *** [8c 8s 4c]
AzureCaper: bets $3
Brama Br: calls $3
*** TURN *** [8c 8s 4c] [Kc]
AzureCaper: checks
Brama Br: checks
*** RIVER *** [8c 8s 4c Kc] [9c]
AzureCaper: bets $6
Brama Br: folds
Uncalled bet ($6) returned to AzureCaper
AzureCaper collected $23.52 from pot
AzureCaper: doesn't show hand
*** SUMMARY ***
Total pot $24 | Rake $0.48
Board [8c 8s 4c Kc 9c]
Seat 3: Brama Br (button) (small blind) folded on the River
Seat 4: AzureCaper (big blind) collected ($23.52)


PokerStars Hand #151400069322:  Hold'em Limit ($3/$6 USD) - 2016/04/03 21:27:39 ET
Table 'Thessalia' 6-max Seat #4 is the button
Seat 3: Brama Br ($202.83 in chips)
Seat 4: AzureCaper ($260.73 in chips)
AzureCaper: posts small blind $1
Brama Br: posts big blind $3
*** HOLE CARDS ***
AzureCaper: raises $3 to $6
Brama Br: raises $3 to $9
AzureCaper: calls $3
*** FLOP *** [6s 7s 2c]
Brama Br: bets $3
AzureCaper: calls $3
*** TURN *** [6s 7s 2c] [3h]
Brama Br: bets $6
AzureCaper: calls $6
*** RIVER *** [6s 7s 2c 3h] [4d]
Brama Br: checks
AzureCaper: bets $6
Brama Br: calls $6
*** SHOW DOWN ***
AzureCaper: shows [6c 4c] (two pair, Sixes and Fours)
Brama Br: mucks hand
AzureCaper collected $47.50 from pot
*** SUMMARY ***
Total pot $48 | Rake $0.50
Board [6s 7s 2c 3h 4d]
Seat 3: Brama Br (big blind) mucked
Seat 4: AzureCaper (button) (small blind) showed [6c 4c] and won ($47.50) with two pair, Sixes and Fours


PokerStars Hand #151400075943:  Hold'em Limit ($3/$6 USD) - 2016/04/03 21:27:54 ET
Table 'Thessalia' 6-max Seat #3 is the button
Seat 3: Brama Br ($178.83 in chips)
Seat 4: AzureCaper ($284.23 in chips)
Brama Br: posts small blind $1
AzureCaper: posts big blind $3
*** HOLE CARDS ***
Brama Br: raises $3 to $6
AzureCaper: calls $3
*** FLOP *** [2c Ts 7s]
AzureCaper: checks
Brama Br: bets $3
AzureCaper: calls $3
*** TURN *** [2c Ts 7s] [Js]
AzureCaper: checks
Brama Br: checks
*** RIVER *** [2c Ts 7s Js] [Qc]
AzureCaper: checks
Brama Br: bets $6
AzureCaper: folds
Uncalled bet ($6) returned to Brama Br
Brama Br collected $17.64 from pot
Brama Br: doesn't show hand
*** SUMMARY ***
Total pot $18 | Rake $0.36
Board [2c Ts 7s Js Qc]
Seat 3: Brama Br (button) (small blind) collected ($17.64)
Seat 4: AzureCaper (big blind) folded on the River


PokerStars Hand #151400083831:  Hold'em Limit ($3/$6 USD) - 2016/04/03 21:28:13 ET
Table 'Thessalia' 6-max Seat #4 is the button
Seat 3: Brama Br ($187.47 in chips)
Seat 4: AzureCaper ($275.23 in chips)
AzureCaper: posts small blind $1
Brama Br: posts big blind $3
*** HOLE CARDS ***
AzureCaper: raises $3 to $6
Brama Br: calls $3
*** FLOP *** [Ad 6c 9h]
Brama Br: checks
AzureCaper: bets $3
Brama Br: calls $3
*** TURN *** [Ad 6c 9h] [As]
Brama Br: checks
AzureCaper: checks
*** RIVER *** [Ad 6c 9h As] [2s]
Brama Br: bets $6
AzureCaper: calls $6
*** SHOW DOWN ***
Brama Br: shows [4d 4c] (two pair, Aces and Fours)
AzureCaper: shows [9s Kh] (two pair, Aces and Nines)
AzureCaper collected $29.50 from pot
*** SUMMARY ***
Total pot $30 | Rake $0.50
Board [Ad 6c 9h As 2s]
Seat 3: Brama Br (big blind) showed [4d 4c] and lost with two pair, Aces and Fours
Seat 4: AzureCaper (button) (small blind) showed [9s Kh] and won ($29.50) with two pair, Aces and Nines


PokerStars Hand #151400090126:  Hold'em Limit ($3/$6 USD) - 2016/04/03 21:28:28 ET
Table 'Thessalia' 6-max Seat #3 is the button
Seat 3: Brama Br ($172.47 in chips)
Seat 4: AzureCaper ($289.73 in chips)
Brama Br: posts small blind $1
AzureCaper: posts big blind $3
*** HOLE CARDS ***
Brama Br: raises $3 to $6
AzureCaper: calls $3
*** FLOP *** [Qd 7d 5h]
AzureCaper: checks
Brama Br: checks
*** TURN *** [Qd 7d 5h] [3d]
AzureCaper: checks
Brama Br: bets $6
AzureCaper: folds
Uncalled bet ($6) returned to Brama Br
Brama Br collected $11.76 from pot
Brama Br: doesn't show hand
*** SUMMARY ***
Total pot $12 | Rake $0.24
Board [Qd 7d 5h 3d]
Seat 3: Brama Br (button) (small blind) collected ($11.76)
Seat 4: AzureCaper (big blind) folded on the Turn


PokerStars Hand #151400095188:  Hold'em Limit ($3/$6 USD) - 2016/04/03 21:28:40 ET
Table 'Thessalia' 6-max Seat #4 is the button
Seat 3: Brama Br ($178.23 in chips)
Seat 4: AzureCaper ($283.73 in chips)
AzureCaper: posts small blind $1
Brama Br: posts big blind $3
*** HOLE CARDS ***
AzureCaper: raises $3 to $6
Brama Br: calls $3
*** FLOP *** [6s Td Jd]
Brama Br: checks
AzureCaper: bets $3
Brama Br: folds
Uncalled bet ($3) returned to AzureCaper
AzureCaper collected $11.76 from pot
AzureCaper: doesn't show hand
*** SUMMARY ***
Total pot $12 | Rake $0.24
Board [6s Td Jd]
Seat 3: Brama Br (big blind) folded on the Flop
Seat 4: AzureCaper (button) (small blind) collected ($11.76)


PokerStars Hand #151400098856:  Hold'em Limit ($3/$6 USD) - 2016/04/03 21:28:49 ET
Table 'Thessalia' 6-max Seat #3 is the button
Seat 3: Brama Br ($172.23 in chips)
Seat 4: AzureCaper ($289.49 in chips)
Brama Br: posts small blind $1
AzureCaper: posts big blind $3
*** HOLE CARDS ***
Brama Br: raises $3 to $6
AzureCaper: folds
Uncalled bet ($3) returned to Brama Br
Brama Br collected $6 from pot
Brama Br: doesn't show hand
*** SUMMARY ***
Total pot $6 | Rake $0
Seat 3: Brama Br (button) (small blind) collected ($6)
Seat 4: AzureCaper (big blind) folded before Flop


PokerStars Hand #151400102955:  Hold'em Limit ($3/$6 USD) - 2016/04/03 21:28:59 ET
Table 'Thessalia' 6-max Seat #4 is the button
Seat 3: Brama Br ($175.23 in chips)
Seat 4: AzureCaper ($286.49 in chips)
AzureCaper: posts small blind $1
Brama Br: posts big blind $3
*** HOLE CARDS ***
AzureCaper: raises $3 to $6
Brama Br: calls $3
*** FLOP *** [9s 8d Js]
Brama Br: checks
AzureCaper: checks
*** TURN *** [9s 8d Js] [2d]
Brama Br: bets $6
AzureCaper: calls $6
*** RIVER *** [9s 8d Js 2d] [6c]
Brama Br: bets $6
AzureCaper: calls $6
*** SHOW DOWN ***
Brama Br: shows [6d Tc] (a pair of Sixes)
AzureCaper: mucks hand
Brama Br collected $35.50 from pot
*** SUMMARY ***
Total pot $36 | Rake $0.50
Board [9s 8d Js 2d 6c]
Seat 3: Brama Br (big blind) showed [6d Tc] and won ($35.50) with a pair of Sixes
Seat 4: AzureCaper (button) (small blind) mucked


PokerStars Hand #151400110819:  Hold'em Limit ($3/$6 USD) - 2016/04/03 21:29:18 ET
Table 'Thessalia' 6-max Seat #4 is the button
Seat 3: Brama Br ($191.73 in chips)
Seat 4: AzureCaper ($269.49 in chips)
AzureCaper: posts small blind $1
Brama Br: posts big blind $3
*** HOLE CARDS ***
AzureCaper: folds
Uncalled bet ($2) returned to Brama Br
Brama Br collected $2 from pot
Brama Br: doesn't show hand
*** SUMMARY ***
Total pot $2 | Rake $0
Seat 3: Brama Br (big blind) collected ($2)
Seat 4: AzureCaper (button) (small blind) folded before Flop


PokerStars Hand #151400108786:  Hold'em Limit ($3/$6 USD) - 2016/04/03 21:29:13 ET
Table 'Thessalia' 6-max Seat #3 is the button
Seat 3: Brama Br ($192.73 in chips)
Seat 4: AzureCaper ($268.49 in chips)
Brama Br: posts small blind $1
AzureCaper: posts big blind $3
*** HOLE CARDS ***
Brama Br: folds
Uncalled bet ($2) returned to AzureCaper
AzureCaper collected $2 from pot
AzureCaper: doesn't show hand
*** SUMMARY ***
Total pot $2 | Rake $0
Seat 3: Brama Br (button) (small blind) folded before Flop
Seat 4: AzureCaper (big blind) collected ($2)


PokerStars Hand #151400112964:  Hold'em Limit ($3/$6 USD) - 2016/04/03 21:29:23 ET
Table 'Thessalia' 6-max Seat #3 is the button
Seat 3: Brama Br ($192.73 in chips)
Seat 4: AzureCaper ($268.49 in chips)
Brama Br: posts small blind $1
AzureCaper: posts big blind $3
*** HOLE CARDS ***
Brama Br: folds
Uncalled bet ($2) returned to AzureCaper
AzureCaper collected $2 from pot
AzureCaper: doesn't show hand
*** SUMMARY ***
Total pot $2 | Rake $0
Seat 3: Brama Br (button) (small blind) folded before Flop
Seat 4: AzureCaper (big blind) collected ($2)


PokerStars Hand #151400121752:  Hold'em Limit ($3/$6 USD) - 2016/04/03 21:29:44 ET
Table 'Thessalia' 6-max Seat #3 is the button
Seat 3: Brama Br ($173.73 in chips)
Seat 4: AzureCaper ($286.99 in chips)
Brama Br: posts small blind $1
AzureCaper: posts big blind $3
*** HOLE CARDS ***
Brama Br: folds
Uncalled bet ($2) returned to AzureCaper
AzureCaper collected $2 from pot
AzureCaper: doesn't show hand
*** SUMMARY ***
Total pot $2 | Rake $0
Seat 3: Brama Br (button) (small blind) folded before Flop
Seat 4: AzureCaper (big blind) collected ($2)


PokerStars Hand #151400115175:  Hold'em Limit ($3/$6 USD) - 2016/04/03 21:29:28 ET
Table 'Thessalia' 6-max Seat #4 is the button
Seat 3: Brama Br ($191.73 in chips)
Seat 4: AzureCaper ($269.49 in chips)
AzureCaper: posts small blind $1
Brama Br: posts big blind $3
*** HOLE CARDS ***
AzureCaper: raises $3 to $6
Brama Br: calls $3
*** FLOP *** [5c 5d 7c]
Brama Br: checks
AzureCaper: bets $3
Brama Br: raises $3 to $6
AzureCaper: calls $3
*** TURN *** [5c 5d 7c] [Ad]
Brama Br: checks
AzureCaper: checks
*** RIVER *** [5c 5d 7c Ad] [2h]
Brama Br: bets $6
AzureCaper: calls $6
*** SHOW DOWN ***
Brama Br: shows [7s Kh] (two pair, Sevens and Fives)
AzureCaper: shows [Js As] (two pair, Aces and Fives)
AzureCaper collected $35.50 from pot
*** SUMMARY ***
Total pot $36 | Rake $0.50
Board [5c 5d 7c Ad 2h]
Seat 3: Brama Br (big blind) showed [7s Kh] and lost with two pair, Sevens and Fives
Seat 4: AzureCaper (button) (small blind) showed [Js As] and won ($35.50) with two pair, Aces and Fives


PokerStars Hand #151400124104:  Hold'em Limit ($3/$6 USD) - 2016/04/03 21:29:50 ET
Table 'Thessalia' 6-max Seat #4 is the button
Seat 3: Brama Br ($172.73 in chips)
Seat 4: AzureCaper ($287.99 in chips)
AzureCaper: posts small blind $1
Brama Br: posts big blind $3
*** HOLE CARDS ***
AzureCaper: raises $3 to $6
Brama Br: calls $3
*** FLOP *** [6h 8h 5h]
Brama Br: checks
AzureCaper: checks
*** TURN *** [6h 8h 5h] [Jd]
Brama Br: bets $6
AzureCaper: calls $6
*** RIVER *** [6h 8h 5h Jd] [7h]
Brama Br: bets $6
AzureCaper: folds
Uncalled bet ($6) returned to Brama Br
Brama Br collected $23.52 from pot
Brama Br: doesn't show hand
*** SUMMARY ***
Total pot $24 | Rake $0.48
Board [6h 8h 5h Jd 7h]
Seat 3: Brama Br (big blind) collected ($23.52)
Seat 4: AzureCaper (button) (small blind) folded on the River


PokerStars Hand #151400129739:  Hold'em Limit ($3/$6 USD) - 2016/04/03 21:30:03 ET
Table 'Thessalia' 6-max Seat #3 is the button
Seat 3: Brama Br ($184.25 in chips)
Seat 4: AzureCaper ($275.99 in chips)
Brama Br: posts small blind $1
AzureCaper: posts big blind $3
*** HOLE CARDS ***
Brama Br: raises $3 to $6
AzureCaper: calls $3
*** FLOP *** [9d Jh Js]
AzureCaper: checks
Brama Br: bets $3
AzureCaper: calls $3
*** TURN *** [9d Jh Js] [Ts]
AzureCaper: checks
Brama Br: bets $6
AzureCaper: folds
Uncalled bet ($6) returned to Brama Br
Brama Br collected $17.64 from pot
Brama Br: doesn't show hand
*** SUMMARY ***
Total pot $18 | Rake $0.36
Board [9d Jh Js Ts]
Seat 3: Brama Br (button) (small blind) collected ($17.64)
Seat 4: AzureCaper (big blind) folded on the Turn


PokerStars Hand #151400136258:  Hold'em Limit ($3/$6 USD) - 2016/04/03 21:30:19 ET
Table 'Thessalia' 6-max Seat #4 is the button
Seat 3: Brama Br ($192.89 in chips)
Seat 4: AzureCaper ($266.99 in chips)
AzureCaper: posts small blind $1
Brama Br: posts big blind $3
*** HOLE CARDS ***
AzureCaper: raises $3 to $6
Brama Br: calls $3
*** FLOP *** [4h 3h Th]
Brama Br: checks
AzureCaper: bets $3
Brama Br: calls $3
*** TURN *** [4h 3h Th] [8d]
Brama Br: checks
AzureCaper: checks
*** RIVER *** [4h 3h Th 8d] [7h]
Brama Br: bets $6
AzureCaper: raises $6 to $12
Brama Br: folds
Uncalled bet ($6) returned to AzureCaper
AzureCaper collected $29.50 from pot
AzureCaper: doesn't show hand
*** SUMMARY ***
Total pot $30 | Rake $0.50
Board [4h 3h Th 8d 7h]
Seat 3: Brama Br (big blind) folded on the River
Seat 4: AzureCaper (button) (small blind) collected ($29.50)


PokerStars Hand #151400142202:  Hold'em Limit ($3/$6 USD) - 2016/04/03 21:30:34 ET
Table 'Thessalia' 6-max Seat #3 is the button
Seat 3: Brama Br ($177.89 in chips)
Seat 4: AzureCaper ($281.49 in chips)
Brama Br: posts small blind $1
AzureCaper: posts big blind $3
*** HOLE CARDS ***
Brama Br: raises $3 to $6
AzureCaper: raises $3 to $9
Brama Br: calls $3
*** FLOP *** [5d Kh 5s]
AzureCaper: bets $3
Brama Br: calls $3
*** TURN *** [5d Kh 5s] [9d]
AzureCaper: bets $6
Brama Br: calls $6
*** RIVER *** [5d Kh 5s 9d] [As]
AzureCaper: checks
Brama Br: checks
*** SHOW DOWN ***
AzureCaper: shows [Jh Ad] (two pair, Aces and Fives)
Brama Br: mucks hand
AzureCaper collected $35.50 from pot
*** SUMMARY ***
Total pot $36 | Rake $0.50
Board [5d Kh 5s 9d As]
Seat 3: Brama Br (button) (small blind) mucked
Seat 4: AzureCaper (big blind) showed [Jh Ad] and won ($35.50) with two pair, Aces and Fives


PokerStars Hand #151400147513:  Hold'em Limit ($3/$6 USD) - 2016/04/03 21:30:46 ET
Table 'Thessalia' 6-max Seat #4 is the button
Seat 3: Brama Br ($159.89 in chips)
Seat 4: AzureCaper ($298.99 in chips)
AzureCaper: posts small blind $1
Brama Br: posts big blind $3
*** HOLE CARDS ***
AzureCaper: raises $3 to $6
Brama Br: raises $3 to $9
AzureCaper: calls $3
*** FLOP *** [6d Qd Ac]
Brama Br: bets $3
AzureCaper: folds
Uncalled bet ($3) returned to Brama Br
Brama Br collected $17.64 from pot
Brama Br: doesn't show hand
*** SUMMARY ***
Total pot $18 | Rake $0.36
Board [6d Qd Ac]
Seat 3: Brama Br (big blind) collected ($17.64)
Seat 4: AzureCaper (button) (small blind) folded on the Flop


PokerStars Hand #151400150969:  Hold'em Limit ($3/$6 USD) - 2016/04/03 21:30:55 ET
Table 'Thessalia' 6-max Seat #3 is the button
Seat 3: Brama Br ($168.53 in chips)
Seat 4: AzureCaper ($289.99 in chips)
Brama Br: posts small blind $1
AzureCaper: posts big blind $3
*** HOLE CARDS ***
Brama Br: raises $3 to $6
AzureCaper: raises $3 to $9
Brama Br: calls $3
*** FLOP *** [3s 4d 6c]
AzureCaper: bets $3
Brama Br: calls $3
*** TURN *** [3s 4d 6c] [6h]
AzureCaper: bets $6
Brama Br: calls $6
*** RIVER *** [3s 4d 6c 6h] [4h]
AzureCaper: bets $6
Brama Br: calls $6
*** SHOW DOWN ***
AzureCaper: shows [6d Ad] (a full house, Sixes full of Fours)
Brama Br: mucks hand
AzureCaper collected $47.50 from pot
*** SUMMARY ***
Total pot $48 | Rake $0.50
Board [3s 4d 6c 6h 4h]
Seat 3: Brama Br (button) (small blind) mucked
Seat 4: AzureCaper (big blind) showed [6d Ad] and won ($47.50) with a full house, Sixes full of Fours


PokerStars Hand #151400156127:  Hold'em Limit ($3/$6 USD) - 2016/04/03 21:31:07 ET
Table 'Thessalia' 6-max Seat #4 is the button
Seat 3: Brama Br ($144.53 in chips)
Seat 4: AzureCaper ($313.49 in chips)
AzureCaper: posts small blind $1
Brama Br: posts big blind $3
*** HOLE CARDS ***
AzureCaper: raises $3 to $6
Brama Br: raises $3 to $9
AzureCaper: calls $3
*** FLOP *** [Tc 2h Ad]
Brama Br: bets $3
AzureCaper: calls $3
*** TURN *** [Tc 2h Ad] [Qd]
Brama Br: bets $6
AzureCaper: calls $6
*** RIVER *** [Tc 2h Ad Qd] [7c]
Brama Br: checks
AzureCaper: checks
*** SHOW DOWN ***
Brama Br: shows [Jc 6h] (high card Ace)
AzureCaper: shows [3s Ac] (a pair of Aces)
AzureCaper collected $35.50 from pot
*** SUMMARY ***
Total pot $36 | Rake $0.50
Board [Tc 2h Ad Qd 7c]
Seat 3: Brama Br (big blind) showed [Jc 6h] and lost with high card Ace
Seat 4: AzureCaper (button) (small blind) showed [3s Ac] and won ($35.50) with a pair of Aces


PokerStars Hand #151400161463:  Hold'em Limit ($3/$6 USD) - 2016/04/03 21:31:20 ET
Table 'Thessalia' 6-max Seat #3 is the button
Seat 3: Brama Br ($126.53 in chips)
Seat 4: AzureCaper ($330.99 in chips)
Brama Br: posts small blind $1
AzureCaper: posts big blind $3
*** HOLE CARDS ***
Brama Br: raises $3 to $6
AzureCaper: folds
Uncalled bet ($3) returned to Brama Br
Brama Br collected $6 from pot
Brama Br: doesn't show hand
*** SUMMARY ***
Total pot $6 | Rake $0
Seat 3: Brama Br (button) (small blind) collected ($6)
Seat 4: AzureCaper (big blind) folded before Flop


PokerStars Hand #151400163701:  Hold'em Limit ($3/$6 USD) - 2016/04/03 21:31:25 ET
Table 'Thessalia' 6-max Seat #4 is the button
Seat 3: Brama Br ($129.53 in chips)
Seat 4: AzureCaper ($327.99 in chips)
AzureCaper: posts small blind $1
Brama Br: posts big blind $3
*** HOLE CARDS ***
AzureCaper: raises $3 to $6
Brama Br: calls $3
*** FLOP *** [4c 6s 4d]
Brama Br: checks
AzureCaper: bets $3
Brama Br: calls $3
*** TURN *** [4c 6s 4d] [Js]
Brama Br: checks
AzureCaper: bets $6
Brama Br: folds
Uncalled bet ($6) returned to AzureCaper
AzureCaper collected $17.64 from pot
AzureCaper: doesn't show hand
*** SUMMARY ***
Total pot $18 | Rake $0.36
Board [4c 6s 4d Js]
Seat 3: Brama Br (big blind) folded on the Turn
Seat 4: AzureCaper (button) (small blind) collected ($17.64)


PokerStars Hand #151400173694:  Hold'em Limit ($3/$6 USD) - 2016/04/03 21:31:49 ET
Table 'Thessalia' 6-max Seat #4 is the button
Seat 3: Brama Br ($126.29 in chips)
Seat 4: AzureCaper ($330.63 in chips)
AzureCaper: posts small blind $1
Brama Br: posts big blind $3
*** HOLE CARDS ***
AzureCaper: folds
Uncalled bet ($2) returned to Brama Br
Brama Br collected $2 from pot
Brama Br: doesn't show hand
*** SUMMARY ***
Total pot $2 | Rake $0
Seat 3: Brama Br (big blind) collected ($2)
Seat 4: AzureCaper (button) (small blind) folded before Flop


PokerStars Hand #151400168545:  Hold'em Limit ($3/$6 USD) - 2016/04/03 21:31:37 ET
Table 'Thessalia' 6-max Seat #3 is the button
Seat 3: Brama Br ($120.53 in chips)
Seat 4: AzureCaper ($336.63 in chips)
Brama Br: posts small blind $1
AzureCaper: posts big blind $3
*** HOLE CARDS ***
Brama Br: raises $3 to $6
AzureCaper: calls $3
*** FLOP *** [Js 4h 5s]
AzureCaper: checks
Brama Br: checks
*** TURN *** [Js 4h 5s] [Ac]
AzureCaper: checks
Brama Br: bets $6
AzureCaper: folds
Uncalled bet ($6) returned to Brama Br
Brama Br collected $11.76 from pot
Brama Br: doesn't show hand
*** SUMMARY ***
Total pot $12 | Rake $0.24
Board [Js 4h 5s Ac]
Seat 3: Brama Br (button) (small blind) collected ($11.76)
Seat 4: AzureCaper (big blind) folded on the Turn


PokerStars Hand #151400175671:  Hold'em Limit ($3/$6 USD) - 2016/04/03 21:31:54 ET
Table 'Thessalia' 6-max Seat #3 is the button
Seat 3: Brama Br ($127.29 in chips)
Seat 4: AzureCaper ($329.63 in chips)
Brama Br: posts small blind $1
AzureCaper: posts big blind $3
*** HOLE CARDS ***
Brama Br: folds
Uncalled bet ($2) returned to AzureCaper
AzureCaper collected $2 from pot
AzureCaper: doesn't show hand
*** SUMMARY ***
Total pot $2 | Rake $0
Seat 3: Brama Br (button) (small blind) folded before Flop
Seat 4: AzureCaper (big blind) collected ($2)


PokerStars Hand #151400177873:  Hold'em Limit ($3/$6 USD) - 2016/04/03 21:31:59 ET
Table 'Thessalia' 6-max Seat #4 is the button
Seat 3: Brama Br ($126.29 in chips)
Seat 4: AzureCaper ($330.63 in chips)
AzureCaper: posts small blind $1
Brama Br: posts big blind $3
*** HOLE CARDS ***
AzureCaper: folds
Uncalled bet ($2) returned to Brama Br
Brama Br collected $2 from pot
Brama Br: doesn't show hand
*** SUMMARY ***
Total pot $2 | Rake $0
Seat 3: Brama Br (big blind) collected ($2)
Seat 4: AzureCaper (button) (small blind) folded before Flop


PokerStars Hand #151400185504:  Hold'em Limit ($3/$6 USD) - 2016/04/03 21:32:17 ET
Table 'Thessalia' 6-max Seat #4 is the button
Seat 3: Brama Br ($133.05 in chips)
Seat 4: AzureCaper ($323.63 in chips)
AzureCaper: posts small blind $1
Brama Br: posts big blind $3
*** HOLE CARDS ***
factor725 joins the table at seat #5
AzureCaper: folds
Uncalled bet ($2) returned to Brama Br
Brama Br collected $2 from pot
Brama Br: doesn't show hand
*** SUMMARY ***
Total pot $2 | Rake $0
Seat 3: Brama Br (big blind) collected ($2)
Seat 4: AzureCaper (button) (small blind) folded before Flop


PokerStars Hand #151400180471:  Hold'em Limit ($3/$6 USD) - 2016/04/03 21:32:05 ET
Table 'Thessalia' 6-max Seat #3 is the button
Seat 3: Brama Br ($127.29 in chips)
Seat 4: AzureCaper ($329.63 in chips)
Brama Br: posts small blind $1
AzureCaper: posts big blind $3
*** HOLE CARDS ***
Brama Br: raises $3 to $6
AzureCaper: calls $3
*** FLOP *** [Jd 8s 9h]
AzureCaper: checks
Brama Br: bets $3
AzureCaper: folds
Uncalled bet ($3) returned to Brama Br
Brama Br collected $11.76 from pot
Brama Br: doesn't show hand
*** SUMMARY ***
Total pot $12 | Rake $0.24
Board [Jd 8s 9h]
Seat 3: Brama Br (button) (small blind) collected ($11.76)
Seat 4: AzureCaper (big blind) folded on the Flop


PokerStars Hand #151400187779:  Hold'em Limit ($3/$6 USD) - 2016/04/03 21:32:23 ET
Table 'Thessalia' 6-max Seat #3 is the button
Seat 3: Brama Br ($134.05 in chips)
Seat 4: AzureCaper ($322.63 in chips)
Brama Br: posts small blind $1
AzureCaper: posts big blind $3
*** HOLE CARDS ***
Brama Br: raises $3 to $6
AzureCaper: calls $3
*** FLOP *** [Ts Ks 5c]
AzureCaper: checks
Brama Br: bets $3
AzureCaper: folds
Uncalled bet ($3) returned to Brama Br
Brama Br collected $11.76 from pot
Brama Br: doesn't show hand
*** SUMMARY ***
Total pot $12 | Rake $0.24
Board [Ts Ks 5c]
Seat 3: Brama Br (button) (small blind) collected ($11.76)
Seat 4: AzureCaper (big blind) folded on the Flop


PokerStars Hand #151400748969:  Hold'em Limit ($3/$6 USD) - 2016/04/03 21:55:46 ET
Table 'Thessalia' 6-max Seat #5 is the button
Seat 3: Brama Br ($188.44 in chips)
Seat 5: anetkaapro ($86.10 in chips)
anetkaapro: posts small blind $1
masterblstr8: is sitting out
Brama Br: posts big blind $3
*** HOLE CARDS ***
anetkaapro: raises $3 to $6
Brama Br: folds
Uncalled bet ($3) returned to anetkaapro
masterblstr8 leaves the table
anetkaapro collected $6 from pot
anetkaapro: doesn't show hand
*** SUMMARY ***
Total pot $6 | Rake $0
Seat 3: Brama Br (big blind) folded before Flop
Seat 5: anetkaapro (button) (small blind) collected ($6)


PokerStars Hand #151400750768:  Hold'em Limit ($3/$6 USD) - 2016/04/03 21:55:52 ET
Table 'Thessalia' 6-max Seat #3 is the button
Seat 3: Brama Br ($185.44 in chips)
Seat 5: anetkaapro ($89.10 in chips)
Brama Br: posts small blind $1
anetkaapro: posts big blind $3
*** HOLE CARDS ***
Brama Br: folds
Uncalled bet ($2) returned to anetkaapro
anetkaapro collected $2 from pot
anetkaapro: doesn't show hand
*** SUMMARY ***
Total pot $2 | Rake $0
Seat 3: Brama Br (button) (small blind) folded before Flop
Seat 5: anetkaapro (big blind) collected ($2)


