PokerStars Hand #144761711403:  Hold'em Limit ($3/$6 USD) - 2015/12/03 11:56:14 ET
Table 'Thessalia III' 2-max Seat #1 is the button
Seat 1: jl45259071 ($132.95 in chips)
Seat 2: Zubasa07 ($485 in chips)
jl45259071: posts small blind $1
Zubasa07: posts big blind $3
*** HOLE CARDS ***
jl45259071: calls $2
Zubasa07: checks
*** FLOP *** [4d Kh 6s]
Zubasa07: bets $3
jl45259071: raises $3 to $6
Zubasa07: raises $3 to $9
jl45259071: calls $3
*** TURN *** [4d Kh 6s] [7c]
Zubasa07: bets $6
jl45259071: calls $6
*** RIVER *** [4d Kh 6s 7c] [4s]
Zubasa07: bets $6
jl45259071: calls $6
*** SHOW DOWN ***
Zubasa07: shows [Kc 7d] (two pair, Kings and Sevens)
jl45259071: mucks hand
Zubasa07 collected $47.50 from pot
*** SUMMARY ***
Total pot $48 | Rake $0.50
Board [4d Kh 6s 7c 4s]
Seat 1: jl45259071 (button) (small blind) mucked
Seat 2: Zubasa07 (big blind) showed [Kc 7d] and won ($47.50) with two pair, Kings and Sevens


PokerStars Hand #144761727760:  Hold'em Limit ($3/$6 USD) - 2015/12/03 11:56:39 ET
Table 'Thessalia III' 2-max Seat #2 is the button
Seat 1: jl45259071 ($108.95 in chips)
Seat 2: Zubasa07 ($508.50 in chips)
Zubasa07: posts small blind $1
jl45259071: posts big blind $3
*** HOLE CARDS ***
Zubasa07: raises $3 to $6
jl45259071: calls $3
*** FLOP *** [Kd 2d 5h]
jl45259071: checks
Zubasa07: bets $3
jl45259071: calls $3
*** TURN *** [Kd 2d 5h] [7c]
jl45259071: checks
Zubasa07: checks
*** RIVER *** [Kd 2d 5h 7c] [Ts]
jl45259071: checks
Zubasa07: bets $6
jl45259071: calls $6
*** SHOW DOWN ***
Zubasa07: shows [2h As] (a pair of Deuces)
jl45259071: shows [7s Qd] (a pair of Sevens)
jl45259071 collected $29.50 from pot
*** SUMMARY ***
Total pot $30 | Rake $0.50
Board [Kd 2d 5h 7c Ts]
Seat 1: jl45259071 (big blind) showed [7s Qd] and won ($29.50) with a pair of Sevens
Seat 2: Zubasa07 (button) (small blind) showed [2h As] and lost with a pair of Deuces


PokerStars Hand #144761771131:  Hold'em Limit ($3/$6 USD) - 2015/12/03 11:57:45 ET
Table 'Thessalia III' 2-max Seat #2 is the button
Seat 1: jl45259071 ($117.45 in chips)
Seat 2: Zubasa07 ($499.26 in chips)
Zubasa07: posts small blind $1
jl45259071: posts big blind $3
*** HOLE CARDS ***
Zubasa07: raises $3 to $6
jl45259071: calls $3
*** FLOP *** [9c 9s 8s]
jl45259071: checks
Zubasa07: bets $3
jl45259071: raises $3 to $6
Zubasa07: calls $3
*** TURN *** [9c 9s 8s] [9d]
jl45259071: bets $6
Zubasa07: calls $6
*** RIVER *** [9c 9s 8s 9d] [3s]
jl45259071: bets $6
Zubasa07: calls $6
*** SHOW DOWN ***
jl45259071: shows [2s 2d] (a full house, Nines full of Deuces)
Zubasa07: mucks hand
jl45259071 collected $47.50 from pot
*** SUMMARY ***
Total pot $48 | Rake $0.50
Board [9c 9s 8s 9d 3s]
Seat 1: jl45259071 (big blind) showed [2s 2d] and won ($47.50) with a full house, Nines full of Deuces
Seat 2: Zubasa07 (button) (small blind) mucked


PokerStars Hand #144761744997:  Hold'em Limit ($3/$6 USD) - 2015/12/03 11:57:05 ET
Table 'Thessalia III' 2-max Seat #1 is the button
Seat 1: jl45259071 ($123.45 in chips)
Seat 2: Zubasa07 ($493.50 in chips)
jl45259071: posts small blind $1
Zubasa07: posts big blind $3
*** HOLE CARDS ***
jl45259071: calls $2
Zubasa07: checks
*** FLOP *** [3s 8h Ks]
Zubasa07: checks
jl45259071: bets $3
Zubasa07: calls $3
*** TURN *** [3s 8h Ks] [Th]
Zubasa07: checks
jl45259071: checks
*** RIVER *** [3s 8h Ks Th] [Tc]
Zubasa07: checks
jl45259071: checks
*** SHOW DOWN ***
Zubasa07: shows [2d Qs] (a pair of Tens)
jl45259071: mucks hand
Zubasa07 collected $11.76 from pot
*** SUMMARY ***
Total pot $12 | Rake $0.24
Board [3s 8h Ks Th Tc]
Seat 1: jl45259071 (button) (small blind) mucked
Seat 2: Zubasa07 (big blind) showed [2d Qs] and won ($11.76) with a pair of Tens


PokerStars Hand #144761841884:  Hold'em Limit ($3/$6 USD) - 2015/12/03 11:59:33 ET
Table 'Thessalia III' 2-max Seat #2 is the button
Seat 1: jl45259071 ($168.33 in chips)
Seat 2: Zubasa07 ($447.26 in chips)
Zubasa07: posts small blind $1
jl45259071: posts big blind $3
*** HOLE CARDS ***
Zubasa07: folds
Uncalled bet ($2) returned to jl45259071
jl45259071 collected $2 from pot
jl45259071: doesn't show hand
*** SUMMARY ***
Total pot $2 | Rake $0
Seat 1: jl45259071 (big blind) collected ($2)
Seat 2: Zubasa07 (button) (small blind) folded before Flop


PokerStars Hand #144761819244:  Hold'em Limit ($3/$6 USD) - 2015/12/03 11:58:59 ET
Table 'Thessalia III' 2-max Seat #1 is the button
Seat 1: jl45259071 ($144.83 in chips)
Seat 2: Zubasa07 ($471.26 in chips)
jl45259071: posts small blind $1
Zubasa07: posts big blind $3
*** HOLE CARDS ***
jl45259071: raises $3 to $6
Zubasa07: calls $3
*** FLOP *** [3s 5c 2h]
Zubasa07: checks
jl45259071: bets $3
Zubasa07: raises $3 to $6
jl45259071: calls $3
*** TURN *** [3s 5c 2h] [Jh]
Zubasa07: bets $6
jl45259071: calls $6
*** RIVER *** [3s 5c 2h Jh] [8s]
Zubasa07: bets $6
jl45259071: calls $6
*** SHOW DOWN ***
Zubasa07: shows [7c 3c] (a pair of Threes)
jl45259071: shows [6h 6s] (a pair of Sixes)
jl45259071 collected $47.50 from pot
*** SUMMARY ***
Total pot $48 | Rake $0.50
Board [3s 5c 2h Jh 8s]
Seat 1: jl45259071 (button) (small blind) showed [6h 6s] and won ($47.50) with a pair of Sixes
Seat 2: Zubasa07 (big blind) showed [7c 3c] and lost with a pair of Threes


PokerStars Hand #144761814584:  Hold'em Limit ($3/$6 USD) - 2015/12/03 11:58:51 ET
Table 'Thessalia III' 2-max Seat #2 is the button
Seat 1: jl45259071 ($143.83 in chips)
Seat 2: Zubasa07 ($472.26 in chips)
Zubasa07: posts small blind $1
jl45259071: posts big blind $3
*** HOLE CARDS ***
Zubasa07: folds
Uncalled bet ($2) returned to jl45259071
jl45259071 collected $2 from pot
jl45259071: doesn't show hand
*** SUMMARY ***
Total pot $2 | Rake $0
Seat 1: jl45259071 (big blind) collected ($2)
Seat 2: Zubasa07 (button) (small blind) folded before Flop


PokerStars Hand #144761798023:  Hold'em Limit ($3/$6 USD) - 2015/12/03 11:58:26 ET
Table 'Thessalia III' 2-max Seat #1 is the button
Seat 1: jl45259071 ($140.95 in chips)
Seat 2: Zubasa07 ($475.26 in chips)
jl45259071: posts small blind $1
Zubasa07: posts big blind $3
*** HOLE CARDS ***
jl45259071: calls $2
Zubasa07: checks
*** FLOP *** [8h 7c Jh]
Zubasa07: checks
jl45259071: bets $3
Zubasa07: folds
Uncalled bet ($3) returned to jl45259071
jl45259071 collected $5.88 from pot
jl45259071: doesn't show hand
*** SUMMARY ***
Total pot $6 | Rake $0.12
Board [8h 7c Jh]
Seat 1: jl45259071 (button) (small blind) collected ($5.88)
Seat 2: Zubasa07 (big blind) folded on the Flop


PokerStars Hand #144761845207:  Hold'em Limit ($3/$6 USD) - 2015/12/03 11:59:38 ET
Table 'Thessalia III' 2-max Seat #1 is the button
Seat 1: jl45259071 ($169.33 in chips)
Seat 2: Zubasa07 ($446.26 in chips)
jl45259071: posts small blind $1
Zubasa07: posts big blind $3
*** HOLE CARDS ***
jl45259071: calls $2
Zubasa07: checks
*** FLOP *** [Qd 4s 8h]
Zubasa07: checks
jl45259071: bets $3
Zubasa07: folds
Uncalled bet ($3) returned to jl45259071
jl45259071 collected $5.88 from pot
jl45259071: doesn't show hand
*** SUMMARY ***
Total pot $6 | Rake $0.12
Board [Qd 4s 8h]
Seat 1: jl45259071 (button) (small blind) collected ($5.88)
Seat 2: Zubasa07 (big blind) folded on the Flop


PokerStars Hand #144761865276:  Hold'em Limit ($3/$6 USD) - 2015/12/03 12:00:08 ET
Table 'Thessalia III' 2-max Seat #2 is the button
Seat 1: jl45259071 ($172.21 in chips)
Seat 2: Zubasa07 ($443.26 in chips)
Zubasa07: posts small blind $1
jl45259071: posts big blind $3
*** HOLE CARDS ***
Zubasa07: raises $3 to $6
jl45259071: calls $3
*** FLOP *** [8s Qh Tc]
jl45259071: checks
Zubasa07: bets $3
jl45259071: folds
Uncalled bet ($3) returned to Zubasa07
Zubasa07 collected $11.76 from pot
Zubasa07: doesn't show hand
*** SUMMARY ***
Total pot $12 | Rake $0.24
Board [8s Qh Tc]
Seat 1: jl45259071 (big blind) folded on the Flop
Seat 2: Zubasa07 (button) (small blind) collected ($11.76)


PokerStars Hand #144761874582:  Hold'em Limit ($3/$6 USD) - 2015/12/03 12:00:22 ET
Table 'Thessalia III' 2-max Seat #1 is the button
Seat 1: jl45259071 ($166.21 in chips)
Seat 2: Zubasa07 ($449.02 in chips)
jl45259071: posts small blind $1
Zubasa07: posts big blind $3
*** HOLE CARDS ***
jl45259071: calls $2
Zubasa07: raises $3 to $6
jl45259071: calls $3
*** FLOP *** [4h 6h 6c]
Zubasa07: bets $3
jl45259071: calls $3
*** TURN *** [4h 6h 6c] [3c]
Zubasa07: checks
jl45259071: bets $6
Zubasa07: calls $6
*** RIVER *** [4h 6h 6c 3c] [2s]
Zubasa07: checks
jl45259071: bets $6
Zubasa07: folds
Uncalled bet ($6) returned to jl45259071
jl45259071 collected $29.50 from pot
jl45259071: doesn't show hand
*** SUMMARY ***
Total pot $30 | Rake $0.50
Board [4h 6h 6c 3c 2s]
Seat 1: jl45259071 (button) (small blind) collected ($29.50)
Seat 2: Zubasa07 (big blind) folded on the River


PokerStars Hand #144761910265:  Hold'em Limit ($3/$6 USD) - 2015/12/03 12:01:12 ET
Table 'Thessalia III' 2-max Seat #2 is the button
Seat 1: jl45259071 ($180.71 in chips)
Seat 2: Zubasa07 ($434.02 in chips)
Zubasa07: posts small blind $1
jl45259071: posts big blind $3
*** HOLE CARDS ***
Zubasa07: raises $3 to $6
jl45259071: calls $3
*** FLOP *** [9d 3h 4s]
jl45259071: checks
Zubasa07: bets $3
jl45259071: calls $3
*** TURN *** [9d 3h 4s] [Qc]
jl45259071: checks
Zubasa07: bets $6
jl45259071: folds
Uncalled bet ($6) returned to Zubasa07
Zubasa07 collected $17.64 from pot
Zubasa07: doesn't show hand
*** SUMMARY ***
Total pot $18 | Rake $0.36
Board [9d 3h 4s Qc]
Seat 1: jl45259071 (big blind) folded on the Turn
Seat 2: Zubasa07 (button) (small blind) collected ($17.64)


PokerStars Hand #144761929272:  Hold'em Limit ($3/$6 USD) - 2015/12/03 12:01:37 ET
Table 'Thessalia III' 2-max Seat #1 is the button
Seat 1: jl45259071 ($171.71 in chips)
Seat 2: Zubasa07 ($442.66 in chips)
jl45259071: posts small blind $1
Zubasa07: posts big blind $3
*** HOLE CARDS ***
jl45259071: calls $2
Zubasa07: checks
*** FLOP *** [Kc Js Ks]
Zubasa07: checks
jl45259071: checks
*** TURN *** [Kc Js Ks] [4s]
Zubasa07: checks
jl45259071: bets $6
Zubasa07: folds
Uncalled bet ($6) returned to jl45259071
jl45259071 collected $5.88 from pot
jl45259071: doesn't show hand
*** SUMMARY ***
Total pot $6 | Rake $0.12
Board [Kc Js Ks 4s]
Seat 1: jl45259071 (button) (small blind) collected ($5.88)
Seat 2: Zubasa07 (big blind) folded on the Turn


PokerStars Hand #144761981503:  Hold'em Limit ($3/$6 USD) - 2015/12/03 12:02:43 ET
Table 'Thessalia III' 2-max Seat #1 is the button
Seat 1: jl45259071 ($165.59 in chips)
Seat 2: Zubasa07 ($448.30 in chips)
jl45259071: posts small blind $1
Zubasa07: posts big blind $3
*** HOLE CARDS ***
jl45259071: folds
Uncalled bet ($2) returned to Zubasa07
Zubasa07 collected $2 from pot
Zubasa07: doesn't show hand
*** SUMMARY ***
Total pot $2 | Rake $0
Seat 1: jl45259071 (button) (small blind) folded before Flop
Seat 2: Zubasa07 (big blind) collected ($2)


PokerStars Hand #144761952846:  Hold'em Limit ($3/$6 USD) - 2015/12/03 12:02:06 ET
Table 'Thessalia III' 2-max Seat #2 is the button
Seat 1: jl45259071 ($174.59 in chips)
Seat 2: Zubasa07 ($439.66 in chips)
Zubasa07: posts small blind $1
jl45259071: posts big blind $3
*** HOLE CARDS ***
Zubasa07: raises $3 to $6
jl45259071: calls $3
*** FLOP *** [3d 4d Kh]
jl45259071: bets $3
Zubasa07: calls $3
*** TURN *** [3d 4d Kh] [7d]
jl45259071: checks
Zubasa07: bets $6
jl45259071: folds
Uncalled bet ($6) returned to Zubasa07
Zubasa07 collected $17.64 from pot
Zubasa07: doesn't show hand
*** SUMMARY ***
Total pot $18 | Rake $0.36
Board [3d 4d Kh 7d]
Seat 1: jl45259071 (big blind) folded on the Turn
Seat 2: Zubasa07 (button) (small blind) collected ($17.64)


PokerStars Hand #144761987073:  Hold'em Limit ($3/$6 USD) - 2015/12/03 12:02:50 ET
Table 'Thessalia III' 2-max Seat #2 is the button
Seat 1: jl45259071 ($164.59 in chips)
Seat 2: Zubasa07 ($449.30 in chips)
Zubasa07: posts small blind $1
jl45259071: posts big blind $3
*** HOLE CARDS ***
Zubasa07: folds
Uncalled bet ($2) returned to jl45259071
jl45259071 collected $2 from pot
jl45259071: doesn't show hand
*** SUMMARY ***
Total pot $2 | Rake $0
Seat 1: jl45259071 (big blind) collected ($2)
Seat 2: Zubasa07 (button) (small blind) folded before Flop


PokerStars Hand #144761991342:  Hold'em Limit ($3/$6 USD) - 2015/12/03 12:02:55 ET
Table 'Thessalia III' 2-max Seat #1 is the button
Seat 1: jl45259071 ($165.59 in chips)
Seat 2: Zubasa07 ($448.30 in chips)
jl45259071: posts small blind $1
Zubasa07: posts big blind $3
*** HOLE CARDS ***
jl45259071: raises $3 to $6
Zubasa07: folds
Uncalled bet ($3) returned to jl45259071
jl45259071 collected $6 from pot
jl45259071: doesn't show hand
*** SUMMARY ***
Total pot $6 | Rake $0
Seat 1: jl45259071 (button) (small blind) collected ($6)
Seat 2: Zubasa07 (big blind) folded before Flop


PokerStars Hand #144762001490:  Hold'em Limit ($3/$6 USD) - 2015/12/03 12:03:08 ET
Table 'Thessalia III' 2-max Seat #2 is the button
Seat 1: jl45259071 ($168.59 in chips)
Seat 2: Zubasa07 ($445.30 in chips)
Zubasa07: posts small blind $1
jl45259071: posts big blind $3
*** HOLE CARDS ***
Zubasa07: raises $3 to $6
jl45259071: calls $3
*** FLOP *** [9d 9h 3s]
jl45259071: checks
Zubasa07: bets $3
jl45259071: calls $3
*** TURN *** [9d 9h 3s] [8c]
jl45259071: checks
Zubasa07: bets $6
jl45259071: raises $6 to $12
Zubasa07: folds
Uncalled bet ($6) returned to jl45259071
jl45259071 collected $29.50 from pot
jl45259071: doesn't show hand
*** SUMMARY ***
Total pot $30 | Rake $0.50
Board [9d 9h 3s 8c]
Seat 1: jl45259071 (big blind) collected ($29.50)
Seat 2: Zubasa07 (button) (small blind) folded on the Turn


PokerStars Hand #144762024988:  Hold'em Limit ($3/$6 USD) - 2015/12/03 12:03:37 ET
Table 'Thessalia III' 2-max Seat #1 is the button
Seat 1: jl45259071 ($183.09 in chips)
Seat 2: Zubasa07 ($430.30 in chips)
jl45259071: posts small blind $1
Zubasa07: posts big blind $3
*** HOLE CARDS ***
jl45259071: raises $3 to $6
Zubasa07: calls $3
*** FLOP *** [6d Ac Kh]
Zubasa07: checks
jl45259071: bets $3
Zubasa07: calls $3
*** TURN *** [6d Ac Kh] [3h]
Zubasa07: checks
jl45259071: bets $6
Zubasa07: calls $6
*** RIVER *** [6d Ac Kh 3h] [7d]
Zubasa07: checks
jl45259071: bets $6
Zubasa07: calls $6
*** SHOW DOWN ***
jl45259071: shows [Ad 7s] (two pair, Aces and Sevens)
Zubasa07: mucks hand
jl45259071 collected $41.50 from pot
*** SUMMARY ***
Total pot $42 | Rake $0.50
Board [6d Ac Kh 3h 7d]
Seat 1: jl45259071 (button) (small blind) showed [Ad 7s] and won ($41.50) with two pair, Aces and Sevens
Seat 2: Zubasa07 (big blind) mucked


