PokerStars Hand #146041469387:  Hold'em Limit ($3/$6 USD) - 2015/12/27 22:57:41 ET
Table 'Thetis' 2-max Seat #2 is the button
Seat 1: REZOLUTION84 ($60 in chips)
Seat 2: keusie1 ($30.12 in chips)
keusie1: posts small blind $1
REZOLUTION84: posts big blind $3
*** HOLE CARDS ***
keusie1: raises $3 to $6
REZOLUTION84: folds
Uncalled bet ($3) returned to keusie1
keusie1 collected $6 from pot
*** SUMMARY ***
Total pot $6 | Rake $0
Seat 1: REZOLUTION84 (big blind) folded before Flop
Seat 2: keusie1 (button) (small blind) collected ($6)


PokerStars Hand #146041472223:  Hold'em Limit ($3/$6 USD) - 2015/12/27 22:57:50 ET
Table 'Thetis' 2-max Seat #1 is the button
Seat 1: REZOLUTION84 ($60 in chips)
Seat 2: keusie1 ($33.12 in chips)
REZOLUTION84: posts small blind $1
keusie1: posts big blind $3
*** HOLE CARDS ***
REZOLUTION84: raises $3 to $6
keusie1: calls $3
*** FLOP *** [5s Ks Qh]
keusie1: checks
REZOLUTION84: bets $3
keusie1: raises $3 to $6
REZOLUTION84: folds
Uncalled bet ($3) returned to keusie1
keusie1 collected $17.64 from pot
*** SUMMARY ***
Total pot $18 | Rake $0.36
Board [5s Ks Qh]
Seat 1: REZOLUTION84 (button) (small blind) folded on the Flop
Seat 2: keusie1 (big blind) collected ($17.64)


PokerStars Hand #146041476223:  Hold'em Limit ($3/$6 USD) - 2015/12/27 22:58:04 ET
Table 'Thetis' 2-max Seat #2 is the button
Seat 1: REZOLUTION84 ($60 in chips)
Seat 2: keusie1 ($41.76 in chips)
keusie1: posts small blind $1
REZOLUTION84: posts big blind $3
*** HOLE CARDS ***
keusie1: raises $3 to $6
REZOLUTION84: calls $3
*** FLOP *** [Js 8h Ah]
REZOLUTION84: checks
keusie1: bets $3
REZOLUTION84: folds
Uncalled bet ($3) returned to keusie1
keusie1 collected $11.76 from pot
*** SUMMARY ***
Total pot $12 | Rake $0.24
Board [Js 8h Ah]
Seat 1: REZOLUTION84 (big blind) folded on the Flop
Seat 2: keusie1 (button) (small blind) collected ($11.76)


PokerStars Hand #146041486097:  Hold'em Limit ($3/$6 USD) - 2015/12/27 22:58:37 ET
Table 'Thetis' 2-max Seat #2 is the button
Seat 1: REZOLUTION84 ($60 in chips)
Seat 2: keusie1 ($56.16 in chips)
keusie1: posts small blind $1
REZOLUTION84: posts big blind $3
*** HOLE CARDS ***
keusie1: folds
Uncalled bet ($2) returned to REZOLUTION84
REZOLUTION84 collected $2 from pot
REZOLUTION84: doesn't show hand
*** SUMMARY ***
Total pot $2 | Rake $0
Seat 1: REZOLUTION84 (big blind) collected ($2)
Seat 2: keusie1 (button) (small blind) folded before Flop


PokerStars Hand #146041488054:  Hold'em Limit ($3/$6 USD) - 2015/12/27 22:58:43 ET
Table 'Thetis' 2-max Seat #1 is the button
Seat 1: REZOLUTION84 ($61 in chips)
Seat 2: keusie1 ($55.16 in chips)
REZOLUTION84: posts small blind $1
keusie1: posts big blind $3
*** HOLE CARDS ***
REZOLUTION84: raises $3 to $6
keusie1: folds
Uncalled bet ($3) returned to REZOLUTION84
REZOLUTION84 collected $6 from pot
REZOLUTION84: doesn't show hand
*** SUMMARY ***
Total pot $6 | Rake $0
Seat 1: REZOLUTION84 (button) (small blind) collected ($6)
Seat 2: keusie1 (big blind) folded before Flop


PokerStars Hand #146041491274:  Hold'em Limit ($3/$6 USD) - 2015/12/27 22:58:54 ET
Table 'Thetis' 2-max Seat #2 is the button
Seat 1: REZOLUTION84 ($64 in chips)
Seat 2: keusie1 ($52.16 in chips)
keusie1: posts small blind $1
REZOLUTION84: posts big blind $3
*** HOLE CARDS ***
keusie1: folds
Uncalled bet ($2) returned to REZOLUTION84
REZOLUTION84 collected $2 from pot
REZOLUTION84: doesn't show hand
*** SUMMARY ***
Total pot $2 | Rake $0
Seat 1: REZOLUTION84 (big blind) collected ($2)
Seat 2: keusie1 (button) (small blind) folded before Flop


PokerStars Hand #146041493391:  Hold'em Limit ($3/$6 USD) - 2015/12/27 22:59:01 ET
Table 'Thetis' 2-max Seat #1 is the button
Seat 1: REZOLUTION84 ($65 in chips)
Seat 2: keusie1 ($51.16 in chips)
REZOLUTION84: posts small blind $1
keusie1: posts big blind $3
*** HOLE CARDS ***
REZOLUTION84: raises $3 to $6
keusie1: calls $3
*** FLOP *** [Ah 2c 3h]
keusie1: checks
REZOLUTION84: bets $3
keusie1: calls $3
*** TURN *** [Ah 2c 3h] [Kh]
keusie1: checks
REZOLUTION84: checks
*** RIVER *** [Ah 2c 3h Kh] [7h]
keusie1: bets $6
REZOLUTION84: folds
Uncalled bet ($6) returned to keusie1
keusie1 collected $17.64 from pot
*** SUMMARY ***
Total pot $18 | Rake $0.36
Board [Ah 2c 3h Kh 7h]
Seat 1: REZOLUTION84 (button) (small blind) folded on the River
Seat 2: keusie1 (big blind) collected ($17.64)


PokerStars Hand #146041500047:  Hold'em Limit ($3/$6 USD) - 2015/12/27 22:59:23 ET
Table 'Thetis' 2-max Seat #2 is the button
Seat 1: REZOLUTION84 ($60 in chips)
Seat 2: keusie1 ($59.80 in chips)
keusie1: posts small blind $1
REZOLUTION84: posts big blind $3
*** HOLE CARDS ***
keusie1: calls $2
REZOLUTION84: checks
*** FLOP *** [Qc Ts Ah]
REZOLUTION84: checks
keusie1: bets $3
REZOLUTION84: calls $3
*** TURN *** [Qc Ts Ah] [Ks]
REZOLUTION84: checks
keusie1: checks
*** RIVER *** [Qc Ts Ah Ks] [6d]
REZOLUTION84: checks
keusie1: checks
*** SHOW DOWN ***
REZOLUTION84: shows [Tc 3c] (a pair of Tens)
keusie1: mucks hand
REZOLUTION84 collected $11.76 from pot
*** SUMMARY ***
Total pot $12 | Rake $0.24
Board [Qc Ts Ah Ks 6d]
Seat 1: REZOLUTION84 (big blind) showed [Tc 3c] and won ($11.76) with a pair of Tens
Seat 2: keusie1 (button) (small blind) mucked


PokerStars Hand #146041511535:  Hold'em Limit ($3/$6 USD) - 2015/12/27 23:00:01 ET
Table 'Thetis' 2-max Seat #2 is the button
Seat 1: REZOLUTION84 ($74.40 in chips)
Seat 2: keusie1 ($44.80 in chips)
keusie1: posts small blind $1
REZOLUTION84: posts big blind $3
*** HOLE CARDS ***
keusie1: folds
Uncalled bet ($2) returned to REZOLUTION84
REZOLUTION84 collected $2 from pot
REZOLUTION84: doesn't show hand
*** SUMMARY ***
Total pot $2 | Rake $0
Seat 1: REZOLUTION84 (big blind) collected ($2)
Seat 2: keusie1 (button) (small blind) folded before Flop


PokerStars Hand #146041513247:  Hold'em Limit ($3/$6 USD) - 2015/12/27 23:00:06 ET
Table 'Thetis' 2-max Seat #1 is the button
Seat 1: REZOLUTION84 ($75.40 in chips)
Seat 2: keusie1 ($43.80 in chips)
REZOLUTION84: posts small blind $1
keusie1: posts big blind $3
*** HOLE CARDS ***
REZOLUTION84: raises $3 to $6
keusie1: calls $3
*** FLOP *** [2s 4s 6s]
keusie1: checks
REZOLUTION84: bets $3
keusie1: calls $3
*** TURN *** [2s 4s 6s] [Th]
keusie1: checks
REZOLUTION84: checks
*** RIVER *** [2s 4s 6s Th] [Qc]
keusie1: bets $6
REZOLUTION84: calls $6
*** SHOW DOWN ***
keusie1: shows [7h 5h] (high card Queen)
REZOLUTION84: shows [Jh Ad] (high card Ace)
REZOLUTION84 collected $29.50 from pot
*** SUMMARY ***
Total pot $30 | Rake $0.50
Board [2s 4s 6s Th Qc]
Seat 1: REZOLUTION84 (button) (small blind) showed [Jh Ad] and won ($29.50) with high card Ace
Seat 2: keusie1 (big blind) showed [7h 5h] and lost with high card Queen


PokerStars Hand #146041526976:  Hold'em Limit ($3/$6 USD) - 2015/12/27 23:00:49 ET
Table 'Thetis' 2-max Seat #1 is the button
Seat 1: REZOLUTION84 ($98.54 in chips)
Seat 2: keusie1 ($19.80 in chips)
REZOLUTION84: posts small blind $1
keusie1: posts big blind $3
*** HOLE CARDS ***
REZOLUTION84: raises $3 to $6
keusie1: folds
Uncalled bet ($3) returned to REZOLUTION84
REZOLUTION84 collected $6 from pot
REZOLUTION84: doesn't show hand
*** SUMMARY ***
Total pot $6 | Rake $0
Seat 1: REZOLUTION84 (button) (small blind) collected ($6)
Seat 2: keusie1 (big blind) folded before Flop


PokerStars Hand #146041521665:  Hold'em Limit ($3/$6 USD) - 2015/12/27 23:00:32 ET
Table 'Thetis' 2-max Seat #2 is the button
Seat 1: REZOLUTION84 ($89.90 in chips)
Seat 2: keusie1 ($28.80 in chips)
keusie1: posts small blind $1
REZOLUTION84: posts big blind $3
*** HOLE CARDS ***
keusie1: raises $3 to $6
REZOLUTION84: raises $3 to $9
keusie1: calls $3
*** FLOP *** [8c 7s Kd]
REZOLUTION84: bets $3
keusie1: folds
Uncalled bet ($3) returned to REZOLUTION84
REZOLUTION84 collected $17.64 from pot
REZOLUTION84: doesn't show hand
*** SUMMARY ***
Total pot $18 | Rake $0.36
Board [8c 7s Kd]
Seat 1: REZOLUTION84 (big blind) collected ($17.64)
Seat 2: keusie1 (button) (small blind) folded on the Flop


PokerStars Hand #146041529230:  Hold'em Limit ($3/$6 USD) - 2015/12/27 23:00:55 ET
Table 'Thetis' 2-max Seat #2 is the button
Seat 1: REZOLUTION84 ($101.54 in chips)
Seat 2: keusie1 ($16.80 in chips)
keusie1: posts small blind $1
REZOLUTION84: posts big blind $3
*** HOLE CARDS ***
keusie1: calls $2
REZOLUTION84: checks
*** FLOP *** [6c Qh Jc]
REZOLUTION84: checks
keusie1: bets $3
REZOLUTION84: raises $3 to $6
keusie1: calls $3
*** TURN *** [6c Qh Jc] [5s]
REZOLUTION84: bets $6
keusie1: calls $6
*** RIVER *** [6c Qh Jc 5s] [7s]
REZOLUTION84: bets $6
keusie1: folds
Uncalled bet ($6) returned to REZOLUTION84
REZOLUTION84 collected $29.50 from pot
REZOLUTION84: doesn't show hand
*** SUMMARY ***
Total pot $30 | Rake $0.50
Board [6c Qh Jc 5s 7s]
Seat 1: REZOLUTION84 (big blind) collected ($29.50)
Seat 2: keusie1 (button) (small blind) folded on the River


