PokerStars Hand #156168393862:  Hold'em Limit ($3/$6 USD) - 2016/07/19 9:16:12 ET
Table 'Thetis II' 6-max Seat #1 is the button
Seat 1: Pelurile ($72 in chips)
Seat 6: janfff ($72.19 in chips)
TbIP-TbIP 88: is sitting out
TbIP-TbIP 88 leaves the table
Pelurile: posts small blind $1
janfff: posts big blind $3
*** HOLE CARDS ***
Pelurile: raises $3 to $6
janfff: raises $3 to $9
Pelurile: calls $3
*** FLOP *** [9s 6c 2s]
janfff: bets $3
Pelurile: calls $3
*** TURN *** [9s 6c 2s] [8h]
janfff: bets $6
Pelurile: raises $6 to $12
janfff: calls $6
*** RIVER *** [9s 6c 2s 8h] [3s]
janfff: checks
vestimokrec joins the table at seat #2
Pelurile: bets $6
janfff: folds
Uncalled bet ($6) returned to Pelurile
Pelurile collected $47.50 from pot
Pelurile: doesn't show hand
*** SUMMARY ***
Total pot $48 | Rake $0.50
Board [9s 6c 2s 8h 3s]
Seat 1: Pelurile (button) (small blind) collected ($47.50)
Seat 6: janfff (big blind) folded on the River


PokerStars Hand #156168422122:  Hold'em Limit ($3/$6 USD) - 2016/07/19 9:17:07 ET
Table 'Thetis II' 6-max Seat #6 is the button
Seat 1: Pelurile ($95.50 in chips)
Seat 6: janfff ($48.19 in chips)
janfff: posts small blind $1
Pelurile: posts big blind $3
*** HOLE CARDS ***
janfff: calls $2
Pelurile: checks
*** FLOP *** [7c 4h 9c]
Pelurile: bets $3
janfff: folds
Uncalled bet ($3) returned to Pelurile
Pelurile collected $5.88 from pot
Pelurile: doesn't show hand
*** SUMMARY ***
Total pot $6 | Rake $0.12
Board [7c 4h 9c]
Seat 1: Pelurile (big blind) collected ($5.88)
Seat 6: janfff (button) (small blind) folded on the Flop


PokerStars Hand #156170687861:  Hold'em Limit ($3/$6 USD) - 2016/07/19 10:26:46 ET
Table 'Thetis II' 6-max Seat #3 is the button
Seat 3: bandita747 ($138.50 in chips)
Seat 6: tomacampi ($120 in chips)
bandita747: posts small blind $1
tomacampi: posts big blind $3
*** HOLE CARDS ***
bandita747: folds
Uncalled bet ($2) returned to tomacampi
tomacampi collected $2 from pot
tomacampi: doesn't show hand
*** SUMMARY ***
Total pot $2 | Rake $0
Seat 3: bandita747 (button) (small blind) folded before Flop
Seat 6: tomacampi (big blind) collected ($2)


PokerStars Hand #156170670367:  Hold'em Limit ($3/$6 USD) - 2016/07/19 10:26:15 ET
Table 'Thetis II' 6-max Seat #6 is the button
Seat 3: bandita747 ($118 in chips)
Seat 6: tomacampi ($121 in chips)
tomacampi: posts small blind $1
bandita747: posts big blind $3
*** HOLE CARDS ***
tomacampi: raises $3 to $6
bandita747: calls $3
*** FLOP *** [5s 2h 7d]
bandita747: checks
tomacampi: bets $3
bandita747: calls $3
*** TURN *** [5s 2h 7d] [4c]
bandita747: checks
tomacampi: bets $6
bandita747: calls $6
*** RIVER *** [5s 2h 7d 4c] [As]
bandita747: bets $6
tomacampi: calls $6
*** SHOW DOWN ***
bandita747: shows [8c Ah] (a pair of Aces)
tomacampi: mucks hand
bandita747 collected $41.50 from pot
*** SUMMARY ***
Total pot $42 | Rake $0.50
Board [5s 2h 7d 4c As]
Seat 3: bandita747 (big blind) showed [8c Ah] and won ($41.50) with a pair of Aces
Seat 6: tomacampi (button) (small blind) mucked


PokerStars Hand #156170665505:  Hold'em Limit ($3/$6 USD) - 2016/07/19 10:26:07 ET
Table 'Thetis II' 6-max Seat #3 is the button
Seat 3: bandita747 ($119 in chips)
Seat 6: tomacampi ($120 in chips)
bandita747: posts small blind $1
tomacampi: posts big blind $3
*** HOLE CARDS ***
bandita747: folds
Uncalled bet ($2) returned to tomacampi
tomacampi collected $2 from pot
tomacampi: doesn't show hand
*** SUMMARY ***
Total pot $2 | Rake $0
Seat 3: bandita747 (button) (small blind) folded before Flop
Seat 6: tomacampi (big blind) collected ($2)


PokerStars Hand #156170647011:  Hold'em Limit ($3/$6 USD) - 2016/07/19 10:25:36 ET
Table 'Thetis II' 6-max Seat #6 is the button
Seat 3: bandita747 ($98.50 in chips)
Seat 6: tomacampi ($121 in chips)
tomacampi: posts small blind $1
bandita747: posts big blind $3
*** HOLE CARDS ***
tomacampi: raises $3 to $6
bandita747: calls $3
*** FLOP *** [Js 6c 5s]
bandita747: checks
tomacampi: bets $3
bandita747: calls $3
*** TURN *** [Js 6c 5s] [8c]
bandita747: checks
tomacampi: bets $6
bandita747: calls $6
*** RIVER *** [Js 6c 5s 8c] [6d]
bandita747: checks
tomacampi: bets $6
bandita747: calls $6
*** SHOW DOWN ***
tomacampi: shows [9s Tc] (a pair of Sixes)
bandita747: shows [Kc 8s] (two pair, Eights and Sixes)
bandita747 collected $41.50 from pot
*** SUMMARY ***
Total pot $42 | Rake $0.50
Board [Js 6c 5s 8c 6d]
Seat 3: bandita747 (big blind) showed [Kc 8s] and won ($41.50) with two pair, Eights and Sixes
Seat 6: tomacampi (button) (small blind) showed [9s Tc] and lost with a pair of Sixes


PokerStars Hand #156170710413:  Hold'em Limit ($3/$6 USD) - 2016/07/19 10:27:22 ET
Table 'Thetis II' 6-max Seat #3 is the button
Seat 3: bandita747 ($116.50 in chips)
Seat 6: tomacampi ($141.50 in chips)
bandita747: posts small blind $1
tomacampi: posts big blind $3
*** HOLE CARDS ***
bandita747: raises $3 to $6
tomacampi: raises $3 to $9
bandita747: calls $3
*** FLOP *** [5s Qc As]
chodzewXXL joins the table at seat #2
tomacampi: bets $3
bandita747: folds
Uncalled bet ($3) returned to tomacampi
tomacampi collected $17.64 from pot
tomacampi: doesn't show hand
*** SUMMARY ***
Total pot $18 | Rake $0.36
Board [5s Qc As]
Seat 3: bandita747 (button) (small blind) folded on the Flop
Seat 6: tomacampi (big blind) collected ($17.64)


PokerStars Hand #156170693958:  Hold'em Limit ($3/$6 USD) - 2016/07/19 10:26:53 ET
Table 'Thetis II' 6-max Seat #6 is the button
Seat 3: bandita747 ($137.50 in chips)
Seat 6: tomacampi ($121 in chips)
tomacampi: posts small blind $1
Pelurile was removed from the table for failing to post
bandita747: posts big blind $3
*** HOLE CARDS ***
tomacampi: raises $3 to $6
bandita747: calls $3
*** FLOP *** [2s Jh Qh]
bandita747: checks
tomacampi: bets $3
bandita747: calls $3
*** TURN *** [2s Jh Qh] [Th]
bandita747: checks
tomacampi: bets $6
bandita747: calls $6
*** RIVER *** [2s Jh Qh Th] [7d]
bandita747: checks
tomacampi: bets $6
bandita747: calls $6
*** SHOW DOWN ***
tomacampi: shows [8c Qc] (a pair of Queens)
bandita747: mucks hand
tomacampi collected $41.50 from pot
*** SUMMARY ***
Total pot $42 | Rake $0.50
Board [2s Jh Qh Th 7d]
Seat 3: bandita747 (big blind) mucked
Seat 6: tomacampi (button) (small blind) showed [8c Qc] and won ($41.50) with a pair of Queens


