PokerStars Hand #168178168999:  Hold'em Limit ($3/$6 USD) - 2017/03/27 7:07:16 ET
Table 'Thia II' 6-max Seat #4 is the button
Seat 4: Actionni13 ($150 in chips)
Seat 5: megabaitt ($126.76 in chips)
Actionni13: posts small blind $1
megabaitt: posts big blind $3
*** HOLE CARDS ***
Actionni13: raises $3 to $6
megabaitt: calls $3
*** FLOP *** [Tc 9c 5c]
megabaitt: checks
Actionni13: bets $3
megabaitt: folds
Uncalled bet ($3) returned to Actionni13
Actionni13 collected $11.76 from pot
Actionni13: doesn't show hand
*** SUMMARY ***
Total pot $12 | Rake $0.24
Board [Tc 9c 5c]
Seat 4: Actionni13 (button) (small blind) collected ($11.76)
Seat 5: megabaitt (big blind) folded on the Flop


PokerStars Hand #168178215578:  Hold'em Limit ($3/$6 USD) - 2017/03/27 7:09:06 ET
Table 'Thia II' 6-max Seat #6 is the button
Seat 5: megabaitt ($138.41 in chips)
Seat 6: B_loJkl ($131 in chips)
B_loJkl: posts small blind $1
Actionni13: is sitting out
megabaitt: posts big blind $3
*** HOLE CARDS ***
B_loJkl: raises $3 to $6
megabaitt: calls $3
*** FLOP *** [2d 2s 8d]
megabaitt: bets $3
B_loJkl: folds
Uncalled bet ($3) returned to megabaitt
megabaitt collected $11.76 from pot
*** SUMMARY ***
Total pot $12 | Rake $0.24
Board [2d 2s 8d]
Seat 5: megabaitt (big blind) collected ($11.76)
Seat 6: B_loJkl (button) (small blind) folded on the Flop


PokerStars Hand #168178224344:  Hold'em Limit ($3/$6 USD) - 2017/03/27 7:09:26 ET
Table 'Thia II' 6-max Seat #6 is the button
Seat 5: megabaitt ($143.17 in chips)
Seat 6: B_loJkl ($126 in chips)
B_loJkl: posts small blind $1
megabaitt: posts big blind $3
*** HOLE CARDS ***
B_loJkl: raises $3 to $6
megabaitt: calls $3
*** FLOP *** [3d 4h 2c]
Actionni13 leaves the table
megabaitt: bets $3
B_loJkl: calls $3
*** TURN *** [3d 4h 2c] [Tc]
megabaitt: bets $6
B_loJkl: raises $6 to $12
megabaitt: calls $6
*** RIVER *** [3d 4h 2c Tc] [Js]
megabaitt: checks
B_loJkl: bets $6
megabaitt: calls $6
*** SHOW DOWN ***
B_loJkl: shows [5c 6s] (a straight, Deuce to Six)
megabaitt: mucks hand
B_loJkl collected $53.50 from pot
*** SUMMARY ***
Total pot $54 | Rake $0.50
Board [3d 4h 2c Tc Js]
Seat 5: megabaitt (big blind) mucked
Seat 6: B_loJkl (button) (small blind) showed [5c 6s] and won ($53.50) with a straight, Deuce to Six


PokerStars Hand #168178222149:  Hold'em Limit ($3/$6 USD) - 2017/03/27 7:09:21 ET
Table 'Thia II' 6-max Seat #5 is the button
Seat 5: megabaitt ($144.17 in chips)
Seat 6: B_loJkl ($125 in chips)
megabaitt: posts small blind $1
B_loJkl: posts big blind $3
*** HOLE CARDS ***
megabaitt: folds
Uncalled bet ($2) returned to B_loJkl
B_loJkl collected $2 from pot
B_loJkl: doesn't show hand
*** SUMMARY ***
Total pot $2 | Rake $0
Seat 5: megabaitt (button) (small blind) folded before Flop
Seat 6: B_loJkl (big blind) collected ($2)


PokerStars Hand #168178255922:  Hold'em Limit ($3/$6 USD) - 2017/03/27 7:10:41 ET
Table 'Thia II' 6-max Seat #6 is the button
Seat 5: megabaitt ($157.67 in chips)
Seat 6: B_loJkl ($110.50 in chips)
B_loJkl: posts small blind $1
megabaitt: posts big blind $3
*** HOLE CARDS ***
B_loJkl: raises $3 to $6
megabaitt: calls $3
*** FLOP *** [3s Ac Ah]
megabaitt: checks
B_loJkl: bets $3
megabaitt: folds
Uncalled bet ($3) returned to B_loJkl
megabaitt leaves the table
B_loJkl collected $11.76 from pot
B_loJkl: doesn't show hand
*** SUMMARY ***
Total pot $12 | Rake $0.24
Board [3s Ac Ah]
Seat 5: megabaitt (big blind) folded on the Flop
Seat 6: B_loJkl (button) (small blind) collected ($11.76)


PokerStars Hand #168178239176:  Hold'em Limit ($3/$6 USD) - 2017/03/27 7:10:01 ET
Table 'Thia II' 6-max Seat #5 is the button
Seat 5: megabaitt ($116.17 in chips)
Seat 6: B_loJkl ($152.50 in chips)
megabaitt: posts small blind $1
B_loJkl: posts big blind $3
*** HOLE CARDS ***
megabaitt: raises $3 to $6
B_loJkl: calls $3
*** FLOP *** [2d 7h Jh]
B_loJkl: checks
megabaitt: bets $3
B_loJkl: raises $3 to $6
megabaitt: calls $3
*** TURN *** [2d 7h Jh] [9s]
B_loJkl: bets $6
megabaitt: raises $6 to $12
B_loJkl: calls $6
*** RIVER *** [2d 7h Jh 9s] [3c]
B_loJkl: checks
megabaitt: bets $6
B_loJkl: raises $6 to $12
megabaitt: raises $6 to $18
B_loJkl: calls $6
*** SHOW DOWN ***
megabaitt: shows [Th 8c] (a straight, Seven to Jack)
B_loJkl: mucks hand
megabaitt collected $83.50 from pot
*** SUMMARY ***
Total pot $84 | Rake $0.50
Board [2d 7h Jh 9s 3c]
Seat 5: megabaitt (button) (small blind) showed [Th 8c] and won ($83.50) with a straight, Seven to Jack
Seat 6: B_loJkl (big blind) mucked


