PokerStars Hand #161439998400:  Hold'em Limit ($3/$6 USD) - 2016/11/15 10:27:16 ET
Table 'Thia III' 6-max Seat #3 is the button
Seat 3: millon ($120 in chips)
Seat 4: assitoni ($72 in chips)
millon: posts small blind $1
assitoni: posts big blind $3
*** HOLE CARDS ***
millon: raises $3 to $6
assitoni: raises $3 to $9
millon: calls $3
*** FLOP *** [Th 3s 9d]
assitoni: bets $3
millon: calls $3
*** TURN *** [Th 3s 9d] [Tc]
assitoni: bets $6
B_loJkl joins the table at seat #5
millon: calls $6
*** RIVER *** [Th 3s 9d Tc] [Qh]
assitoni: bets $6
millon: calls $6
*** SHOW DOWN ***
assitoni: shows [Jc Ad] (a pair of Tens)
millon: shows [8c Qd] (two pair, Queens and Tens)
millon collected $47.50 from pot
*** SUMMARY ***
Total pot $48 | Rake $0.50
Board [Th 3s 9d Tc Qh]
Seat 3: millon (button) (small blind) showed [8c Qd] and won ($47.50) with two pair, Queens and Tens
Seat 4: assitoni (big blind) showed [Jc Ad] and lost with a pair of Tens


PokerStars Hand #161440055020:  Hold'em Limit ($3/$6 USD) - 2016/11/15 10:28:38 ET
Table 'Thia III' 6-max Seat #3 is the button
Seat 3: millon ($141.50 in chips)
Seat 5: B_loJkl ($146 in chips)
millon: posts small blind $1
assitoni: is sitting out
B_loJkl: posts big blind $3
*** HOLE CARDS ***
millon: raises $3 to $6
B_loJkl: calls $3
*** FLOP *** [3s 4h 8d]
B_loJkl: checks
millon: bets $3
B_loJkl: raises $3 to $6
millon: calls $3
*** TURN *** [3s 4h 8d] [6d]
B_loJkl: bets $6
millon: calls $6
*** RIVER *** [3s 4h 8d 6d] [7c]
B_loJkl: checks
millon: checks
*** SHOW DOWN ***
B_loJkl: shows [Kh 8c] (a pair of Eights)
millon: mucks hand
B_loJkl collected $35.50 from pot
*** SUMMARY ***
Total pot $36 | Rake $0.50
Board [3s 4h 8d 6d 7c]
Seat 3: millon (button) (small blind) mucked
Seat 5: B_loJkl (big blind) showed [Kh 8c] and won ($35.50) with a pair of Eights


PokerStars Hand #161440085723:  Hold'em Limit ($3/$6 USD) - 2016/11/15 10:29:23 ET
Table 'Thia III' 6-max Seat #5 is the button
Seat 3: millon ($123.50 in chips)
Seat 5: B_loJkl ($163.50 in chips)
B_loJkl: posts small blind $1
millon: posts big blind $3
*** HOLE CARDS ***
B_loJkl: raises $3 to $6
millon: calls $3
*** FLOP *** [8d 6s Ac]
millon: bets $3
B_loJkl: calls $3
*** TURN *** [8d 6s Ac] [Ks]
millon: checks
B_loJkl: bets $6
millon: folds
Uncalled bet ($6) returned to B_loJkl
B_loJkl collected $17.64 from pot
B_loJkl: doesn't show hand
*** SUMMARY ***
Total pot $18 | Rake $0.36
Board [8d 6s Ac Ks]
Seat 3: millon (big blind) folded on the Turn
Seat 5: B_loJkl (button) (small blind) collected ($17.64)


PokerStars Hand #161440097855:  Hold'em Limit ($3/$6 USD) - 2016/11/15 10:29:40 ET
Table 'Thia III' 6-max Seat #3 is the button
Seat 3: millon ($114.50 in chips)
Seat 5: B_loJkl ($172.14 in chips)
millon: posts small blind $1
B_loJkl: posts big blind $3
*** HOLE CARDS ***
millon: calls $2
B_loJkl: checks
*** FLOP *** [Kh 5s 3s]
B_loJkl: checks
millon: bets $3
B_loJkl: calls $3
*** TURN *** [Kh 5s 3s] [2d]
B_loJkl: checks
millon: bets $6
B_loJkl: calls $6
*** RIVER *** [Kh 5s 3s 2d] [Qh]
B_loJkl: checks
millon: checks
*** SHOW DOWN ***
B_loJkl: shows [Jh 3d] (a pair of Threes)
millon: mucks hand
B_loJkl collected $23.52 from pot
*** SUMMARY ***
Total pot $24 | Rake $0.48
Board [Kh 5s 3s 2d Qh]
Seat 3: millon (button) (small blind) mucked
Seat 5: B_loJkl (big blind) showed [Jh 3d] and won ($23.52) with a pair of Threes


PokerStars Hand #161440140750:  Hold'em Limit ($3/$6 USD) - 2016/11/15 10:30:42 ET
Table 'Thia III' 6-max Seat #3 is the button
Seat 3: millon ($96.50 in chips)
Seat 5: B_loJkl ($189.42 in chips)
millon: posts small blind $1
B_loJkl: posts big blind $3
*** HOLE CARDS ***
millon: folds
Uncalled bet ($2) returned to B_loJkl
B_loJkl collected $2 from pot
B_loJkl: doesn't show hand
*** SUMMARY ***
Total pot $2 | Rake $0
Seat 3: millon (button) (small blind) folded before Flop
Seat 5: B_loJkl (big blind) collected ($2)


PokerStars Hand #161440130379:  Hold'em Limit ($3/$6 USD) - 2016/11/15 10:30:27 ET
Table 'Thia III' 6-max Seat #5 is the button
Seat 3: millon ($102.50 in chips)
Seat 5: B_loJkl ($183.66 in chips)
B_loJkl: posts small blind $1
millon: posts big blind $3
*** HOLE CARDS ***
B_loJkl: raises $3 to $6
millon: calls $3
*** FLOP *** [8d Td 8c]
millon: checks
B_loJkl: checks
*** TURN *** [8d Td 8c] [7s]
millon: checks
B_loJkl: bets $6
millon: folds
Uncalled bet ($6) returned to B_loJkl
B_loJkl collected $11.76 from pot
B_loJkl: doesn't show hand
*** SUMMARY ***
Total pot $12 | Rake $0.24
Board [8d Td 8c 7s]
Seat 3: millon (big blind) folded on the Turn
Seat 5: B_loJkl (button) (small blind) collected ($11.76)


PokerStars Hand #161440144717:  Hold'em Limit ($3/$6 USD) - 2016/11/15 10:30:48 ET
Table 'Thia III' 6-max Seat #5 is the button
Seat 3: millon ($95.50 in chips)
Seat 5: B_loJkl ($190.42 in chips)
B_loJkl: posts small blind $1
millon: posts big blind $3
*** HOLE CARDS ***
B_loJkl: raises $3 to $6
millon: calls $3
*** FLOP *** [Jc 7s Kh]
millon: checks
B_loJkl: bets $3
millon: calls $3
*** TURN *** [Jc 7s Kh] [Ad]
millon: checks
B_loJkl: bets $6
millon: calls $6
*** RIVER *** [Jc 7s Kh Ad] [5h]
millon: checks
B_loJkl: bets $6
millon: raises $6 to $12
B_loJkl: calls $6
*** SHOW DOWN ***
millon: shows [Kd 5s] (two pair, Kings and Fives)
B_loJkl: mucks hand
millon collected $53.50 from pot
*** SUMMARY ***
Total pot $54 | Rake $0.50
Board [Jc 7s Kh Ad 5h]
Seat 3: millon (big blind) showed [Kd 5s] and won ($53.50) with two pair, Kings and Fives
Seat 5: B_loJkl (button) (small blind) mucked


PokerStars Hand #161440167896:  Hold'em Limit ($3/$6 USD) - 2016/11/15 10:31:22 ET
Table 'Thia III' 6-max Seat #3 is the button
Seat 3: millon ($122 in chips)
Seat 5: B_loJkl ($163.42 in chips)
millon: posts small blind $1
B_loJkl: posts big blind $3
*** HOLE CARDS ***
millon: calls $2
B_loJkl: checks
*** FLOP *** [Ks 7h Td]
B_loJkl: bets $3
millon: calls $3
*** TURN *** [Ks 7h Td] [2c]
B_loJkl: checks
millon: checks
*** RIVER *** [Ks 7h Td 2c] [5h]
B_loJkl: checks
millon: bets $6
B_loJkl: folds
Uncalled bet ($6) returned to millon
millon collected $11.76 from pot
*** SUMMARY ***
Total pot $12 | Rake $0.24
Board [Ks 7h Td 2c 5h]
Seat 3: millon (button) (small blind) collected ($11.76)
Seat 5: B_loJkl (big blind) folded on the River


PokerStars Hand #161440180610:  Hold'em Limit ($3/$6 USD) - 2016/11/15 10:31:40 ET
Table 'Thia III' 6-max Seat #5 is the button
Seat 3: millon ($127.76 in chips)
Seat 5: B_loJkl ($157.42 in chips)
B_loJkl: posts small blind $1
millon: posts big blind $3
*** HOLE CARDS ***
B_loJkl: raises $3 to $6
millon: calls $3
*** FLOP *** [6s Jc 2h]
millon: checks
B_loJkl: bets $3
millon: calls $3
*** TURN *** [6s Jc 2h] [4d]
millon: checks
B_loJkl: bets $6
millon: folds
Uncalled bet ($6) returned to B_loJkl
B_loJkl collected $17.64 from pot
B_loJkl: doesn't show hand
*** SUMMARY ***
Total pot $18 | Rake $0.36
Board [6s Jc 2h 4d]
Seat 3: millon (big blind) folded on the Turn
Seat 5: B_loJkl (button) (small blind) collected ($17.64)


PokerStars Hand #161440190627:  Hold'em Limit ($3/$6 USD) - 2016/11/15 10:31:55 ET
Table 'Thia III' 6-max Seat #3 is the button
Seat 3: millon ($118.76 in chips)
Seat 5: B_loJkl ($166.06 in chips)
millon: posts small blind $1
B_loJkl: posts big blind $3
*** HOLE CARDS ***
millon: raises $3 to $6
B_loJkl: calls $3
*** FLOP *** [Qs Jc 8c]
B_loJkl: checks
millon: bets $3
B_loJkl: folds
Uncalled bet ($3) returned to millon
millon collected $11.76 from pot
*** SUMMARY ***
Total pot $12 | Rake $0.24
Board [Qs Jc 8c]
Seat 3: millon (button) (small blind) collected ($11.76)
Seat 5: B_loJkl (big blind) folded on the Flop


PokerStars Hand #161440197475:  Hold'em Limit ($3/$6 USD) - 2016/11/15 10:32:04 ET
Table 'Thia III' 6-max Seat #5 is the button
Seat 3: millon ($124.52 in chips)
Seat 5: B_loJkl ($160.06 in chips)
B_loJkl: posts small blind $1
millon: posts big blind $3
*** HOLE CARDS ***
B_loJkl: folds
Uncalled bet ($2) returned to millon
millon collected $2 from pot
*** SUMMARY ***
Total pot $2 | Rake $0
Seat 3: millon (big blind) collected ($2)
Seat 5: B_loJkl (button) (small blind) folded before Flop


PokerStars Hand #161440201078:  Hold'em Limit ($3/$6 USD) - 2016/11/15 10:32:10 ET
Table 'Thia III' 6-max Seat #3 is the button
Seat 3: millon ($125.52 in chips)
Seat 5: B_loJkl ($159.06 in chips)
millon: posts small blind $1
B_loJkl: posts big blind $3
*** HOLE CARDS ***
millon: calls $2
B_loJkl: checks
*** FLOP *** [5s 2s Ad]
B_loJkl: checks
millon: bets $3
B_loJkl: calls $3
*** TURN *** [5s 2s Ad] [8s]
B_loJkl: checks
millon: checks
*** RIVER *** [5s 2s Ad 8s] [9s]
B_loJkl: checks
millon: bets $6
B_loJkl: calls $6
*** SHOW DOWN ***
millon: shows [Ts 4c] (a flush, Ten high)
B_loJkl: mucks hand
millon collected $23.52 from pot
*** SUMMARY ***
Total pot $24 | Rake $0.48
Board [5s 2s Ad 8s 9s]
Seat 3: millon (button) (small blind) showed [Ts 4c] and won ($23.52) with a flush, Ten high
Seat 5: B_loJkl (big blind) mucked


PokerStars Hand #161440214457:  Hold'em Limit ($3/$6 USD) - 2016/11/15 10:32:29 ET
Table 'Thia III' 6-max Seat #5 is the button
Seat 3: millon ($137.04 in chips)
Seat 5: B_loJkl ($147.06 in chips)
B_loJkl: posts small blind $1
millon: posts big blind $3
*** HOLE CARDS ***
B_loJkl: folds
Uncalled bet ($2) returned to millon
millon collected $2 from pot
*** SUMMARY ***
Total pot $2 | Rake $0
Seat 3: millon (big blind) collected ($2)
Seat 5: B_loJkl (button) (small blind) folded before Flop


PokerStars Hand #161440217752:  Hold'em Limit ($3/$6 USD) - 2016/11/15 10:32:34 ET
Table 'Thia III' 6-max Seat #3 is the button
Seat 3: millon ($138.04 in chips)
Seat 5: B_loJkl ($146.06 in chips)
millon: posts small blind $1
B_loJkl: posts big blind $3
*** HOLE CARDS ***
millon: raises $3 to $6
B_loJkl: calls $3
*** FLOP *** [7h Kh 7d]
B_loJkl: checks
millon: bets $3
B_loJkl: folds
Uncalled bet ($3) returned to millon
millon collected $11.76 from pot
*** SUMMARY ***
Total pot $12 | Rake $0.24
Board [7h Kh 7d]
Seat 3: millon (button) (small blind) collected ($11.76)
Seat 5: B_loJkl (big blind) folded on the Flop


PokerStars Hand #161440231468:  Hold'em Limit ($3/$6 USD) - 2016/11/15 10:32:54 ET
Table 'Thia III' 6-max Seat #5 is the button
Seat 3: millon ($143.80 in chips)
Seat 5: B_loJkl ($140.06 in chips)
B_loJkl: posts small blind $1
millon: posts big blind $3
*** HOLE CARDS ***
B_loJkl: raises $3 to $6
millon: calls $3
*** FLOP *** [2c 6h 7c]
millon: checks
B_loJkl: bets $3
millon: calls $3
*** TURN *** [2c 6h 7c] [Qc]
millon: checks
B_loJkl: checks
*** RIVER *** [2c 6h 7c Qc] [Ad]
millon: bets $6
B_loJkl: calls $6
*** SHOW DOWN ***
millon: shows [Qh Kc] (a pair of Queens)
B_loJkl: mucks hand
millon collected $29.50 from pot
*** SUMMARY ***
Total pot $30 | Rake $0.50
Board [2c 6h 7c Qc Ad]
Seat 3: millon (big blind) showed [Qh Kc] and won ($29.50) with a pair of Queens
Seat 5: B_loJkl (button) (small blind) mucked


PokerStars Hand #161440253203:  Hold'em Limit ($3/$6 USD) - 2016/11/15 10:33:25 ET
Table 'Thia III' 6-max Seat #3 is the button
Seat 3: millon ($158.30 in chips)
Seat 5: B_loJkl ($125.06 in chips)
millon: posts small blind $1
B_loJkl: posts big blind $3
*** HOLE CARDS ***
millon: raises $3 to $6
B_loJkl: calls $3
*** FLOP *** [5d Ac Qd]
B_loJkl: checks
millon: bets $3
B_loJkl: calls $3
*** TURN *** [5d Ac Qd] [5h]
B_loJkl: checks
millon: bets $6
B_loJkl: calls $6
*** RIVER *** [5d Ac Qd 5h] [Jh]
B_loJkl: checks
millon: bets $6
B_loJkl: calls $6
*** SHOW DOWN ***
millon: shows [As 9h] (two pair, Aces and Fives)
B_loJkl: mucks hand
millon collected $41.50 from pot
*** SUMMARY ***
Total pot $42 | Rake $0.50
Board [5d Ac Qd 5h Jh]
Seat 3: millon (button) (small blind) showed [As 9h] and won ($41.50) with two pair, Aces and Fives
Seat 5: B_loJkl (big blind) mucked


PokerStars Hand #161440269635:  Hold'em Limit ($3/$6 USD) - 2016/11/15 10:33:49 ET
Table 'Thia III' 6-max Seat #5 is the button
Seat 3: millon ($178.80 in chips)
Seat 5: B_loJkl ($104.06 in chips)
B_loJkl: posts small blind $1
millon: posts big blind $3
*** HOLE CARDS ***
B_loJkl: raises $3 to $6
millon: calls $3
*** FLOP *** [Ac Kh 3c]
millon: checks
B_loJkl: bets $3
millon: folds
Uncalled bet ($3) returned to B_loJkl
B_loJkl collected $11.76 from pot
B_loJkl: doesn't show hand
*** SUMMARY ***
Total pot $12 | Rake $0.24
Board [Ac Kh 3c]
Seat 3: millon (big blind) folded on the Flop
Seat 5: B_loJkl (button) (small blind) collected ($11.76)


PokerStars Hand #161440280389:  Hold'em Limit ($3/$6 USD) - 2016/11/15 10:34:04 ET
Table 'Thia III' 6-max Seat #3 is the button
Seat 3: millon ($172.80 in chips)
Seat 5: B_loJkl ($109.82 in chips)
millon: posts small blind $1
B_loJkl: posts big blind $3
*** HOLE CARDS ***
millon: raises $3 to $6
B_loJkl: calls $3
*** FLOP *** [3s 5d Kd]
B_loJkl: checks
millon: bets $3
B_loJkl: calls $3
*** TURN *** [3s 5d Kd] [Ah]
B_loJkl: checks
millon: checks
*** RIVER *** [3s 5d Kd Ah] [7h]
B_loJkl: bets $6
millon: calls $6
*** SHOW DOWN ***
B_loJkl: shows [Ac 7s] (two pair, Aces and Sevens)
millon: mucks hand
B_loJkl collected $29.50 from pot
*** SUMMARY ***
Total pot $30 | Rake $0.50
Board [3s 5d Kd Ah 7h]
Seat 3: millon (button) (small blind) mucked
Seat 5: B_loJkl (big blind) showed [Ac 7s] and won ($29.50) with two pair, Aces and Sevens


PokerStars Hand #161440295655:  Hold'em Limit ($3/$6 USD) - 2016/11/15 10:34:26 ET
Table 'Thia III' 6-max Seat #5 is the button
Seat 3: millon ($157.80 in chips)
Seat 5: B_loJkl ($124.32 in chips)
B_loJkl: posts small blind $1
millon: posts big blind $3
*** HOLE CARDS ***
B_loJkl: raises $3 to $6
millon: folds
Uncalled bet ($3) returned to B_loJkl
B_loJkl collected $6 from pot
B_loJkl: doesn't show hand
*** SUMMARY ***
Total pot $6 | Rake $0
Seat 3: millon (big blind) folded before Flop
Seat 5: B_loJkl (button) (small blind) collected ($6)


PokerStars Hand #161440304036:  Hold'em Limit ($3/$6 USD) - 2016/11/15 10:34:32 ET
Table 'Thia III' 6-max Seat #3 is the button
Seat 3: millon ($154.80 in chips)
Seat 5: B_loJkl ($127.32 in chips)
millon: posts small blind $1
B_loJkl: posts big blind $3
*** HOLE CARDS ***
millon: raises $3 to $6
B_loJkl: calls $3
*** FLOP *** [6c Tc Jc]
B_loJkl: checks
millon: bets $3
B_loJkl: calls $3
*** TURN *** [6c Tc Jc] [2c]
B_loJkl: checks
millon: bets $6
B_loJkl: folds
Uncalled bet ($6) returned to millon
millon collected $17.64 from pot
*** SUMMARY ***
Total pot $18 | Rake $0.36
Board [6c Tc Jc 2c]
Seat 3: millon (button) (small blind) collected ($17.64)
Seat 5: B_loJkl (big blind) folded on the Turn


PokerStars Hand #161440324901:  Hold'em Limit ($3/$6 USD) - 2016/11/15 10:35:02 ET
Table 'Thia III' 6-max Seat #3 is the button
Seat 3: millon ($157.44 in chips)
Seat 5: B_loJkl ($124.08 in chips)
millon: posts small blind $1
B_loJkl: posts big blind $3
*** HOLE CARDS ***
millon: folds
Uncalled bet ($2) returned to B_loJkl
B_loJkl collected $2 from pot
B_loJkl: doesn't show hand
*** SUMMARY ***
Total pot $2 | Rake $0
Seat 3: millon (button) (small blind) folded before Flop
Seat 5: B_loJkl (big blind) collected ($2)


PokerStars Hand #161440318284:  Hold'em Limit ($3/$6 USD) - 2016/11/15 10:34:53 ET
Table 'Thia III' 6-max Seat #5 is the button
Seat 3: millon ($163.44 in chips)
Seat 5: B_loJkl ($118.32 in chips)
B_loJkl: posts small blind $1
millon: posts big blind $3
*** HOLE CARDS ***
B_loJkl: raises $3 to $6
millon: calls $3
*** FLOP *** [Kc 5c 6h]
millon: checks
B_loJkl: bets $3
millon: folds
Uncalled bet ($3) returned to B_loJkl
B_loJkl collected $11.76 from pot
B_loJkl: doesn't show hand
*** SUMMARY ***
Total pot $12 | Rake $0.24
Board [Kc 5c 6h]
Seat 3: millon (big blind) folded on the Flop
Seat 5: B_loJkl (button) (small blind) collected ($11.76)


PokerStars Hand #161440363111:  Hold'em Limit ($3/$6 USD) - 2016/11/15 10:35:57 ET
Table 'Thia III' 6-max Seat #3 is the button
Seat 3: millon ($155.71 in chips)
Seat 5: B_loJkl ($124.35 in chips)
millon: posts small blind $1
B_loJkl: posts big blind $3
*** HOLE CARDS ***
millon: folds
Uncalled bet ($2) returned to B_loJkl
B_loJkl collected $2 from pot
B_loJkl: doesn't show hand
*** SUMMARY ***
Total pot $2 | Rake $0
Seat 3: millon (button) (small blind) folded before Flop
Seat 5: B_loJkl (big blind) collected ($2)


PokerStars Hand #161440352839:  Hold'em Limit ($3/$6 USD) - 2016/11/15 10:35:42 ET
Table 'Thia III' 6-max Seat #5 is the button
Seat 3: millon ($155.96 in chips)
Seat 5: B_loJkl ($124.60 in chips)
RaisemyNut$ joins the table at seat #1
B_loJkl: posts small blind $1
millon: posts big blind $3
*** HOLE CARDS ***
B_loJkl: raises $3 to $6
millon: calls $3
*** FLOP *** [5d 2d 5s]
millon: checks
B_loJkl: bets $3
millon: raises $3 to $6
B_loJkl: calls $3
*** TURN *** [5d 2d 5s] [Qh]
millon: bets $6
B_loJkl: calls $6
*** RIVER *** [5d 2d 5s Qh] [5c]
millon: bets $6
B_loJkl: calls $6
*** SHOW DOWN ***
millon: shows [Th Ad] (three of a kind, Fives)
B_loJkl: shows [Ah 4c] (three of a kind, Fives)
millon collected $23.75 from pot
B_loJkl collected $23.75 from pot
*** SUMMARY ***
Total pot $48 | Rake $0.50
Board [5d 2d 5s Qh 5c]
Seat 3: millon (big blind) showed [Th Ad] and won ($23.75) with three of a kind, Fives
Seat 5: B_loJkl (button) (small blind) showed [Ah 4c] and won ($23.75) with three of a kind, Fives


PokerStars Hand #161440339664:  Hold'em Limit ($3/$6 USD) - 2016/11/15 10:35:24 ET
Table 'Thia III' 6-max Seat #3 is the button
Seat 3: millon ($167.96 in chips)
Seat 5: B_loJkl ($113.08 in chips)
millon: posts small blind $1
B_loJkl: posts big blind $3
*** HOLE CARDS ***
millon: calls $2
B_loJkl: checks
*** FLOP *** [5h Ad 3s]
B_loJkl: bets $3
millon: calls $3
*** TURN *** [5h Ad 3s] [7c]
B_loJkl: bets $6
millon: calls $6
*** RIVER *** [5h Ad 3s 7c] [Td]
B_loJkl: checks
millon: checks
*** SHOW DOWN ***
B_loJkl: shows [8c 3d] (a pair of Threes)
millon: mucks hand
B_loJkl collected $23.52 from pot
*** SUMMARY ***
Total pot $24 | Rake $0.48
Board [5h Ad 3s 7c Td]
Seat 3: millon (button) (small blind) mucked
Seat 5: B_loJkl (big blind) showed [8c 3d] and won ($23.52) with a pair of Threes


PokerStars Hand #161440328241:  Hold'em Limit ($3/$6 USD) - 2016/11/15 10:35:07 ET
Table 'Thia III' 6-max Seat #5 is the button
Seat 3: millon ($156.44 in chips)
Seat 5: B_loJkl ($125.08 in chips)
B_loJkl: posts small blind $1
millon: posts big blind $3
*** HOLE CARDS ***
B_loJkl: raises $3 to $6
millon: raises $3 to $9
B_loJkl: calls $3
*** FLOP *** [7s 5s 5h]
millon: bets $3
B_loJkl: calls $3
*** TURN *** [7s 5s 5h] [2h]
millon: bets $6
B_loJkl: folds
Uncalled bet ($6) returned to millon
millon collected $23.52 from pot
*** SUMMARY ***
Total pot $24 | Rake $0.48
Board [7s 5s 5h 2h]
Seat 3: millon (big blind) collected ($23.52)
Seat 5: B_loJkl (button) (small blind) folded on the Turn


PokerStars Hand #161440413079:  Hold'em Limit ($3/$6 USD) - 2016/11/15 10:37:09 ET
Table 'Thia III' 6-max Seat #5 is the button
Seat 1: RaisemyNut$ ($101 in chips)
Seat 5: B_loJkl ($142.36 in chips)
B_loJkl: posts small blind $1
RaisemyNut$: posts big blind $3
*** HOLE CARDS ***
B_loJkl: folds
Uncalled bet ($2) returned to RaisemyNut$
RaisemyNut$ collected $2 from pot
RaisemyNut$: doesn't show hand
*** SUMMARY ***
Total pot $2 | Rake $0
Seat 1: RaisemyNut$ (big blind) collected ($2)
Seat 5: B_loJkl (button) (small blind) folded before Flop


PokerStars Hand #161440408680:  Hold'em Limit ($3/$6 USD) - 2016/11/15 10:37:03 ET
Table 'Thia III' 6-max Seat #1 is the button
Seat 1: RaisemyNut$ ($102 in chips)
Seat 5: B_loJkl ($141.36 in chips)
RaisemyNut$: posts small blind $1
B_loJkl: posts big blind $3
*** HOLE CARDS ***
RaisemyNut$: folds
Uncalled bet ($2) returned to B_loJkl
millon is disconnected
B_loJkl collected $2 from pot
B_loJkl: doesn't show hand
*** SUMMARY ***
Total pot $2 | Rake $0
Seat 1: RaisemyNut$ (button) (small blind) folded before Flop
Seat 5: B_loJkl (big blind) collected ($2)


