PokerStars Hand #170498223842:  Hold'em Limit ($3/$6 USD) - 2017/05/16 12:34:09 ET
Table 'Thia III' 6-max Seat #6 is the button
Seat 4: NewRocker ($125.64 in chips)
Seat 6: Opal10 ($534.11 in chips)
Opal10: posts small blind $1
NewRocker: posts big blind $3
*** HOLE CARDS ***
Opal10: calls $2
NewRocker: checks
*** FLOP *** [3d Js Tc]
LouisB joins the table at seat #2
NewRocker: checks
Opal10: bets $3
NewRocker: folds
Uncalled bet ($3) returned to Opal10
Opal10 collected $5.88 from pot
Opal10: doesn't show hand
*** SUMMARY ***
Total pot $6 | Rake $0.12
Board [3d Js Tc]
Seat 4: NewRocker (big blind) folded on the Flop
Seat 6: Opal10 (button) (small blind) collected ($5.88)


PokerStars Hand #170498260884:  Hold'em Limit ($3/$6 USD) - 2017/05/16 12:35:02 ET
Table 'Thia III' 6-max Seat #4 is the button
Seat 4: NewRocker ($122.64 in chips)
Seat 6: Opal10 ($536.99 in chips)
NewRocker: posts small blind $1
Opal10: posts big blind $3
*** HOLE CARDS ***
NewRocker: raises $3 to $6
Opal10: calls $3
*** FLOP *** [7s 2c Jh]
Opal10: checks
NewRocker: bets $3
Opal10: calls $3
*** TURN *** [7s 2c Jh] [7h]
Opal10: bets $6
NewRocker: calls $6
*** RIVER *** [7s 2c Jh 7h] [4d]
Opal10: bets $6
belik555 joins the table at seat #3
NewRocker: calls $6
*** SHOW DOWN ***
Opal10: shows [Kc 7d] (three of a kind, Sevens)
NewRocker: mucks hand
Opal10 collected $41.50 from pot
*** SUMMARY ***
Total pot $42 | Rake $0.50
Board [7s 2c Jh 7h 4d]
Seat 4: NewRocker (button) (small blind) mucked
Seat 6: Opal10 (big blind) showed [Kc 7d] and won ($41.50) with three of a kind, Sevens


PokerStars Hand #170499036740:  Hold'em Limit ($3/$6 USD) - 2017/05/16 12:53:12 ET
Table 'Thia III' 6-max Seat #4 is the button
Seat 3: sim5sim5 ($72 in chips)
Seat 4: PayMyAudiR8 ($306.79 in chips)
PayMyAudiR8: posts small blind $1
sim5sim5: posts big blind $3
*** HOLE CARDS ***
PayMyAudiR8: raises $3 to $6
sim5sim5: calls $3
*** FLOP *** [Ac 3s 5c]
sim5sim5: checks
PayMyAudiR8: bets $3
sim5sim5: folds
Uncalled bet ($3) returned to PayMyAudiR8
PayMyAudiR8 collected $11.76 from pot
PayMyAudiR8: doesn't show hand
*** SUMMARY ***
Total pot $12 | Rake $0.24
Board [Ac 3s 5c]
Seat 3: sim5sim5 (big blind) folded on the Flop
Seat 4: PayMyAudiR8 (button) (small blind) collected ($11.76)


PokerStars Hand #170499073505:  Hold'em Limit ($3/$6 USD) - 2017/05/16 12:54:03 ET
Table 'Thia III' 6-max Seat #4 is the button
Seat 3: sim5sim5 ($105.50 in chips)
Seat 4: PayMyAudiR8 ($278.55 in chips)
PayMyAudiR8: posts small blind $1
sim5sim5: posts big blind $3
*** HOLE CARDS ***
PayMyAudiR8: raises $3 to $6
sim5sim5: raises $3 to $9
PayMyAudiR8: calls $3
*** FLOP *** [Qh 8h 3c]
sim5sim5: bets $3
PayMyAudiR8: calls $3
*** TURN *** [Qh 8h 3c] [9d]
sim5sim5: checks
PayMyAudiR8: bets $6
sim5sim5: raises $6 to $12
PayMyAudiR8: calls $6
*** RIVER *** [Qh 8h 3c 9d] [9s]
sim5sim5: bets $6
PayMyAudiR8: raises $6 to $12
sim5sim5: calls $6
*** SHOW DOWN ***
PayMyAudiR8: shows [9c Js] (three of a kind, Nines)
sim5sim5: mucks hand
PayMyAudiR8 collected $71.50 from pot
*** SUMMARY ***
Total pot $72 | Rake $0.50
Board [Qh 8h 3c 9d 9s]
Seat 3: sim5sim5 (big blind) mucked
Seat 4: PayMyAudiR8 (button) (small blind) showed [9c Js] and won ($71.50) with three of a kind, Nines


PokerStars Hand #170499069089:  Hold'em Limit ($3/$6 USD) - 2017/05/16 12:53:57 ET
Table 'Thia III' 6-max Seat #3 is the button
Seat 3: sim5sim5 ($102.50 in chips)
Seat 4: PayMyAudiR8 ($281.55 in chips)
sim5sim5: posts small blind $1
PayMyAudiR8: posts big blind $3
*** HOLE CARDS ***
sim5sim5: raises $3 to $6
PayMyAudiR8: folds
Uncalled bet ($3) returned to sim5sim5
sim5sim5 collected $6 from pot
sim5sim5: doesn't show hand
*** SUMMARY ***
Total pot $6 | Rake $0
Seat 3: sim5sim5 (button) (small blind) collected ($6)
Seat 4: PayMyAudiR8 (big blind) folded before Flop


PokerStars Hand #170499065690:  Hold'em Limit ($3/$6 USD) - 2017/05/16 12:53:52 ET
Table 'Thia III' 6-max Seat #4 is the button
Seat 3: sim5sim5 ($101.50 in chips)
Seat 4: PayMyAudiR8 ($282.55 in chips)
PayMyAudiR8: posts small blind $1
sim5sim5: posts big blind $3
*** HOLE CARDS ***
PayMyAudiR8: folds
Uncalled bet ($2) returned to sim5sim5
sim5sim5 collected $2 from pot
sim5sim5: doesn't show hand
*** SUMMARY ***
Total pot $2 | Rake $0
Seat 3: sim5sim5 (big blind) collected ($2)
Seat 4: PayMyAudiR8 (button) (small blind) folded before Flop


PokerStars Hand #170499047704:  Hold'em Limit ($3/$6 USD) - 2017/05/16 12:53:27 ET
Table 'Thia III' 6-max Seat #3 is the button
Seat 3: sim5sim5 ($72 in chips)
Seat 4: PayMyAudiR8 ($312.55 in chips)
sim5sim5: posts small blind $1
PayMyAudiR8: posts big blind $3
*** HOLE CARDS ***
sim5sim5: raises $3 to $6
PayMyAudiR8: calls $3
*** FLOP *** [5d Ts 4s]
PayMyAudiR8: checks
sim5sim5: bets $3
PayMyAudiR8: raises $3 to $6
sim5sim5: calls $3
*** TURN *** [5d Ts 4s] [6d]
PayMyAudiR8: bets $6
sim5sim5: calls $6
*** RIVER *** [5d Ts 4s 6d] [3c]
PayMyAudiR8: bets $6
sim5sim5: raises $6 to $12
PayMyAudiR8: calls $6
*** SHOW DOWN ***
sim5sim5: shows [2c Ad] (a straight, Deuce to Six)
PayMyAudiR8: mucks hand
sim5sim5 collected $59.50 from pot
*** SUMMARY ***
Total pot $60 | Rake $0.50
Board [5d Ts 4s 6d 3c]
Seat 3: sim5sim5 (button) (small blind) showed [2c Ad] and won ($59.50) with a straight, Deuce to Six
Seat 4: PayMyAudiR8 (big blind) mucked


PokerStars Hand #170499122545:  Hold'em Limit ($3/$6 USD) - 2017/05/16 12:55:12 ET
Table 'Thia III' 6-max Seat #3 is the button
Seat 3: sim5sim5 ($72 in chips)
Seat 4: PayMyAudiR8 ($340.55 in chips)
sim5sim5: posts small blind $1
PayMyAudiR8: posts big blind $3
*** HOLE CARDS ***
sim5sim5: raises $3 to $6
PayMyAudiR8: raises $3 to $9
sim5sim5: calls $3
*** FLOP *** [9h 8h 7c]
PayMyAudiR8: bets $3
sim5sim5: raises $3 to $6
PayMyAudiR8: calls $3
*** TURN *** [9h 8h 7c] [4d]
PayMyAudiR8: checks
sim5sim5: bets $6
PayMyAudiR8: calls $6
*** RIVER *** [9h 8h 7c 4d] [7d]
PayMyAudiR8: checks
sim5sim5: bets $6
PayMyAudiR8: calls $6
*** SHOW DOWN ***
sim5sim5: shows [6s 3h] (a pair of Sevens)
PayMyAudiR8: shows [Td Ah] (a pair of Sevens - Ace kicker)
PayMyAudiR8 collected $53.50 from pot
*** SUMMARY ***
Total pot $54 | Rake $0.50
Board [9h 8h 7c 4d 7d]
Seat 3: sim5sim5 (button) (small blind) showed [6s 3h] and lost with a pair of Sevens
Seat 4: PayMyAudiR8 (big blind) showed [Td Ah] and won ($53.50) with a pair of Sevens


PokerStars Hand #170499103392:  Hold'em Limit ($3/$6 USD) - 2017/05/16 12:54:44 ET
Table 'Thia III' 6-max Seat #4 is the button
Seat 3: sim5sim5 ($75 in chips)
Seat 4: PayMyAudiR8 ($311.05 in chips)
PayMyAudiR8: posts small blind $1
sim5sim5: posts big blind $3
*** HOLE CARDS ***
PayMyAudiR8: raises $3 to $6
sim5sim5: calls $3
*** FLOP *** [2s 5h 3c]
sim5sim5: checks
PayMyAudiR8: bets $3
sim5sim5: raises $3 to $6
PayMyAudiR8: calls $3
*** TURN *** [2s 5h 3c] [8c]
sim5sim5: bets $6
PayMyAudiR8: raises $6 to $12
sim5sim5: calls $6
*** RIVER *** [2s 5h 3c 8c] [Th]
sim5sim5: checks
PayMyAudiR8: bets $6
sim5sim5: calls $6
*** SHOW DOWN ***
PayMyAudiR8: shows [7c 8s] (a pair of Eights)
sim5sim5: mucks hand
PayMyAudiR8 collected $59.50 from pot
*** SUMMARY ***
Total pot $60 | Rake $0.50
Board [2s 5h 3c 8c Th]
Seat 3: sim5sim5 (big blind) mucked
Seat 4: PayMyAudiR8 (button) (small blind) showed [7c 8s] and won ($59.50) with a pair of Eights


PokerStars Hand #170499096622:  Hold'em Limit ($3/$6 USD) - 2017/05/16 12:54:35 ET
Table 'Thia III' 6-max Seat #3 is the button
Seat 3: sim5sim5 ($72 in chips)
Seat 4: PayMyAudiR8 ($314.05 in chips)
sim5sim5: posts small blind $1
PayMyAudiR8: posts big blind $3
*** HOLE CARDS ***
sim5sim5: raises $3 to $6
PayMyAudiR8: folds
Uncalled bet ($3) returned to sim5sim5
sim5sim5 collected $6 from pot
sim5sim5: doesn't show hand
*** SUMMARY ***
Total pot $6 | Rake $0
Seat 3: sim5sim5 (button) (small blind) collected ($6)
Seat 4: PayMyAudiR8 (big blind) folded before Flop


PokerStars Hand #170499157992:  Hold'em Limit ($3/$6 USD) - 2017/05/16 12:56:12 ET
Table 'Thia III' 6-max Seat #4 is the button
Seat 3: sim5sim5 ($89.28 in chips)
Seat 4: PayMyAudiR8 ($349.05 in chips)
PayMyAudiR8: posts small blind $1
sim5sim5: posts big blind $3
*** HOLE CARDS ***
PayMyAudiR8: raises $3 to $6
sim5sim5: calls $3
*** FLOP *** [Qh 5s 3h]
sim5sim5: checks
PayMyAudiR8: checks
*** TURN *** [Qh 5s 3h] [2s]
sim5sim5: bets $6
PayMyAudiR8: folds
Uncalled bet ($6) returned to sim5sim5
sim5sim5 collected $11.76 from pot
sim5sim5: doesn't show hand
*** SUMMARY ***
Total pot $12 | Rake $0.24
Board [Qh 5s 3h 2s]
Seat 3: sim5sim5 (big blind) collected ($11.76)
Seat 4: PayMyAudiR8 (button) (small blind) folded on the Turn


PokerStars Hand #170499154826:  Hold'em Limit ($3/$6 USD) - 2017/05/16 12:56:07 ET
Table 'Thia III' 6-max Seat #3 is the button
Seat 3: sim5sim5 ($90.28 in chips)
Seat 4: PayMyAudiR8 ($348.05 in chips)
sim5sim5: posts small blind $1
PayMyAudiR8: posts big blind $3
*** HOLE CARDS ***
sim5sim5: folds
Uncalled bet ($2) returned to PayMyAudiR8
PayMyAudiR8 collected $2 from pot
PayMyAudiR8: doesn't show hand
*** SUMMARY ***
Total pot $2 | Rake $0
Seat 3: sim5sim5 (button) (small blind) folded before Flop
Seat 4: PayMyAudiR8 (big blind) collected ($2)


PokerStars Hand #170499148016:  Hold'em Limit ($3/$6 USD) - 2017/05/16 12:55:55 ET
Table 'Thia III' 6-max Seat #4 is the button
Seat 3: sim5sim5 ($81.64 in chips)
Seat 4: PayMyAudiR8 ($357.05 in chips)
PayMyAudiR8: posts small blind $1
sim5sim5: posts big blind $3
*** HOLE CARDS ***
PayMyAudiR8: raises $3 to $6
sim5sim5: raises $3 to $9
PayMyAudiR8: calls $3
*** FLOP *** [Jd Td Tc]
sim5sim5: bets $3
PayMyAudiR8: folds
Uncalled bet ($3) returned to sim5sim5
sim5sim5 collected $17.64 from pot
sim5sim5: doesn't show hand
*** SUMMARY ***
Total pot $18 | Rake $0.36
Board [Jd Td Tc]
Seat 3: sim5sim5 (big blind) collected ($17.64)
Seat 4: PayMyAudiR8 (button) (small blind) folded on the Flop


PokerStars Hand #170499138671:  Hold'em Limit ($3/$6 USD) - 2017/05/16 12:55:40 ET
Table 'Thia III' 6-max Seat #3 is the button
Seat 3: sim5sim5 ($73 in chips)
Seat 4: PayMyAudiR8 ($366.05 in chips)
sim5sim5: posts small blind $1
PayMyAudiR8: posts big blind $3
*** HOLE CARDS ***
sim5sim5: raises $3 to $6
PayMyAudiR8: calls $3
*** FLOP *** [Qh Qs 7h]
PayMyAudiR8: checks
sim5sim5: bets $3
PayMyAudiR8: calls $3
*** TURN *** [Qh Qs 7h] [8c]
PayMyAudiR8: checks
sim5sim5: bets $6
PayMyAudiR8: folds
Uncalled bet ($6) returned to sim5sim5
sim5sim5 collected $17.64 from pot
sim5sim5: doesn't show hand
*** SUMMARY ***
Total pot $18 | Rake $0.36
Board [Qh Qs 7h 8c]
Seat 3: sim5sim5 (button) (small blind) collected ($17.64)
Seat 4: PayMyAudiR8 (big blind) folded on the Turn


PokerStars Hand #170499135615:  Hold'em Limit ($3/$6 USD) - 2017/05/16 12:55:34 ET
Table 'Thia III' 6-max Seat #4 is the button
Seat 3: sim5sim5 ($72 in chips)
Seat 4: PayMyAudiR8 ($367.05 in chips)
PayMyAudiR8: posts small blind $1
sim5sim5: posts big blind $3
*** HOLE CARDS ***
PayMyAudiR8: folds
Uncalled bet ($2) returned to sim5sim5
sim5sim5 collected $2 from pot
sim5sim5: doesn't show hand
*** SUMMARY ***
Total pot $2 | Rake $0
Seat 3: sim5sim5 (big blind) collected ($2)
Seat 4: PayMyAudiR8 (button) (small blind) folded before Flop


PokerStars Hand #170499199012:  Hold'em Limit ($3/$6 USD) - 2017/05/16 12:57:20 ET
Table 'Thia III' 6-max Seat #4 is the button
Seat 3: sim5sim5 ($106.30 in chips)
Seat 4: PayMyAudiR8 ($330.69 in chips)
PayMyAudiR8: posts small blind $1
sim5sim5: posts big blind $3
*** HOLE CARDS ***
PayMyAudiR8: folds
Uncalled bet ($2) returned to sim5sim5
rascal_319 joins the table at seat #5
sim5sim5 collected $2 from pot
sim5sim5: doesn't show hand
*** SUMMARY ***
Total pot $2 | Rake $0
Seat 3: sim5sim5 (big blind) collected ($2)
Seat 4: PayMyAudiR8 (button) (small blind) folded before Flop


PokerStars Hand #170499187329:  Hold'em Limit ($3/$6 USD) - 2017/05/16 12:57:01 ET
Table 'Thia III' 6-max Seat #3 is the button
Seat 3: sim5sim5 ($115.30 in chips)
Seat 4: PayMyAudiR8 ($322.05 in chips)
sim5sim5: posts small blind $1
PayMyAudiR8: posts big blind $3
*** HOLE CARDS ***
sim5sim5: raises $3 to $6
PayMyAudiR8: calls $3
*** FLOP *** [7h 6h Ks]
PayMyAudiR8: checks
sim5sim5: bets $3
PayMyAudiR8: calls $3
*** TURN *** [7h 6h Ks] [Jd]
PayMyAudiR8: checks
sim5sim5: checks
*** RIVER *** [7h 6h Ks Jd] [9d]
PayMyAudiR8: bets $6
sim5sim5: folds
Uncalled bet ($6) returned to PayMyAudiR8
PayMyAudiR8 collected $17.64 from pot
PayMyAudiR8: doesn't show hand
*** SUMMARY ***
Total pot $18 | Rake $0.36
Board [7h 6h Ks Jd 9d]
Seat 3: sim5sim5 (button) (small blind) folded on the River
Seat 4: PayMyAudiR8 (big blind) collected ($17.64)


PokerStars Hand #170499172962:  Hold'em Limit ($3/$6 USD) - 2017/05/16 12:56:37 ET
Table 'Thia III' 6-max Seat #4 is the button
Seat 3: sim5sim5 ($100.80 in chips)
Seat 4: PayMyAudiR8 ($337.05 in chips)
PayMyAudiR8: posts small blind $1
sim5sim5: posts big blind $3
*** HOLE CARDS ***
PayMyAudiR8: raises $3 to $6
sim5sim5: calls $3
*** FLOP *** [2c Ad 2h]
sim5sim5: checks
PayMyAudiR8: bets $3
sim5sim5: calls $3
*** TURN *** [2c Ad 2h] [Kd]
sim5sim5: checks
PayMyAudiR8: bets $6
sim5sim5: calls $6
*** RIVER *** [2c Ad 2h Kd] [7d]
sim5sim5: checks
PayMyAudiR8: checks
*** SHOW DOWN ***
sim5sim5: shows [Kh 9c] (two pair, Kings and Deuces)
PayMyAudiR8: mucks hand
sim5sim5 collected $29.50 from pot
*** SUMMARY ***
Total pot $30 | Rake $0.50
Board [2c Ad 2h Kd 7d]
Seat 3: sim5sim5 (big blind) showed [Kh 9c] and won ($29.50) with two pair, Kings and Deuces
Seat 4: PayMyAudiR8 (button) (small blind) mucked


PokerStars Hand #170499166993:  Hold'em Limit ($3/$6 USD) - 2017/05/16 12:56:27 ET
Table 'Thia III' 6-max Seat #3 is the button
Seat 3: sim5sim5 ($95.04 in chips)
Seat 4: PayMyAudiR8 ($343.05 in chips)
sim5sim5: posts small blind $1
PayMyAudiR8: posts big blind $3
*** HOLE CARDS ***
sim5sim5: raises $3 to $6
PayMyAudiR8: calls $3
*** FLOP *** [Jd Qh 4c]
PayMyAudiR8: checks
sim5sim5: bets $3
PayMyAudiR8: folds
Uncalled bet ($3) returned to sim5sim5
sim5sim5 collected $11.76 from pot
sim5sim5: doesn't show hand
*** SUMMARY ***
Total pot $12 | Rake $0.24
Board [Jd Qh 4c]
Seat 3: sim5sim5 (button) (small blind) collected ($11.76)
Seat 4: PayMyAudiR8 (big blind) folded on the Flop


PokerStars Hand #170499208465:  Hold'em Limit ($3/$6 USD) - 2017/05/16 12:57:36 ET
Table 'Thia III' 6-max Seat #4 is the button
Seat 3: sim5sim5 ($110.30 in chips)
Seat 4: PayMyAudiR8 ($326.69 in chips)
PayMyAudiR8: posts small blind $1
sim5sim5: posts big blind $3
*** HOLE CARDS ***
PayMyAudiR8: raises $3 to $6
sim5sim5: raises $3 to $9
PayMyAudiR8: calls $3
*** FLOP *** [2s Qs Jc]
sim5sim5: bets $3
PayMyAudiR8: calls $3
*** TURN *** [2s Qs Jc] [Td]
sim5sim5: checks
PayMyAudiR8: bets $6
sim5sim5: calls $6
*** RIVER *** [2s Qs Jc Td] [3d]
sim5sim5: checks
PayMyAudiR8: checks
*** SHOW DOWN ***
sim5sim5: shows [8s 8h] (a pair of Eights)
PayMyAudiR8: mucks hand
sim5sim5 collected $35.50 from pot
*** SUMMARY ***
Total pot $36 | Rake $0.50
Board [2s Qs Jc Td 3d]
Seat 3: sim5sim5 (big blind) showed [8s 8h] and won ($35.50) with a pair of Eights
Seat 4: PayMyAudiR8 (button) (small blind) mucked


PokerStars Hand #170499202164:  Hold'em Limit ($3/$6 USD) - 2017/05/16 12:57:26 ET
Table 'Thia III' 6-max Seat #3 is the button
Seat 3: sim5sim5 ($107.30 in chips)
Seat 4: PayMyAudiR8 ($329.69 in chips)
sim5sim5: posts small blind $1
PayMyAudiR8: posts big blind $3
*** HOLE CARDS ***
sim5sim5: raises $3 to $6
PayMyAudiR8: folds
Uncalled bet ($3) returned to sim5sim5
sim5sim5 collected $6 from pot
sim5sim5: doesn't show hand
*** SUMMARY ***
Total pot $6 | Rake $0
Seat 3: sim5sim5 (button) (small blind) collected ($6)
Seat 4: PayMyAudiR8 (big blind) folded before Flop


PokerStars Hand #170499223049:  Hold'em Limit ($3/$6 USD) - 2017/05/16 12:58:01 ET
Table 'Thia III' 6-max Seat #3 is the button
Seat 3: sim5sim5 ($127.80 in chips)
Seat 4: PayMyAudiR8 ($308.69 in chips)
sim5sim5: posts small blind $1
PayMyAudiR8: posts big blind $3
*** HOLE CARDS ***
sim5sim5: raises $3 to $6
PayMyAudiR8: calls $3
*** FLOP *** [3s Td 4d]
PayMyAudiR8: checks
sim5sim5: bets $3
PayMyAudiR8: raises $3 to $6
sim5sim5: calls $3
*** TURN *** [3s Td 4d] [Ad]
MilPopov joins the table at seat #2
PayMyAudiR8: bets $6
sim5sim5: calls $6
*** RIVER *** [3s Td 4d Ad] [Jh]
PayMyAudiR8: bets $6
sim5sim5: calls $6
*** SHOW DOWN ***
PayMyAudiR8: shows [4s 3c] (two pair, Fours and Threes)
sim5sim5: mucks hand
PayMyAudiR8 collected $47.50 from pot
*** SUMMARY ***
Total pot $48 | Rake $0.50
Board [3s Td 4d Ad Jh]
Seat 3: sim5sim5 (button) (small blind) mucked
Seat 4: PayMyAudiR8 (big blind) showed [4s 3c] and won ($47.50) with two pair, Fours and Threes


PokerStars Hand #170500857672:  Hold'em Limit ($3/$6 USD) - 2017/05/16 13:33:18 ET
Table 'Thia III' 6-max Seat #5 is the button
Seat 1: SALZHERZ ($120 in chips)
Seat 5: Chessnok ($163.97 in chips)
Chessnok: posts small blind $1
SALZHERZ: posts big blind $3
*** HOLE CARDS ***
Chessnok: raises $3 to $6
SALZHERZ: calls $3
*** FLOP *** [Ks 5h 6c]
SALZHERZ: checks
Chessnok: checks
*** TURN *** [Ks 5h 6c] [6s]
SALZHERZ: checks
Chessnok: bets $6
SALZHERZ: raises $6 to $12
vestimokrec joins the table at seat #2
Chessnok: calls $6
*** RIVER *** [Ks 5h 6c 6s] [Kc]
SALZHERZ: bets $6
Chessnok: calls $6
*** SHOW DOWN ***
SALZHERZ: shows [2h 4d] (two pair, Kings and Sixes)
Chessnok: shows [Ad 8h] (two pair, Kings and Sixes - Ace kicker)
Chessnok collected $47.50 from pot
*** SUMMARY ***
Total pot $48 | Rake $0.50
Board [Ks 5h 6c 6s Kc]
Seat 1: SALZHERZ (big blind) showed [2h 4d] and lost with two pair, Kings and Sixes
Seat 5: Chessnok (button) (small blind) showed [Ad 8h] and won ($47.50) with two pair, Kings and Sixes


PokerStars Hand #170500808768:  Hold'em Limit ($3/$6 USD) - 2017/05/16 13:32:17 ET
Table 'Thia III' 6-max Seat #6 is the button
Seat 5: Chessnok ($146.47 in chips)
Seat 6: vestimokrec ($195.67 in chips)
vestimokrec: posts small blind $1
Chessnok: posts big blind $3
*** HOLE CARDS ***
vestimokrec: raises $3 to $6
Chessnok: calls $3
*** FLOP *** [5h 6d Th]
Chessnok: checks
vestimokrec: checks
*** TURN *** [5h 6d Th] [3h]
Chessnok: bets $6
vestimokrec: calls $6
*** RIVER *** [5h 6d Th 3h] [Td]
MilPopov leaves the table
Chessnok: bets $6
vestimokrec: calls $6
*** SHOW DOWN ***
Chessnok: shows [Ah Ks] (a pair of Tens)
vestimokrec: mucks hand
Chessnok collected $35.50 from pot
*** SUMMARY ***
Total pot $36 | Rake $0.50
Board [5h 6d Th 3h Td]
Seat 5: Chessnok (big blind) showed [Ah Ks] and won ($35.50) with a pair of Tens
Seat 6: vestimokrec (button) (small blind) mucked


PokerStars Hand #170502810941:  Hold'em Limit ($3/$6 USD) - 2017/05/16 14:14:30 ET
Table 'Thia III' 6-max Seat #3 is the button
Seat 1: MadFox666 ($222.51 in chips)
Seat 3: kusznak ($83.25 in chips)
kusznak: posts small blind $1
Rednaxela05: is sitting out
MadFox666: posts big blind $3
*** HOLE CARDS ***
kusznak: folds
Uncalled bet ($2) returned to MadFox666
Rednaxela05 leaves the table
MadFox666 collected $2 from pot
MadFox666: doesn't show hand
*** SUMMARY ***
Total pot $2 | Rake $0
Seat 1: MadFox666 (big blind) collected ($2)
Seat 3: kusznak (button) (small blind) folded before Flop


PokerStars Hand #170502814949:  Hold'em Limit ($3/$6 USD) - 2017/05/16 14:14:35 ET
Table 'Thia III' 6-max Seat #1 is the button
Seat 1: MadFox666 ($223.51 in chips)
Seat 3: kusznak ($82.25 in chips)
MadFox666: posts small blind $1
kusznak: posts big blind $3
*** HOLE CARDS ***
MadFox666: raises $3 to $6
kusznak: calls $3
*** FLOP *** [3d Th 6h]
kusznak: checks
MadFox666: bets $3
kusznak: calls $3
*** TURN *** [3d Th 6h] [7h]
kusznak: checks
MadFox666: checks
*** RIVER *** [3d Th 6h 7h] [Kd]
kusznak: checks
MadFox666: bets $6
kusznak: folds
Uncalled bet ($6) returned to MadFox666
MadFox666 collected $17.64 from pot
MadFox666: doesn't show hand
*** SUMMARY ***
Total pot $18 | Rake $0.36
Board [3d Th 6h 7h Kd]
Seat 1: MadFox666 (button) (small blind) collected ($17.64)
Seat 3: kusznak (big blind) folded on the River


