PokerStars Hand #145773982002:  Hold'em Limit ($3/$6 USD) - 2015/12/22 21:43:00 ET
Table 'Thia' 2-max Seat #2 is the button
Seat 1: aruhtart ($159.44 in chips)
Seat 2: chipsdigme86 ($169.33 in chips)
chipsdigme86: posts small blind $1
aruhtart: posts big blind $3
*** HOLE CARDS ***
chipsdigme86: raises $3 to $6
aruhtart: raises $3 to $9
chipsdigme86: calls $3
*** FLOP *** [Jc 8d Kh]
aruhtart: bets $3
chipsdigme86: calls $3
*** TURN *** [Jc 8d Kh] [Ts]
aruhtart: bets $6
chipsdigme86: raises $6 to $12
aruhtart: raises $6 to $18
chipsdigme86: raises $6 to $24
Betting is capped
aruhtart: calls $6
*** RIVER *** [Jc 8d Kh Ts] [Qc]
aruhtart: checks
chipsdigme86: checks
*** SHOW DOWN ***
aruhtart: shows [Td Tc] (three of a kind, Tens)
chipsdigme86: shows [9s Qd] (a straight, Nine to King)
chipsdigme86 collected $71.50 from pot
*** SUMMARY ***
Total pot $72 | Rake $0.50
Board [Jc 8d Kh Ts Qc]
Seat 1: aruhtart (big blind) showed [Td Tc] and lost with three of a kind, Tens
Seat 2: chipsdigme86 (button) (small blind) showed [9s Qd] and won ($71.50) with a straight, Nine to King


PokerStars Hand #145774007712:  Hold'em Limit ($3/$6 USD) - 2015/12/22 21:43:57 ET
Table 'Thia' 2-max Seat #2 is the button
Seat 1: aruhtart ($123 in chips)
Seat 2: chipsdigme86 ($222.09 in chips)
chipsdigme86: posts small blind $1
aruhtart: posts big blind $3
*** HOLE CARDS ***
chipsdigme86: raises $3 to $6
aruhtart: calls $3
*** FLOP *** [6s 5d 9s]
aruhtart: checks
chipsdigme86: checks
*** TURN *** [6s 5d 9s] [Qh]
aruhtart: checks
chipsdigme86: checks
*** RIVER *** [6s 5d 9s Qh] [9h]
aruhtart: checks
chipsdigme86: checks
*** SHOW DOWN ***
aruhtart: shows [2h Kd] (a pair of Nines)
chipsdigme86: shows [Ac 4c] (a pair of Nines - Ace kicker)
chipsdigme86 collected $11.76 from pot
*** SUMMARY ***
Total pot $12 | Rake $0.24
Board [6s 5d 9s Qh 9h]
Seat 1: aruhtart (big blind) showed [2h Kd] and lost with a pair of Nines
Seat 2: chipsdigme86 (button) (small blind) showed [Ac 4c] and won ($11.76) with a pair of Nines


PokerStars Hand #145774014166:  Hold'em Limit ($3/$6 USD) - 2015/12/22 21:44:11 ET
Table 'Thia' 2-max Seat #1 is the button
Seat 1: aruhtart ($120 in chips)
Seat 2: chipsdigme86 ($227.85 in chips)
aruhtart: posts small blind $1
chipsdigme86: posts big blind $3
*** HOLE CARDS ***
aruhtart: raises $3 to $6
chipsdigme86: folds
Uncalled bet ($3) returned to aruhtart
aruhtart collected $6 from pot
aruhtart: doesn't show hand
*** SUMMARY ***
Total pot $6 | Rake $0
Seat 1: aruhtart (button) (small blind) collected ($6)
Seat 2: chipsdigme86 (big blind) folded before Flop


PokerStars Hand #145774004592:  Hold'em Limit ($3/$6 USD) - 2015/12/22 21:43:50 ET
Table 'Thia' 2-max Seat #1 is the button
Seat 1: aruhtart ($120 in chips)
Seat 2: chipsdigme86 ($225.09 in chips)
aruhtart: posts small blind $1
chipsdigme86: posts big blind $3
*** HOLE CARDS ***
aruhtart: raises $3 to $6
chipsdigme86: folds
Uncalled bet ($3) returned to aruhtart
aruhtart collected $6 from pot
aruhtart: doesn't show hand
*** SUMMARY ***
Total pot $6 | Rake $0
Seat 1: aruhtart (button) (small blind) collected ($6)
Seat 2: chipsdigme86 (big blind) folded before Flop


PokerStars Hand #145774001215:  Hold'em Limit ($3/$6 USD) - 2015/12/22 21:43:43 ET
Table 'Thia' 2-max Seat #2 is the button
Seat 1: aruhtart ($120 in chips)
Seat 2: chipsdigme86 ($219.33 in chips)
chipsdigme86: posts small blind $1
aruhtart: posts big blind $3
*** HOLE CARDS ***
chipsdigme86: raises $3 to $6
aruhtart: calls $3
*** FLOP *** [5s 2c 7h]
aruhtart: checks
chipsdigme86: bets $3
aruhtart: folds
Uncalled bet ($3) returned to chipsdigme86
chipsdigme86 collected $11.76 from pot
*** SUMMARY ***
Total pot $12 | Rake $0.24
Board [5s 2c 7h]
Seat 1: aruhtart (big blind) folded on the Flop
Seat 2: chipsdigme86 (button) (small blind) collected ($11.76)


PokerStars Hand #145773990126:  Hold'em Limit ($3/$6 USD) - 2015/12/22 21:43:18 ET
Table 'Thia' 2-max Seat #1 is the button
Seat 1: aruhtart ($123.44 in chips)
Seat 2: chipsdigme86 ($204.83 in chips)
aruhtart: posts small blind $1
chipsdigme86: posts big blind $3
*** HOLE CARDS ***
aruhtart: raises $3 to $6
chipsdigme86: calls $3
*** FLOP *** [4s Ks 2c]
chipsdigme86: checks
aruhtart: bets $3
chipsdigme86: calls $3
*** TURN *** [4s Ks 2c] [6c]
chipsdigme86: bets $6
aruhtart: calls $6
*** RIVER *** [4s Ks 2c 6c] [Qd]
chipsdigme86: bets $6
aruhtart: folds
Uncalled bet ($6) returned to chipsdigme86
chipsdigme86 collected $29.50 from pot
*** SUMMARY ***
Total pot $30 | Rake $0.50
Board [4s Ks 2c 6c Qd]
Seat 1: aruhtart (button) (small blind) folded on the River
Seat 2: chipsdigme86 (big blind) collected ($29.50)


PokerStars Hand #145774029120:  Hold'em Limit ($3/$6 USD) - 2015/12/22 21:44:44 ET
Table 'Thia' 2-max Seat #1 is the button
Seat 1: aruhtart ($120 in chips)
Seat 2: chipsdigme86 ($242.35 in chips)
aruhtart: posts small blind $1
chipsdigme86: posts big blind $3
*** HOLE CARDS ***
aruhtart: raises $3 to $6
chipsdigme86: folds
Uncalled bet ($3) returned to aruhtart
aruhtart collected $6 from pot
aruhtart: doesn't show hand
*** SUMMARY ***
Total pot $6 | Rake $0
Seat 1: aruhtart (button) (small blind) collected ($6)
Seat 2: chipsdigme86 (big blind) folded before Flop


PokerStars Hand #145774017455:  Hold'em Limit ($3/$6 USD) - 2015/12/22 21:44:18 ET
Table 'Thia' 2-max Seat #2 is the button
Seat 1: aruhtart ($123 in chips)
Seat 2: chipsdigme86 ($224.85 in chips)
chipsdigme86: posts small blind $1
aruhtart: posts big blind $3
*** HOLE CARDS ***
chipsdigme86: raises $3 to $6
aruhtart: raises $3 to $9
chipsdigme86: calls $3
*** FLOP *** [2d 6s Jc]
aruhtart: bets $3
chipsdigme86: calls $3
*** TURN *** [2d 6s Jc] [Qh]
aruhtart: bets $6
chipsdigme86: calls $6
*** RIVER *** [2d 6s Jc Qh] [Ts]
aruhtart: checks
chipsdigme86: checks
*** SHOW DOWN ***
aruhtart: shows [4d 4h] (a pair of Fours)
chipsdigme86: shows [6h 8c] (a pair of Sixes)
chipsdigme86 collected $35.50 from pot
*** SUMMARY ***
Total pot $36 | Rake $0.50
Board [2d 6s Jc Qh Ts]
Seat 1: aruhtart (big blind) showed [4d 4h] and lost with a pair of Fours
Seat 2: chipsdigme86 (button) (small blind) showed [6h 8c] and won ($35.50) with a pair of Sixes


PokerStars Hand #145774031743:  Hold'em Limit ($3/$6 USD) - 2015/12/22 21:44:50 ET
Table 'Thia' 2-max Seat #2 is the button
Seat 1: aruhtart ($123 in chips)
Seat 2: chipsdigme86 ($239.35 in chips)
chipsdigme86: posts small blind $1
aruhtart: posts big blind $3
*** HOLE CARDS ***
chipsdigme86: raises $3 to $6
aruhtart: calls $3
*** FLOP *** [Td 3s Jd]
aruhtart: checks
chipsdigme86: bets $3
aruhtart: raises $3 to $6
chipsdigme86: calls $3
*** TURN *** [Td 3s Jd] [9s]
aruhtart: bets $6
chipsdigme86: calls $6
*** RIVER *** [Td 3s Jd 9s] [7h]
aruhtart: bets $6
chipsdigme86: raises $6 to $12
aruhtart: raises $6 to $18
chipsdigme86: calls $6
*** SHOW DOWN ***
aruhtart: shows [8h Qd] (a straight, Eight to Queen)
chipsdigme86: mucks hand
aruhtart collected $71.50 from pot
*** SUMMARY ***
Total pot $72 | Rake $0.50
Board [Td 3s Jd 9s 7h]
Seat 1: aruhtart (big blind) showed [8h Qd] and won ($71.50) with a straight, Eight to Queen
Seat 2: chipsdigme86 (button) (small blind) mucked


PokerStars Hand #145774059007:  Hold'em Limit ($3/$6 USD) - 2015/12/22 21:45:50 ET
Table 'Thia' 2-max Seat #2 is the button
Seat 1: aruhtart ($160 in chips)
Seat 2: chipsdigme86 ($200.85 in chips)
chipsdigme86: posts small blind $1
aruhtart: posts big blind $3
*** HOLE CARDS ***
chipsdigme86: raises $3 to $6
aruhtart: calls $3
*** FLOP *** [Jc 9h 9c]
aruhtart: checks
chipsdigme86: checks
*** TURN *** [Jc 9h 9c] [5h]
aruhtart: checks
chipsdigme86: bets $6
aruhtart: folds
Uncalled bet ($6) returned to chipsdigme86
chipsdigme86 collected $11.76 from pot
*** SUMMARY ***
Total pot $12 | Rake $0.24
Board [Jc 9h 9c 5h]
Seat 1: aruhtart (big blind) folded on the Turn
Seat 2: chipsdigme86 (button) (small blind) collected ($11.76)


PokerStars Hand #145774056939:  Hold'em Limit ($3/$6 USD) - 2015/12/22 21:45:46 ET
Table 'Thia' 2-max Seat #1 is the button
Seat 1: aruhtart ($161 in chips)
Seat 2: chipsdigme86 ($199.85 in chips)
aruhtart: posts small blind $1
chipsdigme86: posts big blind $3
*** HOLE CARDS ***
aruhtart: folds
Uncalled bet ($2) returned to chipsdigme86
chipsdigme86 collected $2 from pot
*** SUMMARY ***
Total pot $2 | Rake $0
Seat 1: aruhtart (button) (small blind) folded before Flop
Seat 2: chipsdigme86 (big blind) collected ($2)


PokerStars Hand #145774063998:  Hold'em Limit ($3/$6 USD) - 2015/12/22 21:46:01 ET
Table 'Thia' 2-max Seat #1 is the button
Seat 1: aruhtart ($154 in chips)
Seat 2: chipsdigme86 ($206.61 in chips)
aruhtart: posts small blind $1
chipsdigme86: posts big blind $3
*** HOLE CARDS ***
aruhtart: raises $3 to $6
chipsdigme86: calls $3
*** FLOP *** [Ks 8d Jd]
chipsdigme86: checks
aruhtart: bets $3
chipsdigme86: raises $3 to $6
aruhtart: folds
Uncalled bet ($3) returned to chipsdigme86
chipsdigme86 collected $17.64 from pot
*** SUMMARY ***
Total pot $18 | Rake $0.36
Board [Ks 8d Jd]
Seat 1: aruhtart (button) (small blind) folded on the Flop
Seat 2: chipsdigme86 (big blind) collected ($17.64)


PokerStars Hand #145774050288:  Hold'em Limit ($3/$6 USD) - 2015/12/22 21:45:31 ET
Table 'Thia' 2-max Seat #2 is the button
Seat 1: aruhtart ($143.50 in chips)
Seat 2: chipsdigme86 ($217.85 in chips)
chipsdigme86: posts small blind $1
aruhtart: posts big blind $3
*** HOLE CARDS ***
chipsdigme86: raises $3 to $6
aruhtart: calls $3
*** FLOP *** [9h Ah 8c]
aruhtart: checks
chipsdigme86: checks
*** TURN *** [9h Ah 8c] [Qs]
aruhtart: checks
chipsdigme86: bets $6
aruhtart: calls $6
*** RIVER *** [9h Ah 8c Qs] [Qh]
aruhtart: checks
chipsdigme86: bets $6
aruhtart: calls $6
*** SHOW DOWN ***
chipsdigme86: shows [Ac 9s] (two pair, Aces and Queens)
aruhtart: shows [Qd 3d] (three of a kind, Queens)
aruhtart collected $35.50 from pot
*** SUMMARY ***
Total pot $36 | Rake $0.50
Board [9h Ah 8c Qs Qh]
Seat 1: aruhtart (big blind) showed [Qd 3d] and won ($35.50) with three of a kind, Queens
Seat 2: chipsdigme86 (button) (small blind) showed [Ac 9s] and lost with two pair, Aces and Queens


PokerStars Hand #145774039947:  Hold'em Limit ($3/$6 USD) - 2015/12/22 21:45:08 ET
Table 'Thia' 2-max Seat #1 is the button
Seat 1: aruhtart ($158.50 in chips)
Seat 2: chipsdigme86 ($203.35 in chips)
aruhtart: posts small blind $1
chipsdigme86: posts big blind $3
*** HOLE CARDS ***
aruhtart: raises $3 to $6
chipsdigme86: raises $3 to $9
aruhtart: calls $3
*** FLOP *** [Jc Kc 9c]
chipsdigme86: checks
aruhtart: checks
*** TURN *** [Jc Kc 9c] [7h]
chipsdigme86: bets $6
aruhtart: calls $6
*** RIVER *** [Jc Kc 9c 7h] [3d]
chipsdigme86: bets $6
aruhtart: folds
Uncalled bet ($6) returned to chipsdigme86
chipsdigme86 collected $29.50 from pot
*** SUMMARY ***
Total pot $30 | Rake $0.50
Board [Jc Kc 9c 7h 3d]
Seat 1: aruhtart (button) (small blind) folded on the River
Seat 2: chipsdigme86 (big blind) collected ($29.50)


PokerStars Hand #145774068426:  Hold'em Limit ($3/$6 USD) - 2015/12/22 21:46:11 ET
Table 'Thia' 2-max Seat #2 is the button
Seat 1: aruhtart ($145 in chips)
Seat 2: chipsdigme86 ($215.25 in chips)
chipsdigme86: posts small blind $1
aruhtart: posts big blind $3
*** HOLE CARDS ***
chipsdigme86: raises $3 to $6
aruhtart: calls $3
*** FLOP *** [8h 7s Th]
aruhtart: checks
chipsdigme86: bets $3
aruhtart: folds
Uncalled bet ($3) returned to chipsdigme86
chipsdigme86 collected $11.76 from pot
*** SUMMARY ***
Total pot $12 | Rake $0.24
Board [8h 7s Th]
Seat 1: aruhtart (big blind) folded on the Flop
Seat 2: chipsdigme86 (button) (small blind) collected ($11.76)


PokerStars Hand #145774082779:  Hold'em Limit ($3/$6 USD) - 2015/12/22 21:46:44 ET
Table 'Thia' 2-max Seat #2 is the button
Seat 1: aruhtart ($122 in chips)
Seat 2: chipsdigme86 ($237.29 in chips)
chipsdigme86: posts small blind $1
aruhtart: posts big blind $3
*** HOLE CARDS ***
chipsdigme86: calls $2
aruhtart: raises $3 to $6
chipsdigme86: raises $3 to $9
aruhtart: calls $3
*** FLOP *** [7h 2c Jh]
aruhtart: checks
chipsdigme86: bets $3
aruhtart: folds
Uncalled bet ($3) returned to chipsdigme86
chipsdigme86 collected $17.64 from pot
*** SUMMARY ***
Total pot $18 | Rake $0.36
Board [7h 2c Jh]
Seat 1: aruhtart (big blind) folded on the Flop
Seat 2: chipsdigme86 (button) (small blind) collected ($17.64)


PokerStars Hand #145774079437:  Hold'em Limit ($3/$6 USD) - 2015/12/22 21:46:36 ET
Table 'Thia' 2-max Seat #1 is the button
Seat 1: aruhtart ($131 in chips)
Seat 2: chipsdigme86 ($228.65 in chips)
aruhtart: posts small blind $1
chipsdigme86: posts big blind $3
*** HOLE CARDS ***
aruhtart: raises $3 to $6
chipsdigme86: raises $3 to $9
aruhtart: calls $3
*** FLOP *** [Qs 3c 9d]
chipsdigme86: bets $3
aruhtart: folds
Uncalled bet ($3) returned to chipsdigme86
chipsdigme86 collected $17.64 from pot
*** SUMMARY ***
Total pot $18 | Rake $0.36
Board [Qs 3c 9d]
Seat 1: aruhtart (button) (small blind) folded on the Flop
Seat 2: chipsdigme86 (big blind) collected ($17.64)


PokerStars Hand #145774077632:  Hold'em Limit ($3/$6 USD) - 2015/12/22 21:46:32 ET
Table 'Thia' 2-max Seat #2 is the button
Seat 1: aruhtart ($130 in chips)
Seat 2: chipsdigme86 ($229.65 in chips)
chipsdigme86: posts small blind $1
aruhtart: posts big blind $3
*** HOLE CARDS ***
chipsdigme86: folds
Uncalled bet ($2) returned to aruhtart
aruhtart collected $2 from pot
aruhtart: doesn't show hand
*** SUMMARY ***
Total pot $2 | Rake $0
Seat 1: aruhtart (big blind) collected ($2)
Seat 2: chipsdigme86 (button) (small blind) folded before Flop


PokerStars Hand #145774072429:  Hold'em Limit ($3/$6 USD) - 2015/12/22 21:46:20 ET
Table 'Thia' 2-max Seat #1 is the button
Seat 1: aruhtart ($139 in chips)
Seat 2: chipsdigme86 ($221.01 in chips)
aruhtart: posts small blind $1
chipsdigme86: posts big blind $3
*** HOLE CARDS ***
aruhtart: raises $3 to $6
chipsdigme86: calls $3
*** FLOP *** [8d 3c 4c]
chipsdigme86: checks
aruhtart: bets $3
chipsdigme86: calls $3
*** TURN *** [8d 3c 4c] [5c]
chipsdigme86: checks
aruhtart: checks
*** RIVER *** [8d 3c 4c 5c] [Jc]
chipsdigme86: checks
aruhtart: checks
*** SHOW DOWN ***
chipsdigme86: shows [5h 7d] (a pair of Fives)
aruhtart: mucks hand
chipsdigme86 collected $17.64 from pot
*** SUMMARY ***
Total pot $18 | Rake $0.36
Board [8d 3c 4c 5c Jc]
Seat 1: aruhtart (button) (small blind) mucked
Seat 2: chipsdigme86 (big blind) showed [5h 7d] and won ($17.64) with a pair of Fives


PokerStars Hand #145774088881:  Hold'em Limit ($3/$6 USD) - 2015/12/22 21:46:57 ET
Table 'Thia' 2-max Seat #1 is the button
Seat 1: aruhtart ($120 in chips)
Seat 2: chipsdigme86 ($245.93 in chips)
aruhtart: posts small blind $1
chipsdigme86: posts big blind $3
*** HOLE CARDS ***
aruhtart: raises $3 to $6
chipsdigme86: calls $3
*** FLOP *** [7h Qc 4h]
chipsdigme86: checks
aruhtart: bets $3
chipsdigme86: calls $3
*** TURN *** [7h Qc 4h] [Th]
chipsdigme86: checks
aruhtart: bets $6
chipsdigme86: calls $6
*** RIVER *** [7h Qc 4h Th] [As]
chipsdigme86: checks
aruhtart: bets $6
chipsdigme86: folds
Uncalled bet ($6) returned to aruhtart
aruhtart collected $29.50 from pot
aruhtart: doesn't show hand
*** SUMMARY ***
Total pot $30 | Rake $0.50
Board [7h Qc 4h Th As]
Seat 1: aruhtart (button) (small blind) collected ($29.50)
Seat 2: chipsdigme86 (big blind) folded on the River


PokerStars Hand #145774101470:  Hold'em Limit ($3/$6 USD) - 2015/12/22 21:47:25 ET
Table 'Thia' 2-max Seat #2 is the button
Seat 1: aruhtart ($130.50 in chips)
Seat 2: chipsdigme86 ($234.93 in chips)
chipsdigme86: posts small blind $1
aruhtart: posts big blind $3
*** HOLE CARDS ***
chipsdigme86: folds
Uncalled bet ($2) returned to aruhtart
aruhtart collected $2 from pot
aruhtart: doesn't show hand
*** SUMMARY ***
Total pot $2 | Rake $0
Seat 1: aruhtart (big blind) collected ($2)
Seat 2: chipsdigme86 (button) (small blind) folded before Flop


PokerStars Hand #145774096459:  Hold'em Limit ($3/$6 USD) - 2015/12/22 21:47:14 ET
Table 'Thia' 2-max Seat #2 is the button
Seat 1: aruhtart ($134.50 in chips)
Seat 2: chipsdigme86 ($230.93 in chips)
chipsdigme86: posts small blind $1
aruhtart: posts big blind $3
*** HOLE CARDS ***
chipsdigme86: raises $3 to $6
aruhtart: folds
Uncalled bet ($3) returned to chipsdigme86
chipsdigme86 collected $6 from pot
*** SUMMARY ***
Total pot $6 | Rake $0
Seat 1: aruhtart (big blind) folded before Flop
Seat 2: chipsdigme86 (button) (small blind) collected ($6)


PokerStars Hand #145774114527:  Hold'em Limit ($3/$6 USD) - 2015/12/22 21:47:55 ET
Table 'Thia' 2-max Seat #2 is the button
Seat 1: aruhtart ($126.50 in chips)
Seat 2: chipsdigme86 ($238.57 in chips)
chipsdigme86: posts small blind $1
aruhtart: posts big blind $3
*** HOLE CARDS ***
chipsdigme86: raises $3 to $6
aruhtart: raises $3 to $9
chipsdigme86: raises $3 to $12
Betting is capped
aruhtart: calls $3
*** FLOP *** [3s Tc 3d]
aruhtart: checks
chipsdigme86: bets $3
aruhtart: calls $3
*** TURN *** [3s Tc 3d] [Ks]
aruhtart: checks
chipsdigme86: bets $6
aruhtart: calls $6
*** RIVER *** [3s Tc 3d Ks] [6s]
aruhtart: checks
chipsdigme86: bets $6
aruhtart: raises $6 to $12
chipsdigme86: calls $6
*** SHOW DOWN ***
aruhtart: shows [6c 6d] (a full house, Sixes full of Threes)
chipsdigme86: mucks hand
aruhtart collected $65.50 from pot
*** SUMMARY ***
Total pot $66 | Rake $0.50
Board [3s Tc 3d Ks 6s]
Seat 1: aruhtart (big blind) showed [6c 6d] and won ($65.50) with a full house, Sixes full of Threes
Seat 2: chipsdigme86 (button) (small blind) mucked


PokerStars Hand #145774108187:  Hold'em Limit ($3/$6 USD) - 2015/12/22 21:47:40 ET
Table 'Thia' 2-max Seat #1 is the button
Seat 1: aruhtart ($135.50 in chips)
Seat 2: chipsdigme86 ($229.93 in chips)
aruhtart: posts small blind $1
chipsdigme86: posts big blind $3
*** HOLE CARDS ***
aruhtart: raises $3 to $6
chipsdigme86: calls $3
*** FLOP *** [8d Qd Ts]
chipsdigme86: checks
aruhtart: bets $3
chipsdigme86: calls $3
*** TURN *** [8d Qd Ts] [5d]
chipsdigme86: bets $6
aruhtart: folds
Uncalled bet ($6) returned to chipsdigme86
chipsdigme86 collected $17.64 from pot
*** SUMMARY ***
Total pot $18 | Rake $0.36
Board [8d Qd Ts 5d]
Seat 1: aruhtart (button) (small blind) folded on the Turn
Seat 2: chipsdigme86 (big blind) collected ($17.64)


PokerStars Hand #145774106117:  Hold'em Limit ($3/$6 USD) - 2015/12/22 21:47:36 ET
Table 'Thia' 2-max Seat #2 is the button
Seat 1: aruhtart ($134.50 in chips)
Seat 2: chipsdigme86 ($230.93 in chips)
chipsdigme86: posts small blind $1
aruhtart: posts big blind $3
*** HOLE CARDS ***
chipsdigme86: folds
Uncalled bet ($2) returned to aruhtart
aruhtart collected $2 from pot
aruhtart: doesn't show hand
*** SUMMARY ***
Total pot $2 | Rake $0
Seat 1: aruhtart (big blind) collected ($2)
Seat 2: chipsdigme86 (button) (small blind) folded before Flop


PokerStars Hand #145774103305:  Hold'em Limit ($3/$6 USD) - 2015/12/22 21:47:29 ET
Table 'Thia' 2-max Seat #1 is the button
Seat 1: aruhtart ($131.50 in chips)
Seat 2: chipsdigme86 ($233.93 in chips)
aruhtart: posts small blind $1
chipsdigme86: posts big blind $3
*** HOLE CARDS ***
aruhtart: raises $3 to $6
chipsdigme86: folds
Uncalled bet ($3) returned to aruhtart
aruhtart collected $6 from pot
aruhtart: doesn't show hand
*** SUMMARY ***
Total pot $6 | Rake $0
Seat 1: aruhtart (button) (small blind) collected ($6)
Seat 2: chipsdigme86 (big blind) folded before Flop


PokerStars Hand #145774141312:  Hold'em Limit ($3/$6 USD) - 2015/12/22 21:48:54 ET
Table 'Thia' 2-max Seat #1 is the button
Seat 1: aruhtart ($161.52 in chips)
Seat 2: chipsdigme86 ($202.21 in chips)
aruhtart: posts small blind $1
chipsdigme86: posts big blind $3
*** HOLE CARDS ***
aruhtart: folds
Uncalled bet ($2) returned to chipsdigme86
chipsdigme86 collected $2 from pot
*** SUMMARY ***
Total pot $2 | Rake $0
Seat 1: aruhtart (button) (small blind) folded before Flop
Seat 2: chipsdigme86 (big blind) collected ($2)


PokerStars Hand #145774143338:  Hold'em Limit ($3/$6 USD) - 2015/12/22 21:48:59 ET
Table 'Thia' 2-max Seat #2 is the button
Seat 1: aruhtart ($160.52 in chips)
Seat 2: chipsdigme86 ($203.21 in chips)
chipsdigme86: posts small blind $1
aruhtart: posts big blind $3
*** HOLE CARDS ***
chipsdigme86: folds
Uncalled bet ($2) returned to aruhtart
aruhtart collected $2 from pot
aruhtart: doesn't show hand
*** SUMMARY ***
Total pot $2 | Rake $0
Seat 1: aruhtart (big blind) collected ($2)
Seat 2: chipsdigme86 (button) (small blind) folded before Flop


PokerStars Hand #145774145307:  Hold'em Limit ($3/$6 USD) - 2015/12/22 21:49:03 ET
Table 'Thia' 2-max Seat #1 is the button
Seat 1: aruhtart ($161.52 in chips)
Seat 2: chipsdigme86 ($202.21 in chips)
aruhtart: posts small blind $1
chipsdigme86: posts big blind $3
*** HOLE CARDS ***
aruhtart: raises $3 to $6
chipsdigme86: calls $3
*** FLOP *** [Ah 8s 2s]
chipsdigme86: checks
aruhtart: bets $3
chipsdigme86: raises $3 to $6
aruhtart: calls $3
*** TURN *** [Ah 8s 2s] [2d]
chipsdigme86: bets $6
aruhtart: calls $6
*** RIVER *** [Ah 8s 2s 2d] [7d]
chipsdigme86: bets $6
aruhtart: calls $6
*** SHOW DOWN ***
chipsdigme86: shows [Ks 2c] (three of a kind, Deuces)
aruhtart: mucks hand
chipsdigme86 collected $47.50 from pot
*** SUMMARY ***
Total pot $48 | Rake $0.50
Board [Ah 8s 2s 2d 7d]
Seat 1: aruhtart (button) (small blind) mucked
Seat 2: chipsdigme86 (big blind) showed [Ks 2c] and won ($47.50) with three of a kind, Deuces


PokerStars Hand #145774152722:  Hold'em Limit ($3/$6 USD) - 2015/12/22 21:49:20 ET
Table 'Thia' 2-max Seat #2 is the button
Seat 1: aruhtart ($137.52 in chips)
Seat 2: chipsdigme86 ($225.71 in chips)
chipsdigme86: posts small blind $1
aruhtart: posts big blind $3
*** HOLE CARDS ***
chipsdigme86: folds
Uncalled bet ($2) returned to aruhtart
aruhtart collected $2 from pot
aruhtart: doesn't show hand
*** SUMMARY ***
Total pot $2 | Rake $0
Seat 1: aruhtart (big blind) collected ($2)
Seat 2: chipsdigme86 (button) (small blind) folded before Flop


PokerStars Hand #145774133096:  Hold'em Limit ($3/$6 USD) - 2015/12/22 21:48:36 ET
Table 'Thia' 2-max Seat #1 is the button
Seat 1: aruhtart ($151 in chips)
Seat 2: chipsdigme86 ($213.21 in chips)
aruhtart: posts small blind $1
chipsdigme86: posts big blind $3
*** HOLE CARDS ***
aruhtart: folds
Uncalled bet ($2) returned to chipsdigme86
chipsdigme86 collected $2 from pot
*** SUMMARY ***
Total pot $2 | Rake $0
Seat 1: aruhtart (button) (small blind) folded before Flop
Seat 2: chipsdigme86 (big blind) collected ($2)


PokerStars Hand #145774131311:  Hold'em Limit ($3/$6 USD) - 2015/12/22 21:48:32 ET
Table 'Thia' 2-max Seat #2 is the button
Seat 1: aruhtart ($150 in chips)
Seat 2: chipsdigme86 ($214.21 in chips)
chipsdigme86: posts small blind $1
aruhtart: posts big blind $3
*** HOLE CARDS ***
chipsdigme86: folds
Uncalled bet ($2) returned to aruhtart
aruhtart collected $2 from pot
aruhtart: doesn't show hand
*** SUMMARY ***
Total pot $2 | Rake $0
Seat 1: aruhtart (big blind) collected ($2)
Seat 2: chipsdigme86 (button) (small blind) folded before Flop


PokerStars Hand #145774126174:  Hold'em Limit ($3/$6 USD) - 2015/12/22 21:48:20 ET
Table 'Thia' 2-max Seat #1 is the button
Seat 1: aruhtart ($159 in chips)
Seat 2: chipsdigme86 ($205.57 in chips)
aruhtart: posts small blind $1
chipsdigme86: posts big blind $3
*** HOLE CARDS ***
aruhtart: raises $3 to $6
chipsdigme86: calls $3
*** FLOP *** [Ks 6d 7h]
chipsdigme86: checks
aruhtart: bets $3
chipsdigme86: calls $3
*** TURN *** [Ks 6d 7h] [5d]
chipsdigme86: bets $6
aruhtart: folds
Uncalled bet ($6) returned to chipsdigme86
chipsdigme86 collected $17.64 from pot
*** SUMMARY ***
Total pot $18 | Rake $0.36
Board [Ks 6d 7h 5d]
Seat 1: aruhtart (button) (small blind) folded on the Turn
Seat 2: chipsdigme86 (big blind) collected ($17.64)


PokerStars Hand #145774162102:  Hold'em Limit ($3/$6 USD) - 2015/12/22 21:49:41 ET
Table 'Thia' 2-max Seat #2 is the button
Seat 1: aruhtart ($150.04 in chips)
Seat 2: chipsdigme86 ($212.71 in chips)
chipsdigme86: posts small blind $1
aruhtart: posts big blind $3
*** HOLE CARDS ***
chipsdigme86: folds
Uncalled bet ($2) returned to aruhtart
aruhtart collected $2 from pot
aruhtart: doesn't show hand
*** SUMMARY ***
Total pot $2 | Rake $0
Seat 1: aruhtart (big blind) collected ($2)
Seat 2: chipsdigme86 (button) (small blind) folded before Flop


PokerStars Hand #145774163918:  Hold'em Limit ($3/$6 USD) - 2015/12/22 21:49:45 ET
Table 'Thia' 2-max Seat #1 is the button
Seat 1: aruhtart ($151.04 in chips)
Seat 2: chipsdigme86 ($211.71 in chips)
aruhtart: posts small blind $1
chipsdigme86: posts big blind $3
*** HOLE CARDS ***
aruhtart: raises $3 to $6
chipsdigme86: raises $3 to $9
aruhtart: calls $3
*** FLOP *** [7s 3h 4s]
chipsdigme86: bets $3
aruhtart: calls $3
*** TURN *** [7s 3h 4s] [9c]
chipsdigme86: bets $6
aruhtart: calls $6
*** RIVER *** [7s 3h 4s 9c] [Jd]
chipsdigme86: bets $6
aruhtart: calls $6
*** SHOW DOWN ***
chipsdigme86: shows [Ts Qc] (high card Queen)
aruhtart: shows [Tc 7h] (a pair of Sevens)
aruhtart collected $47.50 from pot
*** SUMMARY ***
Total pot $48 | Rake $0.50
Board [7s 3h 4s 9c Jd]
Seat 1: aruhtart (button) (small blind) showed [Tc 7h] and won ($47.50) with a pair of Sevens
Seat 2: chipsdigme86 (big blind) showed [Ts Qc] and lost with high card Queen


PokerStars Hand #145774154728:  Hold'em Limit ($3/$6 USD) - 2015/12/22 21:49:24 ET
Table 'Thia' 2-max Seat #1 is the button
Seat 1: aruhtart ($138.52 in chips)
Seat 2: chipsdigme86 ($224.71 in chips)
aruhtart: posts small blind $1
chipsdigme86: posts big blind $3
*** HOLE CARDS ***
aruhtart: raises $3 to $6
chipsdigme86: calls $3
*** FLOP *** [8h 8c Ad]
chipsdigme86: checks
aruhtart: bets $3
chipsdigme86: raises $3 to $6
aruhtart: calls $3
*** TURN *** [8h 8c Ad] [Jd]
chipsdigme86: checks
aruhtart: checks
*** RIVER *** [8h 8c Ad Jd] [6h]
chipsdigme86: checks
aruhtart: checks
*** SHOW DOWN ***
chipsdigme86: shows [3s 9s] (a pair of Eights)
aruhtart: shows [Kd Th] (a pair of Eights - Ace+King kicker)
aruhtart collected $23.52 from pot
*** SUMMARY ***
Total pot $24 | Rake $0.48
Board [8h 8c Ad Jd 6h]
Seat 1: aruhtart (button) (small blind) showed [Kd Th] and won ($23.52) with a pair of Eights
Seat 2: chipsdigme86 (big blind) showed [3s 9s] and lost with a pair of Eights


PokerStars Hand #145774194804:  Hold'em Limit ($3/$6 USD) - 2015/12/22 21:50:56 ET
Table 'Thia' 2-max Seat #2 is the button
Seat 1: aruhtart ($162.30 in chips)
Seat 2: chipsdigme86 ($199.21 in chips)
chipsdigme86: posts small blind $1
aruhtart: posts big blind $3
*** HOLE CARDS ***
chipsdigme86: raises $3 to $6
aruhtart: calls $3
*** FLOP *** [Qd Jc 4s]
aruhtart: checks
chipsdigme86: checks
*** TURN *** [Qd Jc 4s] [Kd]
aruhtart: checks
chipsdigme86: checks
*** RIVER *** [Qd Jc 4s Kd] [7s]
aruhtart: bets $6
chipsdigme86: folds
Uncalled bet ($6) returned to aruhtart
aruhtart collected $11.76 from pot
aruhtart: doesn't show hand
*** SUMMARY ***
Total pot $12 | Rake $0.24
Board [Qd Jc 4s Kd 7s]
Seat 1: aruhtart (big blind) collected ($11.76)
Seat 2: chipsdigme86 (button) (small blind) folded on the River


PokerStars Hand #145774204088:  Hold'em Limit ($3/$6 USD) - 2015/12/22 21:51:17 ET
Table 'Thia' 2-max Seat #2 is the button
Seat 1: aruhtart ($171.06 in chips)
Seat 2: chipsdigme86 ($190.21 in chips)
chipsdigme86: posts small blind $1
aruhtart: posts big blind $3
*** HOLE CARDS ***
chipsdigme86: folds
Uncalled bet ($2) returned to aruhtart
aruhtart collected $2 from pot
aruhtart: doesn't show hand
*** SUMMARY ***
Total pot $2 | Rake $0
Seat 1: aruhtart (big blind) collected ($2)
Seat 2: chipsdigme86 (button) (small blind) folded before Flop


PokerStars Hand #145774199892:  Hold'em Limit ($3/$6 USD) - 2015/12/22 21:51:07 ET
Table 'Thia' 2-max Seat #1 is the button
Seat 1: aruhtart ($168.06 in chips)
Seat 2: chipsdigme86 ($193.21 in chips)
aruhtart: posts small blind $1
chipsdigme86: posts big blind $3
*** HOLE CARDS ***
aruhtart: raises $3 to $6
chipsdigme86: folds
Uncalled bet ($3) returned to aruhtart
aruhtart collected $6 from pot
aruhtart: doesn't show hand
*** SUMMARY ***
Total pot $6 | Rake $0
Seat 1: aruhtart (button) (small blind) collected ($6)
Seat 2: chipsdigme86 (big blind) folded before Flop


PokerStars Hand #145774190540:  Hold'em Limit ($3/$6 USD) - 2015/12/22 21:50:46 ET
Table 'Thia' 2-max Seat #1 is the button
Seat 1: aruhtart ($156.54 in chips)
Seat 2: chipsdigme86 ($205.21 in chips)
aruhtart: posts small blind $1
chipsdigme86: posts big blind $3
*** HOLE CARDS ***
aruhtart: raises $3 to $6
chipsdigme86: calls $3
*** FLOP *** [9c Tc 7d]
chipsdigme86: checks
aruhtart: bets $3
chipsdigme86: folds
Uncalled bet ($3) returned to aruhtart
aruhtart collected $11.76 from pot
aruhtart: doesn't show hand
*** SUMMARY ***
Total pot $12 | Rake $0.24
Board [9c Tc 7d]
Seat 1: aruhtart (button) (small blind) collected ($11.76)
Seat 2: chipsdigme86 (big blind) folded on the Flop


PokerStars Hand #145774223080:  Hold'em Limit ($3/$6 USD) - 2015/12/22 21:51:59 ET
Table 'Thia' 2-max Seat #1 is the button
Seat 1: aruhtart ($130.06 in chips)
Seat 2: chipsdigme86 ($230.47 in chips)
aruhtart: posts small blind $1
chipsdigme86: posts big blind $3
*** HOLE CARDS ***
aruhtart: folds
Uncalled bet ($2) returned to chipsdigme86
chipsdigme86 collected $2 from pot
*** SUMMARY ***
Total pot $2 | Rake $0
Seat 1: aruhtart (button) (small blind) folded before Flop
Seat 2: chipsdigme86 (big blind) collected ($2)


PokerStars Hand #145774219326:  Hold'em Limit ($3/$6 USD) - 2015/12/22 21:51:51 ET
Table 'Thia' 2-max Seat #2 is the button
Seat 1: aruhtart ($136.06 in chips)
Seat 2: chipsdigme86 ($224.71 in chips)
chipsdigme86: posts small blind $1
aruhtart: posts big blind $3
*** HOLE CARDS ***
chipsdigme86: raises $3 to $6
aruhtart: calls $3
*** FLOP *** [Qd Qh Ah]
aruhtart: checks
chipsdigme86: checks
*** TURN *** [Qd Qh Ah] [9d]
aruhtart: checks
chipsdigme86: bets $6
aruhtart: folds
Uncalled bet ($6) returned to chipsdigme86
chipsdigme86 collected $11.76 from pot
*** SUMMARY ***
Total pot $12 | Rake $0.24
Board [Qd Qh Ah 9d]
Seat 1: aruhtart (big blind) folded on the Turn
Seat 2: chipsdigme86 (button) (small blind) collected ($11.76)


PokerStars Hand #145774224916:  Hold'em Limit ($3/$6 USD) - 2015/12/22 21:52:04 ET
Table 'Thia' 2-max Seat #2 is the button
Seat 1: aruhtart ($129.06 in chips)
Seat 2: chipsdigme86 ($231.47 in chips)
chipsdigme86: posts small blind $1
aruhtart: posts big blind $3
*** HOLE CARDS ***
chipsdigme86: folds
Uncalled bet ($2) returned to aruhtart
aruhtart collected $2 from pot
aruhtart: doesn't show hand
*** SUMMARY ***
Total pot $2 | Rake $0
Seat 1: aruhtart (big blind) collected ($2)
Seat 2: chipsdigme86 (button) (small blind) folded before Flop


PokerStars Hand #145774227068:  Hold'em Limit ($3/$6 USD) - 2015/12/22 21:52:09 ET
Table 'Thia' 2-max Seat #1 is the button
Seat 1: aruhtart ($130.06 in chips)
Seat 2: chipsdigme86 ($230.47 in chips)
aruhtart: posts small blind $1
chipsdigme86: posts big blind $3
*** HOLE CARDS ***
aruhtart: raises $3 to $6
chipsdigme86: calls $3
*** FLOP *** [4s Tc 6h]
chipsdigme86: checks
aruhtart: bets $3
chipsdigme86: raises $3 to $6
aruhtart: calls $3
*** TURN *** [4s Tc 6h] [Qs]
chipsdigme86: bets $6
aruhtart: folds
Uncalled bet ($6) returned to chipsdigme86
chipsdigme86 collected $23.52 from pot
*** SUMMARY ***
Total pot $24 | Rake $0.48
Board [4s Tc 6h Qs]
Seat 1: aruhtart (button) (small blind) folded on the Turn
Seat 2: chipsdigme86 (big blind) collected ($23.52)


PokerStars Hand #145774205841:  Hold'em Limit ($3/$6 USD) - 2015/12/22 21:51:21 ET
Table 'Thia' 2-max Seat #1 is the button
Seat 1: aruhtart ($172.06 in chips)
Seat 2: chipsdigme86 ($189.21 in chips)
aruhtart: posts small blind $1
chipsdigme86: posts big blind $3
*** HOLE CARDS ***
aruhtart: raises $3 to $6
chipsdigme86: calls $3
*** FLOP *** [9c Ts 3h]
chipsdigme86: checks
aruhtart: checks
*** TURN *** [9c Ts 3h] [Kc]
chipsdigme86: bets $6
aruhtart: calls $6
*** RIVER *** [9c Ts 3h Kc] [2d]
chipsdigme86: checks
aruhtart: bets $6
chipsdigme86: raises $6 to $12
aruhtart: raises $6 to $18
chipsdigme86: raises $6 to $24
Betting is capped
aruhtart: calls $6
*** SHOW DOWN ***
chipsdigme86: shows [Jd Qs] (a straight, Nine to King)
aruhtart: mucks hand
chipsdigme86 collected $71.50 from pot
*** SUMMARY ***
Total pot $72 | Rake $0.50
Board [9c Ts 3h Kc 2d]
Seat 1: aruhtart (button) (small blind) mucked
Seat 2: chipsdigme86 (big blind) showed [Jd Qs] and won ($71.50) with a straight, Nine to King


PokerStars Hand #145774231772:  Hold'em Limit ($3/$6 USD) - 2015/12/22 21:52:19 ET
Table 'Thia' 2-max Seat #2 is the button
Seat 1: aruhtart ($120 in chips)
Seat 2: chipsdigme86 ($241.99 in chips)
chipsdigme86: posts small blind $1
aruhtart: posts big blind $3
*** HOLE CARDS ***
chipsdigme86: raises $3 to $6
aruhtart: calls $3
*** FLOP *** [Js 2s Qs]
aruhtart: checks
chipsdigme86: checks
*** TURN *** [Js 2s Qs] [9h]
aruhtart: bets $6
chipsdigme86: calls $6
*** RIVER *** [Js 2s Qs 9h] [7s]
aruhtart: checks
chipsdigme86: checks
*** SHOW DOWN ***
aruhtart: shows [4d Kd] (high card King)
chipsdigme86: shows [Kc 2h] (a pair of Deuces)
chipsdigme86 collected $23.52 from pot
*** SUMMARY ***
Total pot $24 | Rake $0.48
Board [Js 2s Qs 9h 7s]
Seat 1: aruhtart (big blind) showed [4d Kd] and lost with high card King
Seat 2: chipsdigme86 (button) (small blind) showed [Kc 2h] and won ($23.52) with a pair of Deuces


PokerStars Hand #145774242185:  Hold'em Limit ($3/$6 USD) - 2015/12/22 21:52:43 ET
Table 'Thia' 2-max Seat #1 is the button
Seat 1: aruhtart ($121 in chips)
Seat 2: chipsdigme86 ($261.15 in chips)
aruhtart: posts small blind $1
chipsdigme86: posts big blind $3
*** HOLE CARDS ***
aruhtart: raises $3 to $6
chipsdigme86: calls $3
*** FLOP *** [2h 4s 4h]
chipsdigme86: checks
aruhtart: bets $3
chipsdigme86: calls $3
*** TURN *** [2h 4s 4h] [4d]
chipsdigme86: checks
aruhtart: checks
*** RIVER *** [2h 4s 4h 4d] [Ah]
chipsdigme86: checks
aruhtart: checks
*** SHOW DOWN ***
chipsdigme86: shows [7h Qc] (three of a kind, Fours)
aruhtart: mucks hand
chipsdigme86 collected $17.64 from pot
*** SUMMARY ***
Total pot $18 | Rake $0.36
Board [2h 4s 4h 4d Ah]
Seat 1: aruhtart (button) (small blind) mucked
Seat 2: chipsdigme86 (big blind) showed [7h Qc] and won ($17.64) with three of a kind, Fours


PokerStars Hand #145774253606:  Hold'em Limit ($3/$6 USD) - 2015/12/22 21:53:09 ET
Table 'Thia' 2-max Seat #1 is the button
Seat 1: aruhtart ($120 in chips)
Seat 2: chipsdigme86 ($278.43 in chips)
aruhtart: posts small blind $1
chipsdigme86: posts big blind $3
*** HOLE CARDS ***
aruhtart: raises $3 to $6
chipsdigme86: folds
Uncalled bet ($3) returned to aruhtart
aruhtart collected $6 from pot
aruhtart: doesn't show hand
*** SUMMARY ***
Total pot $6 | Rake $0
Seat 1: aruhtart (button) (small blind) collected ($6)
Seat 2: chipsdigme86 (big blind) folded before Flop


PokerStars Hand #145774246896:  Hold'em Limit ($3/$6 USD) - 2015/12/22 21:52:54 ET
Table 'Thia' 2-max Seat #2 is the button
Seat 1: aruhtart ($120 in chips)
Seat 2: chipsdigme86 ($269.79 in chips)
chipsdigme86: posts small blind $1
aruhtart: posts big blind $3
*** HOLE CARDS ***
chipsdigme86: raises $3 to $6
aruhtart: calls $3
*** FLOP *** [Td 2d 4h]
aruhtart: checks
chipsdigme86: bets $3
aruhtart: calls $3
*** TURN *** [Td 2d 4h] [Tc]
aruhtart: checks
chipsdigme86: checks
*** RIVER *** [Td 2d 4h Tc] [3s]
aruhtart: checks
chipsdigme86: checks
*** SHOW DOWN ***
aruhtart: shows [9d 6s] (a pair of Tens)
chipsdigme86: shows [7c Ah] (a pair of Tens - Ace kicker)
chipsdigme86 collected $17.64 from pot
*** SUMMARY ***
Total pot $18 | Rake $0.36
Board [Td 2d 4h Tc 3s]
Seat 1: aruhtart (big blind) showed [9d 6s] and lost with a pair of Tens
Seat 2: chipsdigme86 (button) (small blind) showed [7c Ah] and won ($17.64) with a pair of Tens


PokerStars Hand #145774255634:  Hold'em Limit ($3/$6 USD) - 2015/12/22 21:53:14 ET
Table 'Thia' 2-max Seat #2 is the button
Seat 1: aruhtart ($123 in chips)
Seat 2: chipsdigme86 ($275.43 in chips)
chipsdigme86: posts small blind $1
aruhtart: posts big blind $3
*** HOLE CARDS ***
chipsdigme86: folds
Uncalled bet ($2) returned to aruhtart
aruhtart collected $2 from pot
aruhtart: doesn't show hand
*** SUMMARY ***
Total pot $2 | Rake $0
Seat 1: aruhtart (big blind) collected ($2)
Seat 2: chipsdigme86 (button) (small blind) folded before Flop


PokerStars Hand #145774240361:  Hold'em Limit ($3/$6 USD) - 2015/12/22 21:52:39 ET
Table 'Thia' 2-max Seat #2 is the button
Seat 1: aruhtart ($120 in chips)
Seat 2: chipsdigme86 ($262.15 in chips)
chipsdigme86: posts small blind $1
aruhtart: posts big blind $3
*** HOLE CARDS ***
chipsdigme86: folds
Uncalled bet ($2) returned to aruhtart
aruhtart collected $2 from pot
aruhtart: doesn't show hand
*** SUMMARY ***
Total pot $2 | Rake $0
Seat 1: aruhtart (big blind) collected ($2)
Seat 2: chipsdigme86 (button) (small blind) folded before Flop


PokerStars Hand #145774236879:  Hold'em Limit ($3/$6 USD) - 2015/12/22 21:52:31 ET
Table 'Thia' 2-max Seat #1 is the button
Seat 1: aruhtart ($120 in chips)
Seat 2: chipsdigme86 ($253.51 in chips)
aruhtart: posts small blind $1
chipsdigme86: posts big blind $3
*** HOLE CARDS ***
aruhtart: raises $3 to $6
chipsdigme86: raises $3 to $9
aruhtart: calls $3
*** FLOP *** [Kc Ac 4c]
chipsdigme86: bets $3
aruhtart: folds
Uncalled bet ($3) returned to chipsdigme86
chipsdigme86 collected $17.64 from pot
*** SUMMARY ***
Total pot $18 | Rake $0.36
Board [Kc Ac 4c]
Seat 1: aruhtart (button) (small blind) folded on the Flop
Seat 2: chipsdigme86 (big blind) collected ($17.64)


PokerStars Hand #145774263033:  Hold'em Limit ($3/$6 USD) - 2015/12/22 21:53:31 ET
Table 'Thia' 2-max Seat #1 is the button
Seat 1: aruhtart ($121 in chips)
Seat 2: chipsdigme86 ($282.07 in chips)
aruhtart: posts small blind $1
chipsdigme86: posts big blind $3
*** HOLE CARDS ***
aruhtart: folds
Uncalled bet ($2) returned to chipsdigme86
chipsdigme86 collected $2 from pot
*** SUMMARY ***
Total pot $2 | Rake $0
Seat 1: aruhtart (button) (small blind) folded before Flop
Seat 2: chipsdigme86 (big blind) collected ($2)


PokerStars Hand #145774261176:  Hold'em Limit ($3/$6 USD) - 2015/12/22 21:53:26 ET
Table 'Thia' 2-max Seat #2 is the button
Seat 1: aruhtart ($120 in chips)
Seat 2: chipsdigme86 ($283.07 in chips)
chipsdigme86: posts small blind $1
aruhtart: posts big blind $3
*** HOLE CARDS ***
chipsdigme86: folds
Uncalled bet ($2) returned to aruhtart
aruhtart collected $2 from pot
aruhtart: doesn't show hand
*** SUMMARY ***
Total pot $2 | Rake $0
Seat 1: aruhtart (big blind) collected ($2)
Seat 2: chipsdigme86 (button) (small blind) folded before Flop


PokerStars Hand #145774257613:  Hold'em Limit ($3/$6 USD) - 2015/12/22 21:53:18 ET
Table 'Thia' 2-max Seat #1 is the button
Seat 1: aruhtart ($124 in chips)
Seat 2: chipsdigme86 ($274.43 in chips)
aruhtart: posts small blind $1
chipsdigme86: posts big blind $3
*** HOLE CARDS ***
aruhtart: raises $3 to $6
chipsdigme86: raises $3 to $9
aruhtart: calls $3
*** FLOP *** [Ad 4s Kd]
chipsdigme86: bets $3
aruhtart: folds
Uncalled bet ($3) returned to chipsdigme86
chipsdigme86 collected $17.64 from pot
*** SUMMARY ***
Total pot $18 | Rake $0.36
Board [Ad 4s Kd]
Seat 1: aruhtart (button) (small blind) folded on the Flop
Seat 2: chipsdigme86 (big blind) collected ($17.64)


PokerStars Hand #145774266955:  Hold'em Limit ($3/$6 USD) - 2015/12/22 21:53:40 ET
Table 'Thia' 2-max Seat #1 is the button
Seat 1: aruhtart ($120 in chips)
Seat 2: chipsdigme86 ($286.07 in chips)
aruhtart: posts small blind $1
chipsdigme86: posts big blind $3
*** HOLE CARDS ***
aruhtart: raises $3 to $6
chipsdigme86: folds
Uncalled bet ($3) returned to aruhtart
aruhtart collected $6 from pot
aruhtart: doesn't show hand
*** SUMMARY ***
Total pot $6 | Rake $0
Seat 1: aruhtart (button) (small blind) collected ($6)
Seat 2: chipsdigme86 (big blind) folded before Flop


PokerStars Hand #145774264901:  Hold'em Limit ($3/$6 USD) - 2015/12/22 21:53:35 ET
Table 'Thia' 2-max Seat #2 is the button
Seat 1: aruhtart ($120 in chips)
Seat 2: chipsdigme86 ($283.07 in chips)
chipsdigme86: posts small blind $1
aruhtart: posts big blind $3
*** HOLE CARDS ***
chipsdigme86: raises $3 to $6
aruhtart: folds
Uncalled bet ($3) returned to chipsdigme86
chipsdigme86 collected $6 from pot
*** SUMMARY ***
Total pot $6 | Rake $0
Seat 1: aruhtart (big blind) folded before Flop
Seat 2: chipsdigme86 (button) (small blind) collected ($6)


PokerStars Hand #145774269862:  Hold'em Limit ($3/$6 USD) - 2015/12/22 21:53:46 ET
Table 'Thia' 2-max Seat #2 is the button
Seat 1: aruhtart ($123 in chips)
Seat 2: chipsdigme86 ($283.07 in chips)
chipsdigme86: posts small blind $1
aruhtart: posts big blind $3
*** HOLE CARDS ***
chipsdigme86: raises $3 to $6
aruhtart: calls $3
*** FLOP *** [Jc 6h 8h]
aruhtart: checks
chipsdigme86: checks
*** TURN *** [Jc 6h 8h] [2c]
aruhtart: checks
chipsdigme86: checks
*** RIVER *** [Jc 6h 8h 2c] [Qh]
aruhtart: bets $6
chipsdigme86: calls $6
*** SHOW DOWN ***
aruhtart: shows [Qs 9h] (a pair of Queens)
chipsdigme86: shows [Qd Ks] (a pair of Queens - King kicker)
chipsdigme86 collected $23.52 from pot
*** SUMMARY ***
Total pot $24 | Rake $0.48
Board [Jc 6h 8h 2c Qh]
Seat 1: aruhtart (big blind) showed [Qs 9h] and lost with a pair of Queens
Seat 2: chipsdigme86 (button) (small blind) showed [Qd Ks] and won ($23.52) with a pair of Queens


PokerStars Hand #145774276182:  Hold'em Limit ($3/$6 USD) - 2015/12/22 21:54:01 ET
Table 'Thia' 2-max Seat #1 is the button
Seat 1: aruhtart ($120 in chips)
Seat 2: chipsdigme86 ($294.59 in chips)
aruhtart: posts small blind $1
chipsdigme86: posts big blind $3
*** HOLE CARDS ***
aruhtart: raises $3 to $6
chipsdigme86: raises $3 to $9
aruhtart: calls $3
*** FLOP *** [Ts 5s Qd]
chipsdigme86: checks
aruhtart: bets $3
chipsdigme86: calls $3
*** TURN *** [Ts 5s Qd] [Js]
chipsdigme86: checks
aruhtart: bets $6
chipsdigme86: folds
Uncalled bet ($6) returned to aruhtart
aruhtart collected $23.52 from pot
aruhtart: doesn't show hand
*** SUMMARY ***
Total pot $24 | Rake $0.48
Board [Ts 5s Qd Js]
Seat 1: aruhtart (button) (small blind) collected ($23.52)
Seat 2: chipsdigme86 (big blind) folded on the Turn


PokerStars Hand #145774303190:  Hold'em Limit ($3/$6 USD) - 2015/12/22 21:55:02 ET
Table 'Thia' 2-max Seat #1 is the button
Seat 1: aruhtart ($131.52 in chips)
Seat 2: chipsdigme86 ($307.59 in chips)
aruhtart: posts small blind $1
chipsdigme86: posts big blind $3
*** HOLE CARDS ***
aruhtart: raises $3 to $6
chipsdigme86: raises $3 to $9
aruhtart: calls $3
*** FLOP *** [4h Ac 3s]
chipsdigme86: bets $3
aruhtart: calls $3
*** TURN *** [4h Ac 3s] [6s]
chipsdigme86: checks
aruhtart: checks
*** RIVER *** [4h Ac 3s 6s] [5s]
chipsdigme86: checks
aruhtart: checks
*** SHOW DOWN ***
chipsdigme86: shows [8s Qs] (a flush, Queen high)
aruhtart: mucks hand
chipsdigme86 collected $23.52 from pot
*** SUMMARY ***
Total pot $24 | Rake $0.48
Board [4h Ac 3s 6s 5s]
Seat 1: aruhtart (button) (small blind) mucked
Seat 2: chipsdigme86 (big blind) showed [8s Qs] and won ($23.52) with a flush, Queen high


PokerStars Hand #145774290337:  Hold'em Limit ($3/$6 USD) - 2015/12/22 21:54:33 ET
Table 'Thia' 2-max Seat #2 is the button
Seat 1: aruhtart ($123 in chips)
Seat 2: chipsdigme86 ($306.09 in chips)
chipsdigme86: posts small blind $1
aruhtart: posts big blind $3
*** HOLE CARDS ***
chipsdigme86: folds
Uncalled bet ($2) returned to aruhtart
aruhtart collected $2 from pot
aruhtart: doesn't show hand
*** SUMMARY ***
Total pot $2 | Rake $0
Seat 1: aruhtart (big blind) collected ($2)
Seat 2: chipsdigme86 (button) (small blind) folded before Flop


PokerStars Hand #145774292414:  Hold'em Limit ($3/$6 USD) - 2015/12/22 21:54:38 ET
Table 'Thia' 2-max Seat #1 is the button
Seat 1: aruhtart ($124 in chips)
Seat 2: chipsdigme86 ($305.09 in chips)
aruhtart: posts small blind $1
chipsdigme86: posts big blind $3
*** HOLE CARDS ***
aruhtart: raises $3 to $6
chipsdigme86: calls $3
*** FLOP *** [8s Ad 6c]
chipsdigme86: checks
aruhtart: bets $3
chipsdigme86: calls $3
*** TURN *** [8s Ad 6c] [7d]
chipsdigme86: checks
aruhtart: checks
*** RIVER *** [8s Ad 6c 7d] [Td]
chipsdigme86: bets $6
aruhtart: calls $6
*** SHOW DOWN ***
chipsdigme86: shows [Qh 9c] (a straight, Six to Ten)
aruhtart: mucks hand
chipsdigme86 collected $29.50 from pot
*** SUMMARY ***
Total pot $30 | Rake $0.50
Board [8s Ad 6c 7d Td]
Seat 1: aruhtart (button) (small blind) mucked
Seat 2: chipsdigme86 (big blind) showed [Qh 9c] and won ($29.50) with a straight, Six to Ten


PokerStars Hand #145774297391:  Hold'em Limit ($3/$6 USD) - 2015/12/22 21:54:49 ET
Table 'Thia' 2-max Seat #2 is the button
Seat 1: aruhtart ($120 in chips)
Seat 2: chipsdigme86 ($319.59 in chips)
chipsdigme86: posts small blind $1
aruhtart: posts big blind $3
*** HOLE CARDS ***
chipsdigme86: raises $3 to $6
aruhtart: calls $3
*** FLOP *** [3h Kc 8c]
aruhtart: checks
chipsdigme86: checks
*** TURN *** [3h Kc 8c] [6c]
aruhtart: bets $6
chipsdigme86: calls $6
*** RIVER *** [3h Kc 8c 6c] [Th]
aruhtart: bets $6
chipsdigme86: folds
Uncalled bet ($6) returned to aruhtart
aruhtart collected $23.52 from pot
aruhtart: doesn't show hand
*** SUMMARY ***
Total pot $24 | Rake $0.48
Board [3h Kc 8c 6c Th]
Seat 1: aruhtart (big blind) collected ($23.52)
Seat 2: chipsdigme86 (button) (small blind) folded on the River


PokerStars Hand #145774288081:  Hold'em Limit ($3/$6 USD) - 2015/12/22 21:54:28 ET
Table 'Thia' 2-max Seat #1 is the button
Seat 1: aruhtart ($120 in chips)
Seat 2: chipsdigme86 ($309.09 in chips)
aruhtart: posts small blind $1
chipsdigme86: posts big blind $3
*** HOLE CARDS ***
aruhtart: raises $3 to $6
chipsdigme86: folds
Uncalled bet ($3) returned to aruhtart
aruhtart collected $6 from pot
aruhtart: doesn't show hand
*** SUMMARY ***
Total pot $6 | Rake $0
Seat 1: aruhtart (button) (small blind) collected ($6)
Seat 2: chipsdigme86 (big blind) folded before Flop


PokerStars Hand #145774281776:  Hold'em Limit ($3/$6 USD) - 2015/12/22 21:54:14 ET
Table 'Thia' 2-max Seat #2 is the button
Seat 1: aruhtart ($131.52 in chips)
Seat 2: chipsdigme86 ($282.59 in chips)
chipsdigme86: posts small blind $1
aruhtart: posts big blind $3
*** HOLE CARDS ***
chipsdigme86: raises $3 to $6
aruhtart: calls $3
*** FLOP *** [Js As 7s]
aruhtart: checks
chipsdigme86: bets $3
aruhtart: calls $3
*** TURN *** [Js As 7s] [4h]
aruhtart: checks
chipsdigme86: bets $6
aruhtart: calls $6
*** RIVER *** [Js As 7s 4h] [2s]
aruhtart: bets $6
chipsdigme86: raises $6 to $12
aruhtart: calls $6
*** SHOW DOWN ***
chipsdigme86: shows [Kc Qs] (a flush, Ace high)
aruhtart: mucks hand
chipsdigme86 collected $53.50 from pot
*** SUMMARY ***
Total pot $54 | Rake $0.50
Board [Js As 7s 4h 2s]
Seat 1: aruhtart (big blind) mucked
Seat 2: chipsdigme86 (button) (small blind) showed [Kc Qs] and won ($53.50) with a flush, Ace high


PokerStars Hand #145774331380:  Hold'em Limit ($3/$6 USD) - 2015/12/22 21:56:18 ET
Table 'Thia' 2-max Seat #1 is the button
Seat 1: aruhtart ($140.50 in chips)
Seat 2: chipsdigme86 ($298.11 in chips)
aruhtart: posts small blind $1
chipsdigme86: posts big blind $3
*** HOLE CARDS ***
aruhtart: raises $3 to $6
chipsdigme86: calls $3
*** FLOP *** [Jd Qc 4h]
chipsdigme86: checks
aruhtart: bets $3
chipsdigme86: folds
Uncalled bet ($3) returned to aruhtart
aruhtart collected $11.76 from pot
aruhtart: doesn't show hand
*** SUMMARY ***
Total pot $12 | Rake $0.24
Board [Jd Qc 4h]
Seat 1: aruhtart (button) (small blind) collected ($11.76)
Seat 2: chipsdigme86 (big blind) folded on the Flop


PokerStars Hand #145774318632:  Hold'em Limit ($3/$6 USD) - 2015/12/22 21:55:44 ET
Table 'Thia' 2-max Seat #2 is the button
Seat 1: aruhtart ($143.50 in chips)
Seat 2: chipsdigme86 ($295.11 in chips)
chipsdigme86: posts small blind $1
aruhtart: posts big blind $3
*** HOLE CARDS ***
chipsdigme86: folds
Uncalled bet ($2) returned to aruhtart
aruhtart collected $2 from pot
aruhtart: doesn't show hand
*** SUMMARY ***
Total pot $2 | Rake $0
Seat 1: aruhtart (big blind) collected ($2)
Seat 2: chipsdigme86 (button) (small blind) folded before Flop


PokerStars Hand #145774317047:  Hold'em Limit ($3/$6 USD) - 2015/12/22 21:55:40 ET
Table 'Thia' 2-max Seat #1 is the button
Seat 1: aruhtart ($140.50 in chips)
Seat 2: chipsdigme86 ($298.11 in chips)
aruhtart: posts small blind $1
chipsdigme86: posts big blind $3
*** HOLE CARDS ***
aruhtart: raises $3 to $6
chipsdigme86: folds
Uncalled bet ($3) returned to aruhtart
aruhtart collected $6 from pot
aruhtart: doesn't show hand
*** SUMMARY ***
Total pot $6 | Rake $0
Seat 1: aruhtart (button) (small blind) collected ($6)
Seat 2: chipsdigme86 (big blind) folded before Flop


PokerStars Hand #145774310528:  Hold'em Limit ($3/$6 USD) - 2015/12/22 21:55:22 ET
Table 'Thia' 2-max Seat #2 is the button
Seat 1: aruhtart ($120 in chips)
Seat 2: chipsdigme86 ($319.11 in chips)
chipsdigme86: posts small blind $1
aruhtart: posts big blind $3
*** HOLE CARDS ***
chipsdigme86: raises $3 to $6
aruhtart: calls $3
*** FLOP *** [Ts 4h 2s]
aruhtart: checks
chipsdigme86: bets $3
aruhtart: calls $3
*** TURN *** [Ts 4h 2s] [7h]
aruhtart: bets $6
chipsdigme86: calls $6
*** RIVER *** [Ts 4h 2s 7h] [3s]
aruhtart: bets $6
chipsdigme86: calls $6
*** SHOW DOWN ***
aruhtart: shows [7c Ad] (a pair of Sevens)
chipsdigme86: mucks hand
aruhtart collected $41.50 from pot
*** SUMMARY ***
Total pot $42 | Rake $0.50
Board [Ts 4h 2s 7h 3s]
Seat 1: aruhtart (big blind) showed [7c Ad] and won ($41.50) with a pair of Sevens
Seat 2: chipsdigme86 (button) (small blind) mucked


PokerStars Hand #145774328072:  Hold'em Limit ($3/$6 USD) - 2015/12/22 21:56:09 ET
Table 'Thia' 2-max Seat #1 is the button
Seat 1: aruhtart ($144.50 in chips)
Seat 2: chipsdigme86 ($294.11 in chips)
aruhtart: posts small blind $1
chipsdigme86: posts big blind $3
*** HOLE CARDS ***
aruhtart: folds
Uncalled bet ($2) returned to chipsdigme86
chipsdigme86 collected $2 from pot
*** SUMMARY ***
Total pot $2 | Rake $0
Seat 1: aruhtart (button) (small blind) folded before Flop
Seat 2: chipsdigme86 (big blind) collected ($2)


PokerStars Hand #145774352289:  Hold'em Limit ($3/$6 USD) - 2015/12/22 21:57:15 ET
Table 'Thia' 2-max Seat #1 is the button
Seat 1: aruhtart ($120 in chips)
Seat 2: chipsdigme86 ($321.01 in chips)
aruhtart: posts small blind $1
chipsdigme86: posts big blind $3
*** HOLE CARDS ***
aruhtart: raises $3 to $6
chipsdigme86: raises $3 to $9
aruhtart: calls $3
*** FLOP *** [Qs Ks 3s]
chipsdigme86: bets $3
aruhtart: calls $3
*** TURN *** [Qs Ks 3s] [Ac]
chipsdigme86: bets $6
aruhtart: calls $6
*** RIVER *** [Qs Ks 3s Ac] [6h]
chipsdigme86: bets $6
aruhtart: raises $6 to $12
chipsdigme86: calls $6
*** SHOW DOWN ***
aruhtart: shows [Kc Qc] (two pair, Kings and Queens)
chipsdigme86: shows [3h 3c] (three of a kind, Threes)
chipsdigme86 collected $59.50 from pot
*** SUMMARY ***
Total pot $60 | Rake $0.50
Board [Qs Ks 3s Ac 6h]
Seat 1: aruhtart (button) (small blind) showed [Kc Qc] and lost with two pair, Kings and Queens
Seat 2: chipsdigme86 (big blind) showed [3h 3c] and won ($59.50) with three of a kind, Threes


PokerStars Hand #145774334339:  Hold'em Limit ($3/$6 USD) - 2015/12/22 21:56:26 ET
Table 'Thia' 2-max Seat #2 is the button
Seat 1: aruhtart ($146.26 in chips)
Seat 2: chipsdigme86 ($292.11 in chips)
chipsdigme86: posts small blind $1
aruhtart: posts big blind $3
*** HOLE CARDS ***
chipsdigme86: raises $3 to $6
aruhtart: folds
Uncalled bet ($3) returned to chipsdigme86
chipsdigme86 collected $6 from pot
*** SUMMARY ***
Total pot $6 | Rake $0
Seat 1: aruhtart (big blind) folded before Flop
Seat 2: chipsdigme86 (button) (small blind) collected ($6)


PokerStars Hand #145774348970:  Hold'em Limit ($3/$6 USD) - 2015/12/22 21:57:06 ET
Table 'Thia' 2-max Seat #2 is the button
Seat 1: aruhtart ($125.76 in chips)
Seat 2: chipsdigme86 ($315.25 in chips)
chipsdigme86: posts small blind $1
aruhtart: posts big blind $3
*** HOLE CARDS ***
chipsdigme86: raises $3 to $6
aruhtart: calls $3
*** FLOP *** [As 4c 8c]
aruhtart: checks
chipsdigme86: checks
*** TURN *** [As 4c 8c] [9c]
aruhtart: checks
chipsdigme86: bets $6
aruhtart: folds
Uncalled bet ($6) returned to chipsdigme86
chipsdigme86 collected $11.76 from pot
*** SUMMARY ***
Total pot $12 | Rake $0.24
Board [As 4c 8c 9c]
Seat 1: aruhtart (big blind) folded on the Turn
Seat 2: chipsdigme86 (button) (small blind) collected ($11.76)


PokerStars Hand #145774336416:  Hold'em Limit ($3/$6 USD) - 2015/12/22 21:56:32 ET
Table 'Thia' 2-max Seat #1 is the button
Seat 1: aruhtart ($143.26 in chips)
Seat 2: chipsdigme86 ($295.11 in chips)
aruhtart: posts small blind $1
chipsdigme86: posts big blind $3
*** HOLE CARDS ***
aruhtart: raises $3 to $6
chipsdigme86: calls $3
*** FLOP *** [2c 7h 6h]
chipsdigme86: bets $3
aruhtart: calls $3
*** TURN *** [2c 7h 6h] [Qd]
chipsdigme86: checks
aruhtart: checks
*** RIVER *** [2c 7h 6h Qd] [Ts]
chipsdigme86: bets $6
aruhtart: folds
Uncalled bet ($6) returned to chipsdigme86
chipsdigme86 collected $17.64 from pot
*** SUMMARY ***
Total pot $18 | Rake $0.36
Board [2c 7h 6h Qd Ts]
Seat 1: aruhtart (button) (small blind) folded on the River
Seat 2: chipsdigme86 (big blind) collected ($17.64)


PokerStars Hand #145774341715:  Hold'em Limit ($3/$6 USD) - 2015/12/22 21:56:46 ET
Table 'Thia' 2-max Seat #2 is the button
Seat 1: aruhtart ($134.26 in chips)
Seat 2: chipsdigme86 ($303.75 in chips)
chipsdigme86: posts small blind $1
aruhtart: posts big blind $3
*** HOLE CARDS ***
chipsdigme86: raises $3 to $6
aruhtart: calls $3
*** FLOP *** [Jd 9d 4c]
aruhtart: checks
chipsdigme86: checks
*** TURN *** [Jd 9d 4c] [7d]
aruhtart: bets $6
chipsdigme86: calls $6
*** RIVER *** [Jd 9d 4c 7d] [9c]
aruhtart: bets $6
chipsdigme86: calls $6
*** SHOW DOWN ***
aruhtart: shows [8c 6h] (a pair of Nines)
chipsdigme86: shows [Ad 5h] (a pair of Nines - Ace kicker)
chipsdigme86 collected $35.50 from pot
*** SUMMARY ***
Total pot $36 | Rake $0.50
Board [Jd 9d 4c 7d 9c]
Seat 1: aruhtart (big blind) showed [8c 6h] and lost with a pair of Nines
Seat 2: chipsdigme86 (button) (small blind) showed [Ad 5h] and won ($35.50) with a pair of Nines


PokerStars Hand #145774346144:  Hold'em Limit ($3/$6 USD) - 2015/12/22 21:56:58 ET
Table 'Thia' 2-max Seat #1 is the button
Seat 1: aruhtart ($120 in chips)
Seat 2: chipsdigme86 ($321.25 in chips)
aruhtart: posts small blind $1
chipsdigme86: posts big blind $3
*** HOLE CARDS ***
aruhtart: raises $3 to $6
chipsdigme86: calls $3
*** FLOP *** [Qc Th 3h]
chipsdigme86: checks
aruhtart: bets $3
chipsdigme86: folds
Uncalled bet ($3) returned to aruhtart
aruhtart collected $11.76 from pot
aruhtart: doesn't show hand
*** SUMMARY ***
Total pot $12 | Rake $0.24
Board [Qc Th 3h]
Seat 1: aruhtart (button) (small blind) collected ($11.76)
Seat 2: chipsdigme86 (big blind) folded on the Flop


PokerStars Hand #145774377426:  Hold'em Limit ($3/$6 USD) - 2015/12/22 21:58:22 ET
Table 'Thia' 2-max Seat #2 is the button
Seat 1: aruhtart ($129.38 in chips)
Seat 2: chipsdigme86 ($340.15 in chips)
chipsdigme86: posts small blind $1
aruhtart: posts big blind $3
*** HOLE CARDS ***
chipsdigme86: folds
Uncalled bet ($2) returned to aruhtart
aruhtart collected $2 from pot
aruhtart: doesn't show hand
*** SUMMARY ***
Total pot $2 | Rake $0
Seat 1: aruhtart (big blind) collected ($2)
Seat 2: chipsdigme86 (button) (small blind) folded before Flop


PokerStars Hand #145774374950:  Hold'em Limit ($3/$6 USD) - 2015/12/22 21:58:15 ET
Table 'Thia' 2-max Seat #1 is the button
Seat 1: aruhtart ($138.38 in chips)
Seat 2: chipsdigme86 ($331.51 in chips)
aruhtart: posts small blind $1
chipsdigme86: posts big blind $3
*** HOLE CARDS ***
aruhtart: raises $3 to $6
chipsdigme86: raises $3 to $9
aruhtart: calls $3
*** FLOP *** [5d Ah 6d]
chipsdigme86: bets $3
aruhtart: folds
Uncalled bet ($3) returned to chipsdigme86
chipsdigme86 collected $17.64 from pot
*** SUMMARY ***
Total pot $18 | Rake $0.36
Board [5d Ah 6d]
Seat 1: aruhtart (button) (small blind) folded on the Flop
Seat 2: chipsdigme86 (big blind) collected ($17.64)


PokerStars Hand #145774373112:  Hold'em Limit ($3/$6 USD) - 2015/12/22 21:58:11 ET
Table 'Thia' 2-max Seat #2 is the button
Seat 1: aruhtart ($141.38 in chips)
Seat 2: chipsdigme86 ($328.51 in chips)
chipsdigme86: posts small blind $1
aruhtart: posts big blind $3
*** HOLE CARDS ***
chipsdigme86: raises $3 to $6
aruhtart: folds
Uncalled bet ($3) returned to chipsdigme86
chipsdigme86 collected $6 from pot
*** SUMMARY ***
Total pot $6 | Rake $0
Seat 1: aruhtart (big blind) folded before Flop
Seat 2: chipsdigme86 (button) (small blind) collected ($6)


PokerStars Hand #145774363305:  Hold'em Limit ($3/$6 USD) - 2015/12/22 21:57:44 ET
Table 'Thia' 2-max Seat #1 is the button
Seat 1: aruhtart ($122.88 in chips)
Seat 2: chipsdigme86 ($347.51 in chips)
aruhtart: posts small blind $1
chipsdigme86: posts big blind $3
*** HOLE CARDS ***
aruhtart: folds
Uncalled bet ($2) returned to chipsdigme86
chipsdigme86 collected $2 from pot
*** SUMMARY ***
Total pot $2 | Rake $0
Seat 1: aruhtart (button) (small blind) folded before Flop
Seat 2: chipsdigme86 (big blind) collected ($2)


PokerStars Hand #145774358608:  Hold'em Limit ($3/$6 USD) - 2015/12/22 21:57:31 ET
Table 'Thia' 2-max Seat #2 is the button
Seat 1: aruhtart ($120 in chips)
Seat 2: chipsdigme86 ($350.51 in chips)
chipsdigme86: posts small blind $1
aruhtart: posts big blind $3
*** HOLE CARDS ***
chipsdigme86: calls $2
aruhtart: checks
*** FLOP *** [6h Ad 9d]
aruhtart: bets $3
chipsdigme86: folds
Uncalled bet ($3) returned to aruhtart
aruhtart collected $5.88 from pot
aruhtart: doesn't show hand
*** SUMMARY ***
Total pot $6 | Rake $0.12
Board [6h Ad 9d]
Seat 1: aruhtart (big blind) collected ($5.88)
Seat 2: chipsdigme86 (button) (small blind) folded on the Flop


PokerStars Hand #145774371429:  Hold'em Limit ($3/$6 USD) - 2015/12/22 21:58:06 ET
Table 'Thia' 2-max Seat #1 is the button
Seat 1: aruhtart ($142.38 in chips)
Seat 2: chipsdigme86 ($327.51 in chips)
aruhtart: posts small blind $1
chipsdigme86: posts big blind $3
*** HOLE CARDS ***
aruhtart: folds
Uncalled bet ($2) returned to chipsdigme86
chipsdigme86 collected $2 from pot
*** SUMMARY ***
Total pot $2 | Rake $0
Seat 1: aruhtart (button) (small blind) folded before Flop
Seat 2: chipsdigme86 (big blind) collected ($2)


PokerStars Hand #145774379041:  Hold'em Limit ($3/$6 USD) - 2015/12/22 21:58:27 ET
Table 'Thia' 2-max Seat #1 is the button
Seat 1: aruhtart ($130.38 in chips)
Seat 2: chipsdigme86 ($339.15 in chips)
aruhtart: posts small blind $1
chipsdigme86: posts big blind $3
*** HOLE CARDS ***
aruhtart: raises $3 to $6
chipsdigme86: calls $3
*** FLOP *** [2h 8d 4c]
chipsdigme86: checks
aruhtart: bets $3
chipsdigme86: calls $3
*** TURN *** [2h 8d 4c] [8c]
chipsdigme86: checks
aruhtart: bets $6
chipsdigme86: calls $6
*** RIVER *** [2h 8d 4c 8c] [5c]
chipsdigme86: checks
aruhtart: bets $6
chipsdigme86: calls $6
*** SHOW DOWN ***
aruhtart: shows [7h Jh] (a pair of Eights)
chipsdigme86: shows [6c 5d] (two pair, Eights and Fives)
chipsdigme86 collected $41.50 from pot
*** SUMMARY ***
Total pot $42 | Rake $0.50
Board [2h 8d 4c 8c 5c]
Seat 1: aruhtart (button) (small blind) showed [7h Jh] and lost with a pair of Eights
Seat 2: chipsdigme86 (big blind) showed [6c 5d] and won ($41.50) with two pair, Eights and Fives


PokerStars Hand #145774392456:  Hold'em Limit ($3/$6 USD) - 2015/12/22 21:59:03 ET
Table 'Thia' 2-max Seat #1 is the button
Seat 1: aruhtart ($120 in chips)
Seat 2: chipsdigme86 ($374.15 in chips)
aruhtart: posts small blind $1
chipsdigme86: posts big blind $3
*** HOLE CARDS ***
aruhtart: raises $3 to $6
chipsdigme86: raises $3 to $9
aruhtart: calls $3
*** FLOP *** [8c 8s Th]
chipsdigme86: bets $3
aruhtart: folds
Uncalled bet ($3) returned to chipsdigme86
chipsdigme86 collected $17.64 from pot
*** SUMMARY ***
Total pot $18 | Rake $0.36
Board [8c 8s Th]
Seat 1: aruhtart (button) (small blind) folded on the Flop
Seat 2: chipsdigme86 (big blind) collected ($17.64)


PokerStars Hand #145774396821:  Hold'em Limit ($3/$6 USD) - 2015/12/22 21:59:15 ET
Table 'Thia' 2-max Seat #1 is the button
Seat 1: aruhtart ($121 in chips)
Seat 2: chipsdigme86 ($381.79 in chips)
aruhtart: posts small blind $1
chipsdigme86: posts big blind $3
*** HOLE CARDS ***
aruhtart: raises $3 to $6
chipsdigme86: folds
Uncalled bet ($3) returned to aruhtart
aruhtart collected $6 from pot
aruhtart: doesn't show hand
*** SUMMARY ***
Total pot $6 | Rake $0
Seat 1: aruhtart (button) (small blind) collected ($6)
Seat 2: chipsdigme86 (big blind) folded before Flop


PokerStars Hand #145774398764:  Hold'em Limit ($3/$6 USD) - 2015/12/22 21:59:20 ET
Table 'Thia' 2-max Seat #2 is the button
Seat 1: aruhtart ($124 in chips)
Seat 2: chipsdigme86 ($378.79 in chips)
chipsdigme86: posts small blind $1
aruhtart: posts big blind $3
*** HOLE CARDS ***
chipsdigme86: raises $3 to $6
aruhtart: calls $3
*** FLOP *** [Js Jc 9c]
aruhtart: checks
chipsdigme86: checks
*** TURN *** [Js Jc 9c] [7s]
aruhtart: checks
chipsdigme86: checks
*** RIVER *** [Js Jc 9c 7s] [Ad]
aruhtart: checks
chipsdigme86: bets $6
aruhtart: folds
Uncalled bet ($6) returned to chipsdigme86
chipsdigme86 collected $11.76 from pot
*** SUMMARY ***
Total pot $12 | Rake $0.24
Board [Js Jc 9c 7s Ad]
Seat 1: aruhtart (big blind) folded on the River
Seat 2: chipsdigme86 (button) (small blind) collected ($11.76)


PokerStars Hand #145774418084:  Hold'em Limit ($3/$6 USD) - 2015/12/22 22:00:12 ET
Table 'Thia' 2-max Seat #2 is the button
Seat 1: aruhtart ($123 in chips)
Seat 2: chipsdigme86 ($381.31 in chips)
chipsdigme86: posts small blind $1
aruhtart: posts big blind $3
*** HOLE CARDS ***
chipsdigme86: raises $3 to $6
aruhtart: raises $3 to $9
chipsdigme86: calls $3
*** FLOP *** [Qd 8d 9d]
aruhtart: bets $3
chipsdigme86: calls $3
*** TURN *** [Qd 8d 9d] [Jd]
aruhtart: bets $6
chipsdigme86: calls $6
*** RIVER *** [Qd 8d 9d Jd] [Qh]
aruhtart: bets $6
chipsdigme86: raises $6 to $12
aruhtart: calls $6
*** SHOW DOWN ***
chipsdigme86: shows [Js Qc] (a full house, Queens full of Jacks)
aruhtart: mucks hand
chipsdigme86 collected $59.50 from pot
*** SUMMARY ***
Total pot $60 | Rake $0.50
Board [Qd 8d 9d Jd Qh]
Seat 1: aruhtart (big blind) mucked
Seat 2: chipsdigme86 (button) (small blind) showed [Js Qc] and won ($59.50) with a full house, Queens full of Jacks


PokerStars Hand #145774410977:  Hold'em Limit ($3/$6 USD) - 2015/12/22 21:59:54 ET
Table 'Thia' 2-max Seat #1 is the button
Seat 1: aruhtart ($126.76 in chips)
Seat 2: chipsdigme86 ($377.55 in chips)
aruhtart: posts small blind $1
chipsdigme86: posts big blind $3
*** HOLE CARDS ***
aruhtart: folds
Uncalled bet ($2) returned to chipsdigme86
chipsdigme86 collected $2 from pot
*** SUMMARY ***
Total pot $2 | Rake $0
Seat 1: aruhtart (button) (small blind) folded before Flop
Seat 2: chipsdigme86 (big blind) collected ($2)


PokerStars Hand #145774412703:  Hold'em Limit ($3/$6 USD) - 2015/12/22 21:59:58 ET
Table 'Thia' 2-max Seat #2 is the button
Seat 1: aruhtart ($125.76 in chips)
Seat 2: chipsdigme86 ($378.55 in chips)
chipsdigme86: posts small blind $1
aruhtart: posts big blind $3
*** HOLE CARDS ***
chipsdigme86: raises $3 to $6
aruhtart: calls $3
*** FLOP *** [Jh 2h 7s]
aruhtart: checks
chipsdigme86: bets $3
aruhtart: folds
Uncalled bet ($3) returned to chipsdigme86
chipsdigme86 collected $11.76 from pot
*** SUMMARY ***
Total pot $12 | Rake $0.24
Board [Jh 2h 7s]
Seat 1: aruhtart (big blind) folded on the Flop
Seat 2: chipsdigme86 (button) (small blind) collected ($11.76)


PokerStars Hand #145774402781:  Hold'em Limit ($3/$6 USD) - 2015/12/22 21:59:31 ET
Table 'Thia' 2-max Seat #1 is the button
Seat 1: aruhtart ($120 in chips)
Seat 2: chipsdigme86 ($384.55 in chips)
aruhtart: posts small blind $1
chipsdigme86: posts big blind $3
*** HOLE CARDS ***
aruhtart: raises $3 to $6
chipsdigme86: folds
Uncalled bet ($3) returned to aruhtart
aruhtart collected $6 from pot
aruhtart: doesn't show hand
*** SUMMARY ***
Total pot $6 | Rake $0
Seat 1: aruhtart (button) (small blind) collected ($6)
Seat 2: chipsdigme86 (big blind) folded before Flop


PokerStars Hand #145774408990:  Hold'em Limit ($3/$6 USD) - 2015/12/22 21:59:48 ET
Table 'Thia' 2-max Seat #2 is the button
Seat 1: aruhtart ($129.76 in chips)
Seat 2: chipsdigme86 ($374.55 in chips)
chipsdigme86: posts small blind $1
aruhtart: posts big blind $3
*** HOLE CARDS ***
chipsdigme86: raises $3 to $6
aruhtart: folds
Uncalled bet ($3) returned to chipsdigme86
chipsdigme86 collected $6 from pot
*** SUMMARY ***
Total pot $6 | Rake $0
Seat 1: aruhtart (big blind) folded before Flop
Seat 2: chipsdigme86 (button) (small blind) collected ($6)


PokerStars Hand #145774406154:  Hold'em Limit ($3/$6 USD) - 2015/12/22 21:59:41 ET
Table 'Thia' 2-max Seat #1 is the button
Seat 1: aruhtart ($124 in chips)
Seat 2: chipsdigme86 ($380.55 in chips)
aruhtart: posts small blind $1
chipsdigme86: posts big blind $3
*** HOLE CARDS ***
aruhtart: raises $3 to $6
chipsdigme86: calls $3
*** FLOP *** [6d Ah 3d]
chipsdigme86: checks
aruhtart: bets $3
chipsdigme86: folds
Uncalled bet ($3) returned to aruhtart
aruhtart collected $11.76 from pot
aruhtart: doesn't show hand
*** SUMMARY ***
Total pot $12 | Rake $0.24
Board [6d Ah 3d]
Seat 1: aruhtart (button) (small blind) collected ($11.76)
Seat 2: chipsdigme86 (big blind) folded on the Flop


PokerStars Hand #145774438420:  Hold'em Limit ($3/$6 USD) - 2015/12/22 22:01:04 ET
Table 'Thia' 2-max Seat #2 is the button
Seat 1: aruhtart ($153.14 in chips)
Seat 2: chipsdigme86 ($376.81 in chips)
chipsdigme86: posts small blind $1
aruhtart: posts big blind $3
*** HOLE CARDS ***
chipsdigme86: raises $3 to $6
aruhtart: calls $3
*** FLOP *** [5s Kh 7s]
aruhtart: checks
chipsdigme86: bets $3
aruhtart: folds
Uncalled bet ($3) returned to chipsdigme86
chipsdigme86 collected $11.76 from pot
*** SUMMARY ***
Total pot $12 | Rake $0.24
Board [5s Kh 7s]
Seat 1: aruhtart (big blind) folded on the Flop
Seat 2: chipsdigme86 (button) (small blind) collected ($11.76)


PokerStars Hand #145774441356:  Hold'em Limit ($3/$6 USD) - 2015/12/22 22:01:11 ET
Table 'Thia' 2-max Seat #1 is the button
Seat 1: aruhtart ($147.14 in chips)
Seat 2: chipsdigme86 ($382.57 in chips)
aruhtart: posts small blind $1
chipsdigme86: posts big blind $3
*** HOLE CARDS ***
aruhtart: raises $3 to $6
chipsdigme86: calls $3
*** FLOP *** [5c 7h 2h]
chipsdigme86: checks
aruhtart: checks
*** TURN *** [5c 7h 2h] [9c]
chipsdigme86: bets $6
aruhtart: calls $6
*** RIVER *** [5c 7h 2h 9c] [Js]
chipsdigme86: checks
aruhtart: bets $6
chipsdigme86: folds
Uncalled bet ($6) returned to aruhtart
aruhtart collected $23.52 from pot
aruhtart: doesn't show hand
*** SUMMARY ***
Total pot $24 | Rake $0.48
Board [5c 7h 2h 9c Js]
Seat 1: aruhtart (button) (small blind) collected ($23.52)
Seat 2: chipsdigme86 (big blind) folded on the River


PokerStars Hand #145774436380:  Hold'em Limit ($3/$6 USD) - 2015/12/22 22:00:59 ET
Table 'Thia' 2-max Seat #1 is the button
Seat 1: aruhtart ($150.14 in chips)
Seat 2: chipsdigme86 ($379.81 in chips)
aruhtart: posts small blind $1
chipsdigme86: posts big blind $3
*** HOLE CARDS ***
aruhtart: raises $3 to $6
chipsdigme86: folds
Uncalled bet ($3) returned to aruhtart
aruhtart collected $6 from pot
aruhtart: doesn't show hand
*** SUMMARY ***
Total pot $6 | Rake $0
Seat 1: aruhtart (button) (small blind) collected ($6)
Seat 2: chipsdigme86 (big blind) folded before Flop


PokerStars Hand #145774431625:  Hold'em Limit ($3/$6 USD) - 2015/12/22 22:00:47 ET
Table 'Thia' 2-max Seat #2 is the button
Seat 1: aruhtart ($132.64 in chips)
Seat 2: chipsdigme86 ($397.81 in chips)
chipsdigme86: posts small blind $1
aruhtart: posts big blind $3
*** HOLE CARDS ***
chipsdigme86: raises $3 to $6
aruhtart: calls $3
*** FLOP *** [5d 7c Js]
aruhtart: checks
chipsdigme86: checks
*** TURN *** [5d 7c Js] [4s]
aruhtart: bets $6
chipsdigme86: calls $6
*** RIVER *** [5d 7c Js 4s] [Jc]
aruhtart: bets $6
chipsdigme86: calls $6
*** SHOW DOWN ***
aruhtart: shows [8s 7h] (two pair, Jacks and Sevens)
chipsdigme86: mucks hand
aruhtart collected $35.50 from pot
*** SUMMARY ***
Total pot $36 | Rake $0.50
Board [5d 7c Js 4s Jc]
Seat 1: aruhtart (big blind) showed [8s 7h] and won ($35.50) with two pair, Jacks and Sevens
Seat 2: chipsdigme86 (button) (small blind) mucked


PokerStars Hand #145774447617:  Hold'em Limit ($3/$6 USD) - 2015/12/22 22:01:26 ET
Table 'Thia' 2-max Seat #2 is the button
Seat 1: aruhtart ($158.66 in chips)
Seat 2: chipsdigme86 ($370.57 in chips)
chipsdigme86: posts small blind $1
aruhtart: posts big blind $3
*** HOLE CARDS ***
chipsdigme86: folds
Uncalled bet ($2) returned to aruhtart
aruhtart collected $2 from pot
aruhtart: doesn't show hand
*** SUMMARY ***
Total pot $2 | Rake $0
Seat 1: aruhtart (big blind) collected ($2)
Seat 2: chipsdigme86 (button) (small blind) folded before Flop


PokerStars Hand #145774429620:  Hold'em Limit ($3/$6 USD) - 2015/12/22 22:00:42 ET
Table 'Thia' 2-max Seat #1 is the button
Seat 1: aruhtart ($129.64 in chips)
Seat 2: chipsdigme86 ($400.81 in chips)
aruhtart: posts small blind $1
chipsdigme86: posts big blind $3
*** HOLE CARDS ***
aruhtart: raises $3 to $6
chipsdigme86: folds
Uncalled bet ($3) returned to aruhtart
aruhtart collected $6 from pot
aruhtart: doesn't show hand
*** SUMMARY ***
Total pot $6 | Rake $0
Seat 1: aruhtart (button) (small blind) collected ($6)
Seat 2: chipsdigme86 (big blind) folded before Flop


PokerStars Hand #145774427855:  Hold'em Limit ($3/$6 USD) - 2015/12/22 22:00:38 ET
Table 'Thia' 2-max Seat #2 is the button
Seat 1: aruhtart ($128.64 in chips)
Seat 2: chipsdigme86 ($401.81 in chips)
chipsdigme86: posts small blind $1
aruhtart: posts big blind $3
*** HOLE CARDS ***
chipsdigme86: folds
Uncalled bet ($2) returned to aruhtart
aruhtart collected $2 from pot
aruhtart: doesn't show hand
*** SUMMARY ***
Total pot $2 | Rake $0
Seat 1: aruhtart (big blind) collected ($2)
Seat 2: chipsdigme86 (button) (small blind) folded before Flop


PokerStars Hand #145774423875:  Hold'em Limit ($3/$6 USD) - 2015/12/22 22:00:27 ET
Table 'Thia' 2-max Seat #1 is the button
Seat 1: aruhtart ($120 in chips)
Seat 2: chipsdigme86 ($410.81 in chips)
aruhtart: posts small blind $1
chipsdigme86: posts big blind $3
*** HOLE CARDS ***
aruhtart: raises $3 to $6
chipsdigme86: calls $3
*** FLOP *** [5d 5c 2s]
chipsdigme86: checks
aruhtart: bets $3
chipsdigme86: calls $3
*** TURN *** [5d 5c 2s] [2d]
chipsdigme86: checks
aruhtart: bets $6
chipsdigme86: folds
Uncalled bet ($6) returned to aruhtart
aruhtart collected $17.64 from pot
aruhtart: doesn't show hand
*** SUMMARY ***
Total pot $18 | Rake $0.36
Board [5d 5c 2s 2d]
Seat 1: aruhtart (button) (small blind) collected ($17.64)
Seat 2: chipsdigme86 (big blind) folded on the Turn


PokerStars Hand #145774454421:  Hold'em Limit ($3/$6 USD) - 2015/12/22 22:01:42 ET
Table 'Thia' 2-max Seat #2 is the button
Seat 1: aruhtart ($168.30 in chips)
Seat 2: chipsdigme86 ($360.57 in chips)
chipsdigme86: posts small blind $1
aruhtart: posts big blind $3
*** HOLE CARDS ***
chipsdigme86: folds
Uncalled bet ($2) returned to aruhtart
aruhtart collected $2 from pot
aruhtart: doesn't show hand
*** SUMMARY ***
Total pot $2 | Rake $0
Seat 1: aruhtart (big blind) collected ($2)
Seat 2: chipsdigme86 (button) (small blind) folded before Flop


PokerStars Hand #145774449593:  Hold'em Limit ($3/$6 USD) - 2015/12/22 22:01:31 ET
Table 'Thia' 2-max Seat #1 is the button
Seat 1: aruhtart ($159.66 in chips)
Seat 2: chipsdigme86 ($369.57 in chips)
aruhtart: posts small blind $1
chipsdigme86: posts big blind $3
*** HOLE CARDS ***
aruhtart: raises $3 to $6
chipsdigme86: calls $3
*** FLOP *** [Qc 4d 6h]
chipsdigme86: checks
aruhtart: bets $3
chipsdigme86: calls $3
*** TURN *** [Qc 4d 6h] [Ad]
chipsdigme86: checks
aruhtart: bets $6
chipsdigme86: folds
Uncalled bet ($6) returned to aruhtart
aruhtart collected $17.64 from pot
aruhtart: doesn't show hand
*** SUMMARY ***
Total pot $18 | Rake $0.36
Board [Qc 4d 6h Ad]
Seat 1: aruhtart (button) (small blind) collected ($17.64)
Seat 2: chipsdigme86 (big blind) folded on the Turn


