PokerStars Hand #172700465622:  Hold'em Limit ($3/$6 USD) - 2017/07/06 20:18:26 ET
Table 'Thia' 6-max Seat #5 is the button
Seat 1: kusznak ($325.88 in chips)
Seat 5: karambakilla ($109.29 in chips)
karambakilla: posts small blind $1
kusznak: posts big blind $3
*** HOLE CARDS ***
karambakilla: raises $3 to $6
kusznak: folds
Uncalled bet ($3) returned to karambakilla
karambakilla collected $6 from pot
karambakilla: doesn't show hand
*** SUMMARY ***
Total pot $6 | Rake $0
Seat 1: kusznak (big blind) folded before Flop
Seat 5: karambakilla (button) (small blind) collected ($6)


PokerStars Hand #172700460887:  Hold'em Limit ($3/$6 USD) - 2017/07/06 20:18:17 ET
Table 'Thia' 6-max Seat #1 is the button
Seat 1: kusznak ($331.88 in chips)
Seat 5: karambakilla ($103.53 in chips)
kusznak: posts small blind $1
B_loJkl: is sitting out
karambakilla: posts big blind $3
*** HOLE CARDS ***
kusznak: raises $3 to $6
karambakilla: calls $3
*** FLOP *** [5h Qc 6d]
B_loJkl leaves the table
karambakilla: bets $3
kusznak: folds
Uncalled bet ($3) returned to karambakilla
karambakilla collected $11.76 from pot
karambakilla: doesn't show hand
*** SUMMARY ***
Total pot $12 | Rake $0.24
Board [5h Qc 6d]
Seat 1: kusznak (button) (small blind) folded on the Flop
Seat 5: karambakilla (big blind) collected ($11.76)


PokerStars Hand #172700471142:  Hold'em Limit ($3/$6 USD) - 2017/07/06 20:18:38 ET
Table 'Thia' 6-max Seat #5 is the button
Seat 1: kusznak ($325.88 in chips)
Seat 5: karambakilla ($109.29 in chips)
karambakilla: posts small blind $1
kusznak: posts big blind $3
*** HOLE CARDS ***
karambakilla: raises $3 to $6
kusznak: calls $3
*** FLOP *** [7c 8s 6h]
kusznak: checks
karambakilla: checks
*** TURN *** [7c 8s 6h] [3h]
kusznak: checks
karambakilla: bets $6
kusznak: calls $6
*** RIVER *** [7c 8s 6h 3h] [3c]
kusznak: checks
karambakilla: bets $6
kusznak: calls $6
*** SHOW DOWN ***
karambakilla: shows [Jd 7h] (two pair, Sevens and Threes)
kusznak: mucks hand
karambakilla collected $35.50 from pot
*** SUMMARY ***
Total pot $36 | Rake $0.50
Board [7c 8s 6h 3h 3c]
Seat 1: kusznak (big blind) mucked
Seat 5: karambakilla (button) (small blind) showed [Jd 7h] and won ($35.50) with two pair, Sevens and Threes


PokerStars Hand #172700468021:  Hold'em Limit ($3/$6 USD) - 2017/07/06 20:18:31 ET
Table 'Thia' 6-max Seat #1 is the button
Seat 1: kusznak ($322.88 in chips)
Seat 5: karambakilla ($112.29 in chips)
kusznak: posts small blind $1
karambakilla: posts big blind $3
*** HOLE CARDS ***
kusznak: raises $3 to $6
karambakilla: folds
Uncalled bet ($3) returned to kusznak
kusznak collected $6 from pot
kusznak: doesn't show hand
*** SUMMARY ***
Total pot $6 | Rake $0
Seat 1: kusznak (button) (small blind) collected ($6)
Seat 5: karambakilla (big blind) folded before Flop


PokerStars Hand #172700485362:  Hold'em Limit ($3/$6 USD) - 2017/07/06 20:19:07 ET
Table 'Thia' 6-max Seat #5 is the button
Seat 1: kusznak ($328.38 in chips)
Seat 5: karambakilla ($105.79 in chips)
karambakilla: posts small blind $1
kusznak: posts big blind $3
*** HOLE CARDS ***
karambakilla: folds
Uncalled bet ($2) returned to kusznak
kusznak collected $2 from pot
kusznak: doesn't show hand
*** SUMMARY ***
Total pot $2 | Rake $0
Seat 1: kusznak (big blind) collected ($2)
Seat 5: karambakilla (button) (small blind) folded before Flop


PokerStars Hand #172700477569:  Hold'em Limit ($3/$6 USD) - 2017/07/06 20:18:51 ET
Table 'Thia' 6-max Seat #1 is the button
Seat 1: kusznak ($307.88 in chips)
Seat 5: karambakilla ($126.79 in chips)
kusznak: posts small blind $1
karambakilla: posts big blind $3
*** HOLE CARDS ***
kusznak: raises $3 to $6
karambakilla: calls $3
*** FLOP *** [Ts 4h 2c]
karambakilla: checks
kusznak: bets $3
karambakilla: calls $3
*** TURN *** [Ts 4h 2c] [Qc]
karambakilla: checks
kusznak: bets $6
karambakilla: calls $6
*** RIVER *** [Ts 4h 2c Qc] [Ad]
karambakilla: checks
kusznak: bets $6
karambakilla: calls $6
*** SHOW DOWN ***
kusznak: shows [As Jc] (a pair of Aces)
karambakilla: mucks hand
kusznak collected $41.50 from pot
*** SUMMARY ***
Total pot $42 | Rake $0.50
Board [Ts 4h 2c Qc Ad]
Seat 1: kusznak (button) (small blind) showed [As Jc] and won ($41.50) with a pair of Aces
Seat 5: karambakilla (big blind) mucked


PokerStars Hand #172700490987:  Hold'em Limit ($3/$6 USD) - 2017/07/06 20:19:18 ET
Table 'Thia' 6-max Seat #5 is the button
Seat 1: kusznak ($332.38 in chips)
Seat 5: karambakilla ($101.79 in chips)
karambakilla: posts small blind $1
kusznak: posts big blind $3
*** HOLE CARDS ***
karambakilla: folds
Uncalled bet ($2) returned to kusznak
kusznak collected $2 from pot
kusznak: doesn't show hand
*** SUMMARY ***
Total pot $2 | Rake $0
Seat 1: kusznak (big blind) collected ($2)
Seat 5: karambakilla (button) (small blind) folded before Flop


PokerStars Hand #172700488172:  Hold'em Limit ($3/$6 USD) - 2017/07/06 20:19:13 ET
Table 'Thia' 6-max Seat #1 is the button
Seat 1: kusznak ($329.38 in chips)
Seat 5: karambakilla ($104.79 in chips)
kusznak: posts small blind $1
karambakilla: posts big blind $3
*** HOLE CARDS ***
kusznak: raises $3 to $6
karambakilla: folds
Uncalled bet ($3) returned to kusznak
kusznak collected $6 from pot
kusznak: doesn't show hand
*** SUMMARY ***
Total pot $6 | Rake $0
Seat 1: kusznak (button) (small blind) collected ($6)
Seat 5: karambakilla (big blind) folded before Flop


PokerStars Hand #172700500387:  Hold'em Limit ($3/$6 USD) - 2017/07/06 20:19:38 ET
Table 'Thia' 6-max Seat #5 is the button
Seat 1: kusznak ($321.38 in chips)
Seat 5: karambakilla ($112.31 in chips)
karambakilla: posts small blind $1
kusznak: posts big blind $3
*** HOLE CARDS ***
karambakilla: raises $3 to $6
kusznak: calls $3
*** FLOP *** [Ad Qd 9s]
kusznak: checks
karambakilla: checks
*** TURN *** [Ad Qd 9s] [9h]
kusznak: checks
karambakilla: checks
*** RIVER *** [Ad Qd 9s 9h] [Th]
kusznak: checks
karambakilla: bets $6
kusznak: folds
Uncalled bet ($6) returned to karambakilla
karambakilla collected $11.76 from pot
karambakilla: doesn't show hand
*** SUMMARY ***
Total pot $12 | Rake $0.24
Board [Ad Qd 9s 9h Th]
Seat 1: kusznak (big blind) folded on the River
Seat 5: karambakilla (button) (small blind) collected ($11.76)


PokerStars Hand #172700493258:  Hold'em Limit ($3/$6 USD) - 2017/07/06 20:19:23 ET
Table 'Thia' 6-max Seat #1 is the button
Seat 1: kusznak ($333.38 in chips)
Seat 5: karambakilla ($100.79 in chips)
kusznak: posts small blind $1
karambakilla: posts big blind $3
*** HOLE CARDS ***
kusznak: raises $3 to $6
karambakilla: calls $3
*** FLOP *** [3h Js 5d]
karambakilla: checks
kusznak: checks
*** TURN *** [3h Js 5d] [4d]
karambakilla: bets $6
kusznak: calls $6
*** RIVER *** [3h Js 5d 4d] [9d]
karambakilla: bets $6
kusznak: folds
Uncalled bet ($6) returned to karambakilla
karambakilla collected $23.52 from pot
karambakilla: doesn't show hand
*** SUMMARY ***
Total pot $24 | Rake $0.48
Board [3h Js 5d 4d 9d]
Seat 1: kusznak (button) (small blind) folded on the River
Seat 5: karambakilla (big blind) collected ($23.52)


PokerStars Hand #172700510180:  Hold'em Limit ($3/$6 USD) - 2017/07/06 20:19:58 ET
Table 'Thia' 6-max Seat #1 is the button
Seat 1: kusznak ($315.38 in chips)
Seat 5: karambakilla ($118.07 in chips)
kusznak: posts small blind $1
karambakilla: posts big blind $3
*** HOLE CARDS ***
kusznak: raises $3 to $6
karambakilla: calls $3
*** FLOP *** [8s 6h 5s]
karambakilla: checks
kusznak: bets $3
karambakilla: calls $3
*** TURN *** [8s 6h 5s] [9h]
karambakilla: checks
kusznak: checks
*** RIVER *** [8s 6h 5s 9h] [Ts]
karambakilla: checks
kusznak: checks
*** SHOW DOWN ***
karambakilla: shows [2s Ac] (high card Ace)
kusznak: shows [5h 4h] (a pair of Fives)
kusznak collected $17.64 from pot
*** SUMMARY ***
Total pot $18 | Rake $0.36
Board [8s 6h 5s 9h Ts]
Seat 1: kusznak (button) (small blind) showed [5h 4h] and won ($17.64) with a pair of Fives
Seat 5: karambakilla (big blind) showed [2s Ac] and lost with high card Ace


PokerStars Hand #172700527334:  Hold'em Limit ($3/$6 USD) - 2017/07/06 20:20:33 ET
Table 'Thia' 6-max Seat #5 is the button
Seat 1: kusznak ($328.02 in chips)
Seat 5: karambakilla ($105.07 in chips)
karambakilla: posts small blind $1
kusznak: posts big blind $3
*** HOLE CARDS ***
karambakilla: raises $3 to $6
kusznak: calls $3
*** FLOP *** [Ad 6s 7s]
kusznak: checks
karambakilla: checks
*** TURN *** [Ad 6s 7s] [2h]
kusznak: checks
karambakilla: checks
*** RIVER *** [Ad 6s 7s 2h] [6h]
kusznak: checks
karambakilla: checks
*** SHOW DOWN ***
kusznak: shows [8s Kc] (a pair of Sixes)
karambakilla: mucks hand
kusznak collected $11.76 from pot
*** SUMMARY ***
Total pot $12 | Rake $0.24
Board [Ad 6s 7s 2h 6h]
Seat 1: kusznak (big blind) showed [8s Kc] and won ($11.76) with a pair of Sixes
Seat 5: karambakilla (button) (small blind) mucked


PokerStars Hand #172700532884:  Hold'em Limit ($3/$6 USD) - 2017/07/06 20:20:45 ET
Table 'Thia' 6-max Seat #1 is the button
Seat 1: kusznak ($333.78 in chips)
Seat 5: karambakilla ($99.07 in chips)
kusznak: posts small blind $1
karambakilla: posts big blind $3
*** HOLE CARDS ***
kusznak: raises $3 to $6
karambakilla: calls $3
*** FLOP *** [6c 8s 5c]
karambakilla: checks
kusznak: checks
*** TURN *** [6c 8s 5c] [8c]
karambakilla: bets $6
kusznak: calls $6
*** RIVER *** [6c 8s 5c 8c] [3d]
karambakilla: bets $6
kusznak: calls $6
*** SHOW DOWN ***
karambakilla: shows [Jc 9c] (a flush, Jack high)
kusznak: mucks hand
karambakilla collected $35.50 from pot
*** SUMMARY ***
Total pot $36 | Rake $0.50
Board [6c 8s 5c 8c 3d]
Seat 1: kusznak (button) (small blind) mucked
Seat 5: karambakilla (big blind) showed [Jc 9c] and won ($35.50) with a flush, Jack high


PokerStars Hand #172700524958:  Hold'em Limit ($3/$6 USD) - 2017/07/06 20:20:28 ET
Table 'Thia' 6-max Seat #1 is the button
Seat 1: kusznak ($325.02 in chips)
Seat 5: karambakilla ($108.07 in chips)
kusznak: posts small blind $1
karambakilla: posts big blind $3
*** HOLE CARDS ***
kusznak: raises $3 to $6
karambakilla: folds
Uncalled bet ($3) returned to kusznak
kusznak collected $6 from pot
kusznak: doesn't show hand
*** SUMMARY ***
Total pot $6 | Rake $0
Seat 1: kusznak (button) (small blind) collected ($6)
Seat 5: karambakilla (big blind) folded before Flop


PokerStars Hand #172700522716:  Hold'em Limit ($3/$6 USD) - 2017/07/06 20:20:23 ET
Table 'Thia' 6-max Seat #5 is the button
Seat 1: kusznak ($324.02 in chips)
Seat 5: karambakilla ($109.07 in chips)
karambakilla: posts small blind $1
kusznak: posts big blind $3
*** HOLE CARDS ***
karambakilla: folds
Uncalled bet ($2) returned to kusznak
kusznak collected $2 from pot
kusznak: doesn't show hand
*** SUMMARY ***
Total pot $2 | Rake $0
Seat 1: kusznak (big blind) collected ($2)
Seat 5: karambakilla (button) (small blind) folded before Flop


PokerStars Hand #172700545385:  Hold'em Limit ($3/$6 USD) - 2017/07/06 20:20:59 ET
Table 'Thia' 6-max Seat #5 is the button
Seat 1: kusznak ($315.78 in chips)
Seat 5: karambakilla ($116.57 in chips)
karambakilla: posts small blind $1
kusznak: posts big blind $3
*** HOLE CARDS ***
karambakilla: raises $3 to $6
kusznak: calls $3
*** FLOP *** [8h Ts Jc]
kusznak: checks
karambakilla: checks
*** TURN *** [8h Ts Jc] [2h]
kusznak: bets $6
karambakilla: folds
Uncalled bet ($6) returned to kusznak
kusznak collected $11.76 from pot
kusznak: doesn't show hand
*** SUMMARY ***
Total pot $12 | Rake $0.24
Board [8h Ts Jc 2h]
Seat 1: kusznak (big blind) collected ($11.76)
Seat 5: karambakilla (button) (small blind) folded on the Turn


PokerStars Hand #172700520013:  Hold'em Limit ($3/$6 USD) - 2017/07/06 20:20:18 ET
Table 'Thia' 6-max Seat #1 is the button
Seat 1: kusznak ($325.02 in chips)
Seat 5: karambakilla ($108.07 in chips)
kusznak: posts small blind $1
karambakilla: posts big blind $3
*** HOLE CARDS ***
kusznak: folds
Uncalled bet ($2) returned to karambakilla
karambakilla collected $2 from pot
karambakilla: doesn't show hand
*** SUMMARY ***
Total pot $2 | Rake $0
Seat 1: kusznak (button) (small blind) folded before Flop
Seat 5: karambakilla (big blind) collected ($2)


PokerStars Hand #172700517766:  Hold'em Limit ($3/$6 USD) - 2017/07/06 20:20:13 ET
Table 'Thia' 6-max Seat #5 is the button
Seat 1: kusznak ($324.02 in chips)
Seat 5: karambakilla ($109.07 in chips)
karambakilla: posts small blind $1
kusznak: posts big blind $3
*** HOLE CARDS ***
karambakilla: folds
Uncalled bet ($2) returned to kusznak
kusznak collected $2 from pot
kusznak: doesn't show hand
*** SUMMARY ***
Total pot $2 | Rake $0
Seat 1: kusznak (big blind) collected ($2)
Seat 5: karambakilla (button) (small blind) folded before Flop


PokerStars Hand #172700562507:  Hold'em Limit ($3/$6 USD) - 2017/07/06 20:21:34 ET
Table 'Thia' 6-max Seat #5 is the button
Seat 1: kusznak ($321.36 in chips)
Seat 5: karambakilla ($110.39 in chips)
karambakilla: posts small blind $1
kusznak: posts big blind $3
*** HOLE CARDS ***
karambakilla: raises $3 to $6
kusznak: folds
Uncalled bet ($3) returned to karambakilla
karambakilla collected $6 from pot
karambakilla: doesn't show hand
*** SUMMARY ***
Total pot $6 | Rake $0
Seat 1: kusznak (big blind) folded before Flop
Seat 5: karambakilla (button) (small blind) collected ($6)


PokerStars Hand #172700571962:  Hold'em Limit ($3/$6 USD) - 2017/07/06 20:21:54 ET
Table 'Thia' 6-max Seat #5 is the button
Seat 1: kusznak ($309.36 in chips)
Seat 5: karambakilla ($122.03 in chips)
karambakilla: posts small blind $1
kusznak: posts big blind $3
*** HOLE CARDS ***
karambakilla: folds
Uncalled bet ($2) returned to kusznak
kusznak collected $2 from pot
kusznak: doesn't show hand
*** SUMMARY ***
Total pot $2 | Rake $0
Seat 1: kusznak (big blind) collected ($2)
Seat 5: karambakilla (button) (small blind) folded before Flop


PokerStars Hand #172700565449:  Hold'em Limit ($3/$6 USD) - 2017/07/06 20:21:40 ET
Table 'Thia' 6-max Seat #1 is the button
Seat 1: kusznak ($318.36 in chips)
Seat 5: karambakilla ($113.39 in chips)
kusznak: posts small blind $1
karambakilla: posts big blind $3
*** HOLE CARDS ***
kusznak: raises $3 to $6
karambakilla: calls $3
*** FLOP *** [6c Kd 6s]
karambakilla: checks
kusznak: bets $3
karambakilla: calls $3
*** TURN *** [6c Kd 6s] [As]
karambakilla: checks
kusznak: checks
*** RIVER *** [6c Kd 6s As] [Ac]
karambakilla: bets $6
kusznak: folds
Uncalled bet ($6) returned to karambakilla
karambakilla collected $17.64 from pot
karambakilla: doesn't show hand
*** SUMMARY ***
Total pot $18 | Rake $0.36
Board [6c Kd 6s As Ac]
Seat 1: kusznak (button) (small blind) folded on the River
Seat 5: karambakilla (big blind) collected ($17.64)


PokerStars Hand #172700550348:  Hold'em Limit ($3/$6 USD) - 2017/07/06 20:21:10 ET
Table 'Thia' 6-max Seat #1 is the button
Seat 1: kusznak ($321.54 in chips)
Seat 5: karambakilla ($110.57 in chips)
kusznak: posts small blind $1
karambakilla: posts big blind $3
*** HOLE CARDS ***
kusznak: raises $3 to $6
karambakilla: calls $3
*** FLOP *** [3h 6h 6c]
karambakilla: checks
kusznak: bets $3
karambakilla: calls $3
*** TURN *** [3h 6h 6c] [3d]
karambakilla: checks
kusznak: checks
*** RIVER *** [3h 6h 6c 3d] [Qh]
karambakilla: checks
kusznak: checks
*** SHOW DOWN ***
karambakilla: shows [2h Kd] (two pair, Sixes and Threes)
kusznak: shows [8c Kh] (two pair, Sixes and Threes)
karambakilla collected $8.82 from pot
kusznak collected $8.82 from pot
*** SUMMARY ***
Total pot $18 | Rake $0.36
Board [3h 6h 6c 3d Qh]
Seat 1: kusznak (button) (small blind) showed [8c Kh] and won ($8.82) with two pair, Sixes and Threes
Seat 5: karambakilla (big blind) showed [2h Kd] and won ($8.82) with two pair, Sixes and Threes


PokerStars Hand #172700560365:  Hold'em Limit ($3/$6 USD) - 2017/07/06 20:21:30 ET
Table 'Thia' 6-max Seat #1 is the button
Seat 1: kusznak ($322.36 in chips)
Seat 5: karambakilla ($109.39 in chips)
kusznak: posts small blind $1
karambakilla: posts big blind $3
*** HOLE CARDS ***
kusznak: folds
Uncalled bet ($2) returned to karambakilla
karambakilla collected $2 from pot
karambakilla: doesn't show hand
*** SUMMARY ***
Total pot $2 | Rake $0
Seat 1: kusznak (button) (small blind) folded before Flop
Seat 5: karambakilla (big blind) collected ($2)


PokerStars Hand #172700557972:  Hold'em Limit ($3/$6 USD) - 2017/07/06 20:21:25 ET
Table 'Thia' 6-max Seat #5 is the button
Seat 1: kusznak ($321.36 in chips)
Seat 5: karambakilla ($110.39 in chips)
karambakilla: posts small blind $1
kusznak: posts big blind $3
*** HOLE CARDS ***
karambakilla: folds
Uncalled bet ($2) returned to kusznak
kusznak collected $2 from pot
kusznak: doesn't show hand
*** SUMMARY ***
Total pot $2 | Rake $0
Seat 1: kusznak (big blind) collected ($2)
Seat 5: karambakilla (button) (small blind) folded before Flop


