PokerStars Hand #176300448420:  Hold'em Limit ($3/$6 USD) - 2017/09/30 5:11:57 ET
Table 'Thia' 6-max Seat #4 is the button
Seat 3: mbr1977 ($84.36 in chips)
Seat 4: VolkovDmitri ($120 in chips)
VolkovDmitri: posts small blind $1
mbr1977: posts big blind $3
*** HOLE CARDS ***
VolkovDmitri: raises $3 to $6
mbr1977: raises $3 to $9
VolkovDmitri: calls $3
*** FLOP *** [6c 7c Jd]
mbr1977: bets $3
VolkovDmitri: folds
Uncalled bet ($3) returned to mbr1977
mbr1977 collected $17.64 from pot
mbr1977: doesn't show hand
*** SUMMARY ***
Total pot $18 | Rake $0.36
Board [6c 7c Jd]
Seat 3: mbr1977 (big blind) collected ($17.64)
Seat 4: VolkovDmitri (button) (small blind) folded on the Flop


PokerStars Hand #176300454987:  Hold'em Limit ($3/$6 USD) - 2017/09/30 5:12:16 ET
Table 'Thia' 6-max Seat #3 is the button
Seat 3: mbr1977 ($93 in chips)
Seat 4: VolkovDmitri ($120 in chips)
mbr1977: posts small blind $1
VolkovDmitri: posts big blind $3
*** HOLE CARDS ***
mbr1977: raises $3 to $6
VolkovDmitri: calls $3
*** FLOP *** [Qc 2h 7d]
VolkovDmitri: checks
mbr1977: checks
*** TURN *** [Qc 2h 7d] [Jd]
VolkovDmitri: bets $6
mbr1977: folds
Uncalled bet ($6) returned to VolkovDmitri
VolkovDmitri collected $11.76 from pot
VolkovDmitri: doesn't show hand
*** SUMMARY ***
Total pot $12 | Rake $0.24
Board [Qc 2h 7d Jd]
Seat 3: mbr1977 (button) (small blind) folded on the Turn
Seat 4: VolkovDmitri (big blind) collected ($11.76)


PokerStars Hand #176300434475:  Hold'em Limit ($3/$6 USD) - 2017/09/30 5:11:17 ET
Table 'Thia' 6-max Seat #3 is the button
Seat 3: mbr1977 ($72.84 in chips)
Seat 4: VolkovDmitri ($120 in chips)
mbr1977: posts small blind $1
VolkovDmitri: posts big blind $3
*** HOLE CARDS ***
mbr1977: raises $3 to $6
VolkovDmitri: raises $3 to $9
mbr1977: calls $3
*** FLOP *** [Kc 4d 5s]
VolkovDmitri: bets $3
mbr1977: calls $3
*** TURN *** [Kc 4d 5s] [2c]
VolkovDmitri: checks
mbr1977: bets $6
VolkovDmitri: folds
Uncalled bet ($6) returned to mbr1977
mbr1977 collected $23.52 from pot
mbr1977: doesn't show hand
*** SUMMARY ***
Total pot $24 | Rake $0.48
Board [Kc 4d 5s 2c]
Seat 3: mbr1977 (button) (small blind) collected ($23.52)
Seat 4: VolkovDmitri (big blind) folded on the Turn


PokerStars Hand #176300471285:  Hold'em Limit ($3/$6 USD) - 2017/09/30 5:13:02 ET
Table 'Thia' 6-max Seat #4 is the button
Seat 3: mbr1977 ($113.26 in chips)
Seat 4: VolkovDmitri ($120 in chips)
VolkovDmitri: posts small blind $1
mbr1977: posts big blind $3
*** HOLE CARDS ***
VolkovDmitri: raises $3 to $6
mbr1977: raises $3 to $9
VolkovDmitri: calls $3
*** FLOP *** [5s Kc Qh]
mbr1977: bets $3
VolkovDmitri: calls $3
*** TURN *** [5s Kc Qh] [As]
mbr1977: bets $6
VolkovDmitri: folds
Uncalled bet ($6) returned to mbr1977
mbr1977 collected $23.52 from pot
mbr1977: doesn't show hand
*** SUMMARY ***
Total pot $24 | Rake $0.48
Board [5s Kc Qh As]
Seat 3: mbr1977 (big blind) collected ($23.52)
Seat 4: VolkovDmitri (button) (small blind) folded on the Turn


PokerStars Hand #176300467476:  Hold'em Limit ($3/$6 USD) - 2017/09/30 5:12:51 ET
Table 'Thia' 6-max Seat #3 is the button
Seat 3: mbr1977 ($107.50 in chips)
Seat 4: VolkovDmitri ($120 in chips)
mbr1977: posts small blind $1
VolkovDmitri: posts big blind $3
*** HOLE CARDS ***
mbr1977: raises $3 to $6
VolkovDmitri: calls $3
*** FLOP *** [Jd Qs Jc]
VolkovDmitri: checks
mbr1977: bets $3
VolkovDmitri: folds
Uncalled bet ($3) returned to mbr1977
mbr1977 collected $11.76 from pot
mbr1977: doesn't show hand
*** SUMMARY ***
Total pot $12 | Rake $0.24
Board [Jd Qs Jc]
Seat 3: mbr1977 (button) (small blind) collected ($11.76)
Seat 4: VolkovDmitri (big blind) folded on the Flop


PokerStars Hand #176300460122:  Hold'em Limit ($3/$6 USD) - 2017/09/30 5:12:30 ET
Table 'Thia' 6-max Seat #4 is the button
Seat 3: mbr1977 ($87 in chips)
Seat 4: VolkovDmitri ($125.76 in chips)
VolkovDmitri: posts small blind $1
mbr1977: posts big blind $3
*** HOLE CARDS ***
VolkovDmitri: raises $3 to $6
mbr1977: raises $3 to $9
VolkovDmitri: calls $3
*** FLOP *** [2d 9s 7s]
mbr1977: bets $3
VolkovDmitri: raises $3 to $6
mbr1977: calls $3
*** TURN *** [2d 9s 7s] [Jd]
mbr1977: bets $6
VolkovDmitri: calls $6
*** RIVER *** [2d 9s 7s Jd] [9h]
mbr1977: bets $6
VolkovDmitri: folds
Uncalled bet ($6) returned to mbr1977
mbr1977 collected $41.50 from pot
mbr1977: doesn't show hand
*** SUMMARY ***
Total pot $42 | Rake $0.50
Board [2d 9s 7s Jd 9h]
Seat 3: mbr1977 (big blind) collected ($41.50)
Seat 4: VolkovDmitri (button) (small blind) folded on the River


PokerStars Hand #176300491621:  Hold'em Limit ($3/$6 USD) - 2017/09/30 5:14:01 ET
Table 'Thia' 6-max Seat #3 is the button
Seat 3: mbr1977 ($82.78 in chips)
Seat 4: VolkovDmitri ($161.26 in chips)
mbr1977: posts small blind $1
VolkovDmitri: posts big blind $3
*** HOLE CARDS ***
mbr1977: raises $3 to $6
VolkovDmitri: raises $3 to $9
mbr1977: calls $3
*** FLOP *** [8c 6c 3s]
VolkovDmitri: bets $3
mbr1977: raises $3 to $6
VolkovDmitri: calls $3
*** TURN *** [8c 6c 3s] [5s]
VolkovDmitri: checks
mbr1977: checks
*** RIVER *** [8c 6c 3s 5s] [2c]
VolkovDmitri: bets $6
mbr1977: calls $6
*** SHOW DOWN ***
VolkovDmitri: shows [4d Ad] (a straight, Deuce to Six)
mbr1977: mucks hand
VolkovDmitri collected $41.50 from pot
*** SUMMARY ***
Total pot $42 | Rake $0.50
Board [8c 6c 3s 5s 2c]
Seat 3: mbr1977 (button) (small blind) mucked
Seat 4: VolkovDmitri (big blind) showed [4d Ad] and won ($41.50) with a straight, Deuce to Six


PokerStars Hand #176300485572:  Hold'em Limit ($3/$6 USD) - 2017/09/30 5:13:43 ET
Table 'Thia' 6-max Seat #4 is the button
Seat 3: mbr1977 ($88.78 in chips)
Seat 4: VolkovDmitri ($155.50 in chips)
VolkovDmitri: posts small blind $1
mbr1977: posts big blind $3
*** HOLE CARDS ***
VolkovDmitri: raises $3 to $6
mbr1977: calls $3
*** FLOP *** [3h 3s Ad]
mbr1977: checks
VolkovDmitri: bets $3
mbr1977: folds
Uncalled bet ($3) returned to VolkovDmitri
VolkovDmitri collected $11.76 from pot
VolkovDmitri: doesn't show hand
*** SUMMARY ***
Total pot $12 | Rake $0.24
Board [3h 3s Ad]
Seat 3: mbr1977 (big blind) folded on the Flop
Seat 4: VolkovDmitri (button) (small blind) collected ($11.76)


PokerStars Hand #176300476150:  Hold'em Limit ($3/$6 USD) - 2017/09/30 5:13:16 ET
Table 'Thia' 6-max Seat #3 is the button
Seat 3: mbr1977 ($124.78 in chips)
Seat 4: VolkovDmitri ($120 in chips)
mbr1977: posts small blind $1
VolkovDmitri: posts big blind $3
*** HOLE CARDS ***
mbr1977: raises $3 to $6
VolkovDmitri: raises $3 to $9
mbr1977: calls $3
*** FLOP *** [Kc Kd 7d]
VolkovDmitri: bets $3
mbr1977: raises $3 to $6
VolkovDmitri: raises $3 to $9
mbr1977: calls $3
*** TURN *** [Kc Kd 7d] [6h]
VolkovDmitri: bets $6
mbr1977: raises $6 to $12
VolkovDmitri: calls $6
*** RIVER *** [Kc Kd 7d 6h] [4d]
VolkovDmitri: checks
mbr1977: bets $6
VolkovDmitri: raises $6 to $12
mbr1977: folds
Uncalled bet ($6) returned to VolkovDmitri
VolkovDmitri collected $71.50 from pot
VolkovDmitri: doesn't show hand
*** SUMMARY ***
Total pot $72 | Rake $0.50
Board [Kc Kd 7d 6h 4d]
Seat 3: mbr1977 (button) (small blind) folded on the River
Seat 4: VolkovDmitri (big blind) collected ($71.50)


PokerStars Hand #176300506918:  Hold'em Limit ($3/$6 USD) - 2017/09/30 5:14:44 ET
Table 'Thia' 6-max Seat #3 is the button
Seat 3: mbr1977 ($82.28 in chips)
Seat 4: VolkovDmitri ($160.76 in chips)
mbr1977: posts small blind $1
VolkovDmitri: posts big blind $3
*** HOLE CARDS ***
mbr1977: calls $2
VolkovDmitri: raises $3 to $6
mbr1977: calls $3
*** FLOP *** [4c 8s 7d]
VolkovDmitri: bets $3
mbr1977: raises $3 to $6
VolkovDmitri: raises $3 to $9
mbr1977: calls $3
*** TURN *** [4c 8s 7d] [Jd]
VolkovDmitri: bets $6
mbr1977: calls $6
*** RIVER *** [4c 8s 7d Jd] [Qd]
VolkovDmitri: bets $6
mbr1977: folds
Uncalled bet ($6) returned to VolkovDmitri
VolkovDmitri collected $41.50 from pot
VolkovDmitri: doesn't show hand
*** SUMMARY ***
Total pot $42 | Rake $0.50
Board [4c 8s 7d Jd Qd]
Seat 3: mbr1977 (button) (small blind) folded on the River
Seat 4: VolkovDmitri (big blind) collected ($41.50)


PokerStars Hand #176300517700:  Hold'em Limit ($3/$6 USD) - 2017/09/30 5:15:15 ET
Table 'Thia' 6-max Seat #3 is the button
Seat 3: mbr1977 ($58.28 in chips)
Seat 4: VolkovDmitri ($184.26 in chips)
mbr1977: posts small blind $1
VolkovDmitri: posts big blind $3
*** HOLE CARDS ***
mbr1977: raises $3 to $6
VolkovDmitri: raises $3 to $9
mbr1977: calls $3
*** FLOP *** [As 8h 7c]
VolkovDmitri: bets $3
mbr1977: calls $3
*** TURN *** [As 8h 7c] [9s]
VolkovDmitri: bets $6
mbr1977: calls $6
*** RIVER *** [As 8h 7c 9s] [6c]
VolkovDmitri: bets $6
mbr1977: calls $6
*** SHOW DOWN ***
VolkovDmitri: shows [Td Jc] (a straight, Seven to Jack)
mbr1977: mucks hand
VolkovDmitri collected $47.50 from pot
*** SUMMARY ***
Total pot $48 | Rake $0.50
Board [As 8h 7c 9s 6c]
Seat 3: mbr1977 (button) (small blind) mucked
Seat 4: VolkovDmitri (big blind) showed [Td Jc] and won ($47.50) with a straight, Seven to Jack


PokerStars Hand #176300512989:  Hold'em Limit ($3/$6 USD) - 2017/09/30 5:15:02 ET
Table 'Thia' 6-max Seat #4 is the button
Seat 3: mbr1977 ($61.28 in chips)
Seat 4: VolkovDmitri ($181.26 in chips)
VolkovDmitri: posts small blind $1
mbr1977: posts big blind $3
*** HOLE CARDS ***
VolkovDmitri: raises $3 to $6
mbr1977: folds
Uncalled bet ($3) returned to VolkovDmitri
VolkovDmitri collected $6 from pot
VolkovDmitri: doesn't show hand
*** SUMMARY ***
Total pot $6 | Rake $0
Seat 3: mbr1977 (big blind) folded before Flop
Seat 4: VolkovDmitri (button) (small blind) collected ($6)


PokerStars Hand #176300500706:  Hold'em Limit ($3/$6 USD) - 2017/09/30 5:14:27 ET
Table 'Thia' 6-max Seat #4 is the button
Seat 3: mbr1977 ($61.78 in chips)
Seat 4: VolkovDmitri ($181.76 in chips)
VolkovDmitri: posts small blind $1
mbr1977: posts big blind $3
*** HOLE CARDS ***
VolkovDmitri: raises $3 to $6
mbr1977: calls $3
*** FLOP *** [Jd Kc 2h]
mbr1977: bets $3
VolkovDmitri: calls $3
*** TURN *** [Jd Kc 2h] [4c]
mbr1977: bets $6
VolkovDmitri: calls $6
*** RIVER *** [Jd Kc 2h 4c] [Tc]
mbr1977: bets $6
VolkovDmitri: calls $6
*** SHOW DOWN ***
mbr1977: shows [Qd Js] (a pair of Jacks)
VolkovDmitri: mucks hand
mbr1977 collected $41.50 from pot
*** SUMMARY ***
Total pot $42 | Rake $0.50
Board [Jd Kc 2h 4c Tc]
Seat 3: mbr1977 (big blind) showed [Qd Js] and won ($41.50) with a pair of Jacks
Seat 4: VolkovDmitri (button) (small blind) mucked


PokerStars Hand #176300533216:  Hold'em Limit ($3/$6 USD) - 2017/09/30 5:16:00 ET
Table 'Thia' 6-max Seat #3 is the button
Seat 3: mbr1977 ($54.78 in chips)
Seat 4: VolkovDmitri ($186.76 in chips)
mbr1977: posts small blind $1
VolkovDmitri: posts big blind $3
*** HOLE CARDS ***
mbr1977: calls $2
VolkovDmitri: checks
*** FLOP *** [5h 2s 4d]
VolkovDmitri: bets $3
mbr1977: calls $3
*** TURN *** [5h 2s 4d] [8s]
VolkovDmitri: bets $6
mbr1977: calls $6
*** RIVER *** [5h 2s 4d 8s] [4s]
VolkovDmitri: checks
mbr1977: bets $6
VolkovDmitri: calls $6
*** SHOW DOWN ***
mbr1977: shows [3s Ks] (a flush, King high)
VolkovDmitri: mucks hand
mbr1977 collected $35.50 from pot
*** SUMMARY ***
Total pot $36 | Rake $0.50
Board [5h 2s 4d 8s 4s]
Seat 3: mbr1977 (button) (small blind) showed [3s Ks] and won ($35.50) with a flush, King high
Seat 4: VolkovDmitri (big blind) mucked


PokerStars Hand #176300523115:  Hold'em Limit ($3/$6 USD) - 2017/09/30 5:15:31 ET
Table 'Thia' 6-max Seat #4 is the button
Seat 3: mbr1977 ($34.28 in chips)
Seat 4: VolkovDmitri ($207.76 in chips)
VolkovDmitri: posts small blind $1
mbr1977: posts big blind $3
*** HOLE CARDS ***
VolkovDmitri: raises $3 to $6
mbr1977: calls $3
*** FLOP *** [Th 7s 4s]
mbr1977: bets $3
VolkovDmitri: calls $3
*** TURN *** [Th 7s 4s] [3c]
mbr1977: checks
VolkovDmitri: bets $6
mbr1977: calls $6
*** RIVER *** [Th 7s 4s 3c] [5c]
mbr1977: bets $6
masterblstr8 joins the table at seat #5
VolkovDmitri: calls $6
*** SHOW DOWN ***
mbr1977: shows [4h 6s] (a straight, Three to Seven)
VolkovDmitri: mucks hand
mbr1977 collected $41.50 from pot
*** SUMMARY ***
Total pot $42 | Rake $0.50
Board [Th 7s 4s 3c 5c]
Seat 3: mbr1977 (big blind) showed [4h 6s] and won ($41.50) with a straight, Three to Seven
Seat 4: VolkovDmitri (button) (small blind) mucked


PokerStars Hand #176300620940:  Hold'em Limit ($3/$6 USD) - 2017/09/30 5:20:11 ET
Table 'Thia' 6-max Seat #3 is the button
Seat 3: mbr1977 ($103.68 in chips)
Seat 5: masterblstr8 ($96.90 in chips)
mbr1977: posts small blind $1
masterblstr8: posts big blind $3
*** HOLE CARDS ***
mbr1977: calls $2
masterblstr8: raises $3 to $6
mbr1977: calls $3
*** FLOP *** [Tc 6s 8d]
masterblstr8: bets $3
mbr1977: calls $3
*** TURN *** [Tc 6s 8d] [Jd]
masterblstr8: bets $6
mbr1977: calls $6
*** RIVER *** [Tc 6s 8d Jd] [7s]
masterblstr8: bets $6
mbr1977: folds
Uncalled bet ($6) returned to masterblstr8
masterblstr8 collected $29.50 from pot
masterblstr8: doesn't show hand
*** SUMMARY ***
Total pot $30 | Rake $0.50
Board [Tc 6s 8d Jd 7s]
Seat 3: mbr1977 (button) (small blind) folded on the River
Seat 5: masterblstr8 (big blind) collected ($29.50)


PokerStars Hand #176300634079:  Hold'em Limit ($3/$6 USD) - 2017/09/30 5:20:49 ET
Table 'Thia' 6-max Seat #3 is the button
Seat 3: mbr1977 ($89.68 in chips)
Seat 5: masterblstr8 ($110.40 in chips)
mbr1977: posts small blind $1
masterblstr8: posts big blind $3
*** HOLE CARDS ***
mbr1977: raises $3 to $6
masterblstr8: folds
Uncalled bet ($3) returned to mbr1977
mbr1977 collected $6 from pot
mbr1977: doesn't show hand
*** SUMMARY ***
Total pot $6 | Rake $0
Seat 3: mbr1977 (button) (small blind) collected ($6)
Seat 5: masterblstr8 (big blind) folded before Flop


PokerStars Hand #176300632006:  Hold'em Limit ($3/$6 USD) - 2017/09/30 5:20:43 ET
Table 'Thia' 6-max Seat #5 is the button
Seat 3: mbr1977 ($88.68 in chips)
Seat 5: masterblstr8 ($111.40 in chips)
masterblstr8: posts small blind $1
mbr1977: posts big blind $3
*** HOLE CARDS ***
masterblstr8: folds
Uncalled bet ($2) returned to mbr1977
mbr1977 collected $2 from pot
mbr1977: doesn't show hand
*** SUMMARY ***
Total pot $2 | Rake $0
Seat 3: mbr1977 (big blind) collected ($2)
Seat 5: masterblstr8 (button) (small blind) folded before Flop


PokerStars Hand #176300636488:  Hold'em Limit ($3/$6 USD) - 2017/09/30 5:20:56 ET
Table 'Thia' 6-max Seat #5 is the button
Seat 3: mbr1977 ($92.68 in chips)
Seat 5: masterblstr8 ($107.40 in chips)
masterblstr8: posts small blind $1
mbr1977: posts big blind $3
*** HOLE CARDS ***
masterblstr8: raises $3 to $6
mbr1977: calls $3
*** FLOP *** [2s Jc 2d]
mbr1977: bets $3
masterblstr8: calls $3
*** TURN *** [2s Jc 2d] [Tc]
mbr1977: checks
masterblstr8: checks
*** RIVER *** [2s Jc 2d Tc] [9d]
mbr1977: checks
masterblstr8: checks
*** SHOW DOWN ***
mbr1977: shows [7d 5s] (a pair of Deuces)
masterblstr8: shows [Ah 3h] (a pair of Deuces - Ace kicker)
masterblstr8 collected $17.64 from pot
*** SUMMARY ***
Total pot $18 | Rake $0.36
Board [2s Jc 2d Tc 9d]
Seat 3: mbr1977 (big blind) showed [7d 5s] and lost with a pair of Deuces
Seat 5: masterblstr8 (button) (small blind) showed [Ah 3h] and won ($17.64) with a pair of Deuces


PokerStars Hand #176300656349:  Hold'em Limit ($3/$6 USD) - 2017/09/30 5:21:52 ET
Table 'Thia' 6-max Seat #5 is the button
Seat 3: mbr1977 ($71.68 in chips)
Seat 5: masterblstr8 ($127.56 in chips)
masterblstr8: posts small blind $1
mbr1977: posts big blind $3
*** HOLE CARDS ***
masterblstr8: raises $3 to $6
mbr1977: calls $3
*** FLOP *** [3d 6c Qd]
mbr1977: bets $3
masterblstr8: calls $3
*** TURN *** [3d 6c Qd] [9d]
mbr1977: bets $6
masterblstr8: raises $6 to $12
mbr1977: calls $6
*** RIVER *** [3d 6c Qd 9d] [Qc]
mbr1977: checks
masterblstr8: bets $6
mbr1977: calls $6
*** SHOW DOWN ***
masterblstr8: shows [Qh 5h] (three of a kind, Queens)
mbr1977: mucks hand
masterblstr8 collected $53.50 from pot
*** SUMMARY ***
Total pot $54 | Rake $0.50
Board [3d 6c Qd 9d Qc]
Seat 3: mbr1977 (big blind) mucked
Seat 5: masterblstr8 (button) (small blind) showed [Qh 5h] and won ($53.50) with three of a kind, Queens


PokerStars Hand #176300663183:  Hold'em Limit ($3/$6 USD) - 2017/09/30 5:22:11 ET
Table 'Thia' 6-max Seat #3 is the button
Seat 3: mbr1977 ($44.68 in chips)
Seat 5: masterblstr8 ($154.06 in chips)
mbr1977: posts small blind $1
masterblstr8: posts big blind $3
*** HOLE CARDS ***
mbr1977: raises $3 to $6
masterblstr8: folds
Uncalled bet ($3) returned to mbr1977
mbr1977 collected $6 from pot
mbr1977: doesn't show hand
*** SUMMARY ***
Total pot $6 | Rake $0
Seat 3: mbr1977 (button) (small blind) collected ($6)
Seat 5: masterblstr8 (big blind) folded before Flop


PokerStars Hand #176300649150:  Hold'em Limit ($3/$6 USD) - 2017/09/30 5:21:31 ET
Table 'Thia' 6-max Seat #3 is the button
Seat 3: mbr1977 ($83.68 in chips)
Seat 5: masterblstr8 ($116.04 in chips)
mbr1977: posts small blind $1
masterblstr8: posts big blind $3
*** HOLE CARDS ***
mbr1977: calls $2
masterblstr8: checks
*** FLOP *** [4h 3c 9h]
masterblstr8: checks
mbr1977: bets $3
masterblstr8: calls $3
*** TURN *** [4h 3c 9h] [9s]
masterblstr8: checks
mbr1977: checks
*** RIVER *** [4h 3c 9h 9s] [9d]
masterblstr8: bets $6
mbr1977: calls $6
*** SHOW DOWN ***
masterblstr8: shows [4d 5s] (a full house, Nines full of Fours)
mbr1977: mucks hand
masterblstr8 collected $23.52 from pot
*** SUMMARY ***
Total pot $24 | Rake $0.48
Board [4h 3c 9h 9s 9d]
Seat 3: mbr1977 (button) (small blind) mucked
Seat 5: masterblstr8 (big blind) showed [4d 5s] and won ($23.52) with a full house, Nines full of Fours


PokerStars Hand #176300688145:  Hold'em Limit ($3/$6 USD) - 2017/09/30 5:23:22 ET
Table 'Thia' 6-max Seat #5 is the button
Seat 3: mbr1977 ($28.96 in chips)
Seat 5: masterblstr8 ($168.20 in chips)
masterblstr8: posts small blind $1
mbr1977: posts big blind $3
*** HOLE CARDS ***
masterblstr8: raises $3 to $6
mbr1977: calls $3
*** FLOP *** [7d Ah Kc]
mbr1977: checks
masterblstr8: bets $3
mbr1977: calls $3
*** TURN *** [7d Ah Kc] [4s]
mbr1977: bets $6
masterblstr8: folds
Uncalled bet ($6) returned to mbr1977
mbr1977 collected $17.64 from pot
mbr1977: doesn't show hand
*** SUMMARY ***
Total pot $18 | Rake $0.36
Board [7d Ah Kc 4s]
Seat 3: mbr1977 (big blind) collected ($17.64)
Seat 5: masterblstr8 (button) (small blind) folded on the Turn


PokerStars Hand #176300673548:  Hold'em Limit ($3/$6 USD) - 2017/09/30 5:22:41 ET
Table 'Thia' 6-max Seat #3 is the button
Seat 3: mbr1977 ($56.32 in chips)
Seat 5: masterblstr8 ($142.06 in chips)
mbr1977: posts small blind $1
masterblstr8: posts big blind $3
*** HOLE CARDS ***
mbr1977: calls $2
apx0surry9 joins the table at seat #6
masterblstr8: raises $3 to $6
mbr1977: calls $3
*** FLOP *** [Jc Ad 7h]
masterblstr8: bets $3
mbr1977: raises $3 to $6
masterblstr8: raises $3 to $9
mbr1977: calls $3
*** TURN *** [Jc Ad 7h] [8d]
masterblstr8: bets $6
mbr1977: calls $6
*** RIVER *** [Jc Ad 7h 8d] [7s]
masterblstr8: bets $6
mbr1977: calls $6
*** SHOW DOWN ***
masterblstr8: shows [Td 9d] (a straight, Seven to Jack)
mbr1977: mucks hand
masterblstr8 collected $53.50 from pot
apx0surry9 leaves the table
*** SUMMARY ***
Total pot $54 | Rake $0.50
Board [Jc Ad 7h 8d 7s]
Seat 3: mbr1977 (button) (small blind) mucked
Seat 5: masterblstr8 (big blind) showed [Td 9d] and won ($53.50) with a straight, Seven to Jack


PokerStars Hand #176300683316:  Hold'em Limit ($3/$6 USD) - 2017/09/30 5:23:09 ET
Table 'Thia' 6-max Seat #3 is the button
Seat 3: mbr1977 ($20.32 in chips)
Seat 5: masterblstr8 ($177.20 in chips)
mbr1977: posts small blind $1
masterblstr8: posts big blind $3
*** HOLE CARDS ***
mbr1977: calls $2
masterblstr8: checks
*** FLOP *** [7h Ah 5d]
masterblstr8: checks
mbr1977: checks
*** TURN *** [7h Ah 5d] [2d]
masterblstr8: bets $6
mbr1977: calls $6
*** RIVER *** [7h Ah 5d 2d] [Tc]
masterblstr8: checks
mbr1977: checks
*** SHOW DOWN ***
masterblstr8: shows [9d 3d] (high card Ace)
mbr1977: shows [5c Jd] (a pair of Fives)
mbr1977 collected $17.64 from pot
*** SUMMARY ***
Total pot $18 | Rake $0.36
Board [7h Ah 5d 2d Tc]
Seat 3: mbr1977 (button) (small blind) showed [5c Jd] and won ($17.64) with a pair of Fives
Seat 5: masterblstr8 (big blind) showed [9d 3d] and lost with high card Ace


PokerStars Hand #176300665511:  Hold'em Limit ($3/$6 USD) - 2017/09/30 5:22:18 ET
Table 'Thia' 6-max Seat #5 is the button
Seat 3: mbr1977 ($47.68 in chips)
Seat 5: masterblstr8 ($151.06 in chips)
masterblstr8: posts small blind $1
mbr1977: posts big blind $3
*** HOLE CARDS ***
masterblstr8: raises $3 to $6
mbr1977: calls $3
*** FLOP *** [Ad Jd 8c]
mbr1977: checks
masterblstr8: bets $3
mbr1977: raises $3 to $6
masterblstr8: folds
Uncalled bet ($3) returned to mbr1977
mbr1977 collected $17.64 from pot
mbr1977: doesn't show hand
*** SUMMARY ***
Total pot $18 | Rake $0.36
Board [Ad Jd 8c]
Seat 3: mbr1977 (big blind) collected ($17.64)
Seat 5: masterblstr8 (button) (small blind) folded on the Flop


PokerStars Hand #176300678781:  Hold'em Limit ($3/$6 USD) - 2017/09/30 5:22:55 ET
Table 'Thia' 6-max Seat #5 is the button
Seat 3: mbr1977 ($29.32 in chips)
Seat 5: masterblstr8 ($168.56 in chips)
masterblstr8: posts small blind $1
mbr1977: posts big blind $3
*** HOLE CARDS ***
masterblstr8: raises $3 to $6
mbr1977: calls $3
*** FLOP *** [4c Tc 2s]
mbr1977: checks
masterblstr8: bets $3
mbr1977: calls $3
*** TURN *** [4c Tc 2s] [7d]
mbr1977: checks
masterblstr8: bets $6
mbr1977: folds
Uncalled bet ($6) returned to masterblstr8
masterblstr8 collected $17.64 from pot
masterblstr8: doesn't show hand
*** SUMMARY ***
Total pot $18 | Rake $0.36
Board [4c Tc 2s 7d]
Seat 3: mbr1977 (big blind) folded on the Turn
Seat 5: masterblstr8 (button) (small blind) collected ($17.64)


PokerStars Hand #176300697175:  Hold'em Limit ($3/$6 USD) - 2017/09/30 5:23:48 ET
Table 'Thia' 6-max Seat #5 is the button
Seat 3: mbr1977 ($46.24 in chips)
Seat 5: masterblstr8 ($150.20 in chips)
masterblstr8: posts small blind $1
mbr1977: posts big blind $3
*** HOLE CARDS ***
masterblstr8: raises $3 to $6
mbr1977: calls $3
*** FLOP *** [Qd Th 7s]
mbr1977: checks
masterblstr8: bets $3
mbr1977: folds
Uncalled bet ($3) returned to masterblstr8
masterblstr8 collected $11.76 from pot
masterblstr8: doesn't show hand
*** SUMMARY ***
Total pot $12 | Rake $0.24
Board [Qd Th 7s]
Seat 3: mbr1977 (big blind) folded on the Flop
Seat 5: masterblstr8 (button) (small blind) collected ($11.76)


PokerStars Hand #176300760151:  Hold'em Limit ($3/$6 USD) - 2017/09/30 5:26:45 ET
Table 'Thia' 6-max Seat #3 is the button
Seat 3: mbr1977 ($11.80 in chips)
Seat 5: masterblstr8 ($232.68 in chips)
mbr1977: posts small blind $1
krossguard: is sitting out
masterblstr8: posts big blind $3
*** HOLE CARDS ***
mbr1977: calls $2
masterblstr8: checks
*** FLOP *** [5h Ad 5c]
masterblstr8: bets $3
mbr1977: calls $3
*** TURN *** [5h Ad 5c] [Kd]
masterblstr8: checks
mbr1977: bets $5.80 and is all-in
masterblstr8: folds
Uncalled bet ($5.80) returned to mbr1977
mbr1977 collected $11.76 from pot
mbr1977: doesn't show hand
*** SUMMARY ***
Total pot $12 | Rake $0.24
Board [5h Ad 5c Kd]
Seat 3: mbr1977 (button) (small blind) collected ($11.76)
Seat 5: masterblstr8 (big blind) folded on the Turn


PokerStars Hand #176300771697:  Hold'em Limit ($3/$6 USD) - 2017/09/30 5:27:18 ET
Table 'Thia' 6-max Seat #3 is the button
Seat 3: mbr1977 ($11.56 in chips)
Seat 5: masterblstr8 ($232.44 in chips)
mbr1977: posts small blind $1
masterblstr8: posts big blind $3
*** HOLE CARDS ***
mbr1977: calls $2
masterblstr8: raises $3 to $6
mbr1977: calls $3
*** FLOP *** [3h 9s Th]
masterblstr8: bets $3
mbr1977: raises $2.56 to $5.56 and is all-in
masterblstr8: calls $2.56
*** TURN *** [3h 9s Th] [Qh]
*** RIVER *** [3h 9s Th Qh] [Jc]
*** SHOW DOWN ***
masterblstr8: shows [5h 9h] (a flush, Queen high)
mbr1977: shows [8c 3c] (a straight, Eight to Queen)
masterblstr8 collected $22.66 from pot
*** SUMMARY ***
Total pot $23.12 | Rake $0.46
Board [3h 9s Th Qh Jc]
Seat 3: mbr1977 (button) (small blind) showed [8c 3c] and lost with a straight, Eight to Queen
Seat 5: masterblstr8 (big blind) showed [5h 9h] and won ($22.66) with a flush, Queen high


PokerStars Hand #176300767503:  Hold'em Limit ($3/$6 USD) - 2017/09/30 5:27:06 ET
Table 'Thia' 6-max Seat #5 is the button
Seat 3: mbr1977 ($17.56 in chips)
Seat 5: masterblstr8 ($226.68 in chips)
masterblstr8: posts small blind $1
mbr1977: posts big blind $3
*** HOLE CARDS ***
masterblstr8: raises $3 to $6
mbr1977: calls $3
*** FLOP *** [4c 2d Qh]
mbr1977: checks
masterblstr8: bets $3
mbr1977: folds
Uncalled bet ($3) returned to masterblstr8
masterblstr8 collected $11.76 from pot
masterblstr8: doesn't show hand
*** SUMMARY ***
Total pot $12 | Rake $0.24
Board [4c 2d Qh]
Seat 3: mbr1977 (big blind) folded on the Flop
Seat 5: masterblstr8 (button) (small blind) collected ($11.76)


