PokerStars Hand #165448594654:  Hold'em Limit ($3/$6 USD) - 2017/01/31 6:33:41 ET
Table 'Thia' 6-max Seat #3 is the button
Seat 3: lelala ($102.46 in chips)
Seat 4: Agrotait ($72 in chips)
lelala: posts small blind $1
Agrotait: posts big blind $3
*** HOLE CARDS ***
lelala: raises $3 to $6
Agrotait: calls $3
*** FLOP *** [3c 5c Jd]
Agrotait: bets $3
lelala: calls $3
*** TURN *** [3c 5c Jd] [Td]
Agrotait: checks
lelala: bets $6
Agrotait: calls $6
*** RIVER *** [3c 5c Jd Td] [8s]
Agrotait: checks
lelala: bets $6
Agrotait: calls $6
*** SHOW DOWN ***
lelala: shows [8c 9s] (a pair of Eights)
Agrotait: mucks hand
lelala collected $41.50 from pot
*** SUMMARY ***
Total pot $42 | Rake $0.50
Board [3c 5c Jd Td 8s]
Seat 3: lelala (button) (small blind) showed [8c 9s] and won ($41.50) with a pair of Eights
Seat 4: Agrotait (big blind) mucked


PokerStars Hand #165448608336:  Hold'em Limit ($3/$6 USD) - 2017/01/31 6:34:10 ET
Table 'Thia' 6-max Seat #4 is the button
Seat 3: lelala ($122.96 in chips)
Seat 4: Agrotait ($72 in chips)
Agrotait: posts small blind $1
lelala: posts big blind $3
*** HOLE CARDS ***
Agrotait: raises $3 to $6
lelala: calls $3
*** FLOP *** [Ts Ad 4s]
lelala: checks
Agrotait: bets $3
lelala: raises $3 to $6
Agrotait: folds
Uncalled bet ($3) returned to lelala
lelala collected $17.64 from pot
*** SUMMARY ***
Total pot $18 | Rake $0.36
Board [Ts Ad 4s]
Seat 3: lelala (big blind) collected ($17.64)
Seat 4: Agrotait (button) (small blind) folded on the Flop


PokerStars Hand #165448627771:  Hold'em Limit ($3/$6 USD) - 2017/01/31 6:34:49 ET
Table 'Thia' 6-max Seat #3 is the button
Seat 3: lelala ($131.60 in chips)
Seat 4: Agrotait ($63 in chips)
lelala: posts small blind $1
Agrotait: posts big blind $3
*** HOLE CARDS ***
lelala: raises $3 to $6
B_loJkl joins the table at seat #5
Agrotait: calls $3
*** FLOP *** [Kd 6c Jc]
Agrotait: checks
lelala: bets $3
Agrotait: folds
Uncalled bet ($3) returned to lelala
lelala collected $11.76 from pot
*** SUMMARY ***
Total pot $12 | Rake $0.24
Board [Kd 6c Jc]
Seat 3: lelala (button) (small blind) collected ($11.76)
Seat 4: Agrotait (big blind) folded on the Flop


PokerStars Hand #165449516627:  Hold'em Limit ($3/$6 USD) - 2017/01/31 7:04:41 ET
Table 'Thia' 6-max Seat #1 is the button
Seat 1: Willijabo ($89.48 in chips)
Seat 3: B_loJkl ($245.08 in chips)
Willijabo: posts small blind $1
B_loJkl: posts big blind $3
*** HOLE CARDS ***
Willijabo: folds
Uncalled bet ($2) returned to B_loJkl
B_loJkl collected $2 from pot
B_loJkl: doesn't show hand
*** SUMMARY ***
Total pot $2 | Rake $0
Seat 1: Willijabo (button) (small blind) folded before Flop
Seat 3: B_loJkl (big blind) collected ($2)


PokerStars Hand #165449519796:  Hold'em Limit ($3/$6 USD) - 2017/01/31 7:04:48 ET
Table 'Thia' 6-max Seat #3 is the button
Seat 1: Willijabo ($88.48 in chips)
Seat 3: B_loJkl ($246.08 in chips)
B_loJkl: posts small blind $1
Willijabo: posts big blind $3
*** HOLE CARDS ***
B_loJkl: folds
Uncalled bet ($2) returned to Willijabo
Willijabo collected $2 from pot
Willijabo: doesn't show hand
*** SUMMARY ***
Total pot $2 | Rake $0
Seat 1: Willijabo (big blind) collected ($2)
Seat 3: B_loJkl (button) (small blind) folded before Flop


PokerStars Hand #165449513556:  Hold'em Limit ($3/$6 USD) - 2017/01/31 7:04:36 ET
Table 'Thia' 6-max Seat #3 is the button
Seat 1: Willijabo ($88.48 in chips)
Seat 3: B_loJkl ($246.08 in chips)
B_loJkl: posts small blind $1
Willijabo: posts big blind $3
*** HOLE CARDS ***
B_loJkl: folds
Uncalled bet ($2) returned to Willijabo
Willijabo collected $2 from pot
Willijabo: doesn't show hand
*** SUMMARY ***
Total pot $2 | Rake $0
Seat 1: Willijabo (big blind) collected ($2)
Seat 3: B_loJkl (button) (small blind) folded before Flop


PokerStars Hand #165449525496:  Hold'em Limit ($3/$6 USD) - 2017/01/31 7:04:59 ET
Table 'Thia' 6-max Seat #1 is the button
Seat 1: Willijabo ($89.48 in chips)
Seat 3: B_loJkl ($245.08 in chips)
Willijabo: posts small blind $1
B_loJkl: posts big blind $3
*** HOLE CARDS ***
Willijabo: folds
Uncalled bet ($2) returned to B_loJkl
B_loJkl collected $2 from pot
B_loJkl: doesn't show hand
*** SUMMARY ***
Total pot $2 | Rake $0
Seat 1: Willijabo (button) (small blind) folded before Flop
Seat 3: B_loJkl (big blind) collected ($2)


