PokerStars Hand #154381409414:  Hold'em Limit ($3/$6 USD) - 2016/06/06 15:03:34 ET
Table 'Thia' 6-max Seat #1 is the button
Seat 1: Wurst2000 ($82.17 in chips)
Seat 2: vitamin168 ($42.73 in chips)
Wurst2000: posts small blind $1
vitamin168: posts big blind $3
*** HOLE CARDS ***
Wurst2000: folds
Uncalled bet ($2) returned to vitamin168
vitamin168 collected $2 from pot
vitamin168: doesn't show hand
*** SUMMARY ***
Total pot $2 | Rake $0
Seat 1: Wurst2000 (button) (small blind) folded before Flop
Seat 2: vitamin168 (big blind) collected ($2)


PokerStars Hand #154381396263:  Hold'em Limit ($3/$6 USD) - 2016/06/06 15:03:20 ET
Table 'Thia' 6-max Seat #1 is the button
Seat 1: Wurst2000 ($75.41 in chips)
Seat 2: vitamin168 ($49.73 in chips)
Wurst2000: posts small blind $1
vitamin168: posts big blind $3
*** HOLE CARDS ***
Wurst2000: raises $3 to $6
vitamin168: calls $3
*** FLOP *** [8s 3d 3c]
vitamin168: checks
Wurst2000: bets $3
vitamin168: folds
Uncalled bet ($3) returned to Wurst2000
Wurst2000 collected $11.76 from pot
Wurst2000: doesn't show hand
*** SUMMARY ***
Total pot $12 | Rake $0.24
Board [8s 3d 3c]
Seat 1: Wurst2000 (button) (small blind) collected ($11.76)
Seat 2: vitamin168 (big blind) folded on the Flop


PokerStars Hand #154381383835:  Hold'em Limit ($3/$6 USD) - 2016/06/06 15:03:06 ET
Table 'Thia' 6-max Seat #2 is the button
Seat 1: Wurst2000 ($57.91 in chips)
Seat 2: vitamin168 ($67.73 in chips)
vitamin168: posts small blind $1
B_loJkl: is sitting out
Wurst2000: posts big blind $3
*** HOLE CARDS ***
vitamin168: raises $3 to $6
Wurst2000: raises $3 to $9
vitamin168: calls $3
*** FLOP *** [Ad Qs Kh]
Wurst2000: bets $3
vitamin168: raises $3 to $6
Wurst2000: raises $3 to $9
vitamin168: calls $3
*** TURN *** [Ad Qs Kh] [9h]
Wurst2000: bets $6
vitamin168: folds
Uncalled bet ($6) returned to Wurst2000
Wurst2000 collected $35.50 from pot
Wurst2000: doesn't show hand
*** SUMMARY ***
Total pot $36 | Rake $0.50
Board [Ad Qs Kh 9h]
Seat 1: Wurst2000 (big blind) collected ($35.50)
Seat 2: vitamin168 (button) (small blind) folded on the Turn


PokerStars Hand #154381420043:  Hold'em Limit ($3/$6 USD) - 2016/06/06 15:03:46 ET
Table 'Thia' 6-max Seat #1 is the button
Seat 1: Wurst2000 ($78.17 in chips)
Seat 2: vitamin168 ($46.73 in chips)
B_loJkl leaves the table
Wurst2000: posts small blind $1
vitamin168: posts big blind $3
*** HOLE CARDS ***
Wurst2000: folds
Uncalled bet ($2) returned to vitamin168
vitamin168 collected $2 from pot
vitamin168: doesn't show hand
*** SUMMARY ***
Total pot $2 | Rake $0
Seat 1: Wurst2000 (button) (small blind) folded before Flop
Seat 2: vitamin168 (big blind) collected ($2)


PokerStars Hand #154381414374:  Hold'em Limit ($3/$6 USD) - 2016/06/06 15:03:40 ET
Table 'Thia' 6-max Seat #2 is the button
Seat 1: Wurst2000 ($81.17 in chips)
Seat 2: vitamin168 ($43.73 in chips)
vitamin168: posts small blind $1
Wurst2000: posts big blind $3
*** HOLE CARDS ***
vitamin168: raises $3 to $6
Wurst2000: folds
Uncalled bet ($3) returned to vitamin168
vitamin168 collected $6 from pot
vitamin168: doesn't show hand
*** SUMMARY ***
Total pot $6 | Rake $0
Seat 1: Wurst2000 (big blind) folded before Flop
Seat 2: vitamin168 (button) (small blind) collected ($6)


PokerStars Hand #154381423865:  Hold'em Limit ($3/$6 USD) - 2016/06/06 15:03:50 ET
Table 'Thia' 6-max Seat #2 is the button
Seat 1: Wurst2000 ($77.17 in chips)
Seat 2: vitamin168 ($47.73 in chips)
vitamin168: posts small blind $1
Wurst2000: posts big blind $3
*** HOLE CARDS ***
vitamin168: raises $3 to $6
B_loJkl joins the table at seat #3
Wurst2000: calls $3
*** FLOP *** [Th 3d Qd]
Wurst2000: checks
vitamin168: bets $3
Wurst2000: raises $3 to $6
vitamin168: folds
Uncalled bet ($3) returned to Wurst2000
Wurst2000 collected $17.64 from pot
Wurst2000: doesn't show hand
*** SUMMARY ***
Total pot $18 | Rake $0.36
Board [Th 3d Qd]
Seat 1: Wurst2000 (big blind) collected ($17.64)
Seat 2: vitamin168 (button) (small blind) folded on the Flop


PokerStars Hand #154381432471:  Hold'em Limit ($3/$6 USD) - 2016/06/06 15:04:00 ET
Table 'Thia' 6-max Seat #1 is the button
Seat 1: Wurst2000 ($85.81 in chips)
Seat 2: vitamin168 ($38.73 in chips)
Wurst2000: posts small blind $1
vitamin168: posts big blind $3
*** HOLE CARDS ***
Wurst2000: folds
Uncalled bet ($2) returned to vitamin168
vitamin168 collected $2 from pot
vitamin168: doesn't show hand
*** SUMMARY ***
Total pot $2 | Rake $0
Seat 1: Wurst2000 (button) (small blind) folded before Flop
Seat 2: vitamin168 (big blind) collected ($2)


PokerStars Hand #154381736151:  Hold'em Limit ($3/$6 USD) - 2016/06/06 15:09:33 ET
Table 'Thia' 6-max Seat #3 is the button
Seat 1: Wurst2000 ($85.08 in chips)
Seat 3: B_loJkl ($137.76 in chips)
B_loJkl: posts small blind $1
Wurst2000: posts big blind $3
*** HOLE CARDS ***
B_loJkl: raises $3 to $6
Wurst2000: calls $3
*** FLOP *** [Tc Ad 4d]
Wurst2000: checks
B_loJkl: bets $3
Wurst2000: folds
Uncalled bet ($3) returned to B_loJkl
B_loJkl collected $11.76 from pot
B_loJkl: doesn't show hand
*** SUMMARY ***
Total pot $12 | Rake $0.24
Board [Tc Ad 4d]
Seat 1: Wurst2000 (big blind) folded on the Flop
Seat 3: B_loJkl (button) (small blind) collected ($11.76)


PokerStars Hand #154381731609:  Hold'em Limit ($3/$6 USD) - 2016/06/06 15:09:28 ET
Table 'Thia' 6-max Seat #1 is the button
Seat 1: Wurst2000 ($86.08 in chips)
Seat 3: B_loJkl ($136.76 in chips)
Wurst2000: posts small blind $1
B_loJkl: posts big blind $3
*** HOLE CARDS ***
Wurst2000: folds
Uncalled bet ($2) returned to B_loJkl
B_loJkl collected $2 from pot
B_loJkl: doesn't show hand
*** SUMMARY ***
Total pot $2 | Rake $0
Seat 1: Wurst2000 (button) (small blind) folded before Flop
Seat 3: B_loJkl (big blind) collected ($2)


PokerStars Hand #154381726811:  Hold'em Limit ($3/$6 USD) - 2016/06/06 15:09:23 ET
Table 'Thia' 6-max Seat #3 is the button
Seat 1: Wurst2000 ($85.08 in chips)
Seat 3: B_loJkl ($137.76 in chips)
B_loJkl: posts small blind $1
Wurst2000: posts big blind $3
*** HOLE CARDS ***
B_loJkl: folds
Uncalled bet ($2) returned to Wurst2000
Wurst2000 collected $2 from pot
Wurst2000: doesn't show hand
*** SUMMARY ***
Total pot $2 | Rake $0
Seat 1: Wurst2000 (big blind) collected ($2)
Seat 3: B_loJkl (button) (small blind) folded before Flop


PokerStars Hand #154381721392:  Hold'em Limit ($3/$6 USD) - 2016/06/06 15:09:17 ET
Table 'Thia' 6-max Seat #1 is the button
Seat 1: Wurst2000 ($82.08 in chips)
Seat 3: B_loJkl ($140.76 in chips)
Wurst2000: posts small blind $1
B_loJkl: posts big blind $3
*** HOLE CARDS ***
Wurst2000: raises $3 to $6
B_loJkl: folds
Uncalled bet ($3) returned to Wurst2000
Wurst2000 collected $6 from pot
Wurst2000: doesn't show hand
*** SUMMARY ***
Total pot $6 | Rake $0
Seat 1: Wurst2000 (button) (small blind) collected ($6)
Seat 3: B_loJkl (big blind) folded before Flop


PokerStars Hand #154387459260:  Hold'em Limit ($3/$6 USD) - 2016/06/06 16:54:39 ET
Table 'Thia' 6-max Seat #5 is the button
Seat 4: B_loJkl ($173.62 in chips)
Seat 5: tomte999 ($120.35 in chips)
tomte999: posts small blind $1
Longstaaf: is sitting out
B_loJkl: posts big blind $3
*** HOLE CARDS ***
tomte999: raises $3 to $6
Longstaaf leaves the table
B_loJkl: calls $3
*** FLOP *** [9h Kc 4s]
B_loJkl: checks
tomte999: bets $3
B_loJkl: calls $3
*** TURN *** [9h Kc 4s] [9d]
B_loJkl: checks
tomte999: bets $6
B_loJkl: calls $6
*** RIVER *** [9h Kc 4s 9d] [8s]
B_loJkl: checks
shuggie2 joins the table at seat #6
tomte999: bets $6
B_loJkl: folds
Uncalled bet ($6) returned to tomte999
tomte999 collected $29.50 from pot
tomte999: doesn't show hand
*** SUMMARY ***
Total pot $30 | Rake $0.50
Board [9h Kc 4s 9d 8s]
Seat 4: B_loJkl (big blind) folded on the River
Seat 5: tomte999 (button) (small blind) collected ($29.50)


PokerStars Hand #154389842847:  Hold'em Limit ($3/$6 USD) - 2016/06/06 17:39:51 ET
Table 'Thia' 6-max Seat #2 is the button
Seat 1: ynwaom ($78.53 in chips)
Seat 2: ImReady..RU? ($130.98 in chips)
ImReady..RU?: posts small blind $1
Actionni13: is sitting out
LolDnkaments: is sitting out
ynwaom: posts big blind $3
*** HOLE CARDS ***
LolDnkaments leaves the table
ImReady..RU?: folds
Uncalled bet ($2) returned to ynwaom
ynwaom collected $2 from pot
*** SUMMARY ***
Total pot $2 | Rake $0
Seat 1: ynwaom (big blind) collected ($2)
Seat 2: ImReady..RU? (button) (small blind) folded before Flop


