PokerStars Hand #166392655121:  Hold'em Limit ($3/$6 USD) - 2017/02/18 8:24:48 ET
Table 'Thiele' 6-max Seat #6 is the button
Seat 3: Rus29APX ($120 in chips)
Seat 6: ManuelSikora ($48 in chips)
ManuelSikora: posts small blind $1
Rus29APX: posts big blind $3
*** HOLE CARDS ***
ManuelSikora: raises $3 to $6
Rus29APX: calls $3
*** FLOP *** [Jc 9d 3s]
Rus29APX: checks
ManuelSikora: bets $3
Rus29APX: calls $3
*** TURN *** [Jc 9d 3s] [As]
Rus29APX: checks
ManuelSikora: checks
*** RIVER *** [Jc 9d 3s As] [4c]
Rus29APX: checks
ManuelSikora: checks
*** SHOW DOWN ***
Rus29APX: shows [Td 3d] (a pair of Threes)
ManuelSikora: shows [Qh 4h] (a pair of Fours)
ManuelSikora collected $17.64 from pot
*** SUMMARY ***
Total pot $18 | Rake $0.36
Board [Jc 9d 3s As 4c]
Seat 3: Rus29APX (big blind) showed [Td 3d] and lost with a pair of Threes
Seat 6: ManuelSikora (button) (small blind) showed [Qh 4h] and won ($17.64) with a pair of Fours


PokerStars Hand #166392689269:  Hold'em Limit ($3/$6 USD) - 2017/02/18 8:25:41 ET
Table 'Thiele' 6-max Seat #3 is the button
Seat 3: Rus29APX ($111 in chips)
Seat 6: ManuelSikora ($76.32 in chips)
Rus29APX: posts small blind $1
ManuelSikora: posts big blind $3
*** HOLE CARDS ***
Apanage joins the table at seat #1
Rus29APX: raises $3 to $6
ManuelSikora: calls $3
*** FLOP *** [6c 6h Ah]
ManuelSikora: bets $3
Rus29APX: raises $3 to $6
ManuelSikora: calls $3
*** TURN *** [6c 6h Ah] [Ks]
ManuelSikora: bets $6
Rus29APX: folds
Uncalled bet ($6) returned to ManuelSikora
ManuelSikora collected $23.52 from pot
ManuelSikora: doesn't show hand
*** SUMMARY ***
Total pot $24 | Rake $0.48
Board [6c 6h Ah Ks]
Seat 3: Rus29APX (button) (small blind) folded on the Turn
Seat 6: ManuelSikora (big blind) collected ($23.52)


PokerStars Hand #166392834236:  Hold'em Limit ($3/$6 USD) - 2017/02/18 8:29:27 ET
Table 'Thiele' 6-max Seat #6 is the button
Seat 1: Apanage ($111.06 in chips)
Seat 6: ManuelSikora ($88.86 in chips)
ManuelSikora: posts small blind $1
Apanage: posts big blind $3
*** HOLE CARDS ***
ManuelSikora: calls $2
Apanage: checks
*** FLOP *** [Jd Kh Th]
Apanage: checks
ManuelSikora: checks
*** TURN *** [Jd Kh Th] [5d]
Apanage: bets $6
ManuelSikora: folds
Uncalled bet ($6) returned to Apanage
Apanage collected $5.88 from pot
Apanage: doesn't show hand
*** SUMMARY ***
Total pot $6 | Rake $0.12
Board [Jd Kh Th 5d]
Seat 1: Apanage (big blind) collected ($5.88)
Seat 6: ManuelSikora (button) (small blind) folded on the Turn


PokerStars Hand #166392829033:  Hold'em Limit ($3/$6 USD) - 2017/02/18 8:29:19 ET
Table 'Thiele' 6-max Seat #1 is the button
Seat 1: Apanage ($112.06 in chips)
Seat 6: ManuelSikora ($87.86 in chips)
Apanage: posts small blind $1
ManuelSikora: posts big blind $3
*** HOLE CARDS ***
Apanage: folds
Uncalled bet ($2) returned to ManuelSikora
ManuelSikora collected $2 from pot
ManuelSikora: doesn't show hand
*** SUMMARY ***
Total pot $2 | Rake $0
Seat 1: Apanage (button) (small blind) folded before Flop
Seat 6: ManuelSikora (big blind) collected ($2)


PokerStars Hand #166392818856:  Hold'em Limit ($3/$6 USD) - 2017/02/18 8:29:03 ET
Table 'Thiele' 6-max Seat #6 is the button
Seat 1: Apanage ($115.06 in chips)
Seat 6: ManuelSikora ($84.98 in chips)
ManuelSikora: posts small blind $1
Apanage: posts big blind $3
*** HOLE CARDS ***
ManuelSikora: calls $2
Apanage: checks
*** FLOP *** [As 2c Js]
Apanage: checks
ManuelSikora: checks
*** TURN *** [As 2c Js] [4d]
Apanage: checks
ManuelSikora: checks
*** RIVER *** [As 2c Js 4d] [5s]
Apanage: checks
ManuelSikora: checks
*** SHOW DOWN ***
Apanage: shows [2d 7d] (a pair of Deuces)
ManuelSikora: shows [Kd Kh] (a pair of Kings)
ManuelSikora collected $5.88 from pot
*** SUMMARY ***
Total pot $6 | Rake $0.12
Board [As 2c Js 4d 5s]
Seat 1: Apanage (big blind) showed [2d 7d] and lost with a pair of Deuces
Seat 6: ManuelSikora (button) (small blind) showed [Kd Kh] and won ($5.88) with a pair of Kings


PokerStars Hand #166392808252:  Hold'em Limit ($3/$6 USD) - 2017/02/18 8:28:46 ET
Table 'Thiele' 6-max Seat #1 is the button
Seat 1: Apanage ($109.30 in chips)
Seat 6: ManuelSikora ($90.98 in chips)
Apanage: posts small blind $1
Rus29APX: is sitting out
ManuelSikora: posts big blind $3
*** HOLE CARDS ***
Apanage: raises $3 to $6
ManuelSikora: calls $3
*** FLOP *** [2d Js 7s]
ManuelSikora: checks
Apanage: bets $3
ManuelSikora: folds
Uncalled bet ($3) returned to Apanage
Apanage collected $11.76 from pot
Apanage: doesn't show hand
*** SUMMARY ***
Total pot $12 | Rake $0.24
Board [2d Js 7s]
Seat 1: Apanage (button) (small blind) collected ($11.76)
Seat 6: ManuelSikora (big blind) folded on the Flop


PokerStars Hand #166393135953:  Hold'em Limit ($3/$6 USD) - 2017/02/18 8:37:02 ET
Table 'Thiele' 6-max Seat #3 is the button
Seat 1: Apanage ($85.98 in chips)
Seat 3: Rus29APX ($112.17 in chips)
Rus29APX: posts small blind $1
Apanage: posts big blind $3
*** HOLE CARDS ***
codat13 leaves the table
Rus29APX: raises $3 to $6
Apanage: calls $3
*** FLOP *** [As Ts Ac]
Apanage: checks
Rus29APX: bets $3
Apanage: folds
Uncalled bet ($3) returned to Rus29APX
Rus29APX collected $11.76 from pot
Rus29APX: doesn't show hand
*** SUMMARY ***
Total pot $12 | Rake $0.24
Board [As Ts Ac]
Seat 1: Apanage (big blind) folded on the Flop
Seat 3: Rus29APX (button) (small blind) collected ($11.76)


PokerStars Hand #166393156107:  Hold'em Limit ($3/$6 USD) - 2017/02/18 8:37:33 ET
Table 'Thiele' 6-max Seat #1 is the button
Seat 1: Apanage ($79.98 in chips)
Seat 3: Rus29APX ($117.93 in chips)
Apanage: posts small blind $1
Rus29APX: posts big blind $3
*** HOLE CARDS ***
Apanage: raises $3 to $6
Rus29APX: calls $3
*** FLOP *** [4s 8c Tc]
Rus29APX: checks
Apanage: bets $3
Rus29APX: folds
Uncalled bet ($3) returned to Apanage
Apanage collected $11.76 from pot
Apanage: doesn't show hand
*** SUMMARY ***
Total pot $12 | Rake $0.24
Board [4s 8c Tc]
Seat 1: Apanage (button) (small blind) collected ($11.76)
Seat 3: Rus29APX (big blind) folded on the Flop


PokerStars Hand #166393352933:  Hold'em Limit ($3/$6 USD) - 2017/02/18 8:42:32 ET
Table 'Thiele' 6-max Seat #6 is the button
Seat 3: Rus29APX ($146.50 in chips)
Seat 6: ManuelSikora ($70.01 in chips)
ManuelSikora: posts small blind $1
Rus29APX: posts big blind $3
*** HOLE CARDS ***
ManuelSikora: raises $3 to $6
Rus29APX: calls $3
*** FLOP *** [Ad 7s 2c]
Rus29APX: checks
ManuelSikora: checks
*** TURN *** [Ad 7s 2c] [8s]
Rus29APX: bets $6
ManuelSikora: calls $6
*** RIVER *** [Ad 7s 2c 8s] [Jc]
Rus29APX: checks
ManuelSikora: bets $6
Rus29APX: calls $6
*** SHOW DOWN ***
ManuelSikora: shows [8h As] (two pair, Aces and Eights)
Rus29APX: mucks hand
ManuelSikora collected $35.50 from pot
*** SUMMARY ***
Total pot $36 | Rake $0.50
Board [Ad 7s 2c 8s Jc]
Seat 3: Rus29APX (big blind) mucked
Seat 6: ManuelSikora (button) (small blind) showed [8h As] and won ($35.50) with two pair, Aces and Eights


PokerStars Hand #166393383282:  Hold'em Limit ($3/$6 USD) - 2017/02/18 8:43:19 ET
Table 'Thiele' 6-max Seat #3 is the button
Seat 3: Rus29APX ($128.50 in chips)
Seat 6: ManuelSikora ($87.51 in chips)
Rus29APX: posts small blind $1
ManuelSikora: posts big blind $3
*** HOLE CARDS ***
Rus29APX: folds
Uncalled bet ($2) returned to ManuelSikora
ManuelSikora collected $2 from pot
ManuelSikora: doesn't show hand
*** SUMMARY ***
Total pot $2 | Rake $0
Seat 3: Rus29APX (button) (small blind) folded before Flop
Seat 6: ManuelSikora (big blind) collected ($2)


PokerStars Hand #166393388040:  Hold'em Limit ($3/$6 USD) - 2017/02/18 8:43:26 ET
Table 'Thiele' 6-max Seat #6 is the button
Seat 3: Rus29APX ($127.50 in chips)
Seat 6: ManuelSikora ($88.51 in chips)
ManuelSikora: posts small blind $1
Rus29APX: posts big blind $3
*** HOLE CARDS ***
ManuelSikora: raises $3 to $6
Rus29APX: calls $3
*** FLOP *** [2s 9c Ah]
Rus29APX: checks
ManuelSikora: checks
*** TURN *** [2s 9c Ah] [7s]
Rus29APX: bets $6
ManuelSikora: folds
Uncalled bet ($6) returned to Rus29APX
Rus29APX collected $11.76 from pot
Rus29APX: doesn't show hand
*** SUMMARY ***
Total pot $12 | Rake $0.24
Board [2s 9c Ah 7s]
Seat 3: Rus29APX (big blind) collected ($11.76)
Seat 6: ManuelSikora (button) (small blind) folded on the Turn


PokerStars Hand #166393398864:  Hold'em Limit ($3/$6 USD) - 2017/02/18 8:43:42 ET
Table 'Thiele' 6-max Seat #3 is the button
Seat 3: Rus29APX ($133.26 in chips)
Seat 6: ManuelSikora ($82.51 in chips)
Rus29APX: posts small blind $1
ManuelSikora: posts big blind $3
*** HOLE CARDS ***
Rus29APX: raises $3 to $6
ManuelSikora: calls $3
*** FLOP *** [6c Kd Ac]
ManuelSikora: bets $3
Rus29APX: raises $3 to $6
ManuelSikora: calls $3
*** TURN *** [6c Kd Ac] [As]
ManuelSikora: checks
MellivoraSto joins the table at seat #1
Rus29APX: checks
*** RIVER *** [6c Kd Ac As] [6s]
ManuelSikora: checks
Rus29APX: checks
*** SHOW DOWN ***
ManuelSikora: shows [5s 9s] (two pair, Aces and Sixes)
Rus29APX: shows [2h Jd] (two pair, Aces and Sixes)
ManuelSikora collected $11.76 from pot
Rus29APX collected $11.76 from pot
*** SUMMARY ***
Total pot $24 | Rake $0.48
Board [6c Kd Ac As 6s]
Seat 3: Rus29APX (button) (small blind) showed [2h Jd] and won ($11.76) with two pair, Aces and Sixes
Seat 6: ManuelSikora (big blind) showed [5s 9s] and won ($11.76) with two pair, Aces and Sixes


PokerStars Hand #166395025868:  Hold'em Limit ($3/$6 USD) - 2017/02/18 9:24:14 ET
Table 'Thiele' 6-max Seat #1 is the button
Seat 1: MellivoraSto ($270.95 in chips)
Seat 3: picsel37 ($57 in chips)
julenchu will be allowed to play after the button
Yuriy Ceza11 will be allowed to play after the button
EL BOCCE will be allowed to play after the button
MellivoraSto: posts small blind $1
picsel37: posts big blind $3
*** HOLE CARDS ***
MellivoraSto: raises $3 to $6
picsel37: raises $3 to $9
knas4 joins the table at seat #2
MellivoraSto: calls $3
*** FLOP *** [4h Qh 7d]
picsel37: bets $3
MellivoraSto: raises $3 to $6
picsel37: calls $3
*** TURN *** [4h Qh 7d] [2d]
picsel37: checks
MellivoraSto: bets $6
picsel37: calls $6
*** RIVER *** [4h Qh 7d 2d] [9s]
picsel37: checks
MellivoraSto: checks
*** SHOW DOWN ***
picsel37: shows [As 7h] (a pair of Sevens)
MellivoraSto: mucks hand
picsel37 collected $41.50 from pot
EL BOCCE said, "helo all"
*** SUMMARY ***
Total pot $42 | Rake $0.50
Board [4h Qh 7d 2d 9s]
Seat 1: MellivoraSto (button) (small blind) mucked
Seat 3: picsel37 (big blind) showed [As 7h] and won ($41.50) with a pair of Sevens


PokerStars Hand #166399828195:  Hold'em Limit ($3/$6 USD) - 2017/02/18 11:15:04 ET
Table 'Thiele' 6-max Seat #2 is the button
Seat 2: lachef111 ($104.52 in chips)
Seat 5: helenaki ($62.73 in chips)
tamnt10549 will be allowed to play after the button
lachef111: posts small blind $1
helenaki: posts big blind $3
*** HOLE CARDS ***
lachef111: folds
Uncalled bet ($2) returned to helenaki
helenaki collected $2 from pot
*** SUMMARY ***
Total pot $2 | Rake $0
Seat 2: lachef111 (button) (small blind) folded before Flop
Seat 5: helenaki (big blind) collected ($2)


PokerStars Hand #166399857017:  Hold'em Limit ($3/$6 USD) - 2017/02/18 11:15:40 ET
Table 'Thiele' 6-max Seat #5 is the button
Seat 2: lachef111 ($94.52 in chips)
Seat 5: helenaki ($75.10 in chips)
helenaki: posts small blind $1
lachef111: posts big blind $3
*** HOLE CARDS ***
helenaki: raises $3 to $6
lachef111: folds
Uncalled bet ($3) returned to helenaki
helenaki collected $6 from pot
lachef111 leaves the table
*** SUMMARY ***
Total pot $6 | Rake $0
Seat 2: lachef111 (big blind) folded before Flop
Seat 5: helenaki (button) (small blind) collected ($6)


