PokerStars Hand #152809319083:  Hold'em Limit ($3/$6 USD) - 2016/05/03 15:26:32 ET
Table 'Thiele' 6-max Seat #2 is the button
Seat 2: liza3008 ($136.50 in chips)
Seat 3: shushlo ($72 in chips)
liza3008: posts small blind $1
shushlo: posts big blind $3
*** HOLE CARDS ***
liza3008: raises $3 to $6
shushlo: raises $3 to $9
liza3008: calls $3
*** FLOP *** [9c As Tc]
shushlo: bets $3
liza3008: folds
Uncalled bet ($3) returned to shushlo
shushlo collected $17.64 from pot
shushlo: doesn't show hand
*** SUMMARY ***
Total pot $18 | Rake $0.36
Board [9c As Tc]
Seat 2: liza3008 (button) (small blind) folded on the Flop
Seat 3: shushlo (big blind) collected ($17.64)


PokerStars Hand #152809332505:  Hold'em Limit ($3/$6 USD) - 2016/05/03 15:26:48 ET
Table 'Thiele' 6-max Seat #3 is the button
Seat 2: liza3008 ($127.50 in chips)
Seat 3: shushlo ($80.64 in chips)
shushlo: posts small blind $1
liza3008: posts big blind $3
*** HOLE CARDS ***
shushlo: raises $3 to $6
liza3008: calls $3
*** FLOP *** [8c Qd 9s]
liza3008: checks
shushlo: bets $3
liza3008: calls $3
*** TURN *** [8c Qd 9s] [Js]
liza3008: checks
shushlo: bets $6
liza3008: folds
Uncalled bet ($6) returned to shushlo
shushlo collected $17.64 from pot
shushlo: doesn't show hand
*** SUMMARY ***
Total pot $18 | Rake $0.36
Board [8c Qd 9s Js]
Seat 2: liza3008 (big blind) folded on the Turn
Seat 3: shushlo (button) (small blind) collected ($17.64)


PokerStars Hand #152809380291:  Hold'em Limit ($3/$6 USD) - 2016/05/03 15:27:43 ET
Table 'Thiele' 6-max Seat #3 is the button
Seat 2: liza3008 ($100.50 in chips)
Seat 3: shushlo ($106.78 in chips)
shushlo: posts small blind $1
liza3008: posts big blind $3
*** HOLE CARDS ***
mujo90 joins the table at seat #4
shushlo: folds
Uncalled bet ($2) returned to liza3008
liza3008 collected $2 from pot
liza3008: doesn't show hand
*** SUMMARY ***
Total pot $2 | Rake $0
Seat 2: liza3008 (big blind) collected ($2)
Seat 3: shushlo (button) (small blind) folded before Flop


PokerStars Hand #152809353001:  Hold'em Limit ($3/$6 USD) - 2016/05/03 15:27:12 ET
Table 'Thiele' 6-max Seat #2 is the button
Seat 2: liza3008 ($118.50 in chips)
Seat 3: shushlo ($89.28 in chips)
liza3008: posts small blind $1
shushlo: posts big blind $3
*** HOLE CARDS ***
liza3008: raises $3 to $6
shushlo: calls $3
*** FLOP *** [8d 5d 3s]
shushlo: checks
liza3008: bets $3
shushlo: raises $3 to $6
liza3008: calls $3
*** TURN *** [8d 5d 3s] [Kc]
shushlo: bets $6
liza3008: calls $6
*** RIVER *** [8d 5d 3s Kc] [Td]
shushlo: bets $6
liza3008: folds
Uncalled bet ($6) returned to shushlo
shushlo collected $35.50 from pot
shushlo: doesn't show hand
*** SUMMARY ***
Total pot $36 | Rake $0.50
Board [8d 5d 3s Kc Td]
Seat 2: liza3008 (button) (small blind) folded on the River
Seat 3: shushlo (big blind) collected ($35.50)


PokerStars Hand #152809385526:  Hold'em Limit ($3/$6 USD) - 2016/05/03 15:27:49 ET
Table 'Thiele' 6-max Seat #2 is the button
Seat 2: liza3008 ($101.50 in chips)
Seat 3: shushlo ($105.78 in chips)
liza3008: posts small blind $1
shushlo: posts big blind $3
*** HOLE CARDS ***
liza3008: raises $3 to $6
shushlo: raises $3 to $9
liza3008: calls $3
*** FLOP *** [Ks Js 8c]
shushlo: bets $3
oliwan joins the table at seat #5
liza3008: calls $3
*** TURN *** [Ks Js 8c] [Qd]
ValeryRon joins the table at seat #6
shushlo: bets $6
liza3008: folds
Uncalled bet ($6) returned to shushlo
shushlo collected $23.52 from pot
shushlo: doesn't show hand
*** SUMMARY ***
Total pot $24 | Rake $0.48
Board [Ks Js 8c Qd]
Seat 2: liza3008 (button) (small blind) folded on the Turn
Seat 3: shushlo (big blind) collected ($23.52)


PokerStars Hand #152810141982:  Hold'em Limit ($3/$6 USD) - 2016/05/03 15:42:07 ET
Table 'Thiele' 6-max Seat #4 is the button
Seat 1: Necromadx ($178.88 in chips)
Seat 4: LolDnkaments ($104 in chips)
LolDnkaments: posts small blind $1
oliwan: is sitting out
Necromadx: posts big blind $3
*** HOLE CARDS ***
oliwan said, "wt?"
LolDnkaments: raises $3 to $6
Necromadx: raises $3 to $9
LolDnkaments said, "straight"
LolDnkaments: calls $3
*** FLOP *** [8s Kd 3c]
Necromadx: bets $3
LolDnkaments: calls $3
*** TURN *** [8s Kd 3c] [5c]
oliwan said, "you are such a joke"
Necromadx: checks
oliwan said, "lol"
LolDnkaments: bets $6
Necromadx: calls $6
*** RIVER *** [8s Kd 3c 5c] [Jd]
Necromadx: checks
LolDnkaments: bets $6
Necromadx: calls $6
*** SHOW DOWN ***
LolDnkaments: shows [Ks 2h] (a pair of Kings)
Necromadx: mucks hand
LolDnkaments collected $47.50 from pot
*** SUMMARY ***
Total pot $48 | Rake $0.50
Board [8s Kd 3c 5c Jd]
Seat 1: Necromadx (big blind) mucked
Seat 4: LolDnkaments (button) (small blind) showed [Ks 2h] and won ($47.50) with a pair of Kings


PokerStars Hand #152817014206:  Hold'em Limit ($3/$6 USD) - 2016/05/03 18:03:19 ET
Table 'Thiele' 6-max Seat #2 is the button
Seat 2: Great_Kang ($276.22 in chips)
Seat 3: liza3008 ($128.50 in chips)
Great_Kang: posts small blind $1
liza3008: posts big blind $3
*** HOLE CARDS ***
Great_Kang: raises $3 to $6
liza3008: calls $3
*** FLOP *** [Jd 6d 7h]
liza3008: checks
Great_Kang: bets $3
liza3008: calls $3
*** TURN *** [Jd 6d 7h] [Kc]
liza3008: checks
Great_Kang: bets $6
liza3008: calls $6
*** RIVER *** [Jd 6d 7h Kc] [As]
liza3008: checks
Great_Kang: checks
*** SHOW DOWN ***
liza3008: shows [6s 9s] (a pair of Sixes)
Great_Kang: shows [8h 7c] (a pair of Sevens)
Great_Kang collected $29.50 from pot
*** SUMMARY ***
Total pot $30 | Rake $0.50
Board [Jd 6d 7h Kc As]
Seat 2: Great_Kang (button) (small blind) showed [8h 7c] and won ($29.50) with a pair of Sevens
Seat 3: liza3008 (big blind) showed [6s 9s] and lost with a pair of Sixes


PokerStars Hand #152816994353:  Hold'em Limit ($3/$6 USD) - 2016/05/03 18:02:55 ET
Table 'Thiele' 6-max Seat #3 is the button
Seat 2: Great_Kang ($306.22 in chips)
Seat 3: liza3008 ($99 in chips)
liza3008: posts small blind $1
Great_Kang: posts big blind $3
*** HOLE CARDS ***
liza3008: raises $3 to $6
Great_Kang: raises $3 to $9
liza3008: calls $3
*** FLOP *** [7h 6s Qs]
Great_Kang: bets $3
liza3008: calls $3
*** TURN *** [7h 6s Qs] [Kd]
Great_Kang: bets $6
liza3008: raises $6 to $12
Great_Kang: calls $6
*** RIVER *** [7h 6s Qs Kd] [8d]
Great_Kang: checks
liza3008: bets $6
Great_Kang: calls $6
*** SHOW DOWN ***
liza3008: shows [7s 6c] (two pair, Sevens and Sixes)
Great_Kang: mucks hand
liza3008 collected $59.50 from pot
*** SUMMARY ***
Total pot $60 | Rake $0.50
Board [7h 6s Qs Kd 8d]
Seat 2: Great_Kang (big blind) mucked
Seat 3: liza3008 (button) (small blind) showed [7s 6c] and won ($59.50) with two pair, Sevens and Sixes


PokerStars Hand #152817033085:  Hold'em Limit ($3/$6 USD) - 2016/05/03 18:03:42 ET
Table 'Thiele' 6-max Seat #3 is the button
Seat 2: Great_Kang ($290.72 in chips)
Seat 3: liza3008 ($113.50 in chips)
liza3008: posts small blind $1
Great_Kang: posts big blind $3
*** HOLE CARDS ***
liza3008: raises $3 to $6
Great_Kang: raises $3 to $9
liza3008: calls $3
*** FLOP *** [4s 5c Kh]
Great_Kang: bets $3
liza3008: calls $3
*** TURN *** [4s 5c Kh] [Tc]
Great_Kang: checks
liza3008: bets $6
Great_Kang: calls $6
*** RIVER *** [4s 5c Kh Tc] [9c]
Great_Kang: checks
liza3008: bets $6
Great_Kang: raises $6 to $12
liza3008: folds
Uncalled bet ($6) returned to Great_Kang
Great_Kang collected $47.50 from pot
Great_Kang: doesn't show hand
*** SUMMARY ***
Total pot $48 | Rake $0.50
Board [4s 5c Kh Tc 9c]
Seat 2: Great_Kang (big blind) collected ($47.50)
Seat 3: liza3008 (button) (small blind) folded on the River


PokerStars Hand #152817067994:  Hold'em Limit ($3/$6 USD) - 2016/05/03 18:04:24 ET
Table 'Thiele' 6-max Seat #2 is the button
Seat 2: Great_Kang ($314.22 in chips)
Seat 3: liza3008 ($89.50 in chips)
Great_Kang: posts small blind $1
liza3008: posts big blind $3
*** HOLE CARDS ***
Great_Kang: raises $3 to $6
liza3008: calls $3
*** FLOP *** [5d Jd 7s]
liza3008: checks
Great_Kang: bets $3
liza3008: calls $3
*** TURN *** [5d Jd 7s] [9h]
Pandakey joins the table at seat #4
liza3008: checks
Great_Kang: checks
*** RIVER *** [5d Jd 7s 9h] [2s]
liza3008: bets $6
Great_Kang: folds
Uncalled bet ($6) returned to liza3008
liza3008 collected $17.64 from pot
liza3008: doesn't show hand
*** SUMMARY ***
Total pot $18 | Rake $0.36
Board [5d Jd 7s 9h 2s]
Seat 2: Great_Kang (button) (small blind) folded on the River
Seat 3: liza3008 (big blind) collected ($17.64)


PokerStars Hand #152818609898:  Hold'em Limit ($3/$6 USD) - 2016/05/03 18:39:22 ET
Table 'Thiele' 6-max Seat #5 is the button
Seat 2: Miley2903 ($111.65 in chips)
Seat 5: tangxueke ($34.61 in chips)
tangxueke: posts small blind $1
Miley2903: posts big blind $3
*** HOLE CARDS ***
fsreibnitz leaves the table
tangxueke: folds
Uncalled bet ($2) returned to Miley2903
Miley2903 collected $2 from pot
Miley2903: doesn't show hand
*** SUMMARY ***
Total pot $2 | Rake $0
Seat 2: Miley2903 (big blind) collected ($2)
Seat 5: tangxueke (button) (small blind) folded before Flop


PokerStars Hand #152818636536:  Hold'em Limit ($3/$6 USD) - 2016/05/03 18:40:01 ET
Table 'Thiele' 6-max Seat #5 is the button
Seat 2: Miley2903 ($100.65 in chips)
Seat 5: tangxueke ($45.13 in chips)
tangxueke: posts small blind $1
Miley2903: posts big blind $3
*** HOLE CARDS ***
tangxueke: folds
Uncalled bet ($2) returned to Miley2903
Miley2903 collected $2 from pot
*** SUMMARY ***
Total pot $2 | Rake $0
Seat 2: Miley2903 (big blind) collected ($2)
Seat 5: tangxueke (button) (small blind) folded before Flop


PokerStars Hand #152818620654:  Hold'em Limit ($3/$6 USD) - 2016/05/03 18:39:38 ET
Table 'Thiele' 6-max Seat #2 is the button
Seat 2: Miley2903 ($112.65 in chips)
Seat 5: tangxueke ($33.61 in chips)
Miley2903: posts small blind $1
tangxueke: posts big blind $3
*** HOLE CARDS ***
Miley2903: calls $2
tangxueke: checks
*** FLOP *** [3c Ad 7h]
tangxueke: checks
Miley2903: bets $3
tangxueke: calls $3
*** TURN *** [3c Ad 7h] [8d]
tangxueke: checks
Miley2903: bets $6
tangxueke: calls $6
*** RIVER *** [3c Ad 7h 8d] [Ah]
tangxueke: checks
Miley2903: checks
*** SHOW DOWN ***
tangxueke: shows [Qd 7c] (two pair, Aces and Sevens)
Miley2903: mucks hand
tangxueke collected $23.52 from pot
*** SUMMARY ***
Total pot $24 | Rake $0.48
Board [3c Ad 7h 8d Ah]
Seat 2: Miley2903 (button) (small blind) mucked
Seat 5: tangxueke (big blind) showed [Qd 7c] and won ($23.52) with two pair, Aces and Sevens


PokerStars Hand #152818640459:  Hold'em Limit ($3/$6 USD) - 2016/05/03 18:40:06 ET
Table 'Thiele' 6-max Seat #2 is the button
Seat 2: Miley2903 ($101.65 in chips)
Seat 5: tangxueke ($44.13 in chips)
Miley2903: posts small blind $1
BuzovaPro was removed from the table for failing to post
tangxueke: posts big blind $3
*** HOLE CARDS ***
Miley2903: raises $3 to $6
tangxueke: calls $3
*** FLOP *** [7s Ac Kh]
tangxueke: checks
Miley2903: bets $3
tangxueke: calls $3
*** TURN *** [7s Ac Kh] [5c]
tangxueke: checks
Miley2903: bets $6
tangxueke: calls $6
*** RIVER *** [7s Ac Kh 5c] [Ad]
tangxueke: checks
Miley2903: bets $6
tangxueke: calls $6
*** SHOW DOWN ***
Miley2903: shows [2d Kd] (two pair, Aces and Kings)
tangxueke: shows [Ks 8d] (two pair, Aces and Kings - Eight kicker)
tangxueke collected $41.50 from pot
*** SUMMARY ***
Total pot $42 | Rake $0.50
Board [7s Ac Kh 5c Ad]
Seat 2: Miley2903 (button) (small blind) showed [2d Kd] and lost with two pair, Aces and Kings
Seat 5: tangxueke (big blind) showed [Ks 8d] and won ($41.50) with two pair, Aces and Kings


PokerStars Hand #152818656364:  Hold'em Limit ($3/$6 USD) - 2016/05/03 18:40:29 ET
Table 'Thiele' 6-max Seat #5 is the button
Seat 2: Miley2903 ($80.65 in chips)
Seat 5: tangxueke ($64.63 in chips)
tangxueke: posts small blind $1
Miley2903: posts big blind $3
*** HOLE CARDS ***
tangxueke: raises $3 to $6
Miley2903: raises $3 to $9
tangxueke: calls $3
*** FLOP *** [Jh 6h 7s]
Miley2903: bets $3
tangxueke: calls $3
*** TURN *** [Jh 6h 7s] [Ah]
Miley2903: checks
tangxueke: checks
*** RIVER *** [Jh 6h 7s Ah] [5s]
Miley2903: checks
tangxueke: checks
*** SHOW DOWN ***
Miley2903: shows [Js Qd] (a pair of Jacks)
tangxueke: mucks hand
Miley2903 collected $23.52 from pot
*** SUMMARY ***
Total pot $24 | Rake $0.48
Board [Jh 6h 7s Ah 5s]
Seat 2: Miley2903 (big blind) showed [Js Qd] and won ($23.52) with a pair of Jacks
Seat 5: tangxueke (button) (small blind) mucked


PokerStars Hand #152818694609:  Hold'em Limit ($3/$6 USD) - 2016/05/03 18:41:17 ET
Table 'Thiele' 6-max Seat #2 is the button
Seat 2: Miley2903 ($106.69 in chips)
Seat 5: tangxueke ($37.63 in chips)
Miley2903: posts small blind $1
tangxueke: posts big blind $3
*** HOLE CARDS ***
Miley2903: folds
Uncalled bet ($2) returned to tangxueke
tangxueke collected $2 from pot
tangxueke: doesn't show hand
*** SUMMARY ***
Total pot $2 | Rake $0
Seat 2: Miley2903 (button) (small blind) folded before Flop
Seat 5: tangxueke (big blind) collected ($2)


PokerStars Hand #152818680198:  Hold'em Limit ($3/$6 USD) - 2016/05/03 18:40:56 ET
Table 'Thiele' 6-max Seat #5 is the button
Seat 2: Miley2903 ($95.17 in chips)
Seat 5: tangxueke ($49.63 in chips)
tangxueke: posts small blind $1
Miley2903: posts big blind $3
*** HOLE CARDS ***
tangxueke: raises $3 to $6
Miley2903: calls $3
*** FLOP *** [Jh Ts 9s]
Miley2903: bets $3
tangxueke: raises $3 to $6
Miley2903: calls $3
*** TURN *** [Jh Ts 9s] [Kd]
Miley2903: bets $6
tangxueke: folds
Uncalled bet ($6) returned to Miley2903
Miley2903 collected $23.52 from pot
Miley2903: doesn't show hand
*** SUMMARY ***
Total pot $24 | Rake $0.48
Board [Jh Ts 9s Kd]
Seat 2: Miley2903 (big blind) collected ($23.52)
Seat 5: tangxueke (button) (small blind) folded on the Turn


PokerStars Hand #152818670079:  Hold'em Limit ($3/$6 USD) - 2016/05/03 18:40:49 ET
Table 'Thiele' 6-max Seat #2 is the button
Seat 2: Miley2903 ($92.17 in chips)
Seat 5: tangxueke ($52.63 in chips)
Miley2903: posts small blind $1
tangxueke: posts big blind $3
*** HOLE CARDS ***
Miley2903: raises $3 to $6
tangxueke: folds
Uncalled bet ($3) returned to Miley2903
Miley2903 collected $6 from pot
Miley2903: doesn't show hand
*** SUMMARY ***
Total pot $6 | Rake $0
Seat 2: Miley2903 (button) (small blind) collected ($6)
Seat 5: tangxueke (big blind) folded before Flop


PokerStars Hand #152818699514:  Hold'em Limit ($3/$6 USD) - 2016/05/03 18:41:24 ET
Table 'Thiele' 6-max Seat #5 is the button
Seat 2: Miley2903 ($105.69 in chips)
Seat 5: tangxueke ($38.63 in chips)
tangxueke: posts small blind $1
Miley2903: posts big blind $3
*** HOLE CARDS ***
tangxueke: raises $3 to $6
Miley2903: calls $3
*** FLOP *** [Qh 6h 5h]
Miley2903: checks
tangxueke: bets $3
Miley2903: calls $3
*** TURN *** [Qh 6h 5h] [Jh]
Miley2903: bets $6
tangxueke: folds
Uncalled bet ($6) returned to Miley2903
Miley2903 collected $17.64 from pot
Miley2903: doesn't show hand
*** SUMMARY ***
Total pot $18 | Rake $0.36
Board [Qh 6h 5h Jh]
Seat 2: Miley2903 (big blind) collected ($17.64)
Seat 5: tangxueke (button) (small blind) folded on the Turn


PokerStars Hand #152818734542:  Hold'em Limit ($3/$6 USD) - 2016/05/03 18:42:16 ET
Table 'Thiele' 6-max Seat #5 is the button
Seat 2: Miley2903 ($134.83 in chips)
Seat 5: tangxueke ($8.63 in chips)
tangxueke: posts small blind $1
Miley2903: posts big blind $3
*** HOLE CARDS ***
tangxueke: raises $3 to $6
Miley2903: raises $3 to $9
tangxueke: calls $2.63 and is all-in
Uncalled bet ($0.37) returned to Miley2903
*** FLOP *** [3c 8c 9c]
*** TURN *** [3c 8c 9c] [5h]
*** RIVER *** [3c 8c 9c 5h] [Qs]
*** SHOW DOWN ***
Miley2903: shows [Qc 5c] (a flush, Queen high)
tangxueke: shows [Ts 5s] (a pair of Fives)
Miley2903 collected $16.91 from pot
tangxueke leaves the table
*** SUMMARY ***
Total pot $17.26 | Rake $0.35
Board [3c 8c 9c 5h Qs]
Seat 2: Miley2903 (big blind) showed [Qc 5c] and won ($16.91) with a flush, Queen high
Seat 5: tangxueke (button) (small blind) showed [Ts 5s] and lost with a pair of Fives


PokerStars Hand #152818715267:  Hold'em Limit ($3/$6 USD) - 2016/05/03 18:41:47 ET
Table 'Thiele' 6-max Seat #2 is the button
Seat 2: Miley2903 ($114.33 in chips)
Seat 5: tangxueke ($29.63 in chips)
Miley2903: posts small blind $1
tangxueke: posts big blind $3
*** HOLE CARDS ***
Miley2903: calls $2
tangxueke: raises $3 to $6
Miley2903: calls $3
*** FLOP *** [Qc 6d 7s]
tangxueke: bets $3
Miley2903: calls $3
*** TURN *** [Qc 6d 7s] [9d]
tangxueke: bets $6
Miley2903: calls $6
*** RIVER *** [Qc 6d 7s 9d] [Ad]
tangxueke: bets $6
Miley2903: calls $6
*** SHOW DOWN ***
tangxueke: shows [Jc 7c] (a pair of Sevens)
Miley2903: shows [Qs 5s] (a pair of Queens)
Miley2903 collected $41.50 from pot
*** SUMMARY ***
Total pot $42 | Rake $0.50
Board [Qc 6d 7s 9d Ad]
Seat 2: Miley2903 (button) (small blind) showed [Qs 5s] and won ($41.50) with a pair of Queens
Seat 5: tangxueke (big blind) showed [Jc 7c] and lost with a pair of Sevens


