PokerStars Hand #172350781071:  Hold'em Limit ($3/$6 USD) - 2017/06/28 13:25:54 ET
Table 'Thisbe' 6-max Seat #3 is the button
Seat 2: [HDR]Sven ($40.13 in chips)
Seat 3: sim5sim5 ($72 in chips)
sim5sim5: posts small blind $1
[HDR]Sven: posts big blind $3
*** HOLE CARDS ***
sim5sim5: raises $3 to $6
[HDR]Sven: raises $3 to $9
sim5sim5: calls $3
*** FLOP *** [4d 3d 9h]
[HDR]Sven: bets $3
sim5sim5: folds
Uncalled bet ($3) returned to [HDR]Sven
[HDR]Sven collected $17.64 from pot
[HDR]Sven: doesn't show hand
*** SUMMARY ***
Total pot $18 | Rake $0.36
Board [4d 3d 9h]
Seat 2: [HDR]Sven (big blind) collected ($17.64)
Seat 3: sim5sim5 (button) (small blind) folded on the Flop


PokerStars Hand #172350766443:  Hold'em Limit ($3/$6 USD) - 2017/06/28 13:25:33 ET
Table 'Thisbe' 6-max Seat #2 is the button
Seat 2: [HDR]Sven ($34.37 in chips)
Seat 3: sim5sim5 ($72 in chips)
[HDR]Sven: posts small blind $1
sim5sim5: posts big blind $3
*** HOLE CARDS ***
[HDR]Sven: raises $3 to $6
sim5sim5: calls $3
*** FLOP *** [3d 2d 5d]
sim5sim5: checks
[HDR]Sven: bets $3
sim5sim5: folds
Uncalled bet ($3) returned to [HDR]Sven
[HDR]Sven collected $11.76 from pot
[HDR]Sven: doesn't show hand
*** SUMMARY ***
Total pot $12 | Rake $0.24
Board [3d 2d 5d]
Seat 2: [HDR]Sven (button) (small blind) collected ($11.76)
Seat 3: sim5sim5 (big blind) folded on the Flop


PokerStars Hand #172350791017:  Hold'em Limit ($3/$6 USD) - 2017/06/28 13:26:08 ET
Table 'Thisbe' 6-max Seat #2 is the button
Seat 2: [HDR]Sven ($48.77 in chips)
Seat 3: sim5sim5 ($72 in chips)
[HDR]Sven: posts small blind $1
sim5sim5: posts big blind $3
*** HOLE CARDS ***
[HDR]Sven: folds
Uncalled bet ($2) returned to sim5sim5
sim5sim5 collected $2 from pot
sim5sim5: doesn't show hand
*** SUMMARY ***
Total pot $2 | Rake $0
Seat 2: [HDR]Sven (button) (small blind) folded before Flop
Seat 3: sim5sim5 (big blind) collected ($2)


PokerStars Hand #172350795465:  Hold'em Limit ($3/$6 USD) - 2017/06/28 13:26:14 ET
Table 'Thisbe' 6-max Seat #3 is the button
Seat 2: [HDR]Sven ($47.77 in chips)
Seat 3: sim5sim5 ($73 in chips)
sim5sim5: posts small blind $1
[HDR]Sven: posts big blind $3
*** HOLE CARDS ***
sim5sim5: raises $3 to $6
[HDR]Sven: calls $3
*** FLOP *** [2c Ah 2d]
[HDR]Sven: checks
sim5sim5: bets $3
[HDR]Sven: calls $3
*** TURN *** [2c Ah 2d] [Jc]
[HDR]Sven: checks
sim5sim5: bets $6
[HDR]Sven: raises $6 to $12
sim5sim5: calls $6
*** RIVER *** [2c Ah 2d Jc] [6d]
[HDR]Sven: bets $6
sim5sim5: calls $6
*** SHOW DOWN ***
[HDR]Sven: shows [5c As] (two pair, Aces and Deuces)
sim5sim5: shows [Ac 7d] (two pair, Aces and Deuces)
[HDR]Sven collected $26.75 from pot
sim5sim5 collected $26.75 from pot
*** SUMMARY ***
Total pot $54 | Rake $0.50
Board [2c Ah 2d Jc 6d]
Seat 2: [HDR]Sven (big blind) showed [5c As] and won ($26.75) with two pair, Aces and Deuces
Seat 3: sim5sim5 (button) (small blind) showed [Ac 7d] and won ($26.75) with two pair, Aces and Deuces


PokerStars Hand #172350816957:  Hold'em Limit ($3/$6 USD) - 2017/06/28 13:26:44 ET
Table 'Thisbe' 6-max Seat #2 is the button
Seat 2: [HDR]Sven ($47.52 in chips)
Seat 3: sim5sim5 ($72.75 in chips)
[HDR]Sven: posts small blind $1
sim5sim5: posts big blind $3
*** HOLE CARDS ***
[HDR]Sven: calls $2
sim5sim5: checks
*** FLOP *** [Ac 9h 6c]
sim5sim5: checks
[HDR]Sven: checks
*** TURN *** [Ac 9h 6c] [Qs]
sim5sim5: checks
[HDR]Sven: checks
*** RIVER *** [Ac 9h 6c Qs] [5c]
sim5sim5: bets $6
[HDR]Sven: folds
Uncalled bet ($6) returned to sim5sim5
sim5sim5 collected $5.88 from pot
sim5sim5: doesn't show hand
*** SUMMARY ***
Total pot $6 | Rake $0.12
Board [Ac 9h 6c Qs 5c]
Seat 2: [HDR]Sven (button) (small blind) folded on the River
Seat 3: sim5sim5 (big blind) collected ($5.88)


