PokerStars Hand #150119581941:  Hold'em Limit ($3/$6 USD) - 2016/03/10 3:08:06 ET
Table 'Thisbe' 6-max Seat #4 is the button
Seat 3: VolkovDmitri ($125.76 in chips)
Seat 4: _fayzulllo_ ($66 in chips)
_fayzulllo_: posts small blind $1
VolkovDmitri: posts big blind $3
*** HOLE CARDS ***
_fayzulllo_: raises $3 to $6
VolkovDmitri: calls $3
*** FLOP *** [9s 7s 9d]
VolkovDmitri: checks
_fayzulllo_: bets $3
VolkovDmitri: calls $3
*** TURN *** [9s 7s 9d] [5d]
VolkovDmitri: checks
_fayzulllo_: checks
*** RIVER *** [9s 7s 9d 5d] [3c]
VolkovDmitri: checks
_fayzulllo_: bets $6
VolkovDmitri: folds
Uncalled bet ($6) returned to _fayzulllo_
_fayzulllo_ collected $17.64 from pot
_fayzulllo_: doesn't show hand
*** SUMMARY ***
Total pot $18 | Rake $0.36
Board [9s 7s 9d 5d 3c]
Seat 3: VolkovDmitri (big blind) folded on the River
Seat 4: _fayzulllo_ (button) (small blind) collected ($17.64)


PokerStars Hand #150119575843:  Hold'em Limit ($3/$6 USD) - 2016/03/10 3:07:46 ET
Table 'Thisbe' 6-max Seat #3 is the button
Seat 3: VolkovDmitri ($120 in chips)
Seat 4: _fayzulllo_ ($72 in chips)
VolkovDmitri: posts small blind $1
_fayzulllo_: posts big blind $3
*** HOLE CARDS ***
VolkovDmitri: raises $3 to $6
_fayzulllo_: calls $3
*** FLOP *** [2c 8c Qc]
_fayzulllo_: checks
VolkovDmitri: bets $3
_fayzulllo_: folds
Uncalled bet ($3) returned to VolkovDmitri
VolkovDmitri collected $11.76 from pot
VolkovDmitri: doesn't show hand
*** SUMMARY ***
Total pot $12 | Rake $0.24
Board [2c 8c Qc]
Seat 3: VolkovDmitri (button) (small blind) collected ($11.76)
Seat 4: _fayzulllo_ (big blind) folded on the Flop


PokerStars Hand #150119597243:  Hold'em Limit ($3/$6 USD) - 2016/03/10 3:08:54 ET
Table 'Thisbe' 6-max Seat #3 is the button
Seat 3: VolkovDmitri ($120 in chips)
Seat 4: _fayzulllo_ ($74.64 in chips)
VolkovDmitri: posts small blind $1
_fayzulllo_: posts big blind $3
*** HOLE CARDS ***
VolkovDmitri: raises $3 to $6
_fayzulllo_: calls $3
*** FLOP *** [Qh 6s Ac]
_fayzulllo_: checks
VolkovDmitri: bets $3
_fayzulllo_: calls $3
*** TURN *** [Qh 6s Ac] [Td]
_fayzulllo_: checks
VolkovDmitri: checks
*** RIVER *** [Qh 6s Ac Td] [5c]
_fayzulllo_: checks
VolkovDmitri: bets $6
_fayzulllo_: calls $6
*** SHOW DOWN ***
VolkovDmitri: shows [5d Th] (two pair, Tens and Fives)
_fayzulllo_: mucks hand
VolkovDmitri collected $29.50 from pot
*** SUMMARY ***
Total pot $30 | Rake $0.50
Board [Qh 6s Ac Td 5c]
Seat 3: VolkovDmitri (button) (small blind) showed [5d Th] and won ($29.50) with two pair, Tens and Fives
Seat 4: _fayzulllo_ (big blind) mucked


PokerStars Hand #150119607808:  Hold'em Limit ($3/$6 USD) - 2016/03/10 3:09:29 ET
Table 'Thisbe' 6-max Seat #4 is the button
Seat 3: VolkovDmitri ($134.50 in chips)
Seat 4: _fayzulllo_ ($59.64 in chips)
_fayzulllo_: posts small blind $1
VolkovDmitri: posts big blind $3
*** HOLE CARDS ***
_fayzulllo_: folds
Uncalled bet ($2) returned to VolkovDmitri
VolkovDmitri collected $2 from pot
VolkovDmitri: doesn't show hand
*** SUMMARY ***
Total pot $2 | Rake $0
Seat 3: VolkovDmitri (big blind) collected ($2)
Seat 4: _fayzulllo_ (button) (small blind) folded before Flop


PokerStars Hand #150119610807:  Hold'em Limit ($3/$6 USD) - 2016/03/10 3:09:38 ET
Table 'Thisbe' 6-max Seat #3 is the button
Seat 3: VolkovDmitri ($135.50 in chips)
Seat 4: _fayzulllo_ ($58.64 in chips)
VolkovDmitri: posts small blind $1
_fayzulllo_: posts big blind $3
*** HOLE CARDS ***
VolkovDmitri: raises $3 to $6
_fayzulllo_: calls $3
*** FLOP *** [Ts 7s 3c]
_fayzulllo_: checks
VolkovDmitri: bets $3
_fayzulllo_: raises $3 to $6
VolkovDmitri: calls $3
*** TURN *** [Ts 7s 3c] [2s]
_fayzulllo_: bets $6
VolkovDmitri: folds
Uncalled bet ($6) returned to _fayzulllo_
_fayzulllo_ collected $23.52 from pot
_fayzulllo_: doesn't show hand
*** SUMMARY ***
Total pot $24 | Rake $0.48
Board [Ts 7s 3c 2s]
Seat 3: VolkovDmitri (button) (small blind) folded on the Turn
Seat 4: _fayzulllo_ (big blind) collected ($23.52)


PokerStars Hand #150119624290:  Hold'em Limit ($3/$6 USD) - 2016/03/10 3:10:21 ET
Table 'Thisbe' 6-max Seat #4 is the button
Seat 3: VolkovDmitri ($123.50 in chips)
Seat 4: _fayzulllo_ ($70.16 in chips)
_fayzulllo_: posts small blind $1
VolkovDmitri: posts big blind $3
*** HOLE CARDS ***
_fayzulllo_: calls $2
VolkovDmitri: raises $3 to $6
_fayzulllo_: calls $3
*** FLOP *** [Kd 3d 2c]
VolkovDmitri: checks
_fayzulllo_: checks
*** TURN *** [Kd 3d 2c] [4s]
VolkovDmitri: bets $6
_fayzulllo_: folds
Uncalled bet ($6) returned to VolkovDmitri
VolkovDmitri collected $11.76 from pot
VolkovDmitri: doesn't show hand
*** SUMMARY ***
Total pot $12 | Rake $0.24
Board [Kd 3d 2c 4s]
Seat 3: VolkovDmitri (big blind) collected ($11.76)
Seat 4: _fayzulllo_ (button) (small blind) folded on the Turn


PokerStars Hand #150119634694:  Hold'em Limit ($3/$6 USD) - 2016/03/10 3:10:54 ET
Table 'Thisbe' 6-max Seat #3 is the button
Seat 3: VolkovDmitri ($129.26 in chips)
Seat 4: _fayzulllo_ ($64.16 in chips)
VolkovDmitri: posts small blind $1
_fayzulllo_: posts big blind $3
*** HOLE CARDS ***
VolkovDmitri: raises $3 to $6
_fayzulllo_: calls $3
*** FLOP *** [9d Jc Jd]
_fayzulllo_: checks
VolkovDmitri: bets $3
_fayzulllo_: calls $3
*** TURN *** [9d Jc Jd] [7c]
_fayzulllo_: checks
VolkovDmitri: checks
*** RIVER *** [9d Jc Jd 7c] [Ts]
_fayzulllo_: bets $6
Chessnok joins the table at seat #5
VolkovDmitri: folds
Uncalled bet ($6) returned to _fayzulllo_
_fayzulllo_ collected $17.64 from pot
_fayzulllo_: doesn't show hand
*** SUMMARY ***
Total pot $18 | Rake $0.36
Board [9d Jc Jd 7c Ts]
Seat 3: VolkovDmitri (button) (small blind) folded on the River
Seat 4: _fayzulllo_ (big blind) collected ($17.64)


PokerStars Hand #150120261673:  Hold'em Limit ($3/$6 USD) - 2016/03/10 3:42:53 ET
Table 'Thisbe' 6-max Seat #2 is the button
Seat 2: gnux42 ($8.20 in chips)
Seat 5: Chessnok ($150.02 in chips)
gnux42: posts small blind $1
Chessnok: posts big blind $3
*** HOLE CARDS ***
gnux42: raises $3 to $6
Chessnok: calls $3
*** FLOP *** [4c Ad 8c]
Chessnok: checks
gnux42: bets $2.20 and is all-in
Chessnok: calls $2.20
*** TURN *** [4c Ad 8c] [9d]
*** RIVER *** [4c Ad 8c 9d] [7c]
*** SHOW DOWN ***
Chessnok: shows [6c Th] (a straight, Six to Ten)
gnux42: mucks hand
Chessnok collected $16.07 from pot
*** SUMMARY ***
Total pot $16.40 | Rake $0.33
Board [4c Ad 8c 9d 7c]
Seat 2: gnux42 (button) (small blind) mucked
Seat 5: Chessnok (big blind) showed [6c Th] and won ($16.07) with a straight, Six to Ten


PokerStars Hand #150121478956:  Hold'em Limit ($3/$6 USD) - 2016/03/10 4:39:21 ET
Table 'Thisbe' 6-max Seat #3 is the button
Seat 3: frazerchi ($18.50 in chips)
Seat 4: Agrotait ($89.50 in chips)
frazerchi: posts small blind $1
Agrotait: posts big blind $3
*** HOLE CARDS ***
frazerchi: raises $3 to $6
Agrotait: folds
Uncalled bet ($3) returned to frazerchi
frazerchi collected $6 from pot
frazerchi: doesn't show hand
*** SUMMARY ***
Total pot $6 | Rake $0
Seat 3: frazerchi (button) (small blind) collected ($6)
Seat 4: Agrotait (big blind) folded before Flop


PokerStars Hand #150121476353:  Hold'em Limit ($3/$6 USD) - 2016/03/10 4:39:14 ET
Table 'Thisbe' 6-max Seat #4 is the button
Seat 3: frazerchi ($21.50 in chips)
Seat 4: Agrotait ($86.50 in chips)
Agrotait: posts small blind $1
frazerchi: posts big blind $3
*** HOLE CARDS ***
Agrotait: raises $3 to $6
frazerchi: folds
Uncalled bet ($3) returned to Agrotait
Agrotait collected $6 from pot
Agrotait: doesn't show hand
*** SUMMARY ***
Total pot $6 | Rake $0
Seat 3: frazerchi (big blind) folded before Flop
Seat 4: Agrotait (button) (small blind) collected ($6)


PokerStars Hand #150121459940:  Hold'em Limit ($3/$6 USD) - 2016/03/10 4:38:32 ET
Table 'Thisbe' 6-max Seat #3 is the button
Seat 3: frazerchi ($36.50 in chips)
Seat 4: Agrotait ($72 in chips)
frazerchi: posts small blind $1
Agrotait: posts big blind $3
*** HOLE CARDS ***
frazerchi: calls $2
Agrotait: raises $3 to $6
frazerchi: calls $3
*** FLOP *** [2d 2s 8c]
Agrotait: bets $3
frazerchi: calls $3
*** TURN *** [2d 2s 8c] [4c]
Agrotait: bets $6
frazerchi: calls $6
*** RIVER *** [2d 2s 8c 4c] [3s]
Agrotait: checks
frazerchi: checks
*** SHOW DOWN ***
Agrotait: shows [Ks Ah] (a pair of Deuces)
frazerchi: mucks hand
Agrotait collected $29.50 from pot
*** SUMMARY ***
Total pot $30 | Rake $0.50
Board [2d 2s 8c 4c 3s]
Seat 3: frazerchi (button) (small blind) mucked
Seat 4: Agrotait (big blind) showed [Ks Ah] and won ($29.50) with a pair of Deuces


PokerStars Hand #150121504846:  Hold'em Limit ($3/$6 USD) - 2016/03/10 4:40:28 ET
Table 'Thisbe' 6-max Seat #3 is the button
Seat 3: frazerchi ($30.14 in chips)
Seat 4: Agrotait ($77.50 in chips)
frazerchi: posts small blind $1
Agrotait: posts big blind $3
*** HOLE CARDS ***
frazerchi: folds
Uncalled bet ($2) returned to Agrotait
Agrotait collected $2 from pot
Agrotait: doesn't show hand
*** SUMMARY ***
Total pot $2 | Rake $0
Seat 3: frazerchi (button) (small blind) folded before Flop
Seat 4: Agrotait (big blind) collected ($2)


PokerStars Hand #150121485707:  Hold'em Limit ($3/$6 USD) - 2016/03/10 4:39:39 ET
Table 'Thisbe' 6-max Seat #4 is the button
Seat 3: frazerchi ($21.50 in chips)
Seat 4: Agrotait ($86.50 in chips)
Agrotait: posts small blind $1
frazerchi: posts big blind $3
*** HOLE CARDS ***
Agrotait: raises $3 to $6
frazerchi: calls $3
*** FLOP *** [8d 4d 3s]
frazerchi: bets $3
Agrotait: calls $3
*** TURN *** [8d 4d 3s] [2h]
frazerchi: bets $6
Agrotait: folds
Uncalled bet ($6) returned to frazerchi
frazerchi collected $17.64 from pot
frazerchi: doesn't show hand
*** SUMMARY ***
Total pot $18 | Rake $0.36
Board [8d 4d 3s 2h]
Seat 3: frazerchi (big blind) collected ($17.64)
Seat 4: Agrotait (button) (small blind) folded on the Turn


PokerStars Hand #150121521708:  Hold'em Limit ($3/$6 USD) - 2016/03/10 4:41:12 ET
Table 'Thisbe' 6-max Seat #4 is the button
Seat 3: frazerchi ($31.78 in chips)
Seat 4: Agrotait ($75.26 in chips)
Agrotait: posts small blind $1
frazerchi: posts big blind $3
*** HOLE CARDS ***
Agrotait: raises $3 to $6
frazerchi: calls $3
*** FLOP *** [8d Qc Jc]
frazerchi: bets $3
Agrotait: calls $3
*** TURN *** [8d Qc Jc] [7h]
frazerchi: bets $6
Agrotait: calls $6
*** RIVER *** [8d Qc Jc 7h] [Ah]
frazerchi: bets $6
Agrotait: calls $6
*** SHOW DOWN ***
frazerchi: shows [Kc Tc] (a straight, Ten to Ace)
Agrotait: mucks hand
frazerchi collected $41.50 from pot
*** SUMMARY ***
Total pot $42 | Rake $0.50
Board [8d Qc Jc 7h Ah]
Seat 3: frazerchi (big blind) showed [Kc Tc] and won ($41.50) with a straight, Ten to Ace
Seat 4: Agrotait (button) (small blind) mucked


PokerStars Hand #150121512949:  Hold'em Limit ($3/$6 USD) - 2016/03/10 4:40:49 ET
Table 'Thisbe' 6-max Seat #3 is the button
Seat 3: frazerchi ($23.14 in chips)
Seat 4: Agrotait ($84.26 in chips)
frazerchi: posts small blind $1
Agrotait: posts big blind $3
*** HOLE CARDS ***
frazerchi: raises $3 to $6
Agrotait: calls $3
*** FLOP *** [7s 3d 3c]
Agrotait: checks
frazerchi: bets $3
Agrotait: calls $3
*** TURN *** [7s 3d 3c] [2s]
Agrotait: checks
frazerchi: bets $6
Agrotait: folds
Uncalled bet ($6) returned to frazerchi
frazerchi collected $17.64 from pot
frazerchi: doesn't show hand
*** SUMMARY ***
Total pot $18 | Rake $0.36
Board [7s 3d 3c 2s]
Seat 3: frazerchi (button) (small blind) collected ($17.64)
Seat 4: Agrotait (big blind) folded on the Turn


PokerStars Hand #150121506873:  Hold'em Limit ($3/$6 USD) - 2016/03/10 4:40:34 ET
Table 'Thisbe' 6-max Seat #4 is the button
Seat 3: frazerchi ($29.14 in chips)
Seat 4: Agrotait ($78.50 in chips)
Agrotait: posts small blind $1
frazerchi: posts big blind $3
*** HOLE CARDS ***
Agrotait: raises $3 to $6
frazerchi: calls $3
*** FLOP *** [Kc Jc 4s]
frazerchi: checks
Agrotait: bets $3
frazerchi: folds
Uncalled bet ($3) returned to Agrotait
Agrotait collected $11.76 from pot
Agrotait: doesn't show hand
*** SUMMARY ***
Total pot $12 | Rake $0.24
Board [Kc Jc 4s]
Seat 3: frazerchi (big blind) folded on the Flop
Seat 4: Agrotait (button) (small blind) collected ($11.76)


PokerStars Hand #150121546926:  Hold'em Limit ($3/$6 USD) - 2016/03/10 4:42:16 ET
Table 'Thisbe' 6-max Seat #4 is the button
Seat 3: frazerchi ($40.28 in chips)
Seat 4: Agrotait ($83.52 in chips)
Agrotait: posts small blind $1
frazerchi: posts big blind $3
*** HOLE CARDS ***
Agrotait: folds
Uncalled bet ($2) returned to frazerchi
frazerchi collected $2 from pot
frazerchi: doesn't show hand
*** SUMMARY ***
Total pot $2 | Rake $0
Seat 3: frazerchi (big blind) collected ($2)
Seat 4: Agrotait (button) (small blind) folded before Flop


PokerStars Hand #150121543973:  Hold'em Limit ($3/$6 USD) - 2016/03/10 4:42:09 ET
Table 'Thisbe' 6-max Seat #3 is the button
Seat 3: frazerchi ($37.28 in chips)
Seat 4: Agrotait ($86.52 in chips)
frazerchi: posts small blind $1
Agrotait: posts big blind $3
*** HOLE CARDS ***
frazerchi: raises $3 to $6
Agrotait: folds
Uncalled bet ($3) returned to frazerchi
frazerchi collected $6 from pot
frazerchi: doesn't show hand
*** SUMMARY ***
Total pot $6 | Rake $0
Seat 3: frazerchi (button) (small blind) collected ($6)
Seat 4: Agrotait (big blind) folded before Flop


PokerStars Hand #150121540352:  Hold'em Limit ($3/$6 USD) - 2016/03/10 4:41:59 ET
Table 'Thisbe' 6-max Seat #4 is the button
Seat 3: frazerchi ($40.28 in chips)
Seat 4: Agrotait ($83.52 in chips)
Agrotait: posts small blind $1
frazerchi: posts big blind $3
*** HOLE CARDS ***
Agrotait: raises $3 to $6
frazerchi: folds
Uncalled bet ($3) returned to Agrotait
Agrotait collected $6 from pot
Agrotait: doesn't show hand
*** SUMMARY ***
Total pot $6 | Rake $0
Seat 3: frazerchi (big blind) folded before Flop
Seat 4: Agrotait (button) (small blind) collected ($6)


PokerStars Hand #150121529696:  Hold'em Limit ($3/$6 USD) - 2016/03/10 4:41:32 ET
Table 'Thisbe' 6-max Seat #3 is the button
Seat 3: frazerchi ($52.28 in chips)
Seat 4: Agrotait ($72 in chips)
frazerchi: posts small blind $1
Agrotait: posts big blind $3
*** HOLE CARDS ***
frazerchi: raises $3 to $6
Agrotait: raises $3 to $9
frazerchi: calls $3
*** FLOP *** [2d Ac 5s]
Agrotait: bets $3
frazerchi: calls $3
*** TURN *** [2d Ac 5s] [7s]
Agrotait: bets $6
frazerchi: folds
Uncalled bet ($6) returned to Agrotait
Agrotait collected $23.52 from pot
Agrotait: doesn't show hand
*** SUMMARY ***
Total pot $24 | Rake $0.48
Board [2d Ac 5s 7s]
Seat 3: frazerchi (button) (small blind) folded on the Turn
Seat 4: Agrotait (big blind) collected ($23.52)


PokerStars Hand #150121575838:  Hold'em Limit ($3/$6 USD) - 2016/03/10 4:43:30 ET
Table 'Thisbe' 6-max Seat #4 is the button
Seat 3: frazerchi ($43.78 in chips)
Seat 4: Agrotait ($79.02 in chips)
Agrotait: posts small blind $1
frazerchi: posts big blind $3
*** HOLE CARDS ***
Agrotait: raises $3 to $6
frazerchi: folds
Uncalled bet ($3) returned to Agrotait
Agrotait collected $6 from pot
Agrotait: doesn't show hand
*** SUMMARY ***
Total pot $6 | Rake $0
Seat 3: frazerchi (big blind) folded before Flop
Seat 4: Agrotait (button) (small blind) collected ($6)


PokerStars Hand #150121563945:  Hold'em Limit ($3/$6 USD) - 2016/03/10 4:43:00 ET
Table 'Thisbe' 6-max Seat #3 is the button
Seat 3: frazerchi ($23.28 in chips)
Seat 4: Agrotait ($100.02 in chips)
frazerchi: posts small blind $1
Agrotait: posts big blind $3
*** HOLE CARDS ***
frazerchi: raises $3 to $6
Agrotait: raises $3 to $9
frazerchi: raises $3 to $12
Betting is capped
Agrotait: calls $3
*** FLOP *** [Ah Kc 7h]
Agrotait: checks
frazerchi: bets $3
Agrotait: calls $3
*** TURN *** [Ah Kc 7h] [3h]
Agrotait: checks
frazerchi: bets $6
Agrotait: calls $6
*** RIVER *** [Ah Kc 7h 3h] [Jd]
Agrotait: checks
frazerchi: bets $2.28 and is all-in
Agrotait: folds
Uncalled bet ($2.28) returned to frazerchi
frazerchi collected $41.50 from pot
frazerchi: doesn't show hand
*** SUMMARY ***
Total pot $42 | Rake $0.50
Board [Ah Kc 7h 3h Jd]
Seat 3: frazerchi (button) (small blind) collected ($41.50)
Seat 4: Agrotait (big blind) folded on the River


PokerStars Hand #150121561422:  Hold'em Limit ($3/$6 USD) - 2016/03/10 4:42:53 ET
Table 'Thisbe' 6-max Seat #4 is the button
Seat 3: frazerchi ($26.28 in chips)
Seat 4: Agrotait ($97.02 in chips)
Agrotait: posts small blind $1
frazerchi: posts big blind $3
*** HOLE CARDS ***
Agrotait: raises $3 to $6
frazerchi: folds
Uncalled bet ($3) returned to Agrotait
Agrotait collected $6 from pot
Agrotait: doesn't show hand
*** SUMMARY ***
Total pot $6 | Rake $0
Seat 3: frazerchi (big blind) folded before Flop
Seat 4: Agrotait (button) (small blind) collected ($6)


PokerStars Hand #150121549250:  Hold'em Limit ($3/$6 USD) - 2016/03/10 4:42:22 ET
Table 'Thisbe' 6-max Seat #3 is the button
Seat 3: frazerchi ($41.28 in chips)
Seat 4: Agrotait ($82.52 in chips)
frazerchi: posts small blind $1
Agrotait: posts big blind $3
*** HOLE CARDS ***
frazerchi: raises $3 to $6
Agrotait: calls $3
*** FLOP *** [Ks Ah 9d]
Agrotait: checks
frazerchi: bets $3
Agrotait: calls $3
*** TURN *** [Ks Ah 9d] [4s]
Agrotait: checks
frazerchi: bets $6
Agrotait: calls $6
*** RIVER *** [Ks Ah 9d 4s] [6d]
Agrotait: checks
frazerchi: checks
*** SHOW DOWN ***
Agrotait: shows [8c Kh] (a pair of Kings)
frazerchi: mucks hand
Agrotait collected $29.50 from pot
*** SUMMARY ***
Total pot $30 | Rake $0.50
Board [Ks Ah 9d 4s 6d]
Seat 3: frazerchi (button) (small blind) mucked
Seat 4: Agrotait (big blind) showed [8c Kh] and won ($29.50) with a pair of Kings


PokerStars Hand #150121595844:  Hold'em Limit ($3/$6 USD) - 2016/03/10 4:44:21 ET
Table 'Thisbe' 6-max Seat #3 is the button
Seat 3: frazerchi ($49.28 in chips)
Seat 4: Agrotait ($72.54 in chips)
frazerchi: posts small blind $1
Agrotait: posts big blind $3
*** HOLE CARDS ***
frazerchi: folds
Uncalled bet ($2) returned to Agrotait
Ale4o joins the table at seat #5
Agrotait collected $2 from pot
Agrotait: doesn't show hand
*** SUMMARY ***
Total pot $2 | Rake $0
Seat 3: frazerchi (button) (small blind) folded before Flop
Seat 4: Agrotait (big blind) collected ($2)


PokerStars Hand #150121586318:  Hold'em Limit ($3/$6 USD) - 2016/03/10 4:43:57 ET
Table 'Thisbe' 6-max Seat #4 is the button
Seat 3: frazerchi ($28.78 in chips)
Seat 4: Agrotait ($93.54 in chips)
Agrotait: posts small blind $1
frazerchi: posts big blind $3
*** HOLE CARDS ***
Agrotait: raises $3 to $6
frazerchi: calls $3
*** FLOP *** [8s Qd 4s]
frazerchi: bets $3
Agrotait: calls $3
*** TURN *** [8s Qd 4s] [7c]
frazerchi: bets $6
Agrotait: calls $6
*** RIVER *** [8s Qd 4s 7c] [Td]
frazerchi: bets $6
Agrotait: calls $6
*** SHOW DOWN ***
frazerchi: shows [9d 6h] (a straight, Six to Ten)
Agrotait: mucks hand
frazerchi collected $41.50 from pot
*** SUMMARY ***
Total pot $42 | Rake $0.50
Board [8s Qd 4s 7c Td]
Seat 3: frazerchi (big blind) showed [9d 6h] and won ($41.50) with a straight, Six to Ten
Seat 4: Agrotait (button) (small blind) mucked


PokerStars Hand #150121578533:  Hold'em Limit ($3/$6 USD) - 2016/03/10 4:43:37 ET
Table 'Thisbe' 6-max Seat #3 is the button
Seat 3: frazerchi ($40.78 in chips)
Seat 4: Agrotait ($82.02 in chips)
frazerchi: posts small blind $1
Agrotait: posts big blind $3
*** HOLE CARDS ***
frazerchi: raises $3 to $6
Agrotait: raises $3 to $9
frazerchi: calls $3
*** FLOP *** [8s 6s 2h]
Agrotait: bets $3
frazerchi: calls $3
*** TURN *** [8s 6s 2h] [9c]
Agrotait: bets $6
frazerchi: folds
Uncalled bet ($6) returned to Agrotait
Agrotait collected $23.52 from pot
Agrotait: doesn't show hand
*** SUMMARY ***
Total pot $24 | Rake $0.48
Board [8s 6s 2h 9c]
Seat 3: frazerchi (button) (small blind) folded on the Turn
Seat 4: Agrotait (big blind) collected ($23.52)


PokerStars Hand #150122206079:  Hold'em Limit ($3/$6 USD) - 2016/03/10 5:10:18 ET
Table 'Thisbe' 6-max Seat #4 is the button
Seat 3: frazerchi ($130.33 in chips)
Seat 4: Agrotait ($108.23 in chips)
Agrotait: posts small blind $1
frazerchi: posts big blind $3
*** HOLE CARDS ***
Agrotait: raises $3 to $6
frazerchi: calls $3
*** FLOP *** [7c 2h 8h]
frazerchi: checks
Agrotait: bets $3
frazerchi: folds
Uncalled bet ($3) returned to Agrotait
Agrotait collected $11.76 from pot
Agrotait: doesn't show hand
*** SUMMARY ***
Total pot $12 | Rake $0.24
Board [7c 2h 8h]
Seat 3: frazerchi (big blind) folded on the Flop
Seat 4: Agrotait (button) (small blind) collected ($11.76)


PokerStars Hand #150122197865:  Hold'em Limit ($3/$6 USD) - 2016/03/10 5:09:58 ET
Table 'Thisbe' 6-max Seat #3 is the button
Seat 3: frazerchi ($142.33 in chips)
Seat 4: Agrotait ($96.71 in chips)
frazerchi: posts small blind $1
Agrotait: posts big blind $3
*** HOLE CARDS ***
frazerchi: raises $3 to $6
Agrotait: calls $3
*** FLOP *** [Ad Tc 4h]
Agrotait: checks
frazerchi: checks
*** TURN *** [Ad Tc 4h] [3h]
Agrotait: bets $6
frazerchi: calls $6
*** RIVER *** [Ad Tc 4h 3h] [Qs]
Agrotait: checks
frazerchi: checks
*** SHOW DOWN ***
Agrotait: shows [7c Ts] (a pair of Tens)
frazerchi: mucks hand
Agrotait collected $23.52 from pot
*** SUMMARY ***
Total pot $24 | Rake $0.48
Board [Ad Tc 4h 3h Qs]
Seat 3: frazerchi (button) (small blind) mucked
Seat 4: Agrotait (big blind) showed [7c Ts] and won ($23.52) with a pair of Tens


PokerStars Hand #150122194168:  Hold'em Limit ($3/$6 USD) - 2016/03/10 5:09:49 ET
Table 'Thisbe' 6-max Seat #4 is the button
Seat 3: frazerchi ($145.33 in chips)
Seat 4: Agrotait ($93.71 in chips)
Agrotait: posts small blind $1
Hadart: is sitting out
frazerchi: posts big blind $3
*** HOLE CARDS ***
Agrotait: raises $3 to $6
frazerchi: folds
Uncalled bet ($3) returned to Agrotait
Agrotait collected $6 from pot
Agrotait: doesn't show hand
*** SUMMARY ***
Total pot $6 | Rake $0
Seat 3: frazerchi (big blind) folded before Flop
Seat 4: Agrotait (button) (small blind) collected ($6)


