PokerStars Hand #164596685722:  Hold'em Limit ($3/$6 USD) - 2017/01/14 23:51:02 ET
Table 'Thisbe' 6-max Seat #3 is the button
Seat 3: D Negranz ($30 in chips)
Seat 4: VolkovDmitri ($120 in chips)
D Negranz: posts small blind $1
VolkovDmitri is disconnected
VolkovDmitri is connected
VolkovDmitri: posts big blind $3
*** HOLE CARDS ***
D Negranz: raises $3 to $6
VolkovDmitri: calls $3
*** FLOP *** [2s 5c Ah]
VolkovDmitri: checks
D Negranz: bets $3
VolkovDmitri: calls $3
*** TURN *** [2s 5c Ah] [4h]
VolkovDmitri: checks
D Negranz: bets $6
VolkovDmitri: folds
Uncalled bet ($6) returned to D Negranz
D Negranz collected $17.64 from pot
D Negranz: doesn't show hand
*** SUMMARY ***
Total pot $18 | Rake $0.36
Board [2s 5c Ah 4h]
Seat 3: D Negranz (button) (small blind) collected ($17.64)
Seat 4: VolkovDmitri (big blind) folded on the Turn


PokerStars Hand #164596702594:  Hold'em Limit ($3/$6 USD) - 2017/01/14 23:51:55 ET
Table 'Thisbe' 6-max Seat #4 is the button
Seat 3: D Negranz ($38.64 in chips)
Seat 4: VolkovDmitri ($120 in chips)
VolkovDmitri: posts small blind $1
D Negranz: posts big blind $3
*** HOLE CARDS ***
VolkovDmitri: raises $3 to $6
D Negranz: calls $3
*** FLOP *** [Jd 6c Qh]
beng_51 joins the table at seat #5
D Negranz: checks
VolkovDmitri: bets $3
D Negranz: folds
Uncalled bet ($3) returned to VolkovDmitri
VolkovDmitri collected $11.76 from pot
HAL9QQQ joins the table at seat #1
*** SUMMARY ***
Total pot $12 | Rake $0.24
Board [Jd 6c Qh]
Seat 3: D Negranz (big blind) folded on the Flop
Seat 4: VolkovDmitri (button) (small blind) collected ($11.76)


PokerStars Hand #164596708810:  Hold'em Limit ($3/$6 USD) - 2017/01/14 23:52:15 ET
Table 'Thisbe' 6-max Seat #3 is the button
Seat 3: D Negranz ($32.64 in chips)
Seat 4: VolkovDmitri ($125.76 in chips)
D Negranz: posts small blind $1
VolkovDmitri: posts big blind $3
*** HOLE CARDS ***
D Negranz: raises $3 to $6
VolkovDmitri: calls $3
*** FLOP *** [3h 4h 2c]
VolkovDmitri: checks
D Negranz: bets $3
VolkovDmitri: calls $3
*** TURN *** [3h 4h 2c] [5h]
VolkovDmitri: checks
D Negranz: bets $6
VolkovDmitri: folds
Uncalled bet ($6) returned to D Negranz
D Negranz collected $17.64 from pot
D Negranz: doesn't show hand
*** SUMMARY ***
Total pot $18 | Rake $0.36
Board [3h 4h 2c 5h]
Seat 3: D Negranz (button) (small blind) collected ($17.64)
Seat 4: VolkovDmitri (big blind) folded on the Turn


PokerStars Hand #164596799883:  Hold'em Limit ($3/$6 USD) - 2017/01/14 23:57:19 ET
Table 'Thisbe' 6-max Seat #5 is the button
Seat 2: 40 ft cliff ($104.92 in chips)
Seat 5: beng_51 ($115.83 in chips)
beng_51: posts small blind $1
HAL9QQQ: is sitting out
40 ft cliff: posts big blind $3
*** HOLE CARDS ***
beng_51: raises $3 to $6
40 ft cliff: folds
Uncalled bet ($3) returned to beng_51
beng_51 collected $6 from pot
*** SUMMARY ***
Total pot $6 | Rake $0
Seat 2: 40 ft cliff (big blind) folded before Flop
Seat 5: beng_51 (button) (small blind) collected ($6)


