PokerStars Hand #161952340065:  Hold'em Limit ($3/$6 USD) - 2016/11/25 15:32:34 ET
Table 'Thoas' 6-max Seat #2 is the button
Seat 2: LifeisagameX ($60 in chips)
Seat 3: pompier40 ($120 in chips)
LifeisagameX: posts small blind $1
pompier40: posts big blind $3
*** HOLE CARDS ***
LifeisagameX: raises $3 to $6
pompier40: raises $3 to $9
LifeisagameX: calls $3
*** FLOP *** [Ac 8d 7s]
pompier40: bets $3
LifeisagameX: calls $3
*** TURN *** [Ac 8d 7s] [6s]
pompier40: bets $6
LifeisagameX: calls $6
*** RIVER *** [Ac 8d 7s 6s] [2d]
pompier40: bets $6
LifeisagameX: folds
Uncalled bet ($6) returned to pompier40
pompier40 collected $35.50 from pot
*** SUMMARY ***
Total pot $36 | Rake $0.50
Board [Ac 8d 7s 6s 2d]
Seat 2: LifeisagameX (button) (small blind) folded on the River
Seat 3: pompier40 (big blind) collected ($35.50)


PokerStars Hand #161952380462:  Hold'em Limit ($3/$6 USD) - 2016/11/25 15:33:17 ET
Table 'Thoas' 6-max Seat #3 is the button
Seat 2: LifeisagameX ($42 in chips)
Seat 3: pompier40 ($137.50 in chips)
pompier40: posts small blind $1
LifeisagameX: posts big blind $3
*** HOLE CARDS ***
pompier40: raises $3 to $6
LifeisagameX: calls $3
*** FLOP *** [As 9c 2d]
LifeisagameX: checks
pompier40: checks
*** TURN *** [As 9c 2d] [Jc]
LifeisagameX: checks
pompier40: bets $6
LifeisagameX: calls $6
*** RIVER *** [As 9c 2d Jc] [Ah]
LifeisagameX: checks
pompier40: bets $6
LifeisagameX: calls $6
*** SHOW DOWN ***
pompier40: shows [Jh Kc] (two pair, Aces and Jacks)
LifeisagameX: mucks hand
pompier40 collected $35.50 from pot
*** SUMMARY ***
Total pot $36 | Rake $0.50
Board [As 9c 2d Jc Ah]
Seat 2: LifeisagameX (big blind) mucked
Seat 3: pompier40 (button) (small blind) showed [Jh Kc] and won ($35.50) with two pair, Aces and Jacks


PokerStars Hand #161952472041:  Hold'em Limit ($3/$6 USD) - 2016/11/25 15:34:57 ET
Table 'Thoas' 6-max Seat #3 is the button
Seat 2: LifeisagameX ($23.82 in chips)
Seat 3: pompier40 ($154.82 in chips)
pompier40: posts small blind $1
LifeisagameX: posts big blind $3
*** HOLE CARDS ***
pompier40: folds
Uncalled bet ($2) returned to LifeisagameX
LifeisagameX collected $2 from pot
LifeisagameX: doesn't show hand
*** SUMMARY ***
Total pot $2 | Rake $0
Seat 2: LifeisagameX (big blind) collected ($2)
Seat 3: pompier40 (button) (small blind) folded before Flop


PokerStars Hand #161952421977:  Hold'em Limit ($3/$6 USD) - 2016/11/25 15:34:02 ET
Table 'Thoas' 6-max Seat #2 is the button
Seat 2: LifeisagameX ($24 in chips)
Seat 3: pompier40 ($155 in chips)
LifeisagameX: posts small blind $1
pompier40: posts big blind $3
*** HOLE CARDS ***
LifeisagameX: raises $3 to $6
pompier40: calls $3
*** FLOP *** [Jc 3h 9c]
pompier40: checks
LifeisagameX: bets $3
pompier40: calls $3
*** TURN *** [Jc 3h 9c] [As]
pompier40: checks
LifeisagameX: checks
*** RIVER *** [Jc 3h 9c As] [2c]
pompier40: checks
LifeisagameX: checks
*** SHOW DOWN ***
pompier40: shows [Qd Tc] (high card Ace)
LifeisagameX: shows [Qs Ts] (high card Ace)
pompier40 collected $8.82 from pot
LifeisagameX collected $8.82 from pot
*** SUMMARY ***
Total pot $18 | Rake $0.36
Board [Jc 3h 9c As 2c]
Seat 2: LifeisagameX (button) (small blind) showed [Qs Ts] and won ($8.82) with high card Ace
Seat 3: pompier40 (big blind) showed [Qd Tc] and won ($8.82) with high card Ace


PokerStars Hand #161952537609:  Hold'em Limit ($3/$6 USD) - 2016/11/25 15:36:07 ET
Table 'Thoas' 6-max Seat #2 is the button
Seat 2: LifeisagameX ($40.32 in chips)
Seat 3: pompier40 ($137.82 in chips)
LifeisagameX: posts small blind $1
pompier40: posts big blind $3
*** HOLE CARDS ***
LifeisagameX: raises $3 to $6
pompier40: folds
Uncalled bet ($3) returned to LifeisagameX
LifeisagameX collected $6 from pot
LifeisagameX: doesn't show hand
*** SUMMARY ***
Total pot $6 | Rake $0
Seat 2: LifeisagameX (button) (small blind) collected ($6)
Seat 3: pompier40 (big blind) folded before Flop


PokerStars Hand #161952527757:  Hold'em Limit ($3/$6 USD) - 2016/11/25 15:35:57 ET
Table 'Thoas' 6-max Seat #3 is the button
Seat 2: LifeisagameX ($39.32 in chips)
Seat 3: pompier40 ($138.82 in chips)
pompier40: posts small blind $1
LifeisagameX: posts big blind $3
*** HOLE CARDS ***
pompier40: folds
Uncalled bet ($2) returned to LifeisagameX
LifeisagameX collected $2 from pot
LifeisagameX: doesn't show hand
*** SUMMARY ***
Total pot $2 | Rake $0
Seat 2: LifeisagameX (big blind) collected ($2)
Seat 3: pompier40 (button) (small blind) folded before Flop


PokerStars Hand #161952479023:  Hold'em Limit ($3/$6 USD) - 2016/11/25 15:35:04 ET
Table 'Thoas' 6-max Seat #2 is the button
Seat 2: LifeisagameX ($24.82 in chips)
Seat 3: pompier40 ($153.82 in chips)
LifeisagameX: posts small blind $1
pompier40: posts big blind $3
*** HOLE CARDS ***
LifeisagameX: raises $3 to $6
pompier40: calls $3
*** FLOP *** [Qd 6h 8h]
pompier40: checks
LifeisagameX: bets $3
pompier40: calls $3
*** TURN *** [Qd 6h 8h] [Qs]
pompier40: checks
LifeisagameX: checks
*** RIVER *** [Qd 6h 8h Qs] [Td]
pompier40: checks
LifeisagameX: bets $6
pompier40: calls $6
*** SHOW DOWN ***
LifeisagameX: shows [4c Ts] (two pair, Queens and Tens)
pompier40: mucks hand
LifeisagameX collected $29.50 from pot
*** SUMMARY ***
Total pot $30 | Rake $0.50
Board [Qd 6h 8h Qs Td]
Seat 2: LifeisagameX (button) (small blind) showed [4c Ts] and won ($29.50) with two pair, Queens and Tens
Seat 3: pompier40 (big blind) mucked


PokerStars Hand #161952590423:  Hold'em Limit ($3/$6 USD) - 2016/11/25 15:37:04 ET
Table 'Thoas' 6-max Seat #2 is the button
Seat 2: LifeisagameX ($66.82 in chips)
Seat 3: pompier40 ($110.82 in chips)
LifeisagameX: posts small blind $1
pompier40: posts big blind $3
*** HOLE CARDS ***
LifeisagameX: raises $3 to $6
pompier40: calls $3
*** FLOP *** [6s Kc 4d]
pompier40: checks
LifeisagameX: bets $3
pompier40: folds
Uncalled bet ($3) returned to LifeisagameX
LifeisagameX collected $11.76 from pot
LifeisagameX: doesn't show hand
*** SUMMARY ***
Total pot $12 | Rake $0.24
Board [6s Kc 4d]
Seat 2: LifeisagameX (button) (small blind) collected ($11.76)
Seat 3: pompier40 (big blind) folded on the Flop


PokerStars Hand #161952546297:  Hold'em Limit ($3/$6 USD) - 2016/11/25 15:36:17 ET
Table 'Thoas' 6-max Seat #3 is the button
Seat 2: LifeisagameX ($43.32 in chips)
Seat 3: pompier40 ($134.82 in chips)
pompier40: posts small blind $1
LifeisagameX: posts big blind $3
*** HOLE CARDS ***
pompier40: raises $3 to $6
LifeisagameX: calls $3
*** FLOP *** [Tc 8c 3s]
LifeisagameX: checks
pompier40: bets $3
LifeisagameX: raises $3 to $6
pompier40: calls $3
*** TURN *** [Tc 8c 3s] [Ah]
LifeisagameX: bets $6
pompier40: calls $6
*** RIVER *** [Tc 8c 3s Ah] [Jc]
LifeisagameX: bets $6
pompier40: calls $6
*** SHOW DOWN ***
LifeisagameX: shows [7s Ac] (a pair of Aces)
pompier40: mucks hand
LifeisagameX collected $47.50 from pot
*** SUMMARY ***
Total pot $48 | Rake $0.50
Board [Tc 8c 3s Ah Jc]
Seat 2: LifeisagameX (big blind) showed [7s Ac] and won ($47.50) with a pair of Aces
Seat 3: pompier40 (button) (small blind) mucked


PokerStars Hand #161952631911:  Hold'em Limit ($3/$6 USD) - 2016/11/25 15:37:49 ET
Table 'Thoas' 6-max Seat #3 is the button
Seat 2: LifeisagameX ($72.58 in chips)
Seat 3: pompier40 ($104.82 in chips)
pompier40: posts small blind $1
LifeisagameX: posts big blind $3
*** HOLE CARDS ***
mareshkin joins the table at seat #4
pompier40: raises $3 to $6
LifeisagameX: raises $3 to $9
depp_blue675 joins the table at seat #5
pompier40: calls $3
*** FLOP *** [4h 2c 5h]
popeluha joins the table at seat #6
Pelurile joins the table at seat #1
LifeisagameX: bets $3
pompier40: raises $3 to $6
LifeisagameX: raises $3 to $9
pompier40: calls $3
*** TURN *** [4h 2c 5h] [6d]
LifeisagameX: bets $6
pompier40: calls $6
*** RIVER *** [4h 2c 5h 6d] [3c]
LifeisagameX: checks
pompier40: checks
*** SHOW DOWN ***
LifeisagameX: shows [8h 8c] (a straight, Deuce to Six)
pompier40: shows [Ah 2s] (a straight, Deuce to Six)
LifeisagameX collected $23.75 from pot
pompier40 collected $23.75 from pot
*** SUMMARY ***
Total pot $48 | Rake $0.50
Board [4h 2c 5h 6d 3c]
Seat 2: LifeisagameX (big blind) showed [8h 8c] and won ($23.75) with a straight, Deuce to Six
Seat 3: pompier40 (button) (small blind) showed [Ah 2s] and won ($23.75) with a straight, Deuce to Six


PokerStars Hand #161952690917:  Hold'em Limit ($3/$6 USD) - 2016/11/25 15:38:53 ET
Table 'Thoas' 6-max Seat #2 is the button
Seat 2: LifeisagameX ($72.33 in chips)
Seat 3: pompier40 ($104.57 in chips)
LifeisagameX: posts small blind $1
pompier40: posts big blind $3
*** HOLE CARDS ***
LifeisagameX: raises $3 to $6
pompier40: raises $3 to $9
LifeisagameX: calls $3
*** FLOP *** [Ad Tc Qh]
pompier40: bets $3
LifeisagameX: calls $3
*** TURN *** [Ad Tc Qh] [4h]
depp_blue675 leaves the table
pompier40: bets $6
LifeisagameX: calls $6
*** RIVER *** [Ad Tc Qh 4h] [Jc]
pompier40: checks
LifeisagameX: bets $6
pompier40: calls $6
*** SHOW DOWN ***
LifeisagameX: shows [2c Kh] (a straight, Ten to Ace)
pompier40: mucks hand
LifeisagameX collected $47.50 from pot
*** SUMMARY ***
Total pot $48 | Rake $0.50
Board [Ad Tc Qh 4h Jc]
Seat 2: LifeisagameX (button) (small blind) showed [2c Kh] and won ($47.50) with a straight, Ten to Ace
Seat 3: pompier40 (big blind) mucked


PokerStars Hand #161961831223:  Hold'em Limit ($3/$6 USD) - 2016/11/25 18:35:58 ET
Table 'Thoas' 6-max Seat #2 is the button
Seat 2: ToDaFelt ($160.34 in chips)
Seat 5: Chessnok ($94.21 in chips)
ToDaFelt: posts small blind $1
grunervelt: is sitting out
Chessnok: posts big blind $3
*** HOLE CARDS ***
J20jeremy joins the table at seat #4
B_loJkl joins the table at seat #6
ToDaFelt: raises $3 to $6
grunervelt leaves the table
Chessnok: calls $3
*** FLOP *** [Tc 4c Ad]
Chessnok: checks
ToDaFelt: bets $3
Chessnok: folds
Uncalled bet ($3) returned to ToDaFelt
ToDaFelt collected $11.76 from pot
ToDaFelt: doesn't show hand
*** SUMMARY ***
Total pot $12 | Rake $0.24
Board [Tc 4c Ad]
Seat 2: ToDaFelt (button) (small blind) collected ($11.76)
Seat 5: Chessnok (big blind) folded on the Flop


