PokerStars Hand #162379273032:  Hold'em Limit ($3/$6 USD) - 2016/12/03 23:41:33 ET
Table 'Thoas' 10-max Seat #6 is the button
Seat 5: Gwynbleid PL ($202.50 in chips)
Seat 6: Hunter 8788 ($13.87 in chips)
Hunter 8788: posts small blind $1
Gwynbleid PL: posts big blind $3
*** HOLE CARDS ***
Hunter 8788: raises $3 to $6
Gwynbleid PL: folds
Uncalled bet ($3) returned to Hunter 8788
Hunter 8788 collected $6 from pot
Hunter 8788: doesn't show hand
*** SUMMARY ***
Total pot $6 | Rake $0
Seat 5: Gwynbleid PL (big blind) folded before Flop
Seat 6: Hunter 8788 (button) (small blind) collected ($6)


PokerStars Hand #162379276801:  Hold'em Limit ($3/$6 USD) - 2016/12/03 23:41:44 ET
Table 'Thoas' 10-max Seat #5 is the button
Seat 5: Gwynbleid PL ($199.50 in chips)
Seat 6: Hunter 8788 ($16.87 in chips)
Gwynbleid PL: posts small blind $1
Hunter 8788: posts big blind $3
*** HOLE CARDS ***
Gwynbleid PL: raises $3 to $6
Hunter 8788: raises $3 to $9
Gwynbleid PL: calls $3
*** FLOP *** [8h 8s 2s]
Hunter 8788: bets $3
Gwynbleid PL: calls $3
*** TURN *** [8h 8s 2s] [Kc]
Hunter 8788: bets $4.87 and is all-in
Gwynbleid PL: calls $4.87
*** RIVER *** [8h 8s 2s Kc] [Kd]
*** SHOW DOWN ***
Hunter 8788: shows [Qh 4h] (two pair, Kings and Eights)
Gwynbleid PL: shows [9c Tc] (two pair, Kings and Eights - lower kicker)
Hunter 8788 collected $33.24 from pot
*** SUMMARY ***
Total pot $33.74 | Rake $0.50
Board [8h 8s 2s Kc Kd]
Seat 5: Gwynbleid PL (button) (small blind) showed [9c Tc] and lost with two pair, Kings and Eights
Seat 6: Hunter 8788 (big blind) showed [Qh 4h] and won ($33.24) with two pair, Kings and Eights


PokerStars Hand #162379265236:  Hold'em Limit ($3/$6 USD) - 2016/12/03 23:41:08 ET
Table 'Thoas' 10-max Seat #5 is the button
Seat 5: Gwynbleid PL ($164 in chips)
Seat 6: Hunter 8788 ($52.87 in chips)
Gwynbleid PL: posts small blind $1
Hunter 8788: posts big blind $3
*** HOLE CARDS ***
Gwynbleid PL: raises $3 to $6
Hunter 8788: calls $3
*** FLOP *** [Ks 7d Tc]
Hunter 8788: bets $3
Gwynbleid PL: calls $3
*** TURN *** [Ks 7d Tc] [2c]
Hunter 8788: checks
Gwynbleid PL: bets $6
Hunter 8788: raises $6 to $12
Gwynbleid PL: raises $6 to $18
Hunter 8788: raises $6 to $24
Betting is capped
Gwynbleid PL: calls $6
*** RIVER *** [Ks 7d Tc 2c] [3d]
Hunter 8788: checks
Gwynbleid PL: bets $6
Hunter 8788: calls $6
*** SHOW DOWN ***
Gwynbleid PL: shows [Jc Kd] (a pair of Kings)
Hunter 8788: mucks hand
Gwynbleid PL collected $77.50 from pot
*** SUMMARY ***
Total pot $78 | Rake $0.50
Board [Ks 7d Tc 2c 3d]
Seat 5: Gwynbleid PL (button) (small blind) showed [Jc Kd] and won ($77.50) with a pair of Kings
Seat 6: Hunter 8788 (big blind) mucked


PokerStars Hand #162379259848:  Hold'em Limit ($3/$6 USD) - 2016/12/03 23:40:51 ET
Table 'Thoas' 10-max Seat #6 is the button
Seat 5: Gwynbleid PL ($140.50 in chips)
Seat 6: Hunter 8788 ($76.87 in chips)
Hunter 8788: posts small blind $1
Gwynbleid PL: posts big blind $3
*** HOLE CARDS ***
Hunter 8788: raises $3 to $6
Gwynbleid PL: raises $3 to $9
Hunter 8788: calls $3
*** FLOP *** [2c Jd 5h]
Gwynbleid PL: bets $3
Hunter 8788: calls $3
*** TURN *** [2c Jd 5h] [As]
Gwynbleid PL: bets $6
Hunter 8788: calls $6
*** RIVER *** [2c Jd 5h As] [6d]
Gwynbleid PL: bets $6
Hunter 8788: calls $6
*** SHOW DOWN ***
Gwynbleid PL: shows [3c Ad] (a pair of Aces)
Hunter 8788: mucks hand
Gwynbleid PL collected $47.50 from pot
*** SUMMARY ***
Total pot $48 | Rake $0.50
Board [2c Jd 5h As 6d]
Seat 5: Gwynbleid PL (big blind) showed [3c Ad] and won ($47.50) with a pair of Aces
Seat 6: Hunter 8788 (button) (small blind) mucked


PokerStars Hand #162379284281:  Hold'em Limit ($3/$6 USD) - 2016/12/03 23:42:08 ET
Table 'Thoas' 10-max Seat #5 is the button
Seat 5: Gwynbleid PL ($179.63 in chips)
Seat 6: Hunter 8788 ($36.24 in chips)
Gwynbleid PL: posts small blind $1
Hunter 8788: posts big blind $3
*** HOLE CARDS ***
Gwynbleid PL: raises $3 to $6
Hunter 8788: raises $3 to $9
Gwynbleid PL: calls $3
*** FLOP *** [5h Jh Kc]
Hunter 8788: bets $3
Gwynbleid PL: calls $3
*** TURN *** [5h Jh Kc] [Ks]
Hunter 8788: bets $6
Gwynbleid PL: calls $6
*** RIVER *** [5h Jh Kc Ks] [Ah]
Hunter 8788: bets $6
Gwynbleid PL: calls $6
*** SHOW DOWN ***
Hunter 8788: shows [Jc Ac] (two pair, Aces and Kings)
Gwynbleid PL: mucks hand
Hunter 8788 collected $47.50 from pot
*** SUMMARY ***
Total pot $48 | Rake $0.50
Board [5h Jh Kc Ks Ah]
Seat 5: Gwynbleid PL (button) (small blind) mucked
Seat 6: Hunter 8788 (big blind) showed [Jc Ac] and won ($47.50) with two pair, Aces and Kings


PokerStars Hand #162379282292:  Hold'em Limit ($3/$6 USD) - 2016/12/03 23:42:01 ET
Table 'Thoas' 10-max Seat #6 is the button
Seat 5: Gwynbleid PL ($182.63 in chips)
Seat 6: Hunter 8788 ($33.24 in chips)
Hunter 8788: posts small blind $1
Gwynbleid PL: posts big blind $3
*** HOLE CARDS ***
Hunter 8788: raises $3 to $6
Gwynbleid PL: folds
Uncalled bet ($3) returned to Hunter 8788
Hunter 8788 collected $6 from pot
Hunter 8788: doesn't show hand
*** SUMMARY ***
Total pot $6 | Rake $0
Seat 5: Gwynbleid PL (big blind) folded before Flop
Seat 6: Hunter 8788 (button) (small blind) collected ($6)


PokerStars Hand #162379290587:  Hold'em Limit ($3/$6 USD) - 2016/12/03 23:42:28 ET
Table 'Thoas' 10-max Seat #6 is the button
Seat 5: Gwynbleid PL ($155.63 in chips)
Seat 6: Hunter 8788 ($59.74 in chips)
Hunter 8788: posts small blind $1
Gwynbleid PL: posts big blind $3
*** HOLE CARDS ***
Hunter 8788: raises $3 to $6
Gwynbleid PL: folds
Uncalled bet ($3) returned to Hunter 8788
Hunter 8788 collected $6 from pot
Hunter 8788: doesn't show hand
*** SUMMARY ***
Total pot $6 | Rake $0
Seat 5: Gwynbleid PL (big blind) folded before Flop
Seat 6: Hunter 8788 (button) (small blind) collected ($6)


PokerStars Hand #162379292580:  Hold'em Limit ($3/$6 USD) - 2016/12/03 23:42:34 ET
Table 'Thoas' 10-max Seat #5 is the button
Seat 5: Gwynbleid PL ($152.63 in chips)
Seat 6: Hunter 8788 ($62.74 in chips)
Gwynbleid PL: posts small blind $1
Hunter 8788: posts big blind $3
*** HOLE CARDS ***
Gwynbleid PL: raises $3 to $6
Hunter 8788: raises $3 to $9
Gwynbleid PL: calls $3
*** FLOP *** [Td 2c 5d]
Hunter 8788: checks
Gwynbleid PL: checks
*** TURN *** [Td 2c 5d] [6s]
Hunter 8788: bets $6
Gwynbleid PL: calls $6
*** RIVER *** [Td 2c 5d 6s] [8c]
Hunter 8788: checks
Gwynbleid PL: bets $6
Hunter 8788: calls $6
*** SHOW DOWN ***
Gwynbleid PL: shows [7d 8d] (a pair of Eights)
Hunter 8788: mucks hand
Gwynbleid PL collected $41.50 from pot
*** SUMMARY ***
Total pot $42 | Rake $0.50
Board [Td 2c 5d 6s 8c]
Seat 5: Gwynbleid PL (button) (small blind) showed [7d 8d] and won ($41.50) with a pair of Eights
Seat 6: Hunter 8788 (big blind) mucked


PokerStars Hand #162379297620:  Hold'em Limit ($3/$6 USD) - 2016/12/03 23:42:50 ET
Table 'Thoas' 10-max Seat #6 is the button
Seat 5: Gwynbleid PL ($173.13 in chips)
Seat 6: Hunter 8788 ($41.74 in chips)
Hunter 8788: posts small blind $1
Gwynbleid PL: posts big blind $3
*** HOLE CARDS ***
Hunter 8788: raises $3 to $6
Gwynbleid PL: calls $3
*** FLOP *** [4s 4c 8d]
Gwynbleid PL: checks
Hunter 8788: checks
*** TURN *** [4s 4c 8d] [Ah]
Gwynbleid PL: bets $6
Hunter 8788: calls $6
*** RIVER *** [4s 4c 8d Ah] [Kc]
Gwynbleid PL: bets $6
Hunter 8788: calls $6
*** SHOW DOWN ***
Gwynbleid PL: shows [3d Qd] (a pair of Fours)
Hunter 8788: mucks hand
Gwynbleid PL collected $35.50 from pot
*** SUMMARY ***
Total pot $36 | Rake $0.50
Board [4s 4c 8d Ah Kc]
Seat 5: Gwynbleid PL (big blind) showed [3d Qd] and won ($35.50) with a pair of Fours
Seat 6: Hunter 8788 (button) (small blind) mucked


PokerStars Hand #162379305241:  Hold'em Limit ($3/$6 USD) - 2016/12/03 23:43:14 ET
Table 'Thoas' 10-max Seat #6 is the button
Seat 5: Gwynbleid PL ($193.63 in chips)
Seat 6: Hunter 8788 ($20.74 in chips)
Hunter 8788: posts small blind $1
Gwynbleid PL: posts big blind $3
*** HOLE CARDS ***
Hunter 8788: raises $3 to $6
Gwynbleid PL: raises $3 to $9
Hunter 8788: raises $3 to $12
Betting is capped
Gwynbleid PL: calls $3
*** FLOP *** [3h 7h 5h]
Gwynbleid PL: bets $3
Hunter 8788: raises $3 to $6
Gwynbleid PL: raises $3 to $9
Hunter 8788: calls $2.74 and is all-in
Uncalled bet ($0.26) returned to Gwynbleid PL
*** TURN *** [3h 7h 5h] [Qd]
*** RIVER *** [3h 7h 5h Qd] [9d]
*** SHOW DOWN ***
Gwynbleid PL: shows [Qs Qh] (three of a kind, Queens)
Hunter 8788: shows [Ad 2c] (high card Ace)
Gwynbleid PL collected $40.98 from pot
*** SUMMARY ***
Total pot $41.48 | Rake $0.50
Board [3h 7h 5h Qd 9d]
Seat 5: Gwynbleid PL (big blind) showed [Qs Qh] and won ($40.98) with three of a kind, Queens
Seat 6: Hunter 8788 (button) (small blind) showed [Ad 2c] and lost with high card Ace


PokerStars Hand #162379303063:  Hold'em Limit ($3/$6 USD) - 2016/12/03 23:43:07 ET
Table 'Thoas' 10-max Seat #5 is the button
Seat 5: Gwynbleid PL ($190.63 in chips)
Seat 6: Hunter 8788 ($23.74 in chips)
Gwynbleid PL: posts small blind $1
Hunter 8788: posts big blind $3
*** HOLE CARDS ***
Gwynbleid PL: raises $3 to $6
Hunter 8788: folds
Uncalled bet ($3) returned to Gwynbleid PL
Gwynbleid PL collected $6 from pot
Gwynbleid PL: doesn't show hand
*** SUMMARY ***
Total pot $6 | Rake $0
Seat 5: Gwynbleid PL (button) (small blind) collected ($6)
Seat 6: Hunter 8788 (big blind) folded before Flop


