PokerStars Hand #145589740352:  Hold'em Limit ($3/$6 USD) - 2015/12/19 12:37:34 ET
Table 'Thoas' 6-max Seat #4 is the button
Seat 2: Johnliu ($199.45 in chips)
Seat 4: kolaz03 ($181.73 in chips)
kolaz03: posts small blind $1
TinaTurner72: is sitting out
TinaTurner72 leaves the table
Airbag999: is sitting out
Johnliu: posts big blind $3
*** HOLE CARDS ***
kolaz03: raises $3 to $6
Airbag999 leaves the table
Johnliu: raises $3 to $9
kolaz03: calls $3
*** FLOP *** [3d 7s 8c]
Johnliu: bets $3
kolaz03: calls $3
*** TURN *** [3d 7s 8c] [6s]
Johnliu: bets $6
kolaz03: raises $6 to $12
Johnliu: calls $6
*** RIVER *** [3d 7s 8c 6s] [8h]
Johnliu: checks
kolaz03: bets $6
Johnliu: calls $6
*** SHOW DOWN ***
kolaz03: shows [Qs Qc] (two pair, Queens and Eights)
Johnliu: mucks hand
kolaz03 collected $59.50 from pot
*** SUMMARY ***
Total pot $60 | Rake $0.50
Board [3d 7s 8c 6s 8h]
Seat 2: Johnliu (big blind) mucked
Seat 4: kolaz03 (button) (small blind) showed [Qs Qc] and won ($59.50) with two pair, Queens and Eights


