PokerStars Hand #170299809210:  Hold'em Limit ($3/$6 USD) - 2017/05/12 1:59:44 ET
Table 'Thoas' 10-max Seat #1 is the button
Seat 1: LifeisagameX ($84 in chips)
Seat 2: Prosiaczek1 ($99.38 in chips)
LifeisagameX: posts small blind $1
Prosiaczek1: posts big blind $3
*** HOLE CARDS ***
LifeisagameX: raises $3 to $6
Prosiaczek1: calls $3
*** FLOP *** [2c 7s 7h]
Prosiaczek1: checks
LifeisagameX: checks
*** TURN *** [2c 7s 7h] [3h]
Prosiaczek1: checks
LifeisagameX: bets $6
Prosiaczek1: folds
Uncalled bet ($6) returned to LifeisagameX
LifeisagameX collected $11.76 from pot
LifeisagameX: doesn't show hand
*** SUMMARY ***
Total pot $12 | Rake $0.24
Board [2c 7s 7h 3h]
Seat 1: LifeisagameX (button) (small blind) collected ($11.76)
Seat 2: Prosiaczek1 (big blind) folded on the Turn


PokerStars Hand #170299817207:  Hold'em Limit ($3/$6 USD) - 2017/05/12 2:00:18 ET
Table 'Thoas' 10-max Seat #2 is the button
Seat 1: LifeisagameX ($89.76 in chips)
Seat 2: Prosiaczek1 ($93.38 in chips)
Prosiaczek1: posts small blind $1
LifeisagameX: posts big blind $3
*** HOLE CARDS ***
Prosiaczek1: raises $3 to $6
LifeisagameX: raises $3 to $9
Prosiaczek1: raises $3 to $12
Betting is capped
LifeisagameX: calls $3
*** FLOP *** [5d 3d Jd]
LifeisagameX: bets $3
Prosiaczek1: calls $3
*** TURN *** [5d 3d Jd] [2h]
Agrotait joins the table at seat #3
LifeisagameX: bets $6
Prosiaczek1: raises $6 to $12
LifeisagameX: calls $6
*** RIVER *** [5d 3d Jd 2h] [6d]
LifeisagameX: checks
Prosiaczek1 is disconnected
Prosiaczek1 is connected
Prosiaczek1: bets $6
LifeisagameX: calls $6
*** SHOW DOWN ***
Prosiaczek1: shows [Qd Ad] (a flush, Ace high)
LifeisagameX: mucks hand
Prosiaczek1 collected $65.50 from pot
*** SUMMARY ***
Total pot $66 | Rake $0.50
Board [5d 3d Jd 2h 6d]
Seat 1: LifeisagameX (big blind) mucked
Seat 2: Prosiaczek1 (button) (small blind) showed [Qd Ad] and won ($65.50) with a flush, Ace high


PokerStars Hand #170299833643:  Hold'em Limit ($3/$6 USD) - 2017/05/12 2:01:27 ET
Table 'Thoas' 10-max Seat #1 is the button
Seat 1: LifeisagameX ($84 in chips)
Seat 2: Prosiaczek1 ($125.88 in chips)
LifeisagameX: posts small blind $1
Prosiaczek1: posts big blind $3
*** HOLE CARDS ***
LifeisagameX: raises $3 to $6
Prosiaczek1: calls $3
*** FLOP *** [5d 6h 5s]
Prosiaczek1: bets $3
LifeisagameX: calls $3
*** TURN *** [5d 6h 5s] [3h]
Prosiaczek1: bets $6
LifeisagameX: raises $6 to $12
Prosiaczek1: calls $6
*** RIVER *** [5d 6h 5s 3h] [9d]
Prosiaczek1: checks
LifeisagameX: bets $6
Prosiaczek1: calls $6
*** SHOW DOWN ***
LifeisagameX: shows [7h Tc] (a pair of Fives)
Prosiaczek1: shows [9s 4s] (two pair, Nines and Fives)
Prosiaczek1 collected $53.50 from pot
*** SUMMARY ***
Total pot $54 | Rake $0.50
Board [5d 6h 5s 3h 9d]
Seat 1: LifeisagameX (button) (small blind) showed [7h Tc] and lost with a pair of Fives
Seat 2: Prosiaczek1 (big blind) showed [9s 4s] and won ($53.50) with two pair, Nines and Fives


PokerStars Hand #170300002100:  Hold'em Limit ($3/$6 USD) - 2017/05/12 2:12:32 ET
Table 'Thoas' 10-max Seat #4 is the button
Seat 4: habari786 ($157.23 in chips)
Seat 6: kiwi/mike ($181.65 in chips)
habari786: posts small blind $1
kiwi/mike: posts big blind $3
*** HOLE CARDS ***
habari786: raises $3 to $6
kiwi/mike: folds
Uncalled bet ($3) returned to habari786
habari786 collected $6 from pot
habari786: doesn't show hand
*** SUMMARY ***
Total pot $6 | Rake $0
Seat 4: habari786 (button) (small blind) collected ($6)
Seat 6: kiwi/mike (big blind) folded before Flop


PokerStars Hand #170300000640:  Hold'em Limit ($3/$6 USD) - 2017/05/12 2:12:27 ET
Table 'Thoas' 10-max Seat #6 is the button
Seat 4: habari786 ($156.23 in chips)
Seat 6: kiwi/mike ($182.65 in chips)
kiwi/mike: posts small blind $1
habari786: posts big blind $3
*** HOLE CARDS ***
tttzzz leaves the table
kiwi/mike: folds
Uncalled bet ($2) returned to habari786
habari786 collected $2 from pot
habari786: doesn't show hand
*** SUMMARY ***
Total pot $2 | Rake $0
Seat 4: habari786 (big blind) collected ($2)
Seat 6: kiwi/mike (button) (small blind) folded before Flop


PokerStars Hand #170300005943:  Hold'em Limit ($3/$6 USD) - 2017/05/12 2:12:47 ET
Table 'Thoas' 10-max Seat #4 is the button
Seat 4: habari786 ($157.23 in chips)
Seat 6: kiwi/mike ($181.65 in chips)
habari786: posts small blind $1
kiwi/mike: posts big blind $3
*** HOLE CARDS ***
habari786: raises $3 to $6
kiwi/mike: folds
Uncalled bet ($3) returned to habari786
habari786 collected $6 from pot
habari786: doesn't show hand
*** SUMMARY ***
Total pot $6 | Rake $0
Seat 4: habari786 (button) (small blind) collected ($6)
Seat 6: kiwi/mike (big blind) folded before Flop


PokerStars Hand #170300003817:  Hold'em Limit ($3/$6 USD) - 2017/05/12 2:12:39 ET
Table 'Thoas' 10-max Seat #6 is the button
Seat 4: habari786 ($160.23 in chips)
Seat 6: kiwi/mike ($178.65 in chips)
kiwi/mike: posts small blind $1
habari786: posts big blind $3
*** HOLE CARDS ***
kiwi/mike: raises $3 to $6
habari786: folds
Uncalled bet ($3) returned to kiwi/mike
kiwi/mike collected $6 from pot
kiwi/mike: doesn't show hand
*** SUMMARY ***
Total pot $6 | Rake $0
Seat 4: habari786 (big blind) folded before Flop
Seat 6: kiwi/mike (button) (small blind) collected ($6)


PokerStars Hand #170300022870:  Hold'em Limit ($3/$6 USD) - 2017/05/12 2:13:53 ET
Table 'Thoas' 10-max Seat #6 is the button
Seat 4: habari786 ($183.39 in chips)
Seat 6: kiwi/mike ($154.65 in chips)
kiwi/mike: posts small blind $1
habari786: posts big blind $3
*** HOLE CARDS ***
kiwi/mike: folds
Uncalled bet ($2) returned to habari786
habari786 collected $2 from pot
habari786: doesn't show hand
*** SUMMARY ***
Total pot $2 | Rake $0
Seat 4: habari786 (big blind) collected ($2)
Seat 6: kiwi/mike (button) (small blind) folded before Flop


PokerStars Hand #170300021423:  Hold'em Limit ($3/$6 USD) - 2017/05/12 2:13:48 ET
Table 'Thoas' 10-max Seat #4 is the button
Seat 4: habari786 ($184.39 in chips)
Seat 6: kiwi/mike ($153.65 in chips)
habari786: posts small blind $1
kiwi/mike: posts big blind $3
*** HOLE CARDS ***
habari786: folds
Uncalled bet ($2) returned to kiwi/mike
kiwi/mike collected $2 from pot
kiwi/mike: doesn't show hand
*** SUMMARY ***
Total pot $2 | Rake $0
Seat 4: habari786 (button) (small blind) folded before Flop
Seat 6: kiwi/mike (big blind) collected ($2)


PokerStars Hand #170300018329:  Hold'em Limit ($3/$6 USD) - 2017/05/12 2:13:35 ET
Table 'Thoas' 10-max Seat #4 is the button
Seat 4: habari786 ($180.39 in chips)
Seat 6: kiwi/mike ($157.65 in chips)
habari786: posts small blind $1
kiwi/mike: posts big blind $3
*** HOLE CARDS ***
habari786: raises $3 to $6
kiwi/mike: folds
Uncalled bet ($3) returned to habari786
habari786 collected $6 from pot
habari786: doesn't show hand
*** SUMMARY ***
Total pot $6 | Rake $0
Seat 4: habari786 (button) (small blind) collected ($6)
Seat 6: kiwi/mike (big blind) folded before Flop


PokerStars Hand #170300015069:  Hold'em Limit ($3/$6 USD) - 2017/05/12 2:13:23 ET
Table 'Thoas' 10-max Seat #6 is the button
Seat 4: habari786 ($171.75 in chips)
Seat 6: kiwi/mike ($166.65 in chips)
kiwi/mike: posts small blind $1
habari786: posts big blind $3
*** HOLE CARDS ***
kiwi/mike: raises $3 to $6
habari786: raises $3 to $9
kiwi/mike: calls $3
*** FLOP *** [6s 4h Js]
habari786: bets $3
kiwi/mike: folds
Uncalled bet ($3) returned to habari786
habari786 collected $17.64 from pot
habari786: doesn't show hand
*** SUMMARY ***
Total pot $18 | Rake $0.36
Board [6s 4h Js]
Seat 4: habari786 (big blind) collected ($17.64)
Seat 6: kiwi/mike (button) (small blind) folded on the Flop


PokerStars Hand #170300012210:  Hold'em Limit ($3/$6 USD) - 2017/05/12 2:13:12 ET
Table 'Thoas' 10-max Seat #4 is the button
Seat 4: habari786 ($165.99 in chips)
Seat 6: kiwi/mike ($172.65 in chips)
habari786: posts small blind $1
kiwi/mike: posts big blind $3
*** HOLE CARDS ***
habari786: raises $3 to $6
kiwi/mike: calls $3
*** FLOP *** [Tc 6s 8c]
kiwi/mike: checks
habari786: bets $3
kiwi/mike: folds
Uncalled bet ($3) returned to habari786
habari786 collected $11.76 from pot
habari786: doesn't show hand
*** SUMMARY ***
Total pot $12 | Rake $0.24
Board [Tc 6s 8c]
Seat 4: habari786 (button) (small blind) collected ($11.76)
Seat 6: kiwi/mike (big blind) folded on the Flop


PokerStars Hand #170300008138:  Hold'em Limit ($3/$6 USD) - 2017/05/12 2:12:56 ET
Table 'Thoas' 10-max Seat #6 is the button
Seat 4: habari786 ($160.23 in chips)
Seat 6: kiwi/mike ($178.65 in chips)
kiwi/mike: posts small blind $1
habari786: posts big blind $3
*** HOLE CARDS ***
kiwi/mike: raises $3 to $6
habari786: calls $3
*** FLOP *** [7h Tc 4c]
habari786: bets $3
kiwi/mike: folds
Uncalled bet ($3) returned to habari786
habari786 collected $11.76 from pot
habari786: doesn't show hand
*** SUMMARY ***
Total pot $12 | Rake $0.24
Board [7h Tc 4c]
Seat 4: habari786 (big blind) collected ($11.76)
Seat 6: kiwi/mike (button) (small blind) folded on the Flop


PokerStars Hand #170300029759:  Hold'em Limit ($3/$6 USD) - 2017/05/12 2:14:20 ET
Table 'Thoas' 10-max Seat #6 is the button
Seat 4: habari786 ($183.39 in chips)
Seat 6: kiwi/mike ($154.65 in chips)
kiwi/mike: posts small blind $1
habari786: posts big blind $3
*** HOLE CARDS ***
kiwi/mike: folds
Uncalled bet ($2) returned to habari786
habari786 collected $2 from pot
habari786: doesn't show hand
*** SUMMARY ***
Total pot $2 | Rake $0
Seat 4: habari786 (big blind) collected ($2)
Seat 6: kiwi/mike (button) (small blind) folded before Flop


PokerStars Hand #170300032682:  Hold'em Limit ($3/$6 USD) - 2017/05/12 2:14:32 ET
Table 'Thoas' 10-max Seat #4 is the button
Seat 4: habari786 ($184.39 in chips)
Seat 6: kiwi/mike ($153.65 in chips)
habari786: posts small blind $1
kiwi/mike: posts big blind $3
*** HOLE CARDS ***
habari786: folds
Uncalled bet ($2) returned to kiwi/mike
kiwi/mike collected $2 from pot
kiwi/mike: doesn't show hand
*** SUMMARY ***
Total pot $2 | Rake $0
Seat 4: habari786 (button) (small blind) folded before Flop
Seat 6: kiwi/mike (big blind) collected ($2)


PokerStars Hand #170300024345:  Hold'em Limit ($3/$6 USD) - 2017/05/12 2:13:59 ET
Table 'Thoas' 10-max Seat #4 is the button
Seat 4: habari786 ($184.39 in chips)
Seat 6: kiwi/mike ($153.65 in chips)
habari786: posts small blind $1
kiwi/mike: posts big blind $3
*** HOLE CARDS ***
habari786: folds
Uncalled bet ($2) returned to kiwi/mike
kiwi/mike collected $2 from pot
kiwi/mike: doesn't show hand
*** SUMMARY ***
Total pot $2 | Rake $0
Seat 4: habari786 (button) (small blind) folded before Flop
Seat 6: kiwi/mike (big blind) collected ($2)


PokerStars Hand #170300028251:  Hold'em Limit ($3/$6 USD) - 2017/05/12 2:14:14 ET
Table 'Thoas' 10-max Seat #4 is the button
Seat 4: habari786 ($184.39 in chips)
Seat 6: kiwi/mike ($153.65 in chips)
habari786: posts small blind $1
kiwi/mike: posts big blind $3
*** HOLE CARDS ***
habari786: folds
Uncalled bet ($2) returned to kiwi/mike
kiwi/mike collected $2 from pot
kiwi/mike: doesn't show hand
*** SUMMARY ***
Total pot $2 | Rake $0
Seat 4: habari786 (button) (small blind) folded before Flop
Seat 6: kiwi/mike (big blind) collected ($2)


PokerStars Hand #170300026873:  Hold'em Limit ($3/$6 USD) - 2017/05/12 2:14:09 ET
Table 'Thoas' 10-max Seat #6 is the button
Seat 4: habari786 ($183.39 in chips)
Seat 6: kiwi/mike ($154.65 in chips)
kiwi/mike: posts small blind $1
habari786: posts big blind $3
*** HOLE CARDS ***
kiwi/mike: folds
Uncalled bet ($2) returned to habari786
habari786 collected $2 from pot
habari786: doesn't show hand
*** SUMMARY ***
Total pot $2 | Rake $0
Seat 4: habari786 (big blind) collected ($2)
Seat 6: kiwi/mike (button) (small blind) folded before Flop


PokerStars Hand #170300034946:  Hold'em Limit ($3/$6 USD) - 2017/05/12 2:14:40 ET
Table 'Thoas' 10-max Seat #6 is the button
Seat 4: habari786 ($183.39 in chips)
Seat 6: kiwi/mike ($154.65 in chips)
kiwi/mike: posts small blind $1
habari786: posts big blind $3
*** HOLE CARDS ***
kiwi/mike: calls $2
habari786: raises $3 to $6
kiwi/mike: calls $3
*** FLOP *** [3h Jh Tc]
habari786: checks
kiwi/mike: checks
*** TURN *** [3h Jh Tc] [8s]
habari786: checks
kiwi/mike: checks
*** RIVER *** [3h Jh Tc 8s] [As]
habari786: checks
kiwi/mike: checks
*** SHOW DOWN ***
habari786: shows [8c 7d] (a pair of Eights)
kiwi/mike: mucks hand
habari786 collected $11.76 from pot
*** SUMMARY ***
Total pot $12 | Rake $0.24
Board [3h Jh Tc 8s As]
Seat 4: habari786 (big blind) showed [8c 7d] and won ($11.76) with a pair of Eights
Seat 6: kiwi/mike (button) (small blind) mucked


PokerStars Hand #170300043884:  Hold'em Limit ($3/$6 USD) - 2017/05/12 2:15:15 ET
Table 'Thoas' 10-max Seat #4 is the button
Seat 4: habari786 ($189.15 in chips)
Seat 6: kiwi/mike ($148.65 in chips)
habari786: posts small blind $1
kiwi/mike: posts big blind $3
*** HOLE CARDS ***
habari786: raises $3 to $6
kiwi/mike: calls $3
*** FLOP *** [5d 3s 9h]
kiwi/mike: checks
habari786: checks
*** TURN *** [5d 3s 9h] [7h]
kiwi/mike: checks
habari786: checks
*** RIVER *** [5d 3s 9h 7h] [2d]
kiwi/mike: checks
habari786: checks
*** SHOW DOWN ***
kiwi/mike: shows [6c Ks] (high card King)
habari786: shows [8d Ac] (high card Ace)
habari786 collected $11.76 from pot
*** SUMMARY ***
Total pot $12 | Rake $0.24
Board [5d 3s 9h 7h 2d]
Seat 4: habari786 (button) (small blind) showed [8d Ac] and won ($11.76) with high card Ace
Seat 6: kiwi/mike (big blind) showed [6c Ks] and lost with high card King


PokerStars Hand #170300066947:  Hold'em Limit ($3/$6 USD) - 2017/05/12 2:16:45 ET
Table 'Thoas' 10-max Seat #4 is the button
Seat 4: habari786 ($210.31 in chips)
Seat 6: kiwi/mike ($126.65 in chips)
habari786: posts small blind $1
kiwi/mike: posts big blind $3
*** HOLE CARDS ***
habari786: raises $3 to $6
HAL9QQQ leaves the table
kiwi/mike: folds
Uncalled bet ($3) returned to habari786
habari786 collected $6 from pot
habari786: doesn't show hand
*** SUMMARY ***
Total pot $6 | Rake $0
Seat 4: habari786 (button) (small blind) collected ($6)
Seat 6: kiwi/mike (big blind) folded before Flop


PokerStars Hand #170300061556:  Hold'em Limit ($3/$6 USD) - 2017/05/12 2:16:24 ET
Table 'Thoas' 10-max Seat #6 is the button
Seat 4: habari786 ($209.31 in chips)
Seat 6: kiwi/mike ($127.65 in chips)
kiwi/mike: posts small blind $1
habari786: posts big blind $3
*** HOLE CARDS ***
kiwi/mike: folds
Uncalled bet ($2) returned to habari786
habari786 collected $2 from pot
habari786: doesn't show hand
*** SUMMARY ***
Total pot $2 | Rake $0
Seat 4: habari786 (big blind) collected ($2)
Seat 6: kiwi/mike (button) (small blind) folded before Flop


PokerStars Hand #170300057278:  Hold'em Limit ($3/$6 USD) - 2017/05/12 2:16:08 ET
Table 'Thoas' 10-max Seat #4 is the button
Seat 4: habari786 ($203.55 in chips)
Seat 6: kiwi/mike ($133.65 in chips)
habari786: posts small blind $1
kiwi/mike: posts big blind $3
*** HOLE CARDS ***
habari786: raises $3 to $6
kiwi/mike: calls $3
*** FLOP *** [Kd Kh 4d]
kiwi/mike: checks
habari786: checks
*** TURN *** [Kd Kh 4d] [Ah]
kiwi/mike: checks
habari786: checks
*** RIVER *** [Kd Kh 4d Ah] [Jc]
kiwi/mike: checks
habari786: checks
*** SHOW DOWN ***
kiwi/mike: shows [Tc 2c] (a pair of Kings)
habari786: shows [Qc 9s] (a pair of Kings - Ace+Queen kicker)
habari786 collected $11.76 from pot
*** SUMMARY ***
Total pot $12 | Rake $0.24
Board [Kd Kh 4d Ah Jc]
Seat 4: habari786 (button) (small blind) showed [Qc 9s] and won ($11.76) with a pair of Kings
Seat 6: kiwi/mike (big blind) showed [Tc 2c] and lost with a pair of Kings


PokerStars Hand #170300049468:  Hold'em Limit ($3/$6 USD) - 2017/05/12 2:15:37 ET
Table 'Thoas' 10-max Seat #6 is the button
Seat 4: habari786 ($194.91 in chips)
Seat 6: kiwi/mike ($142.65 in chips)
kiwi/mike: posts small blind $1
habari786: posts big blind $3
*** HOLE CARDS ***
kiwi/mike: raises $3 to $6
habari786: calls $3
*** FLOP *** [Kc Jd Ts]
habari786: checks
kiwi/mike: bets $3
habari786: calls $3
*** TURN *** [Kc Jd Ts] [7s]
habari786: checks
kiwi/mike: checks
*** RIVER *** [Kc Jd Ts 7s] [Ah]
habari786: bets $6
kiwi/mike: folds
Uncalled bet ($6) returned to habari786
habari786 collected $17.64 from pot
habari786: doesn't show hand
*** SUMMARY ***
Total pot $18 | Rake $0.36
Board [Kc Jd Ts 7s Ah]
Seat 4: habari786 (big blind) collected ($17.64)
Seat 6: kiwi/mike (button) (small blind) folded on the River


PokerStars Hand #170300062886:  Hold'em Limit ($3/$6 USD) - 2017/05/12 2:16:29 ET
Table 'Thoas' 10-max Seat #4 is the button
Seat 4: habari786 ($210.31 in chips)
Seat 6: kiwi/mike ($126.65 in chips)
habari786: posts small blind $1
kiwi/mike: posts big blind $3
*** HOLE CARDS ***
habari786: folds
Uncalled bet ($2) returned to kiwi/mike
kiwi/mike collected $2 from pot
kiwi/mike: doesn't show hand
*** SUMMARY ***
Total pot $2 | Rake $0
Seat 4: habari786 (button) (small blind) folded before Flop
Seat 6: kiwi/mike (big blind) collected ($2)


PokerStars Hand #170300065503:  Hold'em Limit ($3/$6 USD) - 2017/05/12 2:16:40 ET
Table 'Thoas' 10-max Seat #6 is the button
Seat 4: habari786 ($209.31 in chips)
Seat 6: kiwi/mike ($127.65 in chips)
kiwi/mike: posts small blind $1
habari786: posts big blind $3
*** HOLE CARDS ***
kiwi/mike: folds
Uncalled bet ($2) returned to habari786
habari786 collected $2 from pot
habari786: doesn't show hand
*** SUMMARY ***
Total pot $2 | Rake $0
Seat 4: habari786 (big blind) collected ($2)
Seat 6: kiwi/mike (button) (small blind) folded before Flop


PokerStars Hand #170300080860:  Hold'em Limit ($3/$6 USD) - 2017/05/12 2:17:39 ET
Table 'Thoas' 10-max Seat #4 is the button
Seat 4: habari786 ($180.31 in chips)
Seat 6: kiwi/mike ($156.15 in chips)
habari786: posts small blind $1
kiwi/mike: posts big blind $3
*** HOLE CARDS ***
habari786: folds
Uncalled bet ($2) returned to kiwi/mike
kiwi/mike collected $2 from pot
kiwi/mike: doesn't show hand
*** SUMMARY ***
Total pot $2 | Rake $0
Seat 4: habari786 (button) (small blind) folded before Flop
Seat 6: kiwi/mike (big blind) collected ($2)


PokerStars Hand #170300070400:  Hold'em Limit ($3/$6 USD) - 2017/05/12 2:16:59 ET
Table 'Thoas' 10-max Seat #6 is the button
Seat 4: habari786 ($213.31 in chips)
Seat 6: kiwi/mike ($123.65 in chips)
kiwi/mike: posts small blind $1
habari786: posts big blind $3
*** HOLE CARDS ***
kiwi/mike: raises $3 to $6
habari786: calls $3
*** FLOP *** [6s Qh 3h]
habari786: checks
kiwi/mike: bets $3
habari786: calls $3
*** TURN *** [6s Qh 3h] [5d]
habari786: checks
kiwi/mike: bets $6
habari786: raises $6 to $12
kiwi/mike: calls $6
*** RIVER *** [6s Qh 3h 5d] [2d]
habari786: bets $6
kiwi/mike: raises $6 to $12
habari786: calls $6
*** SHOW DOWN ***
kiwi/mike: shows [Qc 4c] (a straight, Deuce to Six)
habari786: mucks hand
kiwi/mike collected $65.50 from pot
*** SUMMARY ***
Total pot $66 | Rake $0.50
Board [6s Qh 3h 5d 2d]
Seat 4: habari786 (big blind) mucked
Seat 6: kiwi/mike (button) (small blind) showed [Qc 4c] and won ($65.50) with a straight, Deuce to Six


PokerStars Hand #170300091499:  Hold'em Limit ($3/$6 USD) - 2017/05/12 2:18:20 ET
Table 'Thoas' 10-max Seat #6 is the button
Seat 4: habari786 ($157.31 in chips)
Seat 6: kiwi/mike ($178.65 in chips)
kiwi/mike: posts small blind $1
habari786: posts big blind $3
*** HOLE CARDS ***
kiwi/mike: raises $3 to $6
habari786: calls $3
*** FLOP *** [Jh 9c Js]
habari786: checks
kiwi/mike: bets $3
habari786: folds
Uncalled bet ($3) returned to kiwi/mike
kiwi/mike collected $11.76 from pot
kiwi/mike: doesn't show hand
*** SUMMARY ***
Total pot $12 | Rake $0.24
Board [Jh 9c Js]
Seat 4: habari786 (big blind) folded on the Flop
Seat 6: kiwi/mike (button) (small blind) collected ($11.76)


PokerStars Hand #170300094789:  Hold'em Limit ($3/$6 USD) - 2017/05/12 2:18:33 ET
Table 'Thoas' 10-max Seat #4 is the button
Seat 4: habari786 ($151.31 in chips)
Seat 6: kiwi/mike ($184.41 in chips)
habari786: posts small blind $1
kiwi/mike: posts big blind $3
*** HOLE CARDS ***
habari786: raises $3 to $6
kiwi/mike: raises $3 to $9
habari786: raises $3 to $12
Betting is capped
kiwi/mike: calls $3
*** FLOP *** [8d 4d 9h]
kiwi/mike: bets $3
habari786: calls $3
*** TURN *** [8d 4d 9h] [7h]
kiwi/mike: bets $6
habari786: calls $6
*** RIVER *** [8d 4d 9h 7h] [9d]
kiwi/mike: bets $6
habari786: calls $6
*** SHOW DOWN ***
kiwi/mike: shows [Jd Js] (two pair, Jacks and Nines)
habari786: mucks hand
kiwi/mike collected $53.50 from pot
*** SUMMARY ***
Total pot $54 | Rake $0.50
Board [8d 4d 9h 7h 9d]
Seat 4: habari786 (button) (small blind) mucked
Seat 6: kiwi/mike (big blind) showed [Jd Js] and won ($53.50) with two pair, Jacks and Nines


PokerStars Hand #170300090140:  Hold'em Limit ($3/$6 USD) - 2017/05/12 2:18:15 ET
Table 'Thoas' 10-max Seat #4 is the button
Seat 4: habari786 ($158.31 in chips)
Seat 6: kiwi/mike ($177.65 in chips)
habari786: posts small blind $1
kiwi/mike: posts big blind $3
*** HOLE CARDS ***
habari786: folds
Uncalled bet ($2) returned to kiwi/mike
kiwi/mike collected $2 from pot
kiwi/mike: doesn't show hand
*** SUMMARY ***
Total pot $2 | Rake $0
Seat 4: habari786 (button) (small blind) folded before Flop
Seat 6: kiwi/mike (big blind) collected ($2)


PokerStars Hand #170300082214:  Hold'em Limit ($3/$6 USD) - 2017/05/12 2:17:44 ET
Table 'Thoas' 10-max Seat #6 is the button
Seat 4: habari786 ($179.31 in chips)
Seat 6: kiwi/mike ($157.15 in chips)
kiwi/mike: posts small blind $1
habari786: posts big blind $3
*** HOLE CARDS ***
kiwi/mike: raises $3 to $6
habari786: calls $3
*** FLOP *** [2h 5d 2d]
habari786: checks
kiwi/mike: bets $3
habari786: raises $3 to $6
kiwi/mike: raises $3 to $9
habari786: calls $3
*** TURN *** [2h 5d 2d] [Ks]
habari786: checks
kiwi/mike: bets $6
habari786: calls $6
*** RIVER *** [2h 5d 2d Ks] [Tc]
habari786: checks
kiwi/mike: checks
*** SHOW DOWN ***
habari786: shows [Qh 5h] (two pair, Fives and Deuces)
kiwi/mike: shows [6c 6s] (two pair, Sixes and Deuces)
kiwi/mike collected $41.50 from pot
*** SUMMARY ***
Total pot $42 | Rake $0.50
Board [2h 5d 2d Ks Tc]
Seat 4: habari786 (big blind) showed [Qh 5h] and lost with two pair, Fives and Deuces
Seat 6: kiwi/mike (button) (small blind) showed [6c 6s] and won ($41.50) with two pair, Sixes and Deuces


