PokerStars Hand #147879328680:  Hold'em Limit ($3/$6 USD) - 2016/01/29 11:21:25 ET
Table 'Thoas III' 2-max Seat #2 is the button
Seat 1: Cyonada ($53.31 in chips)
Seat 2: BuzovaPro ($72 in chips)
BuzovaPro: posts small blind $1
Cyonada: posts big blind $3
*** HOLE CARDS ***
BuzovaPro: folds
Uncalled bet ($2) returned to Cyonada
Cyonada collected $2 from pot
Cyonada: doesn't show hand
*** SUMMARY ***
Total pot $2 | Rake $0
Seat 1: Cyonada (big blind) collected ($2)
Seat 2: BuzovaPro (button) (small blind) folded before Flop


PokerStars Hand #147879349649:  Hold'em Limit ($3/$6 USD) - 2016/01/29 11:21:50 ET
Table 'Thoas III' 2-max Seat #1 is the button
Seat 1: Cyonada ($54.31 in chips)
Seat 2: BuzovaPro ($72 in chips)
Cyonada: posts small blind $1
BuzovaPro: posts big blind $3
*** HOLE CARDS ***
Cyonada: raises $3 to $6
BuzovaPro: calls $3
*** FLOP *** [3d 8d Jd]
BuzovaPro: checks
Cyonada: bets $3
BuzovaPro: folds
Uncalled bet ($3) returned to Cyonada
Cyonada collected $11.76 from pot
Cyonada: doesn't show hand
*** SUMMARY ***
Total pot $12 | Rake $0.24
Board [3d 8d Jd]
Seat 1: Cyonada (button) (small blind) collected ($11.76)
Seat 2: BuzovaPro (big blind) folded on the Flop


PokerStars Hand #147879373740:  Hold'em Limit ($3/$6 USD) - 2016/01/29 11:22:18 ET
Table 'Thoas III' 2-max Seat #2 is the button
Seat 1: Cyonada ($60.07 in chips)
Seat 2: BuzovaPro ($72 in chips)
BuzovaPro: posts small blind $1
Cyonada: posts big blind $3
*** HOLE CARDS ***
BuzovaPro: raises $3 to $6
Cyonada: calls $3
*** FLOP *** [Ac Jc 2d]
Cyonada: bets $3
BuzovaPro: calls $3
*** TURN *** [Ac Jc 2d] [9c]
Cyonada: checks
BuzovaPro: bets $6
Cyonada: calls $6
*** RIVER *** [Ac Jc 2d 9c] [5h]
Cyonada: checks
BuzovaPro: bets $6
Cyonada: folds
Uncalled bet ($6) returned to BuzovaPro
BuzovaPro collected $29.50 from pot
BuzovaPro: doesn't show hand
*** SUMMARY ***
Total pot $30 | Rake $0.50
Board [Ac Jc 2d 9c 5h]
Seat 1: Cyonada (big blind) folded on the River
Seat 2: BuzovaPro (button) (small blind) collected ($29.50)


PokerStars Hand #147879437850:  Hold'em Limit ($3/$6 USD) - 2016/01/29 11:23:34 ET
Table 'Thoas III' 2-max Seat #2 is the button
Seat 1: Cyonada ($50.83 in chips)
Seat 2: BuzovaPro ($80.50 in chips)
BuzovaPro: posts small blind $1
Cyonada: posts big blind $3
*** HOLE CARDS ***
BuzovaPro: folds
Uncalled bet ($2) returned to Cyonada
Cyonada collected $2 from pot
Cyonada: doesn't show hand
*** SUMMARY ***
Total pot $2 | Rake $0
Seat 1: Cyonada (big blind) collected ($2)
Seat 2: BuzovaPro (button) (small blind) folded before Flop


PokerStars Hand #147879396406:  Hold'em Limit ($3/$6 USD) - 2016/01/29 11:22:45 ET
Table 'Thoas III' 2-max Seat #1 is the button
Seat 1: Cyonada ($45.07 in chips)
Seat 2: BuzovaPro ($86.50 in chips)
Cyonada: posts small blind $1
BuzovaPro: posts big blind $3
*** HOLE CARDS ***
Cyonada: raises $3 to $6
BuzovaPro: calls $3
*** FLOP *** [5h Ts Qd]
BuzovaPro: checks
Cyonada: bets $3
BuzovaPro: folds
Uncalled bet ($3) returned to Cyonada
Cyonada collected $11.76 from pot
Cyonada: doesn't show hand
*** SUMMARY ***
Total pot $12 | Rake $0.24
Board [5h Ts Qd]
Seat 1: Cyonada (button) (small blind) collected ($11.76)
Seat 2: BuzovaPro (big blind) folded on the Flop


