PokerStars Hand #155046226968:  Hold'em Limit ($3/$6 USD) - 2016/06/21 23:49:22 ET
Table 'Thoas' 6-max Seat #3 is the button
Seat 2: BrownieSpy ($81.28 in chips)
Seat 3: Jrracc1 ($155.48 in chips)
Jrracc1: posts small blind $1
BrownieSpy: posts big blind $3
*** HOLE CARDS ***
Jrracc1: raises $3 to $6
BrownieSpy: folds
Uncalled bet ($3) returned to Jrracc1
Jrracc1 collected $6 from pot
Jrracc1: doesn't show hand
*** SUMMARY ***
Total pot $6 | Rake $0
Seat 2: BrownieSpy (big blind) folded before Flop
Seat 3: Jrracc1 (button) (small blind) collected ($6)


PokerStars Hand #155046228725:  Hold'em Limit ($3/$6 USD) - 2016/06/21 23:49:28 ET
Table 'Thoas' 6-max Seat #2 is the button
Seat 2: BrownieSpy ($78.28 in chips)
Seat 3: Jrracc1 ($158.48 in chips)
BrownieSpy: posts small blind $1
Jrracc1: posts big blind $3
*** HOLE CARDS ***
BrownieSpy: raises $3 to $6
Jrracc1: raises $3 to $9
BrownieSpy: calls $3
*** FLOP *** [3s Jh As]
Jrracc1: bets $3
BrownieSpy: raises $3 to $6
Jrracc1: calls $3
*** TURN *** [3s Jh As] [8s]
Jrracc1: checks
BrownieSpy: bets $6
Jrracc1: calls $6
*** RIVER *** [3s Jh As 8s] [7d]
Jrracc1: checks
BrownieSpy: bets $6
Jrracc1: folds
Uncalled bet ($6) returned to BrownieSpy
BrownieSpy collected $41.50 from pot
BrownieSpy: doesn't show hand
*** SUMMARY ***
Total pot $42 | Rake $0.50
Board [3s Jh As 8s 7d]
Seat 2: BrownieSpy (button) (small blind) collected ($41.50)
Seat 3: Jrracc1 (big blind) folded on the River


