PokerStars Hand #165716269179:  Hold'em Limit ($3/$6 USD) - 2017/02/05 8:11:05 ET
Table 'Thoas' 10-max Seat #10 is the button
Seat 5: O BOM 1977 ($149.78 in chips)
Seat 10: Mr.Buster ($379.25 in chips)
Mr.Buster: posts small blind $1
Widegermany: is sitting out
O BOM 1977: posts big blind $3
*** HOLE CARDS ***
Mr.Buster: calls $2
O BOM 1977: checks
*** FLOP *** [7d 2s 2h]
O BOM 1977: bets $3
Mr.Buster: raises $3 to $6
O BOM 1977: calls $3
*** TURN *** [7d 2s 2h] [Td]
O BOM 1977: checks
Mr.Buster: checks
*** RIVER *** [7d 2s 2h Td] [3d]
O BOM 1977: checks
Mr.Buster: checks
*** SHOW DOWN ***
O BOM 1977: shows [9h Kd] (a pair of Deuces)
Mr.Buster: shows [9c 7h] (two pair, Sevens and Deuces)
Mr.Buster collected $17.64 from pot
*** SUMMARY ***
Total pot $18 | Rake $0.36
Board [7d 2s 2h Td 3d]
Seat 5: O BOM 1977 (big blind) showed [9h Kd] and lost with a pair of Deuces
Seat 10: Mr.Buster (button) (small blind) showed [9c 7h] and won ($17.64) with two pair, Sevens and Deuces


PokerStars Hand #165716301964:  Hold'em Limit ($3/$6 USD) - 2017/02/05 8:11:53 ET
Table 'Thoas' 10-max Seat #5 is the button
Seat 5: O BOM 1977 ($145.54 in chips)
Seat 10: Mr.Buster ($382.89 in chips)
O BOM 1977: posts small blind $1
Mr.Buster: posts big blind $3
*** HOLE CARDS ***
O BOM 1977: folds
Uncalled bet ($2) returned to Mr.Buster
Mr.Buster collected $2 from pot
Mr.Buster: doesn't show hand
*** SUMMARY ***
Total pot $2 | Rake $0
Seat 5: O BOM 1977 (button) (small blind) folded before Flop
Seat 10: Mr.Buster (big blind) collected ($2)


PokerStars Hand #165716287679:  Hold'em Limit ($3/$6 USD) - 2017/02/05 8:11:32 ET
Table 'Thoas' 10-max Seat #5 is the button
Seat 5: O BOM 1977 ($140.78 in chips)
Seat 10: Mr.Buster ($387.89 in chips)
O BOM 1977: posts small blind $1
Mr.Buster: posts big blind $3
*** HOLE CARDS ***
O BOM 1977: folds
Uncalled bet ($2) returned to Mr.Buster
Mr.Buster collected $2 from pot
Mr.Buster: doesn't show hand
*** SUMMARY ***
Total pot $2 | Rake $0
Seat 5: O BOM 1977 (button) (small blind) folded before Flop
Seat 10: Mr.Buster (big blind) collected ($2)


PokerStars Hand #165716306069:  Hold'em Limit ($3/$6 USD) - 2017/02/05 8:11:58 ET
Table 'Thoas' 10-max Seat #10 is the button
Seat 5: O BOM 1977 ($144.54 in chips)
Seat 10: Mr.Buster ($383.89 in chips)
Mr.Buster: posts small blind $1
O BOM 1977: posts big blind $3
*** HOLE CARDS ***
Mr.Buster: raises $3 to $6
O BOM 1977: calls $3
*** FLOP *** [8s Kh 7h]
O BOM 1977: checks
Mr.Buster: bets $3
O BOM 1977: calls $3
*** TURN *** [8s Kh 7h] [2c]
O BOM 1977: checks
Mr.Buster: checks
*** RIVER *** [8s Kh 7h 2c] [2d]
O BOM 1977: checks
Mr.Buster: checks
*** SHOW DOWN ***
O BOM 1977: shows [Tc Qh] (a pair of Deuces)
Mr.Buster: shows [As Jc] (a pair of Deuces - Ace kicker)
Mr.Buster collected $17.64 from pot
*** SUMMARY ***
Total pot $18 | Rake $0.36
Board [8s Kh 7h 2c 2d]
Seat 5: O BOM 1977 (big blind) showed [Tc Qh] and lost with a pair of Deuces
Seat 10: Mr.Buster (button) (small blind) showed [As Jc] and won ($17.64) with a pair of Deuces


