PokerStars Hand #164043850400:  Hold'em Limit ($3/$6 USD) - 2017/01/04 17:14:53 ET
Table 'Thora' 6-max Seat #4 is the button
Seat 3: lexishake ($35.91 in chips)
Seat 4: dragon1893 ($150 in chips)
dragon1893: posts small blind $1
lexishake: posts big blind $3
*** HOLE CARDS ***
dragon1893: raises $3 to $6
lexishake: calls $3
*** FLOP *** [Ac Jh 9h]
lexishake: checks
dragon1893: bets $3
lexishake: calls $3
*** TURN *** [Ac Jh 9h] [8s]
lexishake: checks
dragon1893: checks
*** RIVER *** [Ac Jh 9h 8s] [Th]
lexishake: bets $6
dragon1893: folds
Uncalled bet ($6) returned to lexishake
lexishake collected $17.64 from pot
*** SUMMARY ***
Total pot $18 | Rake $0.36
Board [Ac Jh 9h 8s Th]
Seat 3: lexishake (big blind) collected ($17.64)
Seat 4: dragon1893 (button) (small blind) folded on the River


PokerStars Hand #164043880601:  Hold'em Limit ($3/$6 USD) - 2017/01/04 17:15:24 ET
Table 'Thora' 6-max Seat #4 is the button
Seat 3: lexishake ($47.43 in chips)
Seat 4: dragon1893 ($150 in chips)
dragon1893: posts small blind $1
lexishake: posts big blind $3
*** HOLE CARDS ***
dragon1893: folds
Uncalled bet ($2) returned to lexishake
lexishake collected $2 from pot
*** SUMMARY ***
Total pot $2 | Rake $0
Seat 3: lexishake (big blind) collected ($2)
Seat 4: dragon1893 (button) (small blind) folded before Flop


PokerStars Hand #164043867983:  Hold'em Limit ($3/$6 USD) - 2017/01/04 17:15:11 ET
Table 'Thora' 6-max Seat #3 is the button
Seat 3: lexishake ($44.55 in chips)
Seat 4: dragon1893 ($150 in chips)
lexishake: posts small blind $1
dragon1893: posts big blind $3
*** HOLE CARDS ***
lexishake: calls $2
dragon1893: checks
*** FLOP *** [Ts 5c 5h]
dragon1893: checks
lexishake: bets $3
dragon1893: folds
Uncalled bet ($3) returned to lexishake
lexishake collected $5.88 from pot
*** SUMMARY ***
Total pot $6 | Rake $0.12
Board [Ts 5c 5h]
Seat 3: lexishake (button) (small blind) collected ($5.88)
Seat 4: dragon1893 (big blind) folded on the Flop


PokerStars Hand #164043884829:  Hold'em Limit ($3/$6 USD) - 2017/01/04 17:15:29 ET
Table 'Thora' 6-max Seat #3 is the button
Seat 3: lexishake ($48.43 in chips)
Seat 4: dragon1893 ($150 in chips)
lexishake: posts small blind $1
dragon1893: posts big blind $3
*** HOLE CARDS ***
lexishake: calls $2
dragon1893: checks
*** FLOP *** [Th Jd Ac]
dragon1893: checks
lexishake: bets $3
dragon1893: calls $3
*** TURN *** [Th Jd Ac] [2d]
dragon1893: checks
lexishake: checks
*** RIVER *** [Th Jd Ac 2d] [6d]
dragon1893: checks
lexishake: checks
*** SHOW DOWN ***
dragon1893: shows [Ks 8c] (high card Ace)
lexishake: mucks hand
dragon1893 collected $11.76 from pot
*** SUMMARY ***
Total pot $12 | Rake $0.24
Board [Th Jd Ac 2d 6d]
Seat 3: lexishake (button) (small blind) mucked
Seat 4: dragon1893 (big blind) showed [Ks 8c] and won ($11.76) with high card Ace


PokerStars Hand #164043900477:  Hold'em Limit ($3/$6 USD) - 2017/01/04 17:15:45 ET
Table 'Thora' 6-max Seat #4 is the button
Seat 3: lexishake ($42.43 in chips)
Seat 4: dragon1893 ($155.76 in chips)
dragon1893: posts small blind $1
lexishake: posts big blind $3
*** HOLE CARDS ***
dragon1893: raises $3 to $6
lexishake: calls $3
*** FLOP *** [Tc 9d Td]
lexishake: checks
dragon1893: bets $3
lexishake: calls $3
*** TURN *** [Tc 9d Td] [8h]
lexishake: checks
dragon1893: checks
*** RIVER *** [Tc 9d Td 8h] [2c]
lexishake: bets $6
dragon1893: folds
Uncalled bet ($6) returned to lexishake
lexishake collected $17.64 from pot
*** SUMMARY ***
Total pot $18 | Rake $0.36
Board [Tc 9d Td 8h 2c]
Seat 3: lexishake (big blind) collected ($17.64)
Seat 4: dragon1893 (button) (small blind) folded on the River


PokerStars Hand #164043939652:  Hold'em Limit ($3/$6 USD) - 2017/01/04 17:16:25 ET
Table 'Thora' 6-max Seat #3 is the button
Seat 3: lexishake ($59.57 in chips)
Seat 4: dragon1893 ($155.76 in chips)
lexishake: posts small blind $1
dragon1893: posts big blind $3
*** HOLE CARDS ***
lexishake: raises $3 to $6
dragon1893: calls $3
*** FLOP *** [6s Kh 4s]
dragon1893: checks
lexishake: bets $3
dragon1893: calls $3
*** TURN *** [6s Kh 4s] [Ad]
dragon1893: checks
lexishake: bets $6
dragon1893: folds
Uncalled bet ($6) returned to lexishake
lexishake collected $17.64 from pot
*** SUMMARY ***
Total pot $18 | Rake $0.36
Board [6s Kh 4s Ad]
Seat 3: lexishake (button) (small blind) collected ($17.64)
Seat 4: dragon1893 (big blind) folded on the Turn


PokerStars Hand #164043915663:  Hold'em Limit ($3/$6 USD) - 2017/01/04 17:16:01 ET
Table 'Thora' 6-max Seat #3 is the button
Seat 3: lexishake ($51.07 in chips)
Seat 4: dragon1893 ($150 in chips)
lexishake: posts small blind $1
dragon1893: posts big blind $3
*** HOLE CARDS ***
lexishake: calls $2
dragon1893: checks
*** FLOP *** [9h Ah 3s]
dragon1893: checks
lexishake: bets $3
dragon1893: raises $3 to $6
lexishake: calls $3
*** TURN *** [9h Ah 3s] [5h]
dragon1893: bets $6
lexishake: raises $6 to $12
dragon1893: folds
Uncalled bet ($6) returned to lexishake
lexishake collected $29.50 from pot
*** SUMMARY ***
Total pot $30 | Rake $0.50
Board [9h Ah 3s 5h]
Seat 3: lexishake (button) (small blind) collected ($29.50)
Seat 4: dragon1893 (big blind) folded on the Turn


PokerStars Hand #164043951230:  Hold'em Limit ($3/$6 USD) - 2017/01/04 17:16:37 ET
Table 'Thora' 6-max Seat #4 is the button
Seat 3: lexishake ($68.21 in chips)
Seat 4: dragon1893 ($150 in chips)
dragon1893: posts small blind $1
lexishake: posts big blind $3
*** HOLE CARDS ***
dragon1893: raises $3 to $6
lexishake: folds
Uncalled bet ($3) returned to dragon1893
dragon1893 collected $6 from pot
dragon1893: doesn't show hand
*** SUMMARY ***
Total pot $6 | Rake $0
Seat 3: lexishake (big blind) folded before Flop
Seat 4: dragon1893 (button) (small blind) collected ($6)


PokerStars Hand #164043967451:  Hold'em Limit ($3/$6 USD) - 2017/01/04 17:16:54 ET
Table 'Thora' 6-max Seat #4 is the button
Seat 3: lexishake ($59.21 in chips)
Seat 4: dragon1893 ($158.76 in chips)
dragon1893: posts small blind $1
lexishake: posts big blind $3
*** HOLE CARDS ***
dragon1893: folds
Uncalled bet ($2) returned to lexishake
lexishake collected $2 from pot
*** SUMMARY ***
Total pot $2 | Rake $0
Seat 3: lexishake (big blind) collected ($2)
Seat 4: dragon1893 (button) (small blind) folded before Flop


PokerStars Hand #164043957117:  Hold'em Limit ($3/$6 USD) - 2017/01/04 17:16:43 ET
Table 'Thora' 6-max Seat #3 is the button
Seat 3: lexishake ($65.21 in chips)
Seat 4: dragon1893 ($153 in chips)
lexishake: posts small blind $1
dragon1893: posts big blind $3
*** HOLE CARDS ***
lexishake: calls $2
dragon1893: raises $3 to $6
lexishake: calls $3
*** FLOP *** [4c 7h Kc]
dragon1893: bets $3
lexishake: folds
Uncalled bet ($3) returned to dragon1893
dragon1893 collected $11.76 from pot
dragon1893: doesn't show hand
*** SUMMARY ***
Total pot $12 | Rake $0.24
Board [4c 7h Kc]
Seat 3: lexishake (button) (small blind) folded on the Flop
Seat 4: dragon1893 (big blind) collected ($11.76)


PokerStars Hand #164043929021:  Hold'em Limit ($3/$6 USD) - 2017/01/04 17:16:14 ET
Table 'Thora' 6-max Seat #4 is the button
Seat 3: lexishake ($65.57 in chips)
Seat 4: dragon1893 ($150 in chips)
dragon1893: posts small blind $1
lexishake: posts big blind $3
*** HOLE CARDS ***
dragon1893: raises $3 to $6
lexishake: calls $3
*** FLOP *** [4c Js Kh]
lexishake: checks
dragon1893: bets $3
lexishake: folds
Uncalled bet ($3) returned to dragon1893
dragon1893 collected $11.76 from pot
dragon1893: doesn't show hand
*** SUMMARY ***
Total pot $12 | Rake $0.24
Board [4c Js Kh]
Seat 3: lexishake (big blind) folded on the Flop
Seat 4: dragon1893 (button) (small blind) collected ($11.76)


PokerStars Hand #164044018034:  Hold'em Limit ($3/$6 USD) - 2017/01/04 17:17:47 ET
Table 'Thora' 6-max Seat #3 is the button
Seat 3: lexishake ($17.21 in chips)
Seat 4: dragon1893 ($199.52 in chips)
lexishake: posts small blind $1
dragon1893: posts big blind $3
*** HOLE CARDS ***
lexishake: raises $3 to $6
dragon1893: calls $3
*** FLOP *** [8c Kh 6h]
dragon1893: checks
lexishake: bets $3
dragon1893: raises $3 to $6
lexishake: calls $3
*** TURN *** [8c Kh 6h] [3s]
dragon1893: bets $6
lexishake: calls $5.21 and is all-in
Uncalled bet ($0.79) returned to dragon1893
*** RIVER *** [8c Kh 6h 3s] [3h]
*** SHOW DOWN ***
dragon1893: shows [Kc Ts] (two pair, Kings and Threes)
lexishake: shows [7s 7c] (two pair, Sevens and Threes)
dragon1893 collected $33.92 from pot
*** SUMMARY ***
Total pot $34.42 | Rake $0.50
Board [8c Kh 6h 3s 3h]
Seat 3: lexishake (button) (small blind) showed [7s 7c] and lost with two pair, Sevens and Threes
Seat 4: dragon1893 (big blind) showed [Kc Ts] and won ($33.92) with two pair, Kings and Threes


PokerStars Hand #164043972343:  Hold'em Limit ($3/$6 USD) - 2017/01/04 17:16:59 ET
Table 'Thora' 6-max Seat #3 is the button
Seat 3: lexishake ($60.21 in chips)
Seat 4: dragon1893 ($157.76 in chips)
lexishake: posts small blind $1
dragon1893: posts big blind $3
*** HOLE CARDS ***
lexishake: calls $2
dragon1893: raises $3 to $6
lexishake: calls $3
*** FLOP *** [Jd Ts 9s]
dragon1893: bets $3
lexishake: calls $3
*** TURN *** [Jd Ts 9s] [5h]
dragon1893: bets $6
lexishake: calls $6
*** RIVER *** [Jd Ts 9s 5h] [5c]
dragon1893: checks
lexishake: bets $6
dragon1893: calls $6
*** SHOW DOWN ***
lexishake: shows [7h 6h] (a pair of Fives)
dragon1893: shows [Qc 9d] (two pair, Nines and Fives)
dragon1893 collected $41.50 from pot
*** SUMMARY ***
Total pot $42 | Rake $0.50
Board [Jd Ts 9s 5h 5c]
Seat 3: lexishake (button) (small blind) showed [7h 6h] and lost with a pair of Fives
Seat 4: dragon1893 (big blind) showed [Qc 9d] and won ($41.50) with two pair, Nines and Fives


PokerStars Hand #164044008011:  Hold'em Limit ($3/$6 USD) - 2017/01/04 17:17:36 ET
Table 'Thora' 6-max Seat #4 is the button
Seat 3: lexishake ($23.21 in chips)
Seat 4: dragon1893 ($193.76 in chips)
dragon1893: posts small blind $1
lexishake: posts big blind $3
*** HOLE CARDS ***
dragon1893: raises $3 to $6
lexishake: calls $3
*** FLOP *** [Ah Jc 5s]
lexishake: checks
dragon1893: bets $3
lexishake: folds
Uncalled bet ($3) returned to dragon1893
dragon1893 collected $11.76 from pot
dragon1893: doesn't show hand
*** SUMMARY ***
Total pot $12 | Rake $0.24
Board [Ah Jc 5s]
Seat 3: lexishake (big blind) folded on the Flop
Seat 4: dragon1893 (button) (small blind) collected ($11.76)


PokerStars Hand #164044003761:  Hold'em Limit ($3/$6 USD) - 2017/01/04 17:17:32 ET
Table 'Thora' 6-max Seat #3 is the button
Seat 3: lexishake ($24.21 in chips)
Seat 4: dragon1893 ($192.76 in chips)
lexishake: posts small blind $1
dragon1893: posts big blind $3
*** HOLE CARDS ***
lexishake: folds
Uncalled bet ($2) returned to dragon1893
dragon1893 collected $2 from pot
dragon1893: doesn't show hand
*** SUMMARY ***
Total pot $2 | Rake $0
Seat 3: lexishake (button) (small blind) folded before Flop
Seat 4: dragon1893 (big blind) collected ($2)


PokerStars Hand #164043988869:  Hold'em Limit ($3/$6 USD) - 2017/01/04 17:17:16 ET
Table 'Thora' 6-max Seat #4 is the button
Seat 3: lexishake ($39.21 in chips)
Seat 4: dragon1893 ($178.26 in chips)
dragon1893: posts small blind $1
lexishake: posts big blind $3
*** HOLE CARDS ***
dragon1893: raises $3 to $6
lexishake: calls $3
*** FLOP *** [Qh 6h 9h]
lexishake: bets $3
dragon1893: calls $3
*** TURN *** [Qh 6h 9h] [8h]
lexishake: bets $6
dragon1893: calls $6
*** RIVER *** [Qh 6h 9h 8h] [Tc]
lexishake: checks
dragon1893: bets $6
lexishake: folds
Uncalled bet ($6) returned to dragon1893
dragon1893 collected $29.50 from pot
dragon1893: doesn't show hand
*** SUMMARY ***
Total pot $30 | Rake $0.50
Board [Qh 6h 9h 8h Tc]
Seat 3: lexishake (big blind) folded on the River
Seat 4: dragon1893 (button) (small blind) collected ($29.50)


PokerStars Hand #164044107203:  Hold'em Limit ($3/$6 USD) - 2017/01/04 17:19:19 ET
Table 'Thora' 6-max Seat #4 is the button
Seat 3: lexishake ($99.11 in chips)
Seat 4: dragon1893 ($216.23 in chips)
dragon1893: posts small blind $1
lexishake: posts big blind $3
*** HOLE CARDS ***
dragon1893: raises $3 to $6
lexishake: calls $3
*** FLOP *** [3d 4c Ac]
lexishake: checks
dragon1893: bets $3
lexishake: calls $3
*** TURN *** [3d 4c Ac] [Js]
lexishake: checks
dragon1893: bets $6
lexishake: calls $6
*** RIVER *** [3d 4c Ac Js] [6h]
lexishake: bets $6
dragon1893: calls $6
*** SHOW DOWN ***
lexishake: shows [Qs 3s] (a pair of Threes)
dragon1893: shows [7s 6c] (a pair of Sixes)
dragon1893 collected $41.50 from pot
*** SUMMARY ***
Total pot $42 | Rake $0.50
Board [3d 4c Ac Js 6h]
Seat 3: lexishake (big blind) showed [Qs 3s] and lost with a pair of Threes
Seat 4: dragon1893 (button) (small blind) showed [7s 6c] and won ($41.50) with a pair of Sixes


PokerStars Hand #164044125473:  Hold'em Limit ($3/$6 USD) - 2017/01/04 17:19:37 ET
Table 'Thora' 6-max Seat #3 is the button
Seat 3: lexishake ($78.11 in chips)
Seat 4: dragon1893 ($236.73 in chips)
lexishake: posts small blind $1
dragon1893: posts big blind $3
*** HOLE CARDS ***
lexishake: folds
Uncalled bet ($2) returned to dragon1893
dragon1893 collected $2 from pot
dragon1893: doesn't show hand
*** SUMMARY ***
Total pot $2 | Rake $0
Seat 3: lexishake (button) (small blind) folded before Flop
Seat 4: dragon1893 (big blind) collected ($2)


PokerStars Hand #164044129795:  Hold'em Limit ($3/$6 USD) - 2017/01/04 17:19:42 ET
Table 'Thora' 6-max Seat #4 is the button
Seat 3: lexishake ($77.11 in chips)
Seat 4: dragon1893 ($237.73 in chips)
dragon1893: posts small blind $1
lexishake: posts big blind $3
*** HOLE CARDS ***
dragon1893: raises $3 to $6
lexishake: calls $3
*** FLOP *** [3c Kc 8s]
lexishake: bets $3
dragon1893: calls $3
*** TURN *** [3c Kc 8s] [Qc]
lexishake: bets $6
dragon1893: calls $6
*** RIVER *** [3c Kc 8s Qc] [Th]
lexishake: bets $6
dragon1893: raises $6 to $12
lexishake: folds
Uncalled bet ($6) returned to dragon1893
dragon1893 collected $41.50 from pot
dragon1893: doesn't show hand
*** SUMMARY ***
Total pot $42 | Rake $0.50
Board [3c Kc 8s Qc Th]
Seat 3: lexishake (big blind) folded on the River
Seat 4: dragon1893 (button) (small blind) collected ($41.50)


