PokerStars Hand #164228513428:  Hold'em Limit ($3/$6 USD) - 2017/01/08 5:46:06 ET
Table 'Thora' 6-max Seat #5 is the button
Seat 2: MellivoraSto ($240.70 in chips)
Seat 5: xxRGx ($114 in chips)
xxRGx: posts small blind $1
MellivoraSto: posts big blind $3
*** HOLE CARDS ***
xxRGx: folds
Uncalled bet ($2) returned to MellivoraSto
MellivoraSto collected $2 from pot
MellivoraSto: doesn't show hand
*** SUMMARY ***
Total pot $2 | Rake $0
Seat 2: MellivoraSto (big blind) collected ($2)
Seat 5: xxRGx (button) (small blind) folded before Flop


PokerStars Hand #164228501581:  Hold'em Limit ($3/$6 USD) - 2017/01/08 5:45:43 ET
Table 'Thora' 6-max Seat #2 is the button
Seat 2: MellivoraSto ($234.94 in chips)
Seat 5: xxRGx ($120 in chips)
MellivoraSto: posts small blind $1
Ale4o: is sitting out
xxRGx: posts big blind $3
*** HOLE CARDS ***
MellivoraSto: raises $3 to $6
xxRGx: calls $3
*** FLOP *** [9s As 3d]
xxRGx: checks
MellivoraSto: bets $3
xxRGx: folds
Uncalled bet ($3) returned to MellivoraSto
MellivoraSto collected $11.76 from pot
MellivoraSto: doesn't show hand
*** SUMMARY ***
Total pot $12 | Rake $0.24
Board [9s As 3d]
Seat 2: MellivoraSto (button) (small blind) collected ($11.76)
Seat 5: xxRGx (big blind) folded on the Flop


PokerStars Hand #164228522052:  Hold'em Limit ($3/$6 USD) - 2017/01/08 5:46:23 ET
Table 'Thora' 6-max Seat #2 is the button
Seat 2: MellivoraSto ($241.70 in chips)
Seat 5: xxRGx ($113 in chips)
MellivoraSto: posts small blind $1
xxRGx: posts big blind $3
*** HOLE CARDS ***
Ale4o leaves the table
MellivoraSto: raises $3 to $6
Lulu&Hyggen joins the table at seat #3
xxRGx: folds
Uncalled bet ($3) returned to MellivoraSto
MellivoraSto collected $6 from pot
MellivoraSto: doesn't show hand
*** SUMMARY ***
Total pot $6 | Rake $0
Seat 2: MellivoraSto (button) (small blind) collected ($6)
Seat 5: xxRGx (big blind) folded before Flop


