PokerStars Hand #154223371506:  Hold'em Limit ($3/$6 USD) - 2016/06/03 6:46:19 ET
Table 'Thuban II' 6-max Seat #6 is the button
Seat 1: Krazy90 ($114.82 in chips)
Seat 6: 19woody58 ($126.09 in chips)
19woody58: posts small blind $1
Krazy90: posts big blind $3
*** HOLE CARDS ***
19woody58: folds
Uncalled bet ($2) returned to Krazy90
Krazy90 collected $2 from pot
Krazy90: doesn't show hand
*** SUMMARY ***
Total pot $2 | Rake $0
Seat 1: Krazy90 (big blind) collected ($2)
Seat 6: 19woody58 (button) (small blind) folded before Flop


PokerStars Hand #154223363582:  Hold'em Limit ($3/$6 USD) - 2016/06/03 6:46:01 ET
Table 'Thuban II' 6-max Seat #1 is the button
Seat 1: Krazy90 ($111.94 in chips)
Seat 6: 19woody58 ($129.09 in chips)
Krazy90: posts small blind $1
19woody58: posts big blind $3
*** HOLE CARDS ***
Krazy90: calls $2
19woody58: checks
*** FLOP *** [4d 6h Tc]
19woody58: checks
Krazy90: bets $3
19woody58: folds
Uncalled bet ($3) returned to Krazy90
Krazy90 collected $5.88 from pot
Krazy90: doesn't show hand
*** SUMMARY ***
Total pot $6 | Rake $0.12
Board [4d 6h Tc]
Seat 1: Krazy90 (button) (small blind) collected ($5.88)
Seat 6: 19woody58 (big blind) folded on the Flop


PokerStars Hand #154223352280:  Hold'em Limit ($3/$6 USD) - 2016/06/03 6:45:34 ET
Table 'Thuban II' 6-max Seat #6 is the button
Seat 1: Krazy90 ($117.94 in chips)
Seat 6: 19woody58 ($123.33 in chips)
19woody58: posts small blind $1
Krazy90: posts big blind $3
*** HOLE CARDS ***
19woody58: calls $2
Krazy90: checks
*** FLOP *** [6d 2d 5c]
Krazy90: checks
19woody58: bets $3
Krazy90: calls $3
*** TURN *** [6d 2d 5c] [7d]
Krazy90: checks
19woody58: checks
*** RIVER *** [6d 2d 5c 7d] [3s]
Krazy90: checks
19woody58: checks
*** SHOW DOWN ***
Krazy90: shows [2c 9d] (a pair of Deuces)
19woody58: shows [5h Qd] (a pair of Fives)
19woody58 collected $11.76 from pot
*** SUMMARY ***
Total pot $12 | Rake $0.24
Board [6d 2d 5c 7d 3s]
Seat 1: Krazy90 (big blind) showed [2c 9d] and lost with a pair of Deuces
Seat 6: 19woody58 (button) (small blind) showed [5h Qd] and won ($11.76) with a pair of Fives


PokerStars Hand #154223391370:  Hold'em Limit ($3/$6 USD) - 2016/06/03 6:47:07 ET
Table 'Thuban II' 6-max Seat #1 is the button
Seat 1: Krazy90 ($101.82 in chips)
Seat 6: 19woody58 ($138.59 in chips)
Krazy90: posts small blind $1
19woody58: posts big blind $3
*** HOLE CARDS ***
Krazy90: raises $3 to $6
19woody58: calls $3
*** FLOP *** [3h As 3c]
19woody58: checks
Krazy90: bets $3
19woody58: calls $3
*** TURN *** [3h As 3c] [Ad]
19woody58: checks
Krazy90: checks
*** RIVER *** [3h As 3c Ad] [Kd]
19woody58: bets $6
Krazy90: folds
Uncalled bet ($6) returned to 19woody58
19woody58 collected $17.64 from pot
*** SUMMARY ***
Total pot $18 | Rake $0.36
Board [3h As 3c Ad Kd]
Seat 1: Krazy90 (button) (small blind) folded on the River
Seat 6: 19woody58 (big blind) collected ($17.64)


PokerStars Hand #154223388605:  Hold'em Limit ($3/$6 USD) - 2016/06/03 6:47:00 ET
Table 'Thuban II' 6-max Seat #6 is the button
Seat 1: Krazy90 ($100.82 in chips)
Seat 6: 19woody58 ($139.59 in chips)
19woody58: posts small blind $1
Krazy90: posts big blind $3
*** HOLE CARDS ***
19woody58: folds
Uncalled bet ($2) returned to Krazy90
Krazy90 collected $2 from pot
Krazy90: doesn't show hand
*** SUMMARY ***
Total pot $2 | Rake $0
Seat 1: Krazy90 (big blind) collected ($2)
Seat 6: 19woody58 (button) (small blind) folded before Flop


PokerStars Hand #154223374955:  Hold'em Limit ($3/$6 USD) - 2016/06/03 6:46:27 ET
Table 'Thuban II' 6-max Seat #1 is the button
Seat 1: Krazy90 ($115.82 in chips)
Seat 6: 19woody58 ($125.09 in chips)
Krazy90: posts small blind $1
19woody58: posts big blind $3
*** HOLE CARDS ***
Krazy90: raises $3 to $6
19woody58: calls $3
*** FLOP *** [Qd Jd 2c]
19woody58: checks
Krazy90: bets $3
19woody58: calls $3
*** TURN *** [Qd Jd 2c] [6d]
19woody58: checks
Krazy90: checks
*** RIVER *** [Qd Jd 2c 6d] [4d]
19woody58: bets $6
Krazy90: calls $6
*** SHOW DOWN ***
19woody58: shows [Ad 5c] (a flush, Ace high)
Krazy90: mucks hand
19woody58 collected $29.50 from pot
*** SUMMARY ***
Total pot $30 | Rake $0.50
Board [Qd Jd 2c 6d 4d]
Seat 1: Krazy90 (button) (small blind) mucked
Seat 6: 19woody58 (big blind) showed [Ad 5c] and won ($29.50) with a flush, Ace high


PokerStars Hand #154223419214:  Hold'em Limit ($3/$6 USD) - 2016/06/03 6:48:13 ET
Table 'Thuban II' 6-max Seat #1 is the button
Seat 1: Krazy90 ($99.46 in chips)
Seat 6: 19woody58 ($140.11 in chips)
Krazy90: posts small blind $1
19woody58: posts big blind $3
*** HOLE CARDS ***
Krazy90: folds
Uncalled bet ($2) returned to 19woody58
19woody58 collected $2 from pot
*** SUMMARY ***
Total pot $2 | Rake $0
Seat 1: Krazy90 (button) (small blind) folded before Flop
Seat 6: 19woody58 (big blind) collected ($2)


PokerStars Hand #154223413972:  Hold'em Limit ($3/$6 USD) - 2016/06/03 6:48:01 ET
Table 'Thuban II' 6-max Seat #6 is the button
Seat 1: Krazy90 ($102.46 in chips)
Seat 6: 19woody58 ($137.23 in chips)
19woody58: posts small blind $1
Krazy90: posts big blind $3
*** HOLE CARDS ***
19woody58: calls $2
Krazy90: checks
*** FLOP *** [Jh Ks 7s]
Krazy90: checks
19woody58: bets $3
Krazy90: folds
Uncalled bet ($3) returned to 19woody58
19woody58 collected $5.88 from pot
*** SUMMARY ***
Total pot $6 | Rake $0.12
Board [Jh Ks 7s]
Seat 1: Krazy90 (big blind) folded on the Flop
Seat 6: 19woody58 (button) (small blind) collected ($5.88)


PokerStars Hand #154223404328:  Hold'em Limit ($3/$6 USD) - 2016/06/03 6:47:38 ET
Table 'Thuban II' 6-max Seat #1 is the button
Seat 1: Krazy90 ($93.82 in chips)
Seat 6: 19woody58 ($146.23 in chips)
Krazy90: posts small blind $1
19woody58: posts big blind $3
*** HOLE CARDS ***
Krazy90: calls $2
19woody58: raises $3 to $6
Krazy90: calls $3
*** FLOP *** [3c 2c 6c]
19woody58: bets $3
Krazy90: calls $3
*** TURN *** [3c 2c 6c] [7c]
19woody58: checks
Krazy90: bets $6
19woody58: folds
Uncalled bet ($6) returned to Krazy90
Krazy90 collected $17.64 from pot
Krazy90: doesn't show hand
*** SUMMARY ***
Total pot $18 | Rake $0.36
Board [3c 2c 6c 7c]
Seat 1: Krazy90 (button) (small blind) collected ($17.64)
Seat 6: 19woody58 (big blind) folded on the Turn


PokerStars Hand #154223401958:  Hold'em Limit ($3/$6 USD) - 2016/06/03 6:47:32 ET
Table 'Thuban II' 6-max Seat #6 is the button
Seat 1: Krazy90 ($92.82 in chips)
Seat 6: 19woody58 ($147.23 in chips)
19woody58: posts small blind $1
Krazy90: posts big blind $3
*** HOLE CARDS ***
19woody58: folds
Uncalled bet ($2) returned to Krazy90
Krazy90 collected $2 from pot
Krazy90: doesn't show hand
*** SUMMARY ***
Total pot $2 | Rake $0
Seat 1: Krazy90 (big blind) collected ($2)
Seat 6: 19woody58 (button) (small blind) folded before Flop


PokerStars Hand #154223450164:  Hold'em Limit ($3/$6 USD) - 2016/06/03 6:49:26 ET
Table 'Thuban II' 6-max Seat #6 is the button
Seat 1: Krazy90 ($90.46 in chips)
Seat 6: 19woody58 ($148.63 in chips)
19woody58: posts small blind $1
Krazy90: posts big blind $3
*** HOLE CARDS ***
19woody58: folds
Uncalled bet ($2) returned to Krazy90
Krazy90 collected $2 from pot
Krazy90: doesn't show hand
*** SUMMARY ***
Total pot $2 | Rake $0
Seat 1: Krazy90 (big blind) collected ($2)
Seat 6: 19woody58 (button) (small blind) folded before Flop


PokerStars Hand #154223437326:  Hold'em Limit ($3/$6 USD) - 2016/06/03 6:48:56 ET
Table 'Thuban II' 6-max Seat #1 is the button
Seat 1: Krazy90 ($99.46 in chips)
Seat 6: 19woody58 ($139.99 in chips)
Krazy90: posts small blind $1
19woody58: posts big blind $3
*** HOLE CARDS ***
Hadart joins the table at seat #2
Krazy90: raises $3 to $6
19woody58: calls $3
*** FLOP *** [9d Th Td]
19woody58: checks
Krazy90: bets $3
19woody58: calls $3
*** TURN *** [9d Th Td] [Jd]
19woody58: checks
Krazy90: checks
*** RIVER *** [9d Th Td Jd] [Kc]
19woody58: checks
Krazy90: checks
*** SHOW DOWN ***
19woody58: shows [8h Jc] (two pair, Jacks and Tens)
Krazy90: mucks hand
19woody58 collected $17.64 from pot
*** SUMMARY ***
Total pot $18 | Rake $0.36
Board [9d Th Td Jd Kc]
Seat 1: Krazy90 (button) (small blind) mucked
Seat 6: 19woody58 (big blind) showed [8h Jc] and won ($17.64) with two pair, Jacks and Tens


PokerStars Hand #154223434637:  Hold'em Limit ($3/$6 USD) - 2016/06/03 6:48:49 ET
Table 'Thuban II' 6-max Seat #6 is the button
Seat 1: Krazy90 ($98.46 in chips)
Seat 6: 19woody58 ($140.99 in chips)
19woody58: posts small blind $1
Krazy90: posts big blind $3
*** HOLE CARDS ***
19woody58: folds
Uncalled bet ($2) returned to Krazy90
Krazy90 collected $2 from pot
Krazy90: doesn't show hand
*** SUMMARY ***
Total pot $2 | Rake $0
Seat 1: Krazy90 (big blind) collected ($2)
Seat 6: 19woody58 (button) (small blind) folded before Flop


PokerStars Hand #154223432000:  Hold'em Limit ($3/$6 USD) - 2016/06/03 6:48:43 ET
Table 'Thuban II' 6-max Seat #1 is the button
Seat 1: Krazy90 ($95.46 in chips)
Seat 6: 19woody58 ($143.99 in chips)
Krazy90: posts small blind $1
19woody58: posts big blind $3
*** HOLE CARDS ***
Krazy90: raises $3 to $6
19woody58: folds
Uncalled bet ($3) returned to Krazy90
Krazy90 collected $6 from pot
Krazy90: doesn't show hand
*** SUMMARY ***
Total pot $6 | Rake $0
Seat 1: Krazy90 (button) (small blind) collected ($6)
Seat 6: 19woody58 (big blind) folded before Flop


PokerStars Hand #154223421673:  Hold'em Limit ($3/$6 USD) - 2016/06/03 6:48:19 ET
Table 'Thuban II' 6-max Seat #6 is the button
Seat 1: Krazy90 ($98.46 in chips)
Seat 6: 19woody58 ($141.11 in chips)
19woody58: posts small blind $1
Krazy90: posts big blind $3
*** HOLE CARDS ***
19woody58: calls $2
Krazy90: checks
*** FLOP *** [2c 9s 9c]
Krazy90: checks
19woody58: bets $3
Krazy90: folds
Uncalled bet ($3) returned to 19woody58
19woody58 collected $5.88 from pot
*** SUMMARY ***
Total pot $6 | Rake $0.12
Board [2c 9s 9c]
Seat 1: Krazy90 (big blind) folded on the Flop
Seat 6: 19woody58 (button) (small blind) collected ($5.88)


PokerStars Hand #154233208124:  Hold'em Limit ($3/$6 USD) - 2016/06/03 11:50:31 ET
Table 'Thuban II' 6-max Seat #3 is the button
Seat 3: Tryptamean ($146.79 in chips)
Seat 6: dokaten ($109.75 in chips)
Tryptamean: posts small blind $1
B_loJkl: is sitting out
ABATAPP: is sitting out
dokaten: posts big blind $3
*** HOLE CARDS ***
ABATAPP leaves the table
B_loJkl leaves the table
Tryptamean: raises $3 to $6
dokaten: calls $3
*** FLOP *** [4h 2h Qd]
dokaten: checks
B_loJkl joins the table at seat #1
Tryptamean: bets $3
dokaten: calls $3
*** TURN *** [4h 2h Qd] [8c]
dokaten: checks
Tryptamean: checks
*** RIVER *** [4h 2h Qd 8c] [7c]
dokaten: bets $6
Tryptamean: calls $6
*** SHOW DOWN ***
dokaten: shows [6h 5s] (a straight, Four to Eight)
Tryptamean: mucks hand
dokaten collected $29.50 from pot
*** SUMMARY ***
Total pot $30 | Rake $0.50
Board [4h 2h Qd 8c 7c]
Seat 3: Tryptamean (button) (small blind) mucked
Seat 6: dokaten (big blind) showed [6h 5s] and won ($29.50) with a straight, Four to Eight


PokerStars Hand #154233298185:  Hold'em Limit ($3/$6 USD) - 2016/06/03 11:52:49 ET
Table 'Thuban II' 6-max Seat #3 is the button
Seat 2: dokaten ($97.25 in chips)
Seat 3: Tryptamean ($145.89 in chips)
Tryptamean: posts small blind $1
dokaten: posts big blind $3
*** HOLE CARDS ***
Tryptamean: raises $3 to $6
dokaten: calls $3
*** FLOP *** [Kd 4d Ts]
dokaten: checks
Tryptamean: bets $3
dokaten: folds
Uncalled bet ($3) returned to Tryptamean
Tryptamean collected $11.76 from pot
Tryptamean: doesn't show hand
*** SUMMARY ***
Total pot $12 | Rake $0.24
Board [Kd 4d Ts]
Seat 2: dokaten (big blind) folded on the Flop
Seat 3: Tryptamean (button) (small blind) collected ($11.76)


PokerStars Hand #154233308946:  Hold'em Limit ($3/$6 USD) - 2016/06/03 11:53:05 ET
Table 'Thuban II' 6-max Seat #2 is the button
Seat 2: dokaten ($91.25 in chips)
Seat 3: Tryptamean ($151.65 in chips)
dokaten: posts small blind $1
Tryptamean: posts big blind $3
*** HOLE CARDS ***
dokaten: raises $3 to $6
Tryptamean: calls $3
*** FLOP *** [3s Qs 2s]
Tryptamean: checks
dokaten: bets $3
Tryptamean: folds
Uncalled bet ($3) returned to dokaten
dokaten collected $11.76 from pot
dokaten: doesn't show hand
*** SUMMARY ***
Total pot $12 | Rake $0.24
Board [3s Qs 2s]
Seat 2: dokaten (button) (small blind) collected ($11.76)
Seat 3: Tryptamean (big blind) folded on the Flop


PokerStars Hand #154233347535:  Hold'em Limit ($3/$6 USD) - 2016/06/03 11:54:05 ET
Table 'Thuban II' 6-max Seat #2 is the button
Seat 2: dokaten ($73.01 in chips)
Seat 3: Tryptamean ($169.15 in chips)
dokaten: posts small blind $1
Tryptamean: posts big blind $3
*** HOLE CARDS ***
dokaten: folds
Uncalled bet ($2) returned to Tryptamean
Tryptamean collected $2 from pot
Tryptamean: doesn't show hand
*** SUMMARY ***
Total pot $2 | Rake $0
Seat 2: dokaten (button) (small blind) folded before Flop
Seat 3: Tryptamean (big blind) collected ($2)


PokerStars Hand #154233323612:  Hold'em Limit ($3/$6 USD) - 2016/06/03 11:53:28 ET
Table 'Thuban II' 6-max Seat #3 is the button
Seat 2: dokaten ($97.01 in chips)
Seat 3: Tryptamean ($145.65 in chips)
Tryptamean: posts small blind $1
dokaten: posts big blind $3
*** HOLE CARDS ***
Tryptamean: raises $3 to $6
dokaten: calls $3
*** FLOP *** [Th 2s Qc]
dokaten: checks
Tryptamean: bets $3
dokaten: raises $3 to $6
Tryptamean: calls $3
*** TURN *** [Th 2s Qc] [6d]
dokaten: bets $6
Tryptamean: calls $6
*** RIVER *** [Th 2s Qc 6d] [Kd]
dokaten: bets $6
Tryptamean: raises $6 to $12
dokaten: folds
Uncalled bet ($6) returned to Tryptamean
Tryptamean collected $47.50 from pot
Tryptamean: doesn't show hand
*** SUMMARY ***
Total pot $48 | Rake $0.50
Board [Th 2s Qc 6d Kd]
Seat 2: dokaten (big blind) folded on the River
Seat 3: Tryptamean (button) (small blind) collected ($47.50)


PokerStars Hand #154233350793:  Hold'em Limit ($3/$6 USD) - 2016/06/03 11:54:10 ET
Table 'Thuban II' 6-max Seat #3 is the button
Seat 2: dokaten ($72.01 in chips)
Seat 3: Tryptamean ($170.15 in chips)
Tryptamean: posts small blind $1
dokaten: posts big blind $3
*** HOLE CARDS ***
Tryptamean: raises $3 to $6
dokaten: calls $3
*** FLOP *** [Kc 5h 6s]
dokaten: checks
Tryptamean: bets $3
dokaten: folds
Uncalled bet ($3) returned to Tryptamean
Tryptamean collected $11.76 from pot
Tryptamean: doesn't show hand
*** SUMMARY ***
Total pot $12 | Rake $0.24
Board [Kc 5h 6s]
Seat 2: dokaten (big blind) folded on the Flop
Seat 3: Tryptamean (button) (small blind) collected ($11.76)


PokerStars Hand #154233358523:  Hold'em Limit ($3/$6 USD) - 2016/06/03 11:54:22 ET
Table 'Thuban II' 6-max Seat #2 is the button
Seat 2: dokaten ($66.01 in chips)
Seat 3: Tryptamean ($175.91 in chips)
dokaten: posts small blind $1
Tryptamean: posts big blind $3
*** HOLE CARDS ***
dokaten: raises $3 to $6
Tryptamean: raises $3 to $9
dokaten: calls $3
*** FLOP *** [3c Jd 2d]
Tryptamean: bets $3
dokaten: folds
Uncalled bet ($3) returned to Tryptamean
Tryptamean collected $17.64 from pot
Tryptamean: doesn't show hand
*** SUMMARY ***
Total pot $18 | Rake $0.36
Board [3c Jd 2d]
Seat 2: dokaten (button) (small blind) folded on the Flop
Seat 3: Tryptamean (big blind) collected ($17.64)


PokerStars Hand #154233385661:  Hold'em Limit ($3/$6 USD) - 2016/06/03 11:55:03 ET
Table 'Thuban II' 6-max Seat #2 is the button
Seat 2: dokaten ($74.51 in chips)
Seat 3: Tryptamean ($166.55 in chips)
dokaten: posts small blind $1
Tryptamean: posts big blind $3
*** HOLE CARDS ***
dokaten: folds
Uncalled bet ($2) returned to Tryptamean
Tryptamean collected $2 from pot
Tryptamean: doesn't show hand
*** SUMMARY ***
Total pot $2 | Rake $0
Seat 2: dokaten (button) (small blind) folded before Flop
Seat 3: Tryptamean (big blind) collected ($2)


PokerStars Hand #154233366750:  Hold'em Limit ($3/$6 USD) - 2016/06/03 11:54:34 ET
Table 'Thuban II' 6-max Seat #3 is the button
Seat 2: dokaten ($57.01 in chips)
Seat 3: Tryptamean ($184.55 in chips)
Tryptamean: posts small blind $1
dokaten: posts big blind $3
*** HOLE CARDS ***
Tryptamean: raises $3 to $6
dokaten: raises $3 to $9
Tryptamean: calls $3
*** FLOP *** [Kd Jd 7c]
dokaten: bets $3
Tryptamean: calls $3
*** TURN *** [Kd Jd 7c] [4h]
dokaten: bets $6
Tryptamean: calls $6
*** RIVER *** [Kd Jd 7c 4h] [8h]
dokaten: bets $6
Tryptamean: folds
Uncalled bet ($6) returned to dokaten
dokaten collected $35.50 from pot
dokaten: doesn't show hand
*** SUMMARY ***
Total pot $36 | Rake $0.50
Board [Kd Jd 7c 4h 8h]
Seat 2: dokaten (big blind) collected ($35.50)
Seat 3: Tryptamean (button) (small blind) folded on the River


PokerStars Hand #154233388641:  Hold'em Limit ($3/$6 USD) - 2016/06/03 11:55:09 ET
Table 'Thuban II' 6-max Seat #3 is the button
Seat 2: dokaten ($73.51 in chips)
Seat 3: Tryptamean ($167.55 in chips)
Tryptamean: posts small blind $1
dokaten: posts big blind $3
*** HOLE CARDS ***
Tryptamean: raises $3 to $6
dokaten: calls $3
*** FLOP *** [Qs 9d Jc]
dokaten: checks
Tryptamean: bets $3
dokaten: raises $3 to $6
Tryptamean: folds
Uncalled bet ($3) returned to dokaten
dokaten collected $17.64 from pot
dokaten: doesn't show hand
*** SUMMARY ***
Total pot $18 | Rake $0.36
Board [Qs 9d Jc]
Seat 2: dokaten (big blind) collected ($17.64)
Seat 3: Tryptamean (button) (small blind) folded on the Flop


PokerStars Hand #154233400980:  Hold'em Limit ($3/$6 USD) - 2016/06/03 11:55:31 ET
Table 'Thuban II' 6-max Seat #2 is the button
Seat 2: dokaten ($82.15 in chips)
Seat 3: Tryptamean ($158.55 in chips)
dokaten: posts small blind $1
Tryptamean: posts big blind $3
*** HOLE CARDS ***
dokaten: folds
Uncalled bet ($2) returned to Tryptamean
Tryptamean collected $2 from pot
Tryptamean: doesn't show hand
*** SUMMARY ***
Total pot $2 | Rake $0
Seat 2: dokaten (button) (small blind) folded before Flop
Seat 3: Tryptamean (big blind) collected ($2)


PokerStars Hand #154233403718:  Hold'em Limit ($3/$6 USD) - 2016/06/03 11:55:36 ET
Table 'Thuban II' 6-max Seat #3 is the button
Seat 2: dokaten ($81.15 in chips)
Seat 3: Tryptamean ($159.55 in chips)
Tryptamean: posts small blind $1
dokaten: posts big blind $3
*** HOLE CARDS ***
Tryptamean: raises $3 to $6
dokaten: calls $3
*** FLOP *** [Js Jc 4d]
dokaten: checks
Tryptamean: bets $3
dokaten: calls $3
*** TURN *** [Js Jc 4d] [Td]
dokaten: checks
Tryptamean: checks
*** RIVER *** [Js Jc 4d Td] [Kc]
dokaten: checks
Tryptamean: checks
*** SHOW DOWN ***
dokaten: shows [As 2s] (a pair of Jacks)
Tryptamean: mucks hand
dokaten collected $17.64 from pot
*** SUMMARY ***
Total pot $18 | Rake $0.36
Board [Js Jc 4d Td Kc]
Seat 2: dokaten (big blind) showed [As 2s] and won ($17.64) with a pair of Jacks
Seat 3: Tryptamean (button) (small blind) mucked


PokerStars Hand #154233427507:  Hold'em Limit ($3/$6 USD) - 2016/06/03 11:56:19 ET
Table 'Thuban II' 6-max Seat #2 is the button
Seat 2: dokaten ($89.79 in chips)
Seat 3: Tryptamean ($150.55 in chips)
dokaten: posts small blind $1
Tryptamean: posts big blind $3
*** HOLE CARDS ***
dokaten: raises $3 to $6
Tryptamean: calls $3
*** FLOP *** [Kh 9s Qc]
Tryptamean: checks
dokaten: bets $3
Tryptamean: calls $3
*** TURN *** [Kh 9s Qc] [3c]
Tryptamean: checks
dokaten: checks
*** RIVER *** [Kh 9s Qc 3c] [Jd]
Tryptamean: checks
dokaten: bets $6
Tryptamean: calls $6
*** SHOW DOWN ***
dokaten: shows [Td 9c] (a straight, Nine to King)
Tryptamean: mucks hand
dokaten collected $29.50 from pot
*** SUMMARY ***
Total pot $30 | Rake $0.50
Board [Kh 9s Qc 3c Jd]
Seat 2: dokaten (button) (small blind) showed [Td 9c] and won ($29.50) with a straight, Nine to King
Seat 3: Tryptamean (big blind) mucked


PokerStars Hand #154233470377:  Hold'em Limit ($3/$6 USD) - 2016/06/03 11:57:36 ET
Table 'Thuban II' 6-max Seat #2 is the button
Seat 2: dokaten ($127.79 in chips)
Seat 3: Tryptamean ($111.55 in chips)
dokaten: posts small blind $1
Tryptamean: posts big blind $3
*** HOLE CARDS ***
dokaten: folds
Uncalled bet ($2) returned to Tryptamean
Tryptamean collected $2 from pot
Tryptamean: doesn't show hand
*** SUMMARY ***
Total pot $2 | Rake $0
Seat 2: dokaten (button) (small blind) folded before Flop
Seat 3: Tryptamean (big blind) collected ($2)


PokerStars Hand #154233473503:  Hold'em Limit ($3/$6 USD) - 2016/06/03 11:57:42 ET
Table 'Thuban II' 6-max Seat #3 is the button
Seat 2: dokaten ($126.79 in chips)
Seat 3: Tryptamean ($112.55 in chips)
Tryptamean: posts small blind $1
dokaten: posts big blind $3
*** HOLE CARDS ***
Tryptamean: raises $3 to $6
dokaten: calls $3
*** FLOP *** [3s Kc Ah]
dokaten: checks
Tryptamean: bets $3
dokaten: calls $3
*** TURN *** [3s Kc Ah] [9h]
dokaten: checks
Tryptamean: bets $6
dokaten: raises $6 to $12
Tryptamean: raises $6 to $18
dokaten: calls $6
*** RIVER *** [3s Kc Ah 9h] [7s]
dokaten: checks
Tryptamean: bets $6
dokaten: calls $6
*** SHOW DOWN ***
Tryptamean: shows [9d Kd] (two pair, Kings and Nines)
dokaten: mucks hand
Tryptamean collected $65.50 from pot
*** SUMMARY ***
Total pot $66 | Rake $0.50
Board [3s Kc Ah 9h 7s]
Seat 2: dokaten (big blind) mucked
Seat 3: Tryptamean (button) (small blind) showed [9d Kd] and won ($65.50) with two pair, Kings and Nines


PokerStars Hand #154233501801:  Hold'em Limit ($3/$6 USD) - 2016/06/03 11:58:32 ET
Table 'Thuban II' 6-max Seat #2 is the button
Seat 2: dokaten ($93.79 in chips)
Seat 3: Tryptamean ($145.05 in chips)
dokaten: posts small blind $1
Tryptamean: posts big blind $3
*** HOLE CARDS ***
dokaten: folds
Uncalled bet ($2) returned to Tryptamean
Tryptamean collected $2 from pot
Tryptamean: doesn't show hand
*** SUMMARY ***
Total pot $2 | Rake $0
Seat 2: dokaten (button) (small blind) folded before Flop
Seat 3: Tryptamean (big blind) collected ($2)


PokerStars Hand #154233504755:  Hold'em Limit ($3/$6 USD) - 2016/06/03 11:58:38 ET
Table 'Thuban II' 6-max Seat #3 is the button
Seat 2: dokaten ($92.79 in chips)
Seat 3: Tryptamean ($146.05 in chips)
Tryptamean: posts small blind $1
dokaten: posts big blind $3
*** HOLE CARDS ***
Tryptamean: raises $3 to $6
dokaten: calls $3
*** FLOP *** [Ah Jh 2h]
dokaten: checks
Tryptamean: bets $3
dokaten: folds
Uncalled bet ($3) returned to Tryptamean
Tryptamean collected $11.76 from pot
Tryptamean: doesn't show hand
*** SUMMARY ***
Total pot $12 | Rake $0.24
Board [Ah Jh 2h]
Seat 2: dokaten (big blind) folded on the Flop
Seat 3: Tryptamean (button) (small blind) collected ($11.76)


PokerStars Hand #154233512992:  Hold'em Limit ($3/$6 USD) - 2016/06/03 11:58:52 ET
Table 'Thuban II' 6-max Seat #2 is the button
Seat 2: dokaten ($86.79 in chips)
Seat 3: Tryptamean ($151.81 in chips)
dokaten: posts small blind $1
Tryptamean: posts big blind $3
*** HOLE CARDS ***
dokaten: raises $3 to $6
Tryptamean: calls $3
*** FLOP *** [8h 7d 4d]
Tryptamean: checks
dokaten: bets $3
Tryptamean: raises $3 to $6
dokaten: calls $3
*** TURN *** [8h 7d 4d] [Td]
Tryptamean: bets $6
dokaten: folds
Uncalled bet ($6) returned to Tryptamean
Tryptamean collected $23.52 from pot
Tryptamean: doesn't show hand
*** SUMMARY ***
Total pot $24 | Rake $0.48
Board [8h 7d 4d Td]
Seat 2: dokaten (button) (small blind) folded on the Turn
Seat 3: Tryptamean (big blind) collected ($23.52)


PokerStars Hand #154238324951:  Hold'em Limit ($3/$6 USD) - 2016/06/03 13:54:05 ET
Table 'Thuban II' 6-max Seat #1 is the button
Seat 1: RaisemyNut$ ($266.50 in chips)
Seat 3: 7superpoker ($44.72 in chips)
RaisemyNut$: posts small blind $1
krossguard: is sitting out
7superpoker: posts big blind $3
*** HOLE CARDS ***
RaisemyNut$: raises $3 to $6
7superpoker: calls $3
*** FLOP *** [Tc As 7h]
7superpoker: checks
RaisemyNut$: bets $3
7superpoker: calls $3
*** TURN *** [Tc As 7h] [Kd]
7superpoker: checks
RaisemyNut$: bets $6
7superpoker: calls $6
*** RIVER *** [Tc As 7h Kd] [2d]
krossguard leaves the table
7superpoker: checks
RaisemyNut$: bets $6
7superpoker: calls $6
*** SHOW DOWN ***
RaisemyNut$: shows [Jd Qh] (a straight, Ten to Ace)
7superpoker: mucks hand
RaisemyNut$ collected $41.50 from pot
*** SUMMARY ***
Total pot $42 | Rake $0.50
Board [Tc As 7h Kd 2d]
Seat 1: RaisemyNut$ (button) (small blind) showed [Jd Qh] and won ($41.50) with a straight, Ten to Ace
Seat 3: 7superpoker (big blind) mucked


