PokerStars Hand #153628986683:  Hold'em Limit ($3/$6 USD) - 2016/05/21 8:53:08 ET
Table 'Thuban II' 6-max Seat #4 is the button
Seat 1: gorcea_vs ($159.74 in chips)
Seat 4: Agrotait ($72 in chips)
Agrotait: posts small blind $1
gorcea_vs: posts big blind $3
*** HOLE CARDS ***
Agrotait: raises $3 to $6
gorcea_vs: calls $3
*** FLOP *** [Tc 8h Ah]
gorcea_vs: checks
Agrotait: bets $3
gorcea_vs: calls $3
*** TURN *** [Tc 8h Ah] [5d]
gorcea_vs: checks
Agrotait: bets $6
gorcea_vs: calls $6
*** RIVER *** [Tc 8h Ah 5d] [Qh]
gorcea_vs: checks
Agrotait: checks
*** SHOW DOWN ***
gorcea_vs: shows [3h 8s] (a pair of Eights)
Agrotait: shows [7h Td] (a pair of Tens)
Agrotait collected $29.50 from pot
*** SUMMARY ***
Total pot $30 | Rake $0.50
Board [Tc 8h Ah 5d Qh]
Seat 1: gorcea_vs (big blind) showed [3h 8s] and lost with a pair of Eights
Seat 4: Agrotait (button) (small blind) showed [7h Td] and won ($29.50) with a pair of Tens


PokerStars Hand #153628968219:  Hold'em Limit ($3/$6 USD) - 2016/05/21 8:52:36 ET
Table 'Thuban II' 6-max Seat #1 is the button
Seat 1: gorcea_vs ($133.24 in chips)
Seat 4: Agrotait ($72 in chips)
gorcea_vs: posts small blind $1
Agrotait: posts big blind $3
*** HOLE CARDS ***
gorcea_vs: calls $2
Agrotait: raises $3 to $6
gorcea_vs: calls $3
*** FLOP *** [9d 6d 6c]
Agrotait: bets $3
Tryptamean joins the table at seat #2
gorcea_vs: calls $3
*** TURN *** [9d 6d 6c] [Ah]
Agrotait: bets $6
gorcea_vs: raises $6 to $12
Ag3r0n joins the table at seat #3
Agrotait: calls $6
*** RIVER *** [9d 6d 6c Ah] [5d]
Agrotait: checks
gorcea_vs: bets $6
Agrotait: calls $6
*** SHOW DOWN ***
gorcea_vs: shows [7h 6s] (three of a kind, Sixes)
Agrotait: mucks hand
gorcea_vs collected $53.50 from pot
*** SUMMARY ***
Total pot $54 | Rake $0.50
Board [9d 6d 6c Ah 5d]
Seat 1: gorcea_vs (button) (small blind) showed [7h 6s] and won ($53.50) with three of a kind, Sixes
Seat 4: Agrotait (big blind) mucked


PokerStars Hand #153630486121:  Hold'em Limit ($3/$6 USD) - 2016/05/21 9:35:55 ET
Table 'Thuban II' 6-max Seat #2 is the button
Seat 2: Tryptamean ($165.38 in chips)
Seat 6: tangxueke ($78.54 in chips)
Tryptamean: posts small blind $1
belik555: is sitting out
tangxueke: posts big blind $3
*** HOLE CARDS ***
belik555 leaves the table
Tryptamean: raises $3 to $6
tangxueke: folds
Uncalled bet ($3) returned to Tryptamean
Tryptamean collected $6 from pot
Tryptamean: doesn't show hand
*** SUMMARY ***
Total pot $6 | Rake $0
Seat 2: Tryptamean (button) (small blind) collected ($6)
Seat 6: tangxueke (big blind) folded before Flop


PokerStars Hand #153630528784:  Hold'em Limit ($3/$6 USD) - 2016/05/21 9:37:05 ET
Table 'Thuban II' 6-max Seat #2 is the button
Seat 2: Tryptamean ($188.88 in chips)
Seat 6: tangxueke ($54.54 in chips)
Tryptamean: posts small blind $1
tangxueke: posts big blind $3
*** HOLE CARDS ***
Tryptamean: raises $3 to $6
tangxueke: folds
Uncalled bet ($3) returned to Tryptamean
Tryptamean collected $6 from pot
Tryptamean: doesn't show hand
*** SUMMARY ***
Total pot $6 | Rake $0
Seat 2: Tryptamean (button) (small blind) collected ($6)
Seat 6: tangxueke (big blind) folded before Flop


PokerStars Hand #153630493527:  Hold'em Limit ($3/$6 USD) - 2016/05/21 9:36:07 ET
Table 'Thuban II' 6-max Seat #6 is the button
Seat 2: Tryptamean ($168.38 in chips)
Seat 6: tangxueke ($75.54 in chips)
tangxueke: posts small blind $1
Tryptamean: posts big blind $3
*** HOLE CARDS ***
belik555 joins the table at seat #1
tangxueke: raises $3 to $6
Tryptamean: raises $3 to $9
tangxueke: calls $3
*** FLOP *** [5s Ks Jh]
Tryptamean: bets $3
tangxueke: raises $3 to $6
Tryptamean: calls $3
*** TURN *** [5s Ks Jh] [5h]
Tryptamean: checks
tangxueke: checks
*** RIVER *** [5s Ks Jh 5h] [Kh]
Tryptamean: checks
tangxueke: bets $6
Tryptamean: calls $6
*** SHOW DOWN ***
tangxueke: shows [9c Ts] (two pair, Kings and Fives)
Tryptamean: shows [Tc Ah] (two pair, Kings and Fives - Ace kicker)
Tryptamean collected $41.50 from pot
*** SUMMARY ***
Total pot $42 | Rake $0.50
Board [5s Ks Jh 5h Kh]
Seat 2: Tryptamean (big blind) showed [Tc Ah] and won ($41.50) with two pair, Kings and Fives
Seat 6: tangxueke (button) (small blind) showed [9c Ts] and lost with two pair, Kings and Fives


PokerStars Hand #153630637564:  Hold'em Limit ($3/$6 USD) - 2016/05/21 9:40:05 ET
Table 'Thuban II' 6-max Seat #1 is the button
Seat 1: belik555 ($118.54 in chips)
Seat 2: Tryptamean ($193.49 in chips)
belik555: posts small blind $1
Tryptamean: posts big blind $3
*** HOLE CARDS ***
belik555: raises $3 to $6
Tryptamean: calls $3
*** FLOP *** [Jh 4s Qs]
Tryptamean: checks
belik555: bets $3
Tryptamean: raises $3 to $6
belik555: calls $3
*** TURN *** [Jh 4s Qs] [Tc]
Tryptamean: bets $6
belik555: calls $6
*** RIVER *** [Jh 4s Qs Tc] [7c]
Tryptamean: bets $6
belik555: calls $6
*** SHOW DOWN ***
Tryptamean: shows [Jc 4c] (two pair, Jacks and Fours)
belik555: mucks hand
Tryptamean collected $47.50 from pot
*** SUMMARY ***
Total pot $48 | Rake $0.50
Board [Jh 4s Qs Tc 7c]
Seat 1: belik555 (button) (small blind) mucked
Seat 2: Tryptamean (big blind) showed [Jc 4c] and won ($47.50) with two pair, Jacks and Fours


