PokerStars Hand #159667318600:  Hold'em Limit ($3/$6 USD) - 2016/10/08 20:03:46 ET
Table 'Thule' 6-max Seat #4 is the button
Seat 1: dmbsuperfan ($123 in chips)
Seat 4: AzureCaper ($72 in chips)
AzureCaper: posts small blind $1
dmbsuperfan: posts big blind $3
*** HOLE CARDS ***
AzureCaper: folds
Uncalled bet ($2) returned to dmbsuperfan
dmbsuperfan collected $2 from pot
dmbsuperfan: doesn't show hand
*** SUMMARY ***
Total pot $2 | Rake $0
Seat 1: dmbsuperfan (big blind) collected ($2)
Seat 4: AzureCaper (button) (small blind) folded before Flop


PokerStars Hand #159667311649:  Hold'em Limit ($3/$6 USD) - 2016/10/08 20:03:33 ET
Table 'Thule' 6-max Seat #1 is the button
Seat 1: dmbsuperfan ($120 in chips)
Seat 4: AzureCaper ($72 in chips)
dmbsuperfan: posts small blind $1
AzureCaper: posts big blind $3
*** HOLE CARDS ***
dmbsuperfan: raises $3 to $6
AzureCaper: folds
Uncalled bet ($3) returned to dmbsuperfan
dmbsuperfan collected $6 from pot
dmbsuperfan: doesn't show hand
*** SUMMARY ***
Total pot $6 | Rake $0
Seat 1: dmbsuperfan (button) (small blind) collected ($6)
Seat 4: AzureCaper (big blind) folded before Flop


PokerStars Hand #159667351959:  Hold'em Limit ($3/$6 USD) - 2016/10/08 20:04:51 ET
Table 'Thule' 6-max Seat #1 is the button
Seat 1: dmbsuperfan ($117.64 in chips)
Seat 4: AzureCaper ($77.50 in chips)
dmbsuperfan: posts small blind $1
AzureCaper: posts big blind $3
*** HOLE CARDS ***
dmbsuperfan: folds
Uncalled bet ($2) returned to AzureCaper
AzureCaper collected $2 from pot
AzureCaper: doesn't show hand
*** SUMMARY ***
Total pot $2 | Rake $0
Seat 1: dmbsuperfan (button) (small blind) folded before Flop
Seat 4: AzureCaper (big blind) collected ($2)


PokerStars Hand #159667336084:  Hold'em Limit ($3/$6 USD) - 2016/10/08 20:04:20 ET
Table 'Thule' 6-max Seat #4 is the button
Seat 1: dmbsuperfan ($109 in chips)
Seat 4: AzureCaper ($86.50 in chips)
AzureCaper: posts small blind $1
dmbsuperfan: posts big blind $3
*** HOLE CARDS ***
AzureCaper: raises $3 to $6
dmbsuperfan: calls $3
*** FLOP *** [9h Qc As]
dmbsuperfan: checks
AzureCaper: bets $3
dmbsuperfan: calls $3
*** TURN *** [9h Qc As] [Ad]
dmbsuperfan: checks
AzureCaper: checks
*** RIVER *** [9h Qc As Ad] [3h]
dmbsuperfan: bets $6
AzureCaper: folds
Uncalled bet ($6) returned to dmbsuperfan
dmbsuperfan collected $17.64 from pot
dmbsuperfan: doesn't show hand
*** SUMMARY ***
Total pot $18 | Rake $0.36
Board [9h Qc As Ad 3h]
Seat 1: dmbsuperfan (big blind) collected ($17.64)
Seat 4: AzureCaper (button) (small blind) folded on the River


PokerStars Hand #159667322132:  Hold'em Limit ($3/$6 USD) - 2016/10/08 20:03:53 ET
Table 'Thule' 6-max Seat #1 is the button
Seat 1: dmbsuperfan ($124 in chips)
Seat 4: AzureCaper ($72 in chips)
dmbsuperfan: posts small blind $1
AzureCaper: posts big blind $3
*** HOLE CARDS ***
dmbsuperfan: raises $3 to $6
AzureCaper: calls $3
*** FLOP *** [6s 6c Tc]
AzureCaper: checks
dmbsuperfan: bets $3
AzureCaper: calls $3
*** TURN *** [6s 6c Tc] [2h]
AzureCaper: checks
dmbsuperfan: checks
*** RIVER *** [6s 6c Tc 2h] [7s]
AzureCaper: bets $6
dmbsuperfan: calls $6
*** SHOW DOWN ***
AzureCaper: shows [8d 8c] (two pair, Eights and Sixes)
dmbsuperfan: mucks hand
AzureCaper collected $29.50 from pot
*** SUMMARY ***
Total pot $30 | Rake $0.50
Board [6s 6c Tc 2h 7s]
Seat 1: dmbsuperfan (button) (small blind) mucked
Seat 4: AzureCaper (big blind) showed [8d 8c] and won ($29.50) with two pair, Eights and Sixes


PokerStars Hand #159667387444:  Hold'em Limit ($3/$6 USD) - 2016/10/08 20:05:47 ET
Table 'Thule' 6-max Seat #1 is the button
Seat 1: dmbsuperfan ($133.14 in chips)
Seat 4: AzureCaper ($78.76 in chips)
dmbsuperfan: posts small blind $1
AzureCaper: posts big blind $3
*** HOLE CARDS ***
dmbsuperfan: raises $3 to $6
AzureCaper: folds
Uncalled bet ($3) returned to dmbsuperfan
dmbsuperfan collected $6 from pot
dmbsuperfan: doesn't show hand
*** SUMMARY ***
Total pot $6 | Rake $0
Seat 1: dmbsuperfan (button) (small blind) collected ($6)
Seat 4: AzureCaper (big blind) folded before Flop


PokerStars Hand #159667380151:  Hold'em Limit ($3/$6 USD) - 2016/10/08 20:05:33 ET
Table 'Thule' 6-max Seat #4 is the button
Seat 1: dmbsuperfan ($139.14 in chips)
Seat 4: AzureCaper ($73 in chips)
AzureCaper: posts small blind $1
dmbsuperfan: posts big blind $3
*** HOLE CARDS ***
AzureCaper: raises $3 to $6
dmbsuperfan: calls $3
*** FLOP *** [6d Ah Ac]
dmbsuperfan: checks
AzureCaper: bets $3
dmbsuperfan: folds
Uncalled bet ($3) returned to AzureCaper
AzureCaper collected $11.76 from pot
AzureCaper: doesn't show hand
*** SUMMARY ***
Total pot $12 | Rake $0.24
Board [6d Ah Ac]
Seat 1: dmbsuperfan (big blind) folded on the Flop
Seat 4: AzureCaper (button) (small blind) collected ($11.76)


PokerStars Hand #159667377370:  Hold'em Limit ($3/$6 USD) - 2016/10/08 20:05:28 ET
Table 'Thule' 6-max Seat #1 is the button
Seat 1: dmbsuperfan ($140.14 in chips)
Seat 4: AzureCaper ($72 in chips)
dmbsuperfan: posts small blind $1
AzureCaper: posts big blind $3
*** HOLE CARDS ***
dmbsuperfan: folds
Uncalled bet ($2) returned to AzureCaper
AzureCaper collected $2 from pot
AzureCaper: doesn't show hand
*** SUMMARY ***
Total pot $2 | Rake $0
Seat 1: dmbsuperfan (button) (small blind) folded before Flop
Seat 4: AzureCaper (big blind) collected ($2)


PokerStars Hand #159667374969:  Hold'em Limit ($3/$6 USD) - 2016/10/08 20:05:23 ET
Table 'Thule' 6-max Seat #4 is the button
Seat 1: dmbsuperfan ($139.14 in chips)
Seat 4: AzureCaper ($73 in chips)
AzureCaper: posts small blind $1
dmbsuperfan: posts big blind $3
*** HOLE CARDS ***
AzureCaper: folds
Uncalled bet ($2) returned to dmbsuperfan
dmbsuperfan collected $2 from pot
dmbsuperfan: doesn't show hand
*** SUMMARY ***
Total pot $2 | Rake $0
Seat 1: dmbsuperfan (big blind) collected ($2)
Seat 4: AzureCaper (button) (small blind) folded before Flop


PokerStars Hand #159667372028:  Hold'em Limit ($3/$6 USD) - 2016/10/08 20:05:17 ET
Table 'Thule' 6-max Seat #1 is the button
Seat 1: dmbsuperfan ($140.14 in chips)
Seat 4: AzureCaper ($72 in chips)
dmbsuperfan: posts small blind $1
AzureCaper: posts big blind $3
*** HOLE CARDS ***
dmbsuperfan: folds
Uncalled bet ($2) returned to AzureCaper
AzureCaper collected $2 from pot
AzureCaper: doesn't show hand
*** SUMMARY ***
Total pot $2 | Rake $0
Seat 1: dmbsuperfan (button) (small blind) folded before Flop
Seat 4: AzureCaper (big blind) collected ($2)


PokerStars Hand #159667354567:  Hold'em Limit ($3/$6 USD) - 2016/10/08 20:04:56 ET
Table 'Thule' 6-max Seat #4 is the button
Seat 1: dmbsuperfan ($116.64 in chips)
Seat 4: AzureCaper ($78.50 in chips)
AzureCaper: posts small blind $1
dmbsuperfan: posts big blind $3
*** HOLE CARDS ***
AzureCaper: raises $3 to $6
dmbsuperfan: raises $3 to $9
AzureCaper: calls $3
*** FLOP *** [Tc 9s Jd]
dmbsuperfan: bets $3
AzureCaper: calls $3
*** TURN *** [Tc 9s Jd] [8s]
dmbsuperfan: bets $6
AzureCaper: calls $6
*** RIVER *** [Tc 9s Jd 8s] [4s]
dmbsuperfan: bets $6
AzureCaper: calls $6
*** SHOW DOWN ***
dmbsuperfan: shows [Qd Ac] (a straight, Eight to Queen)
AzureCaper: mucks hand
dmbsuperfan collected $47.50 from pot
*** SUMMARY ***
Total pot $48 | Rake $0.50
Board [Tc 9s Jd 8s 4s]
Seat 1: dmbsuperfan (big blind) showed [Qd Ac] and won ($47.50) with a straight, Eight to Queen
Seat 4: AzureCaper (button) (small blind) mucked


PokerStars Hand #159667420933:  Hold'em Limit ($3/$6 USD) - 2016/10/08 20:06:52 ET
Table 'Thule' 6-max Seat #4 is the button
Seat 1: dmbsuperfan ($147.66 in chips)
Seat 4: AzureCaper ($73 in chips)
AzureCaper: posts small blind $1
dmbsuperfan: posts big blind $3
*** HOLE CARDS ***
AzureCaper: folds
Uncalled bet ($2) returned to dmbsuperfan
dmbsuperfan collected $2 from pot
dmbsuperfan: doesn't show hand
*** SUMMARY ***
Total pot $2 | Rake $0
Seat 1: dmbsuperfan (big blind) collected ($2)
Seat 4: AzureCaper (button) (small blind) folded before Flop


PokerStars Hand #159667418336:  Hold'em Limit ($3/$6 USD) - 2016/10/08 20:06:47 ET
Table 'Thule' 6-max Seat #1 is the button
Seat 1: dmbsuperfan ($148.66 in chips)
Seat 4: AzureCaper ($72 in chips)
dmbsuperfan: posts small blind $1
AzureCaper: posts big blind $3
*** HOLE CARDS ***
dmbsuperfan: folds
Uncalled bet ($2) returned to AzureCaper
AzureCaper collected $2 from pot
AzureCaper: doesn't show hand
*** SUMMARY ***
Total pot $2 | Rake $0
Seat 1: dmbsuperfan (button) (small blind) folded before Flop
Seat 4: AzureCaper (big blind) collected ($2)


PokerStars Hand #159667415727:  Hold'em Limit ($3/$6 USD) - 2016/10/08 20:06:42 ET
Table 'Thule' 6-max Seat #4 is the button
Seat 1: dmbsuperfan ($147.66 in chips)
Seat 4: AzureCaper ($73 in chips)
AzureCaper: posts small blind $1
dmbsuperfan: posts big blind $3
*** HOLE CARDS ***
AzureCaper: folds
Uncalled bet ($2) returned to dmbsuperfan
dmbsuperfan collected $2 from pot
dmbsuperfan: doesn't show hand
*** SUMMARY ***
Total pot $2 | Rake $0
Seat 1: dmbsuperfan (big blind) collected ($2)
Seat 4: AzureCaper (button) (small blind) folded before Flop


PokerStars Hand #159667412975:  Hold'em Limit ($3/$6 USD) - 2016/10/08 20:06:37 ET
Table 'Thule' 6-max Seat #1 is the button
Seat 1: dmbsuperfan ($148.66 in chips)
Seat 4: AzureCaper ($72 in chips)
dmbsuperfan: posts small blind $1
AzureCaper: posts big blind $3
*** HOLE CARDS ***
dmbsuperfan: folds
Uncalled bet ($2) returned to AzureCaper
AzureCaper collected $2 from pot
AzureCaper: doesn't show hand
*** SUMMARY ***
Total pot $2 | Rake $0
Seat 1: dmbsuperfan (button) (small blind) folded before Flop
Seat 4: AzureCaper (big blind) collected ($2)


PokerStars Hand #159667406585:  Hold'em Limit ($3/$6 USD) - 2016/10/08 20:06:25 ET
Table 'Thule' 6-max Seat #4 is the button
Seat 1: dmbsuperfan ($140.02 in chips)
Seat 4: AzureCaper ($72 in chips)
AzureCaper: posts small blind $1
dmbsuperfan: posts big blind $3
*** HOLE CARDS ***
AzureCaper: raises $3 to $6
dmbsuperfan: raises $3 to $9
AzureCaper: calls $3
*** FLOP *** [6s Js Kd]
dmbsuperfan: bets $3
AzureCaper: folds
Uncalled bet ($3) returned to dmbsuperfan
dmbsuperfan collected $17.64 from pot
dmbsuperfan: doesn't show hand
*** SUMMARY ***
Total pot $18 | Rake $0.36
Board [6s Js Kd]
Seat 1: dmbsuperfan (big blind) collected ($17.64)
Seat 4: AzureCaper (button) (small blind) folded on the Flop


PokerStars Hand #159667397519:  Hold'em Limit ($3/$6 USD) - 2016/10/08 20:06:07 ET
Table 'Thule' 6-max Seat #1 is the button
Seat 1: dmbsuperfan ($137.14 in chips)
Seat 4: AzureCaper ($74.76 in chips)
dmbsuperfan: posts small blind $1
AzureCaper: posts big blind $3
*** HOLE CARDS ***
dmbsuperfan: calls $2
AzureCaper: checks
*** FLOP *** [2h Js 2d]
AzureCaper: checks
dmbsuperfan: bets $3
AzureCaper: folds
Uncalled bet ($3) returned to dmbsuperfan
dmbsuperfan collected $5.88 from pot
dmbsuperfan: doesn't show hand
*** SUMMARY ***
Total pot $6 | Rake $0.12
Board [2h Js 2d]
Seat 1: dmbsuperfan (button) (small blind) collected ($5.88)
Seat 4: AzureCaper (big blind) folded on the Flop


PokerStars Hand #159667392698:  Hold'em Limit ($3/$6 USD) - 2016/10/08 20:05:58 ET
Table 'Thule' 6-max Seat #4 is the button
Seat 1: dmbsuperfan ($136.14 in chips)
Seat 4: AzureCaper ($75.76 in chips)
AzureCaper: posts small blind $1
dmbsuperfan: posts big blind $3
*** HOLE CARDS ***
AzureCaper: folds
Uncalled bet ($2) returned to dmbsuperfan
dmbsuperfan collected $2 from pot
dmbsuperfan: doesn't show hand
*** SUMMARY ***
Total pot $2 | Rake $0
Seat 1: dmbsuperfan (big blind) collected ($2)
Seat 4: AzureCaper (button) (small blind) folded before Flop


PokerStars Hand #159667450618:  Hold'em Limit ($3/$6 USD) - 2016/10/08 20:07:50 ET
Table 'Thule' 6-max Seat #4 is the button
Seat 1: dmbsuperfan ($118.66 in chips)
Seat 4: AzureCaper ($101.50 in chips)
AzureCaper: posts small blind $1
dmbsuperfan: posts big blind $3
*** HOLE CARDS ***
AzureCaper: raises $3 to $6
dmbsuperfan: folds
Uncalled bet ($3) returned to AzureCaper
AzureCaper collected $6 from pot
AzureCaper: doesn't show hand
*** SUMMARY ***
Total pot $6 | Rake $0
Seat 1: dmbsuperfan (big blind) folded before Flop
Seat 4: AzureCaper (button) (small blind) collected ($6)


PokerStars Hand #159667447553:  Hold'em Limit ($3/$6 USD) - 2016/10/08 20:07:44 ET
Table 'Thule' 6-max Seat #1 is the button
Seat 1: dmbsuperfan ($119.66 in chips)
Seat 4: AzureCaper ($100.50 in chips)
dmbsuperfan: posts small blind $1
AzureCaper: posts big blind $3
*** HOLE CARDS ***
dmbsuperfan: folds
Uncalled bet ($2) returned to AzureCaper
AzureCaper collected $2 from pot
AzureCaper: doesn't show hand
*** SUMMARY ***
Total pot $2 | Rake $0
Seat 1: dmbsuperfan (button) (small blind) folded before Flop
Seat 4: AzureCaper (big blind) collected ($2)


PokerStars Hand #159667444920:  Hold'em Limit ($3/$6 USD) - 2016/10/08 20:07:39 ET
Table 'Thule' 6-max Seat #4 is the button
Seat 1: dmbsuperfan ($118.66 in chips)
Seat 4: AzureCaper ($101.50 in chips)
AzureCaper: posts small blind $1
dmbsuperfan: posts big blind $3
*** HOLE CARDS ***
AzureCaper: folds
Uncalled bet ($2) returned to dmbsuperfan
dmbsuperfan collected $2 from pot
dmbsuperfan: doesn't show hand
*** SUMMARY ***
Total pot $2 | Rake $0
Seat 1: dmbsuperfan (big blind) collected ($2)
Seat 4: AzureCaper (button) (small blind) folded before Flop


PokerStars Hand #159667441977:  Hold'em Limit ($3/$6 USD) - 2016/10/08 20:07:34 ET
Table 'Thule' 6-max Seat #1 is the button
Seat 1: dmbsuperfan ($115.66 in chips)
Seat 4: AzureCaper ($104.50 in chips)
dmbsuperfan: posts small blind $1
AzureCaper: posts big blind $3
*** HOLE CARDS ***
dmbsuperfan: raises $3 to $6
AzureCaper: folds
Uncalled bet ($3) returned to dmbsuperfan
dmbsuperfan collected $6 from pot
dmbsuperfan: doesn't show hand
*** SUMMARY ***
Total pot $6 | Rake $0
Seat 1: dmbsuperfan (button) (small blind) collected ($6)
Seat 4: AzureCaper (big blind) folded before Flop


PokerStars Hand #159667437944:  Hold'em Limit ($3/$6 USD) - 2016/10/08 20:07:25 ET
Table 'Thule' 6-max Seat #4 is the button
Seat 1: dmbsuperfan ($118.66 in chips)
Seat 4: AzureCaper ($101.50 in chips)
AzureCaper: posts small blind $1
dmbsuperfan: posts big blind $3
*** HOLE CARDS ***
AzureCaper: raises $3 to $6
dmbsuperfan: folds
Uncalled bet ($3) returned to AzureCaper
AzureCaper collected $6 from pot
AzureCaper: doesn't show hand
*** SUMMARY ***
Total pot $6 | Rake $0
Seat 1: dmbsuperfan (big blind) folded before Flop
Seat 4: AzureCaper (button) (small blind) collected ($6)


PokerStars Hand #159667423908:  Hold'em Limit ($3/$6 USD) - 2016/10/08 20:06:58 ET
Table 'Thule' 6-max Seat #1 is the button
Seat 1: dmbsuperfan ($148.66 in chips)
Seat 4: AzureCaper ($72 in chips)
dmbsuperfan: posts small blind $1
AzureCaper: posts big blind $3
*** HOLE CARDS ***
dmbsuperfan: raises $3 to $6
AzureCaper: calls $3
*** FLOP *** [Qc Qs 7c]
AzureCaper: checks
dmbsuperfan: bets $3
AzureCaper: raises $3 to $6
dmbsuperfan: raises $3 to $9
AzureCaper: raises $3 to $12
Betting is capped
dmbsuperfan: calls $3
*** TURN *** [Qc Qs 7c] [7h]
AzureCaper: bets $6
dmbsuperfan: calls $6
*** RIVER *** [Qc Qs 7c 7h] [6h]
AzureCaper: bets $6
dmbsuperfan: calls $6
*** SHOW DOWN ***
AzureCaper: shows [Qh 9s] (a full house, Queens full of Sevens)
dmbsuperfan: mucks hand
AzureCaper collected $59.50 from pot
*** SUMMARY ***
Total pot $60 | Rake $0.50
Board [Qc Qs 7c 7h 6h]
Seat 1: dmbsuperfan (button) (small blind) mucked
Seat 4: AzureCaper (big blind) showed [Qh 9s] and won ($59.50) with a full house, Queens full of Sevens


PokerStars Hand #159667473553:  Hold'em Limit ($3/$6 USD) - 2016/10/08 20:08:35 ET
Table 'Thule' 6-max Seat #1 is the button
Seat 1: dmbsuperfan ($123.30 in chips)
Seat 4: AzureCaper ($96.50 in chips)
dmbsuperfan: posts small blind $1
AzureCaper: posts big blind $3
*** HOLE CARDS ***
dmbsuperfan: folds
Uncalled bet ($2) returned to AzureCaper
AzureCaper collected $2 from pot
AzureCaper: doesn't show hand
*** SUMMARY ***
Total pot $2 | Rake $0
Seat 1: dmbsuperfan (button) (small blind) folded before Flop
Seat 4: AzureCaper (big blind) collected ($2)


PokerStars Hand #159667464979:  Hold'em Limit ($3/$6 USD) - 2016/10/08 20:08:18 ET
Table 'Thule' 6-max Seat #4 is the button
Seat 1: dmbsuperfan ($114.66 in chips)
Seat 4: AzureCaper ($105.50 in chips)
AzureCaper: posts small blind $1
dmbsuperfan: posts big blind $3
*** HOLE CARDS ***
AzureCaper: raises $3 to $6
dmbsuperfan: calls $3
*** FLOP *** [2h Td Ac]
dmbsuperfan: checks
AzureCaper: bets $3
dmbsuperfan: calls $3
*** TURN *** [2h Td Ac] [Qd]
dmbsuperfan: checks
AzureCaper: checks
*** RIVER *** [2h Td Ac Qd] [5c]
dmbsuperfan: checks
AzureCaper: checks
*** SHOW DOWN ***
dmbsuperfan: shows [5s 4h] (a pair of Fives)
AzureCaper: mucks hand
dmbsuperfan collected $17.64 from pot
*** SUMMARY ***
Total pot $18 | Rake $0.36
Board [2h Td Ac Qd 5c]
Seat 1: dmbsuperfan (big blind) showed [5s 4h] and won ($17.64) with a pair of Fives
Seat 4: AzureCaper (button) (small blind) mucked


PokerStars Hand #159667462121:  Hold'em Limit ($3/$6 USD) - 2016/10/08 20:08:13 ET
Table 'Thule' 6-max Seat #1 is the button
Seat 1: dmbsuperfan ($115.66 in chips)
Seat 4: AzureCaper ($104.50 in chips)
dmbsuperfan: posts small blind $1
AzureCaper: posts big blind $3
*** HOLE CARDS ***
dmbsuperfan: folds
Uncalled bet ($2) returned to AzureCaper
AzureCaper collected $2 from pot
AzureCaper: doesn't show hand
*** SUMMARY ***
Total pot $2 | Rake $0
Seat 1: dmbsuperfan (button) (small blind) folded before Flop
Seat 4: AzureCaper (big blind) collected ($2)


PokerStars Hand #159667458633:  Hold'em Limit ($3/$6 USD) - 2016/10/08 20:08:06 ET
Table 'Thule' 6-max Seat #4 is the button
Seat 1: dmbsuperfan ($118.66 in chips)
Seat 4: AzureCaper ($101.50 in chips)
AzureCaper: posts small blind $1
dmbsuperfan: posts big blind $3
*** HOLE CARDS ***
AzureCaper: raises $3 to $6
dmbsuperfan: folds
Uncalled bet ($3) returned to AzureCaper
AzureCaper collected $6 from pot
AzureCaper: doesn't show hand
*** SUMMARY ***
Total pot $6 | Rake $0
Seat 1: dmbsuperfan (big blind) folded before Flop
Seat 4: AzureCaper (button) (small blind) collected ($6)


PokerStars Hand #159667455635:  Hold'em Limit ($3/$6 USD) - 2016/10/08 20:08:00 ET
Table 'Thule' 6-max Seat #1 is the button
Seat 1: dmbsuperfan ($115.66 in chips)
Seat 4: AzureCaper ($104.50 in chips)
dmbsuperfan: posts small blind $1
AzureCaper: posts big blind $3
*** HOLE CARDS ***
dmbsuperfan: raises $3 to $6
AzureCaper: folds
Uncalled bet ($3) returned to dmbsuperfan
dmbsuperfan collected $6 from pot
dmbsuperfan: doesn't show hand
*** SUMMARY ***
Total pot $6 | Rake $0
Seat 1: dmbsuperfan (button) (small blind) collected ($6)
Seat 4: AzureCaper (big blind) folded before Flop


PokerStars Hand #159667501548:  Hold'em Limit ($3/$6 USD) - 2016/10/08 20:09:30 ET
Table 'Thule' 6-max Seat #4 is the button
Seat 1: dmbsuperfan ($136.80 in chips)
Seat 4: AzureCaper ($82 in chips)
AzureCaper: posts small blind $1
dmbsuperfan: posts big blind $3
*** HOLE CARDS ***
AzureCaper: raises $3 to $6
OnlyLuck111 joins the table at seat #2
dmbsuperfan: calls $3
*** FLOP *** [3d Ah 8d]
dmbsuperfan: checks
AzureCaper: bets $3
dmbsuperfan: calls $3
*** TURN *** [3d Ah 8d] [9c]
dmbsuperfan: checks
AzureCaper: bets $6
dmbsuperfan: calls $6
*** RIVER *** [3d Ah 8d 9c] [3c]
dmbsuperfan: checks
AzureCaper: bets $6
dmbsuperfan: calls $6
*** SHOW DOWN ***
AzureCaper: shows [7d Ts] (a pair of Threes)
dmbsuperfan: shows [6s 8h] (two pair, Eights and Threes)
dmbsuperfan collected $41.50 from pot
*** SUMMARY ***
Total pot $42 | Rake $0.50
Board [3d Ah 8d 9c 3c]
Seat 1: dmbsuperfan (big blind) showed [6s 8h] and won ($41.50) with two pair, Eights and Threes
Seat 4: AzureCaper (button) (small blind) showed [7d Ts] and lost with a pair of Threes


PokerStars Hand #159667489930:  Hold'em Limit ($3/$6 USD) - 2016/10/08 20:09:07 ET
Table 'Thule' 6-max Seat #1 is the button
Seat 1: dmbsuperfan ($95.30 in chips)
Seat 4: AzureCaper ($124 in chips)
dmbsuperfan: posts small blind $1
AzureCaper: posts big blind $3
*** HOLE CARDS ***
dmbsuperfan: raises $3 to $6
AzureCaper: raises $3 to $9
dmbsuperfan: calls $3
*** FLOP *** [Js 7h 9h]
AzureCaper: bets $3
dmbsuperfan: calls $3
*** TURN *** [Js 7h 9h] [2d]
AzureCaper: bets $6
dmbsuperfan: raises $6 to $12
AzureCaper: raises $6 to $18
dmbsuperfan: raises $6 to $24
Betting is capped
AzureCaper: calls $6
*** RIVER *** [Js 7h 9h 2d] [Jd]
AzureCaper: checks
dmbsuperfan: bets $6
AzureCaper: calls $6
*** SHOW DOWN ***
dmbsuperfan: shows [Tc 8h] (a straight, Seven to Jack)
AzureCaper: mucks hand
dmbsuperfan collected $83.50 from pot
*** SUMMARY ***
Total pot $84 | Rake $0.50
Board [Js 7h 9h 2d Jd]
Seat 1: dmbsuperfan (button) (small blind) showed [Tc 8h] and won ($83.50) with a straight, Seven to Jack
Seat 4: AzureCaper (big blind) mucked


PokerStars Hand #159667476475:  Hold'em Limit ($3/$6 USD) - 2016/10/08 20:08:41 ET
Table 'Thule' 6-max Seat #4 is the button
Seat 1: dmbsuperfan ($122.30 in chips)
Seat 4: AzureCaper ($97.50 in chips)
AzureCaper: posts small blind $1
dmbsuperfan: posts big blind $3
*** HOLE CARDS ***
AzureCaper: raises $3 to $6
dmbsuperfan: calls $3
*** FLOP *** [Jd 4c 4d]
dmbsuperfan: checks
AzureCaper: bets $3
dmbsuperfan: raises $3 to $6
AzureCaper: raises $3 to $9
dmbsuperfan: calls $3
*** TURN *** [Jd 4c 4d] [7d]
dmbsuperfan: checks
AzureCaper: bets $6
dmbsuperfan: calls $6
*** RIVER *** [Jd 4c 4d 7d] [3s]
dmbsuperfan: checks
AzureCaper: bets $6
dmbsuperfan: calls $6
*** SHOW DOWN ***
AzureCaper: shows [8d Qd] (a flush, Queen high)
dmbsuperfan: mucks hand
AzureCaper collected $53.50 from pot
*** SUMMARY ***
Total pot $54 | Rake $0.50
Board [Jd 4c 4d 7d 3s]
Seat 1: dmbsuperfan (big blind) mucked
Seat 4: AzureCaper (button) (small blind) showed [8d Qd] and won ($53.50) with a flush, Queen high


PokerStars Hand #159669695473:  Hold'em Limit ($3/$6 USD) - 2016/10/08 21:31:09 ET
Table 'Thule' 6-max Seat #6 is the button
Seat 4: AzureCaper ($93.96 in chips)
Seat 6: RaisemyNut$ ($148.97 in chips)
RaisemyNut$: posts small blind $1
OnlyLuck111 was removed from the table for failing to post
AzureCaper: posts big blind $3
*** HOLE CARDS ***
marcino24 leaves the table
RaisemyNut$: raises $3 to $6
AzureCaper: calls $3
*** FLOP *** [As 5c Ac]
AzureCaper: checks
RaisemyNut$: bets $3
AzureCaper: folds
Uncalled bet ($3) returned to RaisemyNut$
RaisemyNut$ collected $11.76 from pot
RaisemyNut$: doesn't show hand
*** SUMMARY ***
Total pot $12 | Rake $0.24
Board [As 5c Ac]
Seat 4: AzureCaper (big blind) folded on the Flop
Seat 6: RaisemyNut$ (button) (small blind) collected ($11.76)


