PokerStars Hand #161082210830:  Hold'em Limit ($3/$6 USD) - 2016/11/08 5:29:49 ET
Table 'Thule II' 6-max Seat #4 is the button
Seat 4: Actionni13 ($169.20 in chips)
Seat 6: manly70 ($79.23 in chips)
Actionni13: posts small blind $1
manly70: posts big blind $3
*** HOLE CARDS ***
Actionni13: folds
Uncalled bet ($2) returned to manly70
manly70 collected $2 from pot
*** SUMMARY ***
Total pot $2 | Rake $0
Seat 4: Actionni13 (button) (small blind) folded before Flop
Seat 6: manly70 (big blind) collected ($2)


PokerStars Hand #161082207487:  Hold'em Limit ($3/$6 USD) - 2016/11/08 5:29:41 ET
Table 'Thule II' 6-max Seat #6 is the button
Seat 4: Actionni13 ($172.20 in chips)
Seat 6: manly70 ($76.23 in chips)
manly70: posts small blind $1
Actionni13: posts big blind $3
*** HOLE CARDS ***
manly70: raises $3 to $6
Actionni13: folds
Uncalled bet ($3) returned to manly70
manly70 collected $6 from pot
*** SUMMARY ***
Total pot $6 | Rake $0
Seat 4: Actionni13 (big blind) folded before Flop
Seat 6: manly70 (button) (small blind) collected ($6)


PokerStars Hand #161082212974:  Hold'em Limit ($3/$6 USD) - 2016/11/08 5:29:54 ET
Table 'Thule II' 6-max Seat #6 is the button
Seat 4: Actionni13 ($168.20 in chips)
Seat 6: manly70 ($80.23 in chips)
manly70: posts small blind $1
Actionni13: posts big blind $3
*** HOLE CARDS ***
manly70: raises $3 to $6
Actionni13: calls $3
*** FLOP *** [9h Tc Ad]
Actionni13: checks
manly70: bets $3
Actionni13: folds
Uncalled bet ($3) returned to manly70
manly70 collected $11.76 from pot
*** SUMMARY ***
Total pot $12 | Rake $0.24
Board [9h Tc Ad]
Seat 4: Actionni13 (big blind) folded on the Flop
Seat 6: manly70 (button) (small blind) collected ($11.76)


PokerStars Hand #161082227109:  Hold'em Limit ($3/$6 USD) - 2016/11/08 5:30:26 ET
Table 'Thule II' 6-max Seat #6 is the button
Seat 4: Actionni13 ($156.20 in chips)
Seat 6: manly70 ($91.75 in chips)
manly70: posts small blind $1
Actionni13: posts big blind $3
*** HOLE CARDS ***
manly70: folds
Uncalled bet ($2) returned to Actionni13
Actionni13 collected $2 from pot
Actionni13: doesn't show hand
*** SUMMARY ***
Total pot $2 | Rake $0
Seat 4: Actionni13 (big blind) collected ($2)
Seat 6: manly70 (button) (small blind) folded before Flop


PokerStars Hand #161082219632:  Hold'em Limit ($3/$6 USD) - 2016/11/08 5:30:09 ET
Table 'Thule II' 6-max Seat #4 is the button
Seat 4: Actionni13 ($162.20 in chips)
Seat 6: manly70 ($85.99 in chips)
Actionni13: posts small blind $1
manly70: posts big blind $3
*** HOLE CARDS ***
Actionni13: raises $3 to $6
manly70: calls $3
*** FLOP *** [6c 3c 3d]
manly70: checks
Actionni13: checks
*** TURN *** [6c 3c 3d] [4s]
manly70: bets $6
Actionni13: folds
Uncalled bet ($6) returned to manly70
manly70 collected $11.76 from pot
*** SUMMARY ***
Total pot $12 | Rake $0.24
Board [6c 3c 3d 4s]
Seat 4: Actionni13 (button) (small blind) folded on the Turn
Seat 6: manly70 (big blind) collected ($11.76)


PokerStars Hand #161082237343:  Hold'em Limit ($3/$6 USD) - 2016/11/08 5:30:50 ET
Table 'Thule II' 6-max Seat #6 is the button
Seat 4: Actionni13 ($160.20 in chips)
Seat 6: manly70 ($87.75 in chips)
manly70: posts small blind $1
Actionni13: posts big blind $3
*** HOLE CARDS ***
manly70: folds
Uncalled bet ($2) returned to Actionni13
Actionni13 collected $2 from pot
Actionni13: doesn't show hand
*** SUMMARY ***
Total pot $2 | Rake $0
Seat 4: Actionni13 (big blind) collected ($2)
Seat 6: manly70 (button) (small blind) folded before Flop


PokerStars Hand #161082233860:  Hold'em Limit ($3/$6 USD) - 2016/11/08 5:30:42 ET
Table 'Thule II' 6-max Seat #4 is the button
Seat 4: Actionni13 ($157.20 in chips)
Seat 6: manly70 ($90.75 in chips)
Actionni13: posts small blind $1
manly70: posts big blind $3
*** HOLE CARDS ***
Actionni13: raises $3 to $6
manly70: folds
Uncalled bet ($3) returned to Actionni13
Actionni13 collected $6 from pot
Actionni13: doesn't show hand
*** SUMMARY ***
Total pot $6 | Rake $0
Seat 4: Actionni13 (button) (small blind) collected ($6)
Seat 6: manly70 (big blind) folded before Flop


PokerStars Hand #161082240767:  Hold'em Limit ($3/$6 USD) - 2016/11/08 5:30:58 ET
Table 'Thule II' 6-max Seat #4 is the button
Seat 4: Actionni13 ($161.20 in chips)
Seat 6: manly70 ($86.75 in chips)
Actionni13: posts small blind $1
manly70: posts big blind $3
*** HOLE CARDS ***
Actionni13: raises $3 to $6
manly70: calls $3
*** FLOP *** [3h Th 3s]
manly70: checks
Actionni13: bets $3
ss_barber_ss joins the table at seat #5
manly70: calls $3
*** TURN *** [3h Th 3s] [Js]
manly70: checks
Actionni13: checks
*** RIVER *** [3h Th 3s Js] [9c]
manly70: bets $6
Actionni13: raises $6 to $12
manly70: calls $6
*** SHOW DOWN ***
Actionni13: shows [Qs 8c] (a straight, Eight to Queen)
manly70: mucks hand
Actionni13 collected $41.50 from pot
*** SUMMARY ***
Total pot $42 | Rake $0.50
Board [3h Th 3s Js 9c]
Seat 4: Actionni13 (button) (small blind) showed [Qs 8c] and won ($41.50) with a straight, Eight to Queen
Seat 6: manly70 (big blind) mucked


PokerStars Hand #161082254806:  Hold'em Limit ($3/$6 USD) - 2016/11/08 5:31:30 ET
Table 'Thule II' 6-max Seat #6 is the button
Seat 4: Actionni13 ($181.70 in chips)
Seat 6: manly70 ($65.75 in chips)
manly70: posts small blind $1
Actionni13: posts big blind $3
*** HOLE CARDS ***
manly70: raises $3 to $6
Actionni13: calls $3
*** FLOP *** [2d 5d Ad]
Actionni13: checks
manly70: bets $3
Actionni13: calls $3
*** TURN *** [2d 5d Ad] [5h]
Actionni13: bets $6
manly70: calls $6
*** RIVER *** [2d 5d Ad 5h] [3c]
Actionni13: bets $6
manly70: folds
Uncalled bet ($6) returned to Actionni13
Actionni13 collected $29.50 from pot
Actionni13: doesn't show hand
*** SUMMARY ***
Total pot $30 | Rake $0.50
Board [2d 5d Ad 5h 3c]
Seat 4: Actionni13 (big blind) collected ($29.50)
Seat 6: manly70 (button) (small blind) folded on the River


PokerStars Hand #161082550155:  Hold'em Limit ($3/$6 USD) - 2016/11/08 5:42:37 ET
Table 'Thule II' 6-max Seat #2 is the button
Seat 2: sinsadir ($126.89 in chips)
Seat 5: ss_barber_ss ($140.56 in chips)
sinsadir: posts small blind $1
Actionni13: is sitting out
ss_barber_ss: posts big blind $3
*** HOLE CARDS ***
sinsadir: raises $3 to $6
ss_barber_ss: calls $3
*** FLOP *** [9d 6s Ac]
ss_barber_ss: checks
sinsadir: bets $3
ss_barber_ss: folds
Uncalled bet ($3) returned to sinsadir
ss_barber_ss leaves the table
sinsadir collected $11.76 from pot
sinsadir: doesn't show hand
*** SUMMARY ***
Total pot $12 | Rake $0.24
Board [9d 6s Ac]
Seat 2: sinsadir (button) (small blind) collected ($11.76)
Seat 5: ss_barber_ss (big blind) folded on the Flop


