PokerStars Hand #145693022812:  Hold'em Limit ($3/$6 USD) - 2015/12/21 12:11:22 ET
Table 'Thule III' 6-max Seat #4 is the button
Seat 3: PelonCabelao ($106.81 in chips)
Seat 4: BuzovaPro ($72 in chips)
BuzovaPro: posts small blind $1
PelonCabelao: posts big blind $3
*** HOLE CARDS ***
BuzovaPro: folds
Uncalled bet ($2) returned to PelonCabelao
PelonCabelao collected $2 from pot
PelonCabelao: doesn't show hand
*** SUMMARY ***
Total pot $2 | Rake $0
Seat 3: PelonCabelao (big blind) collected ($2)
Seat 4: BuzovaPro (button) (small blind) folded before Flop


PokerStars Hand #145694641846:  Hold'em Limit ($3/$6 USD) - 2015/12/21 12:43:08 ET
Table 'Thule III' 6-max Seat #6 is the button
Seat 1: Zubasa07 ($499.82 in chips)
Seat 6: adik603 ($32.82 in chips)
adik603: posts small blind $1
Zubasa07: posts big blind $3
*** HOLE CARDS ***
adik603: raises $3 to $6
Zubasa07: raises $3 to $9
adik603: calls $3
*** FLOP *** [8h 6h Ad]
Zubasa07: bets $3
adik603: raises $3 to $6
Zubasa07: raises $3 to $9
adik603: folds
Uncalled bet ($3) returned to Zubasa07
Zubasa07 collected $29.50 from pot
Zubasa07: doesn't show hand
*** SUMMARY ***
Total pot $30 | Rake $0.50
Board [8h 6h Ad]
Seat 1: Zubasa07 (big blind) collected ($29.50)
Seat 6: adik603 (button) (small blind) folded on the Flop


PokerStars Hand #145694692079:  Hold'em Limit ($3/$6 USD) - 2015/12/21 12:44:05 ET
Table 'Thule III' 6-max Seat #1 is the button
Seat 1: Zubasa07 ($507.32 in chips)
Seat 6: adik603 ($49.14 in chips)
Zubasa07: posts small blind $1
adik603: posts big blind $3
*** HOLE CARDS ***
Zubasa07: raises $3 to $6
adik603: raises $3 to $9
Zubasa07: calls $3
*** FLOP *** [As Qs 8d]
adik603: bets $3
Zubasa07: calls $3
*** TURN *** [As Qs 8d] [3c]
adik603: bets $6
Zubasa07: calls $6
*** RIVER *** [As Qs 8d 3c] [3s]
adik603: bets $6
Zubasa07: calls $6
*** SHOW DOWN ***
adik603: shows [Jh Kc] (a pair of Threes)
Zubasa07: shows [Ah 5c] (two pair, Aces and Threes)
Zubasa07 collected $47.50 from pot
*** SUMMARY ***
Total pot $48 | Rake $0.50
Board [As Qs 8d 3c 3s]
Seat 1: Zubasa07 (button) (small blind) showed [Ah 5c] and won ($47.50) with two pair, Aces and Threes
Seat 6: adik603 (big blind) showed [Jh Kc] and lost with a pair of Threes


PokerStars Hand #145694678877:  Hold'em Limit ($3/$6 USD) - 2015/12/21 12:43:50 ET
Table 'Thule III' 6-max Seat #6 is the button
Seat 1: Zubasa07 ($513.32 in chips)
Seat 6: adik603 ($43.38 in chips)
adik603: posts small blind $1
Zubasa07: posts big blind $3
*** HOLE CARDS ***
adik603: raises $3 to $6
Zubasa07: calls $3
*** FLOP *** [Ah 4c 9d]
Zubasa07: checks
adik603: bets $3
Zubasa07: folds
Uncalled bet ($3) returned to adik603
adik603 collected $11.76 from pot
*** SUMMARY ***
Total pot $12 | Rake $0.24
Board [Ah 4c 9d]
Seat 1: Zubasa07 (big blind) folded on the Flop
Seat 6: adik603 (button) (small blind) collected ($11.76)


PokerStars Hand #145694745720:  Hold'em Limit ($3/$6 USD) - 2015/12/21 12:45:07 ET
Table 'Thule III' 6-max Seat #1 is the button
Seat 1: Zubasa07 ($542.34 in chips)
Seat 6: adik603 ($13.14 in chips)
Zubasa07: posts small blind $1
adik603: posts big blind $3
*** HOLE CARDS ***
Zubasa07: folds
Uncalled bet ($2) returned to adik603
adik603 collected $2 from pot
*** SUMMARY ***
Total pot $2 | Rake $0
Seat 1: Zubasa07 (button) (small blind) folded before Flop
Seat 6: adik603 (big blind) collected ($2)


PokerStars Hand #145694722385:  Hold'em Limit ($3/$6 USD) - 2015/12/21 12:44:40 ET
Table 'Thule III' 6-max Seat #6 is the button
Seat 1: Zubasa07 ($530.82 in chips)
Seat 6: adik603 ($25.14 in chips)
adik603: posts small blind $1
Zubasa07: posts big blind $3
*** HOLE CARDS ***
adik603: raises $3 to $6
Zubasa07: calls $3
*** FLOP *** [6c 3d 2d]
Zubasa07: checks
adik603: bets $3
Zubasa07: raises $3 to $6
adik603: calls $3
*** TURN *** [6c 3d 2d] [Qh]
Zubasa07: bets $6
adik603: folds
Uncalled bet ($6) returned to Zubasa07
Zubasa07 collected $23.52 from pot
Zubasa07: doesn't show hand
*** SUMMARY ***
Total pot $24 | Rake $0.48
Board [6c 3d 2d Qh]
Seat 1: Zubasa07 (big blind) collected ($23.52)
Seat 6: adik603 (button) (small blind) folded on the Turn


PokerStars Hand #145694771178:  Hold'em Limit ($3/$6 USD) - 2015/12/21 12:45:36 ET
Table 'Thule III' 6-max Seat #1 is the button
Seat 1: Zubasa07 ($535.34 in chips)
Seat 6: adik603 ($19.90 in chips)
Zubasa07: posts small blind $1
adik603: posts big blind $3
*** HOLE CARDS ***
Zubasa07: raises $3 to $6
adik603: calls $3
*** FLOP *** [3h 6c 5c]
adik603: checks
Zubasa07: bets $3
adik603: calls $3
*** TURN *** [3h 6c 5c] [Kd]
GoliafUa joins the table at seat #2
adik603: checks
Zubasa07: bets $6
adik603: calls $6
*** RIVER *** [3h 6c 5c Kd] [Ts]
adik603: bets $4.90 and is all-in
Zubasa07: calls $4.90
*** SHOW DOWN ***
adik603: shows [7s Qs] (high card King)
Zubasa07: shows [3s Ah] (a pair of Threes)
Zubasa07 collected $39.30 from pot
*** SUMMARY ***
Total pot $39.80 | Rake $0.50
Board [3h 6c 5c Kd Ts]
Seat 1: Zubasa07 (button) (small blind) showed [3s Ah] and won ($39.30) with a pair of Threes
Seat 6: adik603 (big blind) showed [7s Qs] and lost with high card King


