PokerStars Hand #155162313616:  Hold'em Limit ($3/$6 USD) - 2016/06/24 21:12:39 ET
Table 'Thule' 6-max Seat #4 is the button
Seat 1: Mr10P ($238.62 in chips)
Seat 4: JMMROCHA ($101.44 in chips)
JMMROCHA: posts small blind $1
Mr10P: posts big blind $3
*** HOLE CARDS ***
JMMROCHA: raises $3 to $6
Mr10P: raises $3 to $9
JMMROCHA: calls $3
*** FLOP *** [Kc 8c Js]
gazzzzzza leaves the table
Mr10P: bets $3
JMMROCHA: calls $3
*** TURN *** [Kc 8c Js] [3c]
Mr10P: bets $6
JMMROCHA: calls $6
*** RIVER *** [Kc 8c Js 3c] [3d]
Mr10P: checks
JMMROCHA: bets $6
Mr10P: calls $6
*** SHOW DOWN ***
JMMROCHA: shows [9h 9s] (two pair, Nines and Threes)
Mr10P: mucks hand
JMMROCHA collected $47.50 from pot
*** SUMMARY ***
Total pot $48 | Rake $0.50
Board [Kc 8c Js 3c 3d]
Seat 1: Mr10P (big blind) mucked
Seat 4: JMMROCHA (button) (small blind) showed [9h 9s] and won ($47.50) with two pair, Nines and Threes


PokerStars Hand #155162320088:  Hold'em Limit ($3/$6 USD) - 2016/06/24 21:12:56 ET
Table 'Thule' 6-max Seat #1 is the button
Seat 1: Mr10P ($214.62 in chips)
Seat 4: JMMROCHA ($124.94 in chips)
Mr10P: posts small blind $1
JMMROCHA: posts big blind $3
*** HOLE CARDS ***
Mr10P: raises $3 to $6
JMMROCHA: raises $3 to $9
Mr10P: calls $3
*** FLOP *** [8d 6d Jh]
JMMROCHA: bets $3
Mr10P: calls $3
*** TURN *** [8d 6d Jh] [4s]
JMMROCHA: bets $6
Mr10P: calls $6
*** RIVER *** [8d 6d Jh 4s] [8s]
JMMROCHA: checks
Mr10P: checks
*** SHOW DOWN ***
JMMROCHA: shows [Kc As] (a pair of Eights)
Mr10P: mucks hand
JMMROCHA collected $35.50 from pot
*** SUMMARY ***
Total pot $36 | Rake $0.50
Board [8d 6d Jh 4s 8s]
Seat 1: Mr10P (button) (small blind) mucked
Seat 4: JMMROCHA (big blind) showed [Kc As] and won ($35.50) with a pair of Eights


PokerStars Hand #155162346928:  Hold'em Limit ($3/$6 USD) - 2016/06/24 21:14:02 ET
Table 'Thule' 6-max Seat #1 is the button
Seat 1: Mr10P ($142.50 in chips)
Seat 4: JMMROCHA ($195.44 in chips)
Mr10P: posts small blind $1
JMMROCHA: posts big blind $3
*** HOLE CARDS ***
Mr10P: raises $3 to $6
JMMROCHA: calls $3
*** FLOP *** [7s As 9d]
JMMROCHA: checks
Mr10P: bets $3
JMMROCHA: folds
Uncalled bet ($3) returned to Mr10P
Mr10P collected $11.76 from pot
Mr10P: doesn't show hand
*** SUMMARY ***
Total pot $12 | Rake $0.24
Board [7s As 9d]
Seat 1: Mr10P (button) (small blind) collected ($11.76)
Seat 4: JMMROCHA (big blind) folded on the Flop


PokerStars Hand #155162342005:  Hold'em Limit ($3/$6 USD) - 2016/06/24 21:13:50 ET
Table 'Thule' 6-max Seat #4 is the button
Seat 1: Mr10P ($139.62 in chips)
Seat 4: JMMROCHA ($198.44 in chips)
JMMROCHA: posts small blind $1
Mr10P: posts big blind $3
*** HOLE CARDS ***
JMMROCHA: calls $2
Mr10P: checks
*** FLOP *** [5d 7c Jc]
Mr10P: bets $3
JMMROCHA: folds
Uncalled bet ($3) returned to Mr10P
Mr10P collected $5.88 from pot
Mr10P: doesn't show hand
*** SUMMARY ***
Total pot $6 | Rake $0.12
Board [5d 7c Jc]
Seat 1: Mr10P (big blind) collected ($5.88)
Seat 4: JMMROCHA (button) (small blind) folded on the Flop


PokerStars Hand #155162333216:  Hold'em Limit ($3/$6 USD) - 2016/06/24 21:13:28 ET
Table 'Thule' 6-max Seat #1 is the button
Seat 1: Mr10P ($172.62 in chips)
Seat 4: JMMROCHA ($165.94 in chips)
Mr10P: posts small blind $1
JMMROCHA: posts big blind $3
*** HOLE CARDS ***
Mr10P: raises $3 to $6
JMMROCHA: calls $3
*** FLOP *** [Kd Jh Jd]
JMMROCHA: checks
Mr10P: bets $3
JMMROCHA: calls $3
*** TURN *** [Kd Jh Jd] [7h]
JMMROCHA: checks
Mr10P: bets $6
JMMROCHA: raises $6 to $12
Mr10P: raises $6 to $18
JMMROCHA: calls $6
*** RIVER *** [Kd Jh Jd 7h] [7c]
JMMROCHA: bets $6
Mr10P: calls $6
*** SHOW DOWN ***
JMMROCHA: shows [Jc 5c] (a full house, Jacks full of Sevens)
Mr10P: mucks hand
JMMROCHA collected $65.50 from pot
*** SUMMARY ***
Total pot $66 | Rake $0.50
Board [Kd Jh Jd 7h 7c]
Seat 1: Mr10P (button) (small blind) mucked
Seat 4: JMMROCHA (big blind) showed [Jc 5c] and won ($65.50) with a full house, Jacks full of Sevens


PokerStars Hand #155162326860:  Hold'em Limit ($3/$6 USD) - 2016/06/24 21:13:12 ET
Table 'Thule' 6-max Seat #4 is the button
Seat 1: Mr10P ($196.62 in chips)
Seat 4: JMMROCHA ($142.44 in chips)
JMMROCHA: posts small blind $1
Mr10P: posts big blind $3
*** HOLE CARDS ***
JMMROCHA: raises $3 to $6
Mr10P: raises $3 to $9
JMMROCHA: calls $3
*** FLOP *** [Ac 7s 5s]
Mr10P: bets $3
JMMROCHA: calls $3
*** TURN *** [Ac 7s 5s] [8h]
Mr10P: bets $6
JMMROCHA: calls $6
*** RIVER *** [Ac 7s 5s 8h] [Qc]
Mr10P: checks
JMMROCHA: bets $6
Mr10P: calls $6
*** SHOW DOWN ***
JMMROCHA: shows [Jc As] (a pair of Aces)
Mr10P: mucks hand
JMMROCHA collected $47.50 from pot
*** SUMMARY ***
Total pot $48 | Rake $0.50
Board [Ac 7s 5s 8h Qc]
Seat 1: Mr10P (big blind) mucked
Seat 4: JMMROCHA (button) (small blind) showed [Jc As] and won ($47.50) with a pair of Aces


PokerStars Hand #155162360948:  Hold'em Limit ($3/$6 USD) - 2016/06/24 21:14:38 ET
Table 'Thule' 6-max Seat #4 is the button
Seat 1: Mr10P ($162.76 in chips)
Seat 4: JMMROCHA ($174.20 in chips)
JMMROCHA: posts small blind $1
Mr10P: posts big blind $3
*** HOLE CARDS ***
JMMROCHA: folds
Uncalled bet ($2) returned to Mr10P
Mr10P collected $2 from pot
Mr10P: doesn't show hand
*** SUMMARY ***
Total pot $2 | Rake $0
Seat 1: Mr10P (big blind) collected ($2)
Seat 4: JMMROCHA (button) (small blind) folded before Flop


PokerStars Hand #155162357106:  Hold'em Limit ($3/$6 USD) - 2016/06/24 21:14:28 ET
Table 'Thule' 6-max Seat #1 is the button
Seat 1: Mr10P ($168.76 in chips)
Seat 4: JMMROCHA ($168.44 in chips)
Mr10P: posts small blind $1
JMMROCHA: posts big blind $3
*** HOLE CARDS ***
Mr10P: raises $3 to $6
JMMROCHA: calls $3
*** FLOP *** [Ah Qc Ks]
JMMROCHA: bets $3
Mr10P: folds
Uncalled bet ($3) returned to JMMROCHA
JMMROCHA collected $11.76 from pot
JMMROCHA: doesn't show hand
*** SUMMARY ***
Total pot $12 | Rake $0.24
Board [Ah Qc Ks]
Seat 1: Mr10P (button) (small blind) folded on the Flop
Seat 4: JMMROCHA (big blind) collected ($11.76)


PokerStars Hand #155162351391:  Hold'em Limit ($3/$6 USD) - 2016/06/24 21:14:14 ET
Table 'Thule' 6-max Seat #4 is the button
Seat 1: Mr10P ($148.26 in chips)
Seat 4: JMMROCHA ($189.44 in chips)
JMMROCHA: posts small blind $1
Mr10P: posts big blind $3
*** HOLE CARDS ***
JMMROCHA: calls $2
Mr10P: raises $3 to $6
JMMROCHA: calls $3
*** FLOP *** [Ah 2d 4h]
Mr10P: bets $3
JMMROCHA: calls $3
*** TURN *** [Ah 2d 4h] [9d]
Mr10P: bets $6
JMMROCHA: calls $6
*** RIVER *** [Ah 2d 4h 9d] [8s]
Mr10P: bets $6
JMMROCHA: calls $6
*** SHOW DOWN ***
Mr10P: shows [Ac Ks] (a pair of Aces)
JMMROCHA: mucks hand
Mr10P collected $41.50 from pot
*** SUMMARY ***
Total pot $42 | Rake $0.50
Board [Ah 2d 4h 9d 8s]
Seat 1: Mr10P (big blind) showed [Ac Ks] and won ($41.50) with a pair of Aces
Seat 4: JMMROCHA (button) (small blind) mucked


PokerStars Hand #155162370757:  Hold'em Limit ($3/$6 USD) - 2016/06/24 21:15:02 ET
Table 'Thule' 6-max Seat #4 is the button
Seat 1: Mr10P ($142.76 in chips)
Seat 4: JMMROCHA ($193.70 in chips)
JMMROCHA: posts small blind $1
Mr10P: posts big blind $3
*** HOLE CARDS ***
JMMROCHA: folds
Uncalled bet ($2) returned to Mr10P
Mr10P collected $2 from pot
Mr10P: doesn't show hand
*** SUMMARY ***
Total pot $2 | Rake $0
Seat 1: Mr10P (big blind) collected ($2)
Seat 4: JMMROCHA (button) (small blind) folded before Flop


PokerStars Hand #155162363348:  Hold'em Limit ($3/$6 USD) - 2016/06/24 21:14:44 ET
Table 'Thule' 6-max Seat #1 is the button
Seat 1: Mr10P ($163.76 in chips)
Seat 4: JMMROCHA ($173.20 in chips)
Mr10P: posts small blind $1
JMMROCHA: posts big blind $3
*** HOLE CARDS ***
Mr10P: raises $3 to $6
JMMROCHA: raises $3 to $9
Mr10P: calls $3
*** FLOP *** [7s 5s Ah]
JMMROCHA: bets $3
Mr10P: raises $3 to $6
JMMROCHA: raises $3 to $9
Mr10P: raises $3 to $12
Betting is capped
JMMROCHA: calls $3
*** TURN *** [7s 5s Ah] [Qh]
JMMROCHA: checks
Mr10P: checks
*** RIVER *** [7s 5s Ah Qh] [Js]
JMMROCHA: checks
Mr10P: checks
*** SHOW DOWN ***
JMMROCHA: shows [Ac Kh] (a pair of Aces)
Mr10P: mucks hand
JMMROCHA collected $41.50 from pot
*** SUMMARY ***
Total pot $42 | Rake $0.50
Board [7s 5s Ah Qh Js]
Seat 1: Mr10P (button) (small blind) mucked
Seat 4: JMMROCHA (big blind) showed [Ac Kh] and won ($41.50) with a pair of Aces


PokerStars Hand #155162372993:  Hold'em Limit ($3/$6 USD) - 2016/06/24 21:15:08 ET
Table 'Thule' 6-max Seat #1 is the button
Seat 1: Mr10P ($143.76 in chips)
Seat 4: JMMROCHA ($192.70 in chips)
Mr10P: posts small blind $1
JMMROCHA: posts big blind $3
*** HOLE CARDS ***
Mr10P: raises $3 to $6
JMMROCHA: calls $3
*** FLOP *** [Ac 8h Jd]
JMMROCHA: checks
Mr10P: bets $3
JMMROCHA: calls $3
*** TURN *** [Ac 8h Jd] [Kd]
JMMROCHA: checks
Mr10P: checks
*** RIVER *** [Ac 8h Jd Kd] [5c]
JMMROCHA: bets $6
Mr10P: calls $6
*** SHOW DOWN ***
JMMROCHA: shows [9d Ts] (high card Ace)
Mr10P: shows [5s 6s] (a pair of Fives)
Mr10P collected $29.50 from pot
*** SUMMARY ***
Total pot $30 | Rake $0.50
Board [Ac 8h Jd Kd 5c]
Seat 1: Mr10P (button) (small blind) showed [5s 6s] and won ($29.50) with a pair of Fives
Seat 4: JMMROCHA (big blind) showed [9d Ts] and lost with high card Ace


PokerStars Hand #155162379679:  Hold'em Limit ($3/$6 USD) - 2016/06/24 21:15:25 ET
Table 'Thule' 6-max Seat #4 is the button
Seat 1: Mr10P ($158.26 in chips)
Seat 4: JMMROCHA ($177.70 in chips)
JMMROCHA: posts small blind $1
Mr10P: posts big blind $3
*** HOLE CARDS ***
JMMROCHA: calls $2
Mr10P: checks
*** FLOP *** [Qd 9h Td]
Mr10P: checks
JMMROCHA: checks
*** TURN *** [Qd 9h Td] [Js]
Mr10P: bets $6
JMMROCHA: raises $6 to $12
Mr10P: folds
Uncalled bet ($6) returned to JMMROCHA
JMMROCHA collected $17.64 from pot
JMMROCHA: doesn't show hand
*** SUMMARY ***
Total pot $18 | Rake $0.36
Board [Qd 9h Td Js]
Seat 1: Mr10P (big blind) folded on the Turn
Seat 4: JMMROCHA (button) (small blind) collected ($17.64)


PokerStars Hand #155162385092:  Hold'em Limit ($3/$6 USD) - 2016/06/24 21:15:38 ET
Table 'Thule' 6-max Seat #1 is the button
Seat 1: Mr10P ($149.26 in chips)
Seat 4: JMMROCHA ($186.34 in chips)
Mr10P: posts small blind $1
JMMROCHA: posts big blind $3
*** HOLE CARDS ***
Mr10P: raises $3 to $6
JMMROCHA: calls $3
*** FLOP *** [4c 9s 6s]
JMMROCHA: checks
Mr10P: bets $3
JMMROCHA: calls $3
*** TURN *** [4c 9s 6s] [Ts]
JMMROCHA: checks
Mr10P: bets $6
JMMROCHA: calls $6
*** RIVER *** [4c 9s 6s Ts] [Jd]
JMMROCHA: checks
Mr10P: bets $6
JMMROCHA: folds
Uncalled bet ($6) returned to Mr10P
Mr10P collected $29.50 from pot
Mr10P: doesn't show hand
*** SUMMARY ***
Total pot $30 | Rake $0.50
Board [4c 9s 6s Ts Jd]
Seat 1: Mr10P (button) (small blind) collected ($29.50)
Seat 4: JMMROCHA (big blind) folded on the River


PokerStars Hand #155162397034:  Hold'em Limit ($3/$6 USD) - 2016/06/24 21:16:08 ET
Table 'Thule' 6-max Seat #1 is the button
Seat 1: Mr10P ($169.52 in chips)
Seat 4: JMMROCHA ($165.34 in chips)
Mr10P: posts small blind $1
JMMROCHA: posts big blind $3
*** HOLE CARDS ***
Mr10P: folds
Uncalled bet ($2) returned to JMMROCHA
JMMROCHA collected $2 from pot
JMMROCHA: doesn't show hand
*** SUMMARY ***
Total pot $2 | Rake $0
Seat 1: Mr10P (button) (small blind) folded before Flop
Seat 4: JMMROCHA (big blind) collected ($2)


PokerStars Hand #155162392946:  Hold'em Limit ($3/$6 USD) - 2016/06/24 21:15:58 ET
Table 'Thule' 6-max Seat #4 is the button
Seat 1: Mr10P ($163.76 in chips)
Seat 4: JMMROCHA ($171.34 in chips)
JMMROCHA: posts small blind $1
Mr10P: posts big blind $3
*** HOLE CARDS ***
JMMROCHA: calls $2
Mr10P: raises $3 to $6
JMMROCHA: calls $3
*** FLOP *** [Jh 9h 5h]
Mr10P: bets $3
JMMROCHA: folds
Uncalled bet ($3) returned to Mr10P
Mr10P collected $11.76 from pot
Mr10P: doesn't show hand
*** SUMMARY ***
Total pot $12 | Rake $0.24
Board [Jh 9h 5h]
Seat 1: Mr10P (big blind) collected ($11.76)
Seat 4: JMMROCHA (button) (small blind) folded on the Flop


PokerStars Hand #155162400869:  Hold'em Limit ($3/$6 USD) - 2016/06/24 21:16:13 ET
Table 'Thule' 6-max Seat #4 is the button
Seat 1: Mr10P ($168.52 in chips)
Seat 4: JMMROCHA ($166.34 in chips)
JMMROCHA: posts small blind $1
Mr10P: posts big blind $3
*** HOLE CARDS ***
JMMROCHA: raises $3 to $6
Mr10P: calls $3
*** FLOP *** [2d 5s 4s]
Mr10P: checks
JMMROCHA: checks
*** TURN *** [2d 5s 4s] [3d]
Mr10P: bets $6
JMMROCHA: folds
Uncalled bet ($6) returned to Mr10P
Mr10P collected $11.76 from pot
Mr10P: doesn't show hand
*** SUMMARY ***
Total pot $12 | Rake $0.24
Board [2d 5s 4s 3d]
Seat 1: Mr10P (big blind) collected ($11.76)
Seat 4: JMMROCHA (button) (small blind) folded on the Turn


PokerStars Hand #155162406095:  Hold'em Limit ($3/$6 USD) - 2016/06/24 21:16:26 ET
Table 'Thule' 6-max Seat #1 is the button
Seat 1: Mr10P ($174.28 in chips)
Seat 4: JMMROCHA ($160.34 in chips)
Mr10P: posts small blind $1
JMMROCHA: posts big blind $3
*** HOLE CARDS ***
Mr10P: raises $3 to $6
JMMROCHA: calls $3
*** FLOP *** [4c 6c 4h]
JMMROCHA: checks
Mr10P: bets $3
JMMROCHA: calls $3
*** TURN *** [4c 6c 4h] [Th]
JMMROCHA: checks
Mr10P: bets $6
JMMROCHA: folds
Uncalled bet ($6) returned to Mr10P
Mr10P collected $17.64 from pot
Mr10P: doesn't show hand
*** SUMMARY ***
Total pot $18 | Rake $0.36
Board [4c 6c 4h Th]
Seat 1: Mr10P (button) (small blind) collected ($17.64)
Seat 4: JMMROCHA (big blind) folded on the Turn


PokerStars Hand #155162422687:  Hold'em Limit ($3/$6 USD) - 2016/06/24 21:17:08 ET
Table 'Thule' 6-max Seat #4 is the button
Seat 1: Mr10P ($200.42 in chips)
Seat 4: JMMROCHA ($133.34 in chips)
JMMROCHA: posts small blind $1
Mr10P: posts big blind $3
*** HOLE CARDS ***
JMMROCHA: raises $3 to $6
Mr10P: calls $3
*** FLOP *** [Qc 6d 9d]
Mr10P: checks
JMMROCHA: bets $3
Mr10P: raises $3 to $6
JMMROCHA: raises $3 to $9
Mr10P: calls $3
*** TURN *** [Qc 6d 9d] [3c]
Mr10P: checks
JMMROCHA: bets $6
Mr10P: calls $6
*** RIVER *** [Qc 6d 9d 3c] [4c]
Mr10P: checks
JMMROCHA: bets $6
Mr10P: folds
Uncalled bet ($6) returned to JMMROCHA
JMMROCHA collected $41.50 from pot
JMMROCHA: doesn't show hand
*** SUMMARY ***
Total pot $42 | Rake $0.50
Board [Qc 6d 9d 3c 4c]
Seat 1: Mr10P (big blind) folded on the River
Seat 4: JMMROCHA (button) (small blind) collected ($41.50)


PokerStars Hand #155162415499:  Hold'em Limit ($3/$6 USD) - 2016/06/24 21:16:49 ET
Table 'Thule' 6-max Seat #1 is the button
Seat 1: Mr10P ($179.92 in chips)
Seat 4: JMMROCHA ($154.34 in chips)
Mr10P: posts small blind $1
JMMROCHA: posts big blind $3
*** HOLE CARDS ***
Mr10P: raises $3 to $6
JMMROCHA: calls $3
*** FLOP *** [Js 7d 4s]
JMMROCHA: checks
Mr10P: bets $3
JMMROCHA: calls $3
*** TURN *** [Js 7d 4s] [Qh]
JMMROCHA: checks
Mr10P: checks
*** RIVER *** [Js 7d 4s Qh] [4d]
JMMROCHA: bets $6
Mr10P: raises $6 to $12
JMMROCHA: calls $6
*** SHOW DOWN ***
Mr10P: shows [Th 4c] (three of a kind, Fours)
JMMROCHA: mucks hand
Mr10P collected $41.50 from pot
*** SUMMARY ***
Total pot $42 | Rake $0.50
Board [Js 7d 4s Qh 4d]
Seat 1: Mr10P (button) (small blind) showed [Th 4c] and won ($41.50) with three of a kind, Fours
Seat 4: JMMROCHA (big blind) mucked


PokerStars Hand #155162413011:  Hold'em Limit ($3/$6 USD) - 2016/06/24 21:16:43 ET
Table 'Thule' 6-max Seat #4 is the button
Seat 1: Mr10P ($182.92 in chips)
Seat 4: JMMROCHA ($151.34 in chips)
JMMROCHA: posts small blind $1
Mr10P: posts big blind $3
*** HOLE CARDS ***
JMMROCHA: raises $3 to $6
Mr10P: folds
Uncalled bet ($3) returned to JMMROCHA
JMMROCHA collected $6 from pot
JMMROCHA: doesn't show hand
*** SUMMARY ***
Total pot $6 | Rake $0
Seat 1: Mr10P (big blind) folded before Flop
Seat 4: JMMROCHA (button) (small blind) collected ($6)


PokerStars Hand #155162436277:  Hold'em Limit ($3/$6 USD) - 2016/06/24 21:17:43 ET
Table 'Thule' 6-max Seat #4 is the button
Seat 1: Mr10P ($199.92 in chips)
Seat 4: JMMROCHA ($132.84 in chips)
JMMROCHA: posts small blind $1
Mr10P: posts big blind $3
*** HOLE CARDS ***
REZOLUTION84 joins the table at seat #2
JMMROCHA: raises $3 to $6
Mr10P: raises $3 to $9
JMMROCHA: raises $3 to $12
Betting is capped
Mr10P: calls $3
*** FLOP *** [6h Kc Ts]
Mr10P: bets $3
JMMROCHA: raises $3 to $6
Mr10P: calls $3
*** TURN *** [6h Kc Ts] [4h]
Mr10P: checks
JMMROCHA: bets $6
Mr10P: calls $6
*** RIVER *** [6h Kc Ts 4h] [8s]
Mr10P: checks
JMMROCHA: bets $6
Mr10P: calls $6
*** SHOW DOWN ***
JMMROCHA: shows [Kh Ks] (three of a kind, Kings)
Mr10P: mucks hand
JMMROCHA collected $59.50 from pot
*** SUMMARY ***
Total pot $60 | Rake $0.50
Board [6h Kc Ts 4h 8s]
Seat 1: Mr10P (big blind) mucked
Seat 4: JMMROCHA (button) (small blind) showed [Kh Ks] and won ($59.50) with three of a kind, Kings


PokerStars Hand #155162429451:  Hold'em Limit ($3/$6 USD) - 2016/06/24 21:17:25 ET
Table 'Thule' 6-max Seat #1 is the button
Seat 1: Mr10P ($179.42 in chips)
Seat 4: JMMROCHA ($153.84 in chips)
Mr10P: posts small blind $1
JMMROCHA: posts big blind $3
*** HOLE CARDS ***
Mr10P: raises $3 to $6
JMMROCHA: calls $3
*** FLOP *** [6d 7c Js]
JMMROCHA: checks
Mr10P: bets $3
JMMROCHA: calls $3
*** TURN *** [6d 7c Js] [3c]
JMMROCHA: checks
Mr10P: bets $6
JMMROCHA: calls $6
*** RIVER *** [6d 7c Js 3c] [8s]
JMMROCHA: checks
Mr10P: bets $6
JMMROCHA: calls $6
*** SHOW DOWN ***
Mr10P: shows [As 7h] (a pair of Sevens)
JMMROCHA: mucks hand
Mr10P collected $41.50 from pot
*** SUMMARY ***
Total pot $42 | Rake $0.50
Board [6d 7c Js 3c 8s]
Seat 1: Mr10P (button) (small blind) showed [As 7h] and won ($41.50) with a pair of Sevens
Seat 4: JMMROCHA (big blind) mucked


PokerStars Hand #155162843087:  Hold'em Limit ($3/$6 USD) - 2016/06/24 21:34:55 ET
Table 'Thule' 6-max Seat #1 is the button
Seat 1: Mr10P ($32.33 in chips)
Seat 3: BrownieSpy ($155.06 in chips)
Griffin2400 will be allowed to play after the button
Mr10P: posts small blind $1
BrownieSpy: posts big blind $3
*** HOLE CARDS ***
Mr10P: folds
Uncalled bet ($2) returned to BrownieSpy
BrownieSpy collected $2 from pot
BrownieSpy: doesn't show hand
*** SUMMARY ***
Total pot $2 | Rake $0
Seat 1: Mr10P (button) (small blind) folded before Flop
Seat 3: BrownieSpy (big blind) collected ($2)


PokerStars Hand #155163202877:  Hold'em Limit ($3/$6 USD) - 2016/06/24 21:51:00 ET
Table 'Thule' 6-max Seat #3 is the button
Seat 1: Mr10P ($127.91 in chips)
Seat 3: BrownieSpy ($315.46 in chips)
BrownieSpy: posts small blind $1
Mr10P: posts big blind $3
*** HOLE CARDS ***
BrownieSpy: folds
Uncalled bet ($2) returned to Mr10P
Mr10P collected $2 from pot
Mr10P: doesn't show hand
*** SUMMARY ***
Total pot $2 | Rake $0
Seat 1: Mr10P (big blind) collected ($2)
Seat 3: BrownieSpy (button) (small blind) folded before Flop


PokerStars Hand #155163199374:  Hold'em Limit ($3/$6 USD) - 2016/06/24 21:50:50 ET
Table 'Thule' 6-max Seat #1 is the button
Seat 1: Mr10P ($124.91 in chips)
Seat 3: BrownieSpy ($318.46 in chips)
Mr10P: posts small blind $1
BrownieSpy: posts big blind $3
*** HOLE CARDS ***
Mr10P: raises $3 to $6
JMMROCHA leaves the table
BrownieSpy: folds
Uncalled bet ($3) returned to Mr10P
Mr10P collected $6 from pot
Mr10P: doesn't show hand
*** SUMMARY ***
Total pot $6 | Rake $0
Seat 1: Mr10P (button) (small blind) collected ($6)
Seat 3: BrownieSpy (big blind) folded before Flop


PokerStars Hand #155163196863:  Hold'em Limit ($3/$6 USD) - 2016/06/24 21:50:43 ET
Table 'Thule' 6-max Seat #3 is the button
Seat 1: Mr10P ($127.91 in chips)
Seat 3: BrownieSpy ($315.46 in chips)
BrownieSpy: posts small blind $1
JMMROCHA: is sitting out
Mr10P: posts big blind $3
*** HOLE CARDS ***
BrownieSpy: raises $3 to $6
Mr10P: folds
Uncalled bet ($3) returned to BrownieSpy
BrownieSpy collected $6 from pot
BrownieSpy: doesn't show hand
*** SUMMARY ***
Total pot $6 | Rake $0
Seat 1: Mr10P (big blind) folded before Flop
Seat 3: BrownieSpy (button) (small blind) collected ($6)


PokerStars Hand #155163215385:  Hold'em Limit ($3/$6 USD) - 2016/06/24 21:51:35 ET
Table 'Thule' 6-max Seat #1 is the button
Seat 1: Mr10P ($129.66 in chips)
Seat 3: BrownieSpy ($313.21 in chips)
Mr10P: posts small blind $1
BrownieSpy: posts big blind $3
*** HOLE CARDS ***
Mr10P: raises $3 to $6
BrownieSpy: raises $3 to $9
Mr10P: raises $3 to $12
Betting is capped
BrownieSpy: calls $3
*** FLOP *** [Js Kh Kc]
BrownieSpy: checks
Mr10P: bets $3
BrownieSpy: calls $3
*** TURN *** [Js Kh Kc] [Jd]
BrownieSpy: checks
Mr10P: bets $6
BrownieSpy: folds
Uncalled bet ($6) returned to Mr10P
Mr10P collected $29.50 from pot
Mr10P: doesn't show hand
*** SUMMARY ***
Total pot $30 | Rake $0.50
Board [Js Kh Kc Jd]
Seat 1: Mr10P (button) (small blind) collected ($29.50)
Seat 3: BrownieSpy (big blind) folded on the Turn


PokerStars Hand #155163213271:  Hold'em Limit ($3/$6 USD) - 2016/06/24 21:51:29 ET
Table 'Thule' 6-max Seat #3 is the button
Seat 1: Mr10P ($128.66 in chips)
Seat 3: BrownieSpy ($314.21 in chips)
BrownieSpy: posts small blind $1
Mr10P: posts big blind $3
*** HOLE CARDS ***
BrownieSpy: folds
Uncalled bet ($2) returned to Mr10P
Mr10P collected $2 from pot
Mr10P: doesn't show hand
*** SUMMARY ***
Total pot $2 | Rake $0
Seat 1: Mr10P (big blind) collected ($2)
Seat 3: BrownieSpy (button) (small blind) folded before Flop


PokerStars Hand #155163205673:  Hold'em Limit ($3/$6 USD) - 2016/06/24 21:51:07 ET
Table 'Thule' 6-max Seat #1 is the button
Seat 1: Mr10P ($128.91 in chips)
Seat 3: BrownieSpy ($314.46 in chips)
Mr10P: posts small blind $1
BrownieSpy: posts big blind $3
*** HOLE CARDS ***
Mr10P: raises $3 to $6
BrownieSpy: calls $3
*** FLOP *** [2s Js As]
BrownieSpy: checks
Mr10P: bets $3
BrownieSpy: raises $3 to $6
Mr10P: calls $3
*** TURN *** [2s Js As] [6s]
BrownieSpy: bets $6
Mr10P: calls $6
*** RIVER *** [2s Js As 6s] [8s]
BrownieSpy: checks
Mr10P: checks
*** SHOW DOWN ***
BrownieSpy: shows [Th Qd] (a flush, Ace high)
Mr10P: shows [2c Ah] (a flush, Ace high)
BrownieSpy collected $17.75 from pot
Mr10P collected $17.75 from pot
*** SUMMARY ***
Total pot $36 | Rake $0.50
Board [2s Js As 6s 8s]
Seat 1: Mr10P (button) (small blind) showed [2c Ah] and won ($17.75) with a flush, Ace high
Seat 3: BrownieSpy (big blind) showed [Th Qd] and won ($17.75) with a flush, Ace high


PokerStars Hand #155163249013:  Hold'em Limit ($3/$6 USD) - 2016/06/24 21:53:08 ET
Table 'Thule' 6-max Seat #1 is the button
Seat 1: Mr10P ($137.16 in chips)
Seat 3: BrownieSpy ($304.85 in chips)
Mr10P: posts small blind $1
BrownieSpy: posts big blind $3
*** HOLE CARDS ***
Mr10P: raises $3 to $6
BrownieSpy: folds
Uncalled bet ($3) returned to Mr10P
Mr10P collected $6 from pot
Mr10P: doesn't show hand
*** SUMMARY ***
Total pot $6 | Rake $0
Seat 1: Mr10P (button) (small blind) collected ($6)
Seat 3: BrownieSpy (big blind) folded before Flop


PokerStars Hand #155163244297:  Hold'em Limit ($3/$6 USD) - 2016/06/24 21:52:55 ET
Table 'Thule' 6-max Seat #3 is the button
Seat 1: Mr10P ($136.16 in chips)
Seat 3: BrownieSpy ($305.85 in chips)
BrownieSpy: posts small blind $1
Mr10P: posts big blind $3
*** HOLE CARDS ***
BrownieSpy: folds
Uncalled bet ($2) returned to Mr10P
Mr10P collected $2 from pot
Mr10P: doesn't show hand
*** SUMMARY ***
Total pot $2 | Rake $0
Seat 1: Mr10P (big blind) collected ($2)
Seat 3: BrownieSpy (button) (small blind) folded before Flop


PokerStars Hand #155163237805:  Hold'em Limit ($3/$6 USD) - 2016/06/24 21:52:37 ET
Table 'Thule' 6-max Seat #1 is the button
Seat 1: Mr10P ($145.16 in chips)
Seat 3: BrownieSpy ($297.21 in chips)
Mr10P: posts small blind $1
BrownieSpy: posts big blind $3
*** HOLE CARDS ***
Mr10P: raises $3 to $6
BrownieSpy: raises $3 to $9
Mr10P: calls $3
*** FLOP *** [9s As Kh]
BrownieSpy: bets $3
Mr10P: folds
Uncalled bet ($3) returned to BrownieSpy
BrownieSpy collected $17.64 from pot
BrownieSpy: doesn't show hand
*** SUMMARY ***
Total pot $18 | Rake $0.36
Board [9s As Kh]
Seat 1: Mr10P (button) (small blind) folded on the Flop
Seat 3: BrownieSpy (big blind) collected ($17.64)


PokerStars Hand #155163232999:  Hold'em Limit ($3/$6 USD) - 2016/06/24 21:52:23 ET
Table 'Thule' 6-max Seat #3 is the button
Seat 1: Mr10P ($144.16 in chips)
Seat 3: BrownieSpy ($298.21 in chips)
BrownieSpy: posts small blind $1
Mr10P: posts big blind $3
*** HOLE CARDS ***
BrownieSpy: folds
Uncalled bet ($2) returned to Mr10P
Mr10P collected $2 from pot
Mr10P: doesn't show hand
*** SUMMARY ***
Total pot $2 | Rake $0
Seat 1: Mr10P (big blind) collected ($2)
Seat 3: BrownieSpy (button) (small blind) folded before Flop


PokerStars Hand #155163251329:  Hold'em Limit ($3/$6 USD) - 2016/06/24 21:53:15 ET
Table 'Thule' 6-max Seat #3 is the button
Seat 1: Mr10P ($140.16 in chips)
Seat 3: BrownieSpy ($301.85 in chips)
BrownieSpy: posts small blind $1
Mr10P: posts big blind $3
*** HOLE CARDS ***
BrownieSpy: raises $3 to $6
Mr10P: calls $3
*** FLOP *** [8h Jh 3c]
Mr10P: checks
BrownieSpy: bets $3
Mr10P: raises $3 to $6
BrownieSpy: calls $3
*** TURN *** [8h Jh 3c] [Ah]
Mr10P: bets $6
BrownieSpy: calls $6
*** RIVER *** [8h Jh 3c Ah] [Qh]
Mr10P: bets $6
BrownieSpy: folds
Uncalled bet ($6) returned to Mr10P
Mr10P collected $35.50 from pot
Mr10P: doesn't show hand
*** SUMMARY ***
Total pot $36 | Rake $0.50
Board [8h Jh 3c Ah Qh]
Seat 1: Mr10P (big blind) collected ($35.50)
Seat 3: BrownieSpy (button) (small blind) folded on the River


PokerStars Hand #155163275783:  Hold'em Limit ($3/$6 USD) - 2016/06/24 21:54:03 ET
Table 'Thule' 6-max Seat #3 is the button
Seat 1: Mr10P ($148.66 in chips)
Seat 3: BrownieSpy ($292.49 in chips)
BrownieSpy: posts small blind $1
Mr10P: posts big blind $3
*** HOLE CARDS ***
BrownieSpy: folds
Uncalled bet ($2) returned to Mr10P
Mr10P collected $2 from pot
Mr10P: doesn't show hand
*** SUMMARY ***
Total pot $2 | Rake $0
Seat 1: Mr10P (big blind) collected ($2)
Seat 3: BrownieSpy (button) (small blind) folded before Flop


PokerStars Hand #155163269575:  Hold'em Limit ($3/$6 USD) - 2016/06/24 21:53:46 ET
Table 'Thule' 6-max Seat #1 is the button
Seat 1: Mr10P ($157.66 in chips)
Seat 3: BrownieSpy ($283.85 in chips)
Mr10P: posts small blind $1
BrownieSpy: posts big blind $3
*** HOLE CARDS ***
Mr10P: raises $3 to $6
BrownieSpy: calls $3
*** FLOP *** [Ts 5c Kh]
BrownieSpy: checks
Mr10P: bets $3
BrownieSpy: raises $3 to $6
Mr10P: folds
Uncalled bet ($3) returned to BrownieSpy
BrownieSpy collected $17.64 from pot
BrownieSpy: doesn't show hand
*** SUMMARY ***
Total pot $18 | Rake $0.36
Board [Ts 5c Kh]
Seat 1: Mr10P (button) (small blind) folded on the Flop
Seat 3: BrownieSpy (big blind) collected ($17.64)


PokerStars Hand #155163284471:  Hold'em Limit ($3/$6 USD) - 2016/06/24 21:54:28 ET
Table 'Thule' 6-max Seat #3 is the button
Seat 1: Mr10P ($119.66 in chips)
Seat 3: BrownieSpy ($320.99 in chips)
BrownieSpy: posts small blind $1
Mr10P: posts big blind $3
*** HOLE CARDS ***
BrownieSpy: raises $3 to $6
Mr10P: folds
Uncalled bet ($3) returned to BrownieSpy
BrownieSpy collected $6 from pot
BrownieSpy: doesn't show hand
*** SUMMARY ***
Total pot $6 | Rake $0
Seat 1: Mr10P (big blind) folded before Flop
Seat 3: BrownieSpy (button) (small blind) collected ($6)


PokerStars Hand #155163277654:  Hold'em Limit ($3/$6 USD) - 2016/06/24 21:54:08 ET
Table 'Thule' 6-max Seat #1 is the button
Seat 1: Mr10P ($149.66 in chips)
Seat 3: BrownieSpy ($291.49 in chips)
Mr10P: posts small blind $1
BrownieSpy: posts big blind $3
*** HOLE CARDS ***
Mr10P: raises $3 to $6
BrownieSpy: calls $3
*** FLOP *** [2c 4h Ks]
BrownieSpy: checks
Mr10P: bets $3
BrownieSpy: raises $3 to $6
Mr10P: calls $3
*** TURN *** [2c 4h Ks] [Kc]
BrownieSpy: bets $6
Mr10P: raises $6 to $12
BrownieSpy: calls $6
*** RIVER *** [2c 4h Ks Kc] [9c]
BrownieSpy: checks
Mr10P: bets $6
BrownieSpy: calls $6
*** SHOW DOWN ***
Mr10P: shows [Tc Ts] (two pair, Kings and Tens)
BrownieSpy: shows [Kh 6h] (three of a kind, Kings)
BrownieSpy collected $59.50 from pot
*** SUMMARY ***
Total pot $60 | Rake $0.50
Board [2c 4h Ks Kc 9c]
Seat 1: Mr10P (button) (small blind) showed [Tc Ts] and lost with two pair, Kings and Tens
Seat 3: BrownieSpy (big blind) showed [Kh 6h] and won ($59.50) with three of a kind, Kings


PokerStars Hand #155163295445:  Hold'em Limit ($3/$6 USD) - 2016/06/24 21:54:58 ET
Table 'Thule' 6-max Seat #3 is the button
Seat 1: Mr10P ($140.16 in chips)
Seat 3: BrownieSpy ($299.99 in chips)
BrownieSpy: posts small blind $1
Mr10P: posts big blind $3
*** HOLE CARDS ***
BrownieSpy: folds
Uncalled bet ($2) returned to Mr10P
Mr10P collected $2 from pot
Mr10P: doesn't show hand
*** SUMMARY ***
Total pot $2 | Rake $0
Seat 1: Mr10P (big blind) collected ($2)
Seat 3: BrownieSpy (button) (small blind) folded before Flop


PokerStars Hand #155163286545:  Hold'em Limit ($3/$6 USD) - 2016/06/24 21:54:33 ET
Table 'Thule' 6-max Seat #1 is the button
Seat 1: Mr10P ($116.66 in chips)
Seat 3: BrownieSpy ($323.99 in chips)
Mr10P: posts small blind $1
BrownieSpy: posts big blind $3
*** HOLE CARDS ***
Mr10P: raises $3 to $6
BrownieSpy: raises $3 to $9
Mr10P: calls $3
*** FLOP *** [9d Jc Qh]
BrownieSpy: bets $3
Mr10P: calls $3
*** TURN *** [9d Jc Qh] [6c]
BrownieSpy: bets $6
Mr10P: raises $6 to $12
REZOLUTION84 joins the table at seat #2
BrownieSpy: calls $6
*** RIVER *** [9d Jc Qh 6c] [4c]
BrownieSpy: checks
Mr10P: bets $6
BrownieSpy: folds
Uncalled bet ($6) returned to Mr10P
Mr10P collected $47.50 from pot
Mr10P: doesn't show hand
*** SUMMARY ***
Total pot $48 | Rake $0.50
Board [9d Jc Qh 6c 4c]
Seat 1: Mr10P (button) (small blind) collected ($47.50)
Seat 3: BrownieSpy (big blind) folded on the River


PokerStars Hand #155163363192:  Hold'em Limit ($3/$6 USD) - 2016/06/24 21:58:36 ET
Table 'Thule' 6-max Seat #2 is the button
Seat 2: REZOLUTION84 ($65.01 in chips)
Seat 3: BrownieSpy ($300.64 in chips)
REZOLUTION84: posts small blind $1
BrownieSpy: posts big blind $3
*** HOLE CARDS ***
REZOLUTION84: raises $3 to $6
BrownieSpy: calls $3
*** FLOP *** [5s Td 5c]
BrownieSpy: checks
REZOLUTION84: bets $3
BrownieSpy: raises $3 to $6
REZOLUTION84: calls $3
*** TURN *** [5s Td 5c] [9c]
BrownieSpy: bets $6
REZOLUTION84: raises $6 to $12
BrownieSpy: raises $6 to $18
REZOLUTION84: calls $6
*** RIVER *** [5s Td 5c 9c] [6s]
BrownieSpy: bets $6
REZOLUTION84: calls $6
*** SHOW DOWN ***
BrownieSpy: shows [7c 5d] (three of a kind, Fives)
REZOLUTION84: mucks hand
BrownieSpy collected $71.50 from pot
*** SUMMARY ***
Total pot $72 | Rake $0.50
Board [5s Td 5c 9c 6s]
Seat 2: REZOLUTION84 (button) (small blind) mucked
Seat 3: BrownieSpy (big blind) showed [7c 5d] and won ($71.50) with three of a kind, Fives


PokerStars Hand #155163361678:  Hold'em Limit ($3/$6 USD) - 2016/06/24 21:58:31 ET
Table 'Thule' 6-max Seat #3 is the button
Seat 2: REZOLUTION84 ($64.01 in chips)
Seat 3: BrownieSpy ($301.64 in chips)
BrownieSpy: posts small blind $1
REZOLUTION84: posts big blind $3
*** HOLE CARDS ***
BrownieSpy: folds
Uncalled bet ($2) returned to REZOLUTION84
REZOLUTION84 collected $2 from pot
REZOLUTION84: doesn't show hand
vovojc leaves the table
*** SUMMARY ***
Total pot $2 | Rake $0
Seat 2: REZOLUTION84 (big blind) collected ($2)
Seat 3: BrownieSpy (button) (small blind) folded before Flop


PokerStars Hand #155164951306:  Hold'em Limit ($3/$6 USD) - 2016/06/24 23:19:04 ET
Table 'Thule' 6-max Seat #3 is the button
Seat 2: ben456 ($219.06 in chips)
Seat 3: BrownieSpy ($193.85 in chips)
BrownieSpy: posts small blind $1
FooJaws: is sitting out
ben456: posts big blind $3
*** HOLE CARDS ***
BrownieSpy: raises $3 to $6
FooJaws leaves the table
ben456: calls $3
*** FLOP *** [Td 4c 5c]
ben456: checks
BrownieSpy: bets $3
ben456: folds
Uncalled bet ($3) returned to BrownieSpy
BrownieSpy collected $11.76 from pot
BrownieSpy: doesn't show hand
*** SUMMARY ***
Total pot $12 | Rake $0.24
Board [Td 4c 5c]
Seat 2: ben456 (big blind) folded on the Flop
Seat 3: BrownieSpy (button) (small blind) collected ($11.76)


