PokerStars Hand #153731877178:  Hold'em Limit ($3/$6 USD) - 2016/05/23 12:02:19 ET
Table 'Thuringia' 6-max Seat #4 is the button
Seat 3: buddhasway ($40.42 in chips)
Seat 4: TbIP-TbIP 88 ($86.50 in chips)
TbIP-TbIP 88: posts small blind $1
buddhasway: posts big blind $3
*** HOLE CARDS ***
TbIP-TbIP 88: raises $3 to $6
buddhasway: raises $3 to $9
TbIP-TbIP 88: calls $3
*** FLOP *** [3s 5h 3c]
buddhasway: bets $3
TbIP-TbIP 88: calls $3
*** TURN *** [3s 5h 3c] [4c]
buddhasway: bets $6
TbIP-TbIP 88: calls $6
*** RIVER *** [3s 5h 3c 4c] [Ah]
buddhasway: checks
VolkovDmitri joins the table at seat #5
TbIP-TbIP 88: bets $6
buddhasway: calls $6
*** SHOW DOWN ***
TbIP-TbIP 88: shows [Qc Ad] (two pair, Aces and Threes)
buddhasway: mucks hand
TbIP-TbIP 88 collected $47.50 from pot
*** SUMMARY ***
Total pot $48 | Rake $0.50
Board [3s 5h 3c 4c Ah]
Seat 3: buddhasway (big blind) mucked
Seat 4: TbIP-TbIP 88 (button) (small blind) showed [Qc Ad] and won ($47.50) with two pair, Aces and Threes


PokerStars Hand #153731838362:  Hold'em Limit ($3/$6 USD) - 2016/05/23 12:01:22 ET
Table 'Thuringia' 6-max Seat #3 is the button
Seat 3: buddhasway ($55.42 in chips)
Seat 4: TbIP-TbIP 88 ($72 in chips)
buddhasway: posts small blind $1
TbIP-TbIP 88: posts big blind $3
*** HOLE CARDS ***
buddhasway: raises $3 to $6
TbIP-TbIP 88: calls $3
*** FLOP *** [Th Jc 8d]
TbIP-TbIP 88: checks
buddhasway: bets $3
TbIP-TbIP 88: calls $3
*** TURN *** [Th Jc 8d] [3s]
TbIP-TbIP 88: checks
buddhasway: bets $6
TbIP-TbIP 88: calls $6
*** RIVER *** [Th Jc 8d 3s] [8c]
TbIP-TbIP 88: bets $6
buddhasway: folds
Uncalled bet ($6) returned to TbIP-TbIP 88
TbIP-TbIP 88 collected $29.50 from pot
TbIP-TbIP 88: doesn't show hand
*** SUMMARY ***
Total pot $30 | Rake $0.50
Board [Th Jc 8d 3s 8c]
Seat 3: buddhasway (button) (small blind) folded on the River
Seat 4: TbIP-TbIP 88 (big blind) collected ($29.50)


