PokerStars Hand #161278141829:  Hold'em Limit ($3/$6 USD) - 2016/11/12 6:30:57 ET
Table 'Thuringia' 6-max Seat #4 is the button
Seat 1: Zeeon ($119 in chips)
Seat 4: VolkovDmitri ($121 in chips)
VolkovDmitri: posts small blind $1
Zeeon: posts big blind $3
*** HOLE CARDS ***
VolkovDmitri: raises $3 to $6
Zeeon: calls $3
*** FLOP *** [Jh Th 3s]
Zeeon: checks
VolkovDmitri: bets $3
Zeeon: calls $3
*** TURN *** [Jh Th 3s] [Td]
Zeeon: checks
VolkovDmitri: checks
*** RIVER *** [Jh Th 3s Td] [8s]
Zeeon: checks
VolkovDmitri: checks
*** SHOW DOWN ***
Zeeon: shows [Qs Kd] (a pair of Tens)
VolkovDmitri: shows [Ac Ks] (a pair of Tens - Ace kicker)
VolkovDmitri collected $17.64 from pot
*** SUMMARY ***
Total pot $18 | Rake $0.36
Board [Jh Th 3s Td 8s]
Seat 1: Zeeon (big blind) showed [Qs Kd] and lost with a pair of Tens
Seat 4: VolkovDmitri (button) (small blind) showed [Ac Ks] and won ($17.64) with a pair of Tens


PokerStars Hand #161278138634:  Hold'em Limit ($3/$6 USD) - 2016/11/12 6:30:51 ET
Table 'Thuringia' 6-max Seat #1 is the button
Seat 1: Zeeon ($120 in chips)
Seat 4: VolkovDmitri ($120 in chips)
Zeeon: posts small blind $1
VolkovDmitri: posts big blind $3
*** HOLE CARDS ***
Zeeon: folds
Uncalled bet ($2) returned to VolkovDmitri
VolkovDmitri collected $2 from pot
VolkovDmitri: doesn't show hand
*** SUMMARY ***
Total pot $2 | Rake $0
Seat 1: Zeeon (button) (small blind) folded before Flop
Seat 4: VolkovDmitri (big blind) collected ($2)


PokerStars Hand #161278173629:  Hold'em Limit ($3/$6 USD) - 2016/11/12 6:32:00 ET
Table 'Thuringia' 6-max Seat #4 is the button
Seat 1: Zeeon ($115.76 in chips)
Seat 4: VolkovDmitri ($123.64 in chips)
VolkovDmitri: posts small blind $1
Zeeon: posts big blind $3
*** HOLE CARDS ***
VolkovDmitri: raises $3 to $6
Zeeon: folds
Uncalled bet ($3) returned to VolkovDmitri
VolkovDmitri collected $6 from pot
VolkovDmitri: doesn't show hand
*** SUMMARY ***
Total pot $6 | Rake $0
Seat 1: Zeeon (big blind) folded before Flop
Seat 4: VolkovDmitri (button) (small blind) collected ($6)


PokerStars Hand #161278158093:  Hold'em Limit ($3/$6 USD) - 2016/11/12 6:31:30 ET
Table 'Thuringia' 6-max Seat #1 is the button
Seat 1: Zeeon ($110 in chips)
Seat 4: VolkovDmitri ($129.64 in chips)
Zeeon: posts small blind $1
VolkovDmitri: posts big blind $3
*** HOLE CARDS ***
Zeeon: raises $3 to $6
VolkovDmitri: calls $3
*** FLOP *** [8d 9s Jc]
VolkovDmitri: checks
Zeeon: checks
*** TURN *** [8d 9s Jc] [Ah]
VolkovDmitri: checks
Zeeon: bets $6
VolkovDmitri: folds
Uncalled bet ($6) returned to Zeeon
Zeeon collected $11.76 from pot
Zeeon: doesn't show hand
*** SUMMARY ***
Total pot $12 | Rake $0.24
Board [8d 9s Jc Ah]
Seat 1: Zeeon (button) (small blind) collected ($11.76)
Seat 4: VolkovDmitri (big blind) folded on the Turn


PokerStars Hand #161278197524:  Hold'em Limit ($3/$6 USD) - 2016/11/12 6:32:48 ET
Table 'Thuringia' 6-max Seat #1 is the button
Seat 1: Zeeon ($133.26 in chips)
Seat 4: VolkovDmitri ($120 in chips)
Zeeon: posts small blind $1
VolkovDmitri: posts big blind $3
*** HOLE CARDS ***
Zeeon: folds
Uncalled bet ($2) returned to VolkovDmitri
VolkovDmitri collected $2 from pot
VolkovDmitri: doesn't show hand
*** SUMMARY ***
Total pot $2 | Rake $0
Seat 1: Zeeon (button) (small blind) folded before Flop
Seat 4: VolkovDmitri (big blind) collected ($2)


PokerStars Hand #161278183527:  Hold'em Limit ($3/$6 USD) - 2016/11/12 6:32:20 ET
Table 'Thuringia' 6-max Seat #4 is the button
Seat 1: Zeeon ($115.76 in chips)
Seat 4: VolkovDmitri ($123.64 in chips)
VolkovDmitri: posts small blind $1
Zeeon: posts big blind $3
*** HOLE CARDS ***
VolkovDmitri: raises $3 to $6
Zeeon: raises $3 to $9
VolkovDmitri: calls $3
*** FLOP *** [6h 6c 7c]
Zeeon: bets $3
VolkovDmitri: calls $3
*** TURN *** [6h 6c 7c] [9s]
Zeeon: bets $6
VolkovDmitri: calls $6
*** RIVER *** [6h 6c 7c 9s] [Qh]
Zeeon: bets $6
VolkovDmitri: folds
Uncalled bet ($6) returned to Zeeon
Zeeon collected $35.50 from pot
Zeeon: doesn't show hand
*** SUMMARY ***
Total pot $36 | Rake $0.50
Board [6h 6c 7c 9s Qh]
Seat 1: Zeeon (big blind) collected ($35.50)
Seat 4: VolkovDmitri (button) (small blind) folded on the River


PokerStars Hand #161278176326:  Hold'em Limit ($3/$6 USD) - 2016/11/12 6:32:06 ET
Table 'Thuringia' 6-max Seat #1 is the button
Seat 1: Zeeon ($112.76 in chips)
Seat 4: VolkovDmitri ($126.64 in chips)
Zeeon: posts small blind $1
VolkovDmitri: posts big blind $3
*** HOLE CARDS ***
Zeeon: raises $3 to $6
VolkovDmitri: folds
Uncalled bet ($3) returned to Zeeon
Zeeon collected $6 from pot
Zeeon: doesn't show hand
*** SUMMARY ***
Total pot $6 | Rake $0
Seat 1: Zeeon (button) (small blind) collected ($6)
Seat 4: VolkovDmitri (big blind) folded before Flop


PokerStars Hand #161278219860:  Hold'em Limit ($3/$6 USD) - 2016/11/12 6:33:32 ET
Table 'Thuringia' 6-max Seat #4 is the button
Seat 1: Zeeon ($145.76 in chips)
Seat 4: VolkovDmitri ($121 in chips)
VolkovDmitri: posts small blind $1
Zeeon: posts big blind $3
*** HOLE CARDS ***
VolkovDmitri: raises $3 to $6
Zeeon: folds
Uncalled bet ($3) returned to VolkovDmitri
VolkovDmitri collected $6 from pot
VolkovDmitri: doesn't show hand
*** SUMMARY ***
Total pot $6 | Rake $0
Seat 1: Zeeon (big blind) folded before Flop
Seat 4: VolkovDmitri (button) (small blind) collected ($6)


PokerStars Hand #161278215198:  Hold'em Limit ($3/$6 USD) - 2016/11/12 6:33:23 ET
Table 'Thuringia' 6-max Seat #1 is the button
Seat 1: Zeeon ($146.76 in chips)
Seat 4: VolkovDmitri ($120 in chips)
Zeeon: posts small blind $1
VolkovDmitri: posts big blind $3
*** HOLE CARDS ***
Zeeon: folds
Uncalled bet ($2) returned to VolkovDmitri
VolkovDmitri collected $2 from pot
VolkovDmitri: doesn't show hand
*** SUMMARY ***
Total pot $2 | Rake $0
Seat 1: Zeeon (button) (small blind) folded before Flop
Seat 4: VolkovDmitri (big blind) collected ($2)


PokerStars Hand #161278200127:  Hold'em Limit ($3/$6 USD) - 2016/11/12 6:32:53 ET
Table 'Thuringia' 6-max Seat #4 is the button
Seat 1: Zeeon ($132.26 in chips)
Seat 4: VolkovDmitri ($121 in chips)
VolkovDmitri: posts small blind $1
Zeeon: posts big blind $3
*** HOLE CARDS ***
VolkovDmitri: raises $3 to $6
Zeeon: calls $3
*** FLOP *** [3d Ts Tc]
Zeeon: bets $3
VolkovDmitri: raises $3 to $6
Zeeon: raises $3 to $9
VolkovDmitri: calls $3
*** TURN *** [3d Ts Tc] [Ac]
Zeeon: bets $6
VolkovDmitri: folds
Uncalled bet ($6) returned to Zeeon
Zeeon collected $29.50 from pot
Zeeon: doesn't show hand
*** SUMMARY ***
Total pot $30 | Rake $0.50
Board [3d Ts Tc Ac]
Seat 1: Zeeon (big blind) collected ($29.50)
Seat 4: VolkovDmitri (button) (small blind) folded on the Turn


PokerStars Hand #161278225571:  Hold'em Limit ($3/$6 USD) - 2016/11/12 6:33:43 ET
Table 'Thuringia' 6-max Seat #1 is the button
Seat 1: Zeeon ($142.76 in chips)
Seat 4: VolkovDmitri ($124 in chips)
Zeeon: posts small blind $1
VolkovDmitri: posts big blind $3
*** HOLE CARDS ***
Zeeon: folds
Uncalled bet ($2) returned to VolkovDmitri
VolkovDmitri collected $2 from pot
VolkovDmitri: doesn't show hand
*** SUMMARY ***
Total pot $2 | Rake $0
Seat 1: Zeeon (button) (small blind) folded before Flop
Seat 4: VolkovDmitri (big blind) collected ($2)


PokerStars Hand #161278230557:  Hold'em Limit ($3/$6 USD) - 2016/11/12 6:33:53 ET
Table 'Thuringia' 6-max Seat #4 is the button
Seat 1: Zeeon ($141.76 in chips)
Seat 4: VolkovDmitri ($125 in chips)
VolkovDmitri: posts small blind $1
Zeeon: posts big blind $3
*** HOLE CARDS ***
grabaz joins the table at seat #2
VolkovDmitri: raises $3 to $6
Zeeon: calls $3
*** FLOP *** [As Jd 8c]
Zeeon: bets $3
VolkovDmitri: folds
Uncalled bet ($3) returned to Zeeon
Zeeon collected $11.76 from pot
Zeeon: doesn't show hand
*** SUMMARY ***
Total pot $12 | Rake $0.24
Board [As Jd 8c]
Seat 1: Zeeon (big blind) collected ($11.76)
Seat 4: VolkovDmitri (button) (small blind) folded on the Flop


PokerStars Hand #161278249723:  Hold'em Limit ($3/$6 USD) - 2016/11/12 6:34:30 ET
Table 'Thuringia' 6-max Seat #1 is the button
Seat 1: Zeeon ($147.52 in chips)
Seat 2: grabaz ($240 in chips)
Zeeon: posts small blind $1
grabaz: posts big blind $3
*** HOLE CARDS ***
Zeeon: raises $3 to $6
VolkovDmitri leaves the table
grabaz: calls $3
*** FLOP *** [As Jh 5s]
grabaz: checks
Zeeon: bets $3
grabaz: calls $3
*** TURN *** [As Jh 5s] [3c]
grabaz: checks
Zeeon: bets $6
grabaz: calls $6
*** RIVER *** [As Jh 5s 3c] [8s]
grabaz: checks
Zeeon: bets $6
grabaz: folds
Uncalled bet ($6) returned to Zeeon
Zeeon collected $29.50 from pot
Zeeon: doesn't show hand
*** SUMMARY ***
Total pot $30 | Rake $0.50
Board [As Jh 5s 3c 8s]
Seat 1: Zeeon (button) (small blind) collected ($29.50)
Seat 2: grabaz (big blind) folded on the River


PokerStars Hand #161278274078:  Hold'em Limit ($3/$6 USD) - 2016/11/12 6:35:19 ET
Table 'Thuringia' 6-max Seat #2 is the button
Seat 1: Zeeon ($162.02 in chips)
Seat 2: grabaz ($225 in chips)
grabaz: posts small blind $1
Zeeon: posts big blind $3
*** HOLE CARDS ***
grabaz: raises $3 to $6
Zeeon: calls $3
*** FLOP *** [2h 3s Td]
Zeeon: bets $3
grabaz: calls $3
*** TURN *** [2h 3s Td] [9d]
Zeeon: bets $6
grabaz: calls $6
*** RIVER *** [2h 3s Td 9d] [Ah]
Zeeon: bets $6
grabaz: calls $6
*** SHOW DOWN ***
Zeeon: shows [Ad 3h] (two pair, Aces and Threes)
grabaz: mucks hand
Zeeon collected $41.50 from pot
*** SUMMARY ***
Total pot $42 | Rake $0.50
Board [2h 3s Td 9d Ah]
Seat 1: Zeeon (big blind) showed [Ad 3h] and won ($41.50) with two pair, Aces and Threes
Seat 2: grabaz (button) (small blind) mucked


PokerStars Hand #161278316178:  Hold'em Limit ($3/$6 USD) - 2016/11/12 6:36:41 ET
Table 'Thuringia' 6-max Seat #1 is the button
Seat 1: Zeeon ($155.52 in chips)
Seat 2: grabaz ($230.26 in chips)
Zeeon: posts small blind $1
grabaz: posts big blind $3
*** HOLE CARDS ***
Zeeon: folds
Uncalled bet ($2) returned to grabaz
grabaz collected $2 from pot
grabaz: doesn't show hand
*** SUMMARY ***
Total pot $2 | Rake $0
Seat 1: Zeeon (button) (small blind) folded before Flop
Seat 2: grabaz (big blind) collected ($2)


PokerStars Hand #161278299507:  Hold'em Limit ($3/$6 USD) - 2016/11/12 6:36:08 ET
Table 'Thuringia' 6-max Seat #2 is the button
Seat 1: Zeeon ($176.52 in chips)
Seat 2: grabaz ($209.76 in chips)
grabaz: posts small blind $1
Zeeon: posts big blind $3
*** HOLE CARDS ***
grabaz: raises $3 to $6
Zeeon: calls $3
*** FLOP *** [Jc 5d Kc]
Zeeon: bets $3
grabaz: calls $3
*** TURN *** [Jc 5d Kc] [Ah]
Zeeon: checks
grabaz: bets $6
Zeeon: calls $6
*** RIVER *** [Jc 5d Kc Ah] [4s]
Zeeon: checks
grabaz: bets $6
Zeeon: calls $6
*** SHOW DOWN ***
grabaz: shows [8c As] (a pair of Aces)
Zeeon: mucks hand
grabaz collected $41.50 from pot
*** SUMMARY ***
Total pot $42 | Rake $0.50
Board [Jc 5d Kc Ah 4s]
Seat 1: Zeeon (big blind) mucked
Seat 2: grabaz (button) (small blind) showed [8c As] and won ($41.50) with a pair of Aces


PokerStars Hand #161278287599:  Hold'em Limit ($3/$6 USD) - 2016/11/12 6:35:45 ET
Table 'Thuringia' 6-max Seat #1 is the button
Seat 1: Zeeon ($182.52 in chips)
Seat 2: grabaz ($204 in chips)
Zeeon: posts small blind $1
grabaz: posts big blind $3
*** HOLE CARDS ***
Zeeon: raises $3 to $6
grabaz: calls $3
*** FLOP *** [Ks 2h 3s]
grabaz: checks
Zeeon: checks
*** TURN *** [Ks 2h 3s] [2d]
grabaz: bets $6
Zeeon: folds
Uncalled bet ($6) returned to grabaz
grabaz collected $11.76 from pot
grabaz: doesn't show hand
*** SUMMARY ***
Total pot $12 | Rake $0.24
Board [Ks 2h 3s 2d]
Seat 1: Zeeon (button) (small blind) folded on the Turn
Seat 2: grabaz (big blind) collected ($11.76)


PokerStars Hand #161278334492:  Hold'em Limit ($3/$6 USD) - 2016/11/12 6:37:17 ET
Table 'Thuringia' 6-max Seat #2 is the button
Seat 1: Zeeon ($154.28 in chips)
Seat 2: grabaz ($231.02 in chips)
grabaz: posts small blind $1
Zeeon: posts big blind $3
*** HOLE CARDS ***
grabaz: raises $3 to $6
Zeeon: calls $3
*** FLOP *** [7s 8d 9d]
Zeeon: bets $3
grabaz: calls $3
*** TURN *** [7s 8d 9d] [7h]
Zeeon: bets $6
grabaz: calls $6
*** RIVER *** [7s 8d 9d 7h] [Td]
Zeeon: checks
grabaz: checks
*** SHOW DOWN ***
Zeeon: shows [9s Qd] (two pair, Nines and Sevens)
grabaz: mucks hand
Zeeon collected $29.50 from pot
*** SUMMARY ***
Total pot $30 | Rake $0.50
Board [7s 8d 9d 7h Td]
Seat 1: Zeeon (big blind) showed [9s Qd] and won ($29.50) with two pair, Nines and Sevens
Seat 2: grabaz (button) (small blind) mucked


PokerStars Hand #161278332186:  Hold'em Limit ($3/$6 USD) - 2016/11/12 6:37:12 ET
Table 'Thuringia' 6-max Seat #1 is the button
Seat 1: Zeeon ($155.28 in chips)
Seat 2: grabaz ($230.02 in chips)
Zeeon: posts small blind $1
grabaz: posts big blind $3
*** HOLE CARDS ***
Zeeon: folds
Uncalled bet ($2) returned to grabaz
grabaz collected $2 from pot
grabaz: doesn't show hand
*** SUMMARY ***
Total pot $2 | Rake $0
Seat 1: Zeeon (button) (small blind) folded before Flop
Seat 2: grabaz (big blind) collected ($2)


PokerStars Hand #161278329685:  Hold'em Limit ($3/$6 USD) - 2016/11/12 6:37:07 ET
Table 'Thuringia' 6-max Seat #2 is the button
Seat 1: Zeeon ($154.28 in chips)
Seat 2: grabaz ($231.02 in chips)
grabaz: posts small blind $1
Zeeon: posts big blind $3
*** HOLE CARDS ***
grabaz: folds
Uncalled bet ($2) returned to Zeeon
Zeeon collected $2 from pot
Zeeon: doesn't show hand
*** SUMMARY ***
Total pot $2 | Rake $0
Seat 1: Zeeon (big blind) collected ($2)
Seat 2: grabaz (button) (small blind) folded before Flop


PokerStars Hand #161278324600:  Hold'em Limit ($3/$6 USD) - 2016/11/12 6:36:57 ET
Table 'Thuringia' 6-max Seat #1 is the button
Seat 1: Zeeon ($148.52 in chips)
Seat 2: grabaz ($237.02 in chips)
Zeeon: posts small blind $1
grabaz: posts big blind $3
*** HOLE CARDS ***
Zeeon: raises $3 to $6
grabaz: calls $3
*** FLOP *** [Qc Ts 8c]
grabaz: checks
Zeeon: bets $3
grabaz: folds
Uncalled bet ($3) returned to Zeeon
Zeeon collected $11.76 from pot
Zeeon: doesn't show hand
*** SUMMARY ***
Total pot $12 | Rake $0.24
Board [Qc Ts 8c]
Seat 1: Zeeon (button) (small blind) collected ($11.76)
Seat 2: grabaz (big blind) folded on the Flop


PokerStars Hand #161278318554:  Hold'em Limit ($3/$6 USD) - 2016/11/12 6:36:45 ET
Table 'Thuringia' 6-max Seat #2 is the button
Seat 1: Zeeon ($154.52 in chips)
Seat 2: grabaz ($231.26 in chips)
grabaz: posts small blind $1
Zeeon: posts big blind $3
*** HOLE CARDS ***
grabaz: raises $3 to $6
Zeeon: calls $3
*** FLOP *** [4h As Jd]
Zeeon: checks
grabaz: bets $3
Zeeon: folds
Uncalled bet ($3) returned to grabaz
grabaz collected $11.76 from pot
grabaz: doesn't show hand
*** SUMMARY ***
Total pot $12 | Rake $0.24
Board [4h As Jd]
Seat 1: Zeeon (big blind) folded on the Flop
Seat 2: grabaz (button) (small blind) collected ($11.76)


PokerStars Hand #161278351906:  Hold'em Limit ($3/$6 USD) - 2016/11/12 6:37:51 ET
Table 'Thuringia' 6-max Seat #1 is the button
Seat 1: Zeeon ($168.78 in chips)
Seat 2: grabaz ($216.02 in chips)
Zeeon: posts small blind $1
grabaz: posts big blind $3
*** HOLE CARDS ***
Zeeon: raises $3 to $6
grabaz: raises $3 to $9
Zeeon: calls $3
*** FLOP *** [Kh Qd Jh]
grabaz: bets $3
Zeeon: raises $3 to $6
grabaz: folds
Uncalled bet ($3) returned to Zeeon
Zeeon collected $23.52 from pot
Zeeon: doesn't show hand
*** SUMMARY ***
Total pot $24 | Rake $0.48
Board [Kh Qd Jh]
Seat 1: Zeeon (button) (small blind) collected ($23.52)
Seat 2: grabaz (big blind) folded on the Flop


PokerStars Hand #161278371249:  Hold'em Limit ($3/$6 USD) - 2016/11/12 6:38:28 ET
Table 'Thuringia' 6-max Seat #1 is the button
Seat 1: Zeeon ($206.80 in chips)
Seat 2: grabaz ($177.02 in chips)
Zeeon: posts small blind $1
grabaz: posts big blind $3
*** HOLE CARDS ***
Zeeon: raises $3 to $6
grabaz: calls $3
*** FLOP *** [5d Jd 3h]
grabaz: checks
Zeeon: checks
*** TURN *** [5d Jd 3h] [Qh]
grabaz: bets $6
Zeeon: calls $6
*** RIVER *** [5d Jd 3h Qh] [Js]
grabaz: bets $6
Zeeon: folds
Uncalled bet ($6) returned to grabaz
grabaz collected $23.52 from pot
grabaz: doesn't show hand
*** SUMMARY ***
Total pot $24 | Rake $0.48
Board [5d Jd 3h Qh Js]
Seat 1: Zeeon (button) (small blind) folded on the River
Seat 2: grabaz (big blind) collected ($23.52)


PokerStars Hand #161278358337:  Hold'em Limit ($3/$6 USD) - 2016/11/12 6:38:03 ET
Table 'Thuringia' 6-max Seat #2 is the button
Seat 1: Zeeon ($180.30 in chips)
Seat 2: grabaz ($204.02 in chips)
grabaz: posts small blind $1
Zeeon: posts big blind $3
*** HOLE CARDS ***
grabaz: raises $3 to $6
Zeeon: calls $3
*** FLOP *** [Ad 3h 4h]
Zeeon: checks
grabaz: bets $3
Zeeon: calls $3
*** TURN *** [Ad 3h 4h] [5c]
Zeeon: checks
grabaz: bets $6
Zeeon: calls $6
*** RIVER *** [Ad 3h 4h 5c] [6c]
Zeeon: checks
grabaz: bets $6
Zeeon: raises $6 to $12
grabaz: calls $6
*** SHOW DOWN ***
Zeeon: shows [7h Kh] (a straight, Three to Seven)
grabaz: mucks hand
Zeeon collected $53.50 from pot
*** SUMMARY ***
Total pot $54 | Rake $0.50
Board [Ad 3h 4h 5c 6c]
Seat 1: Zeeon (big blind) showed [7h Kh] and won ($53.50) with a straight, Three to Seven
Seat 2: grabaz (button) (small blind) mucked


PokerStars Hand #161278395144:  Hold'em Limit ($3/$6 USD) - 2016/11/12 6:39:14 ET
Table 'Thuringia' 6-max Seat #2 is the button
Seat 1: Zeeon ($208.30 in chips)
Seat 2: grabaz ($174.54 in chips)
grabaz: posts small blind $1
Zeeon: posts big blind $3
*** HOLE CARDS ***
grabaz: raises $3 to $6
Zeeon: folds
Uncalled bet ($3) returned to grabaz
grabaz collected $6 from pot
grabaz: doesn't show hand
*** SUMMARY ***
Total pot $6 | Rake $0
Seat 1: Zeeon (big blind) folded before Flop
Seat 2: grabaz (button) (small blind) collected ($6)


PokerStars Hand #161278399114:  Hold'em Limit ($3/$6 USD) - 2016/11/12 6:39:22 ET
Table 'Thuringia' 6-max Seat #1 is the button
Seat 1: Zeeon ($205.30 in chips)
Seat 2: grabaz ($177.54 in chips)
Zeeon: posts small blind $1
grabaz: posts big blind $3
*** HOLE CARDS ***
Zeeon: raises $3 to $6
grabaz: calls $3
*** FLOP *** [Ac 6h Ks]
grabaz: checks
Zeeon: bets $3
grabaz: folds
Uncalled bet ($3) returned to Zeeon
Zeeon collected $11.76 from pot
Zeeon: doesn't show hand
*** SUMMARY ***
Total pot $12 | Rake $0.24
Board [Ac 6h Ks]
Seat 1: Zeeon (button) (small blind) collected ($11.76)
Seat 2: grabaz (big blind) folded on the Flop


PokerStars Hand #161278392559:  Hold'em Limit ($3/$6 USD) - 2016/11/12 6:39:09 ET
Table 'Thuringia' 6-max Seat #1 is the button
Seat 1: Zeeon ($209.30 in chips)
Seat 2: grabaz ($173.54 in chips)
Zeeon: posts small blind $1
grabaz: posts big blind $3
*** HOLE CARDS ***
Zeeon: folds
Uncalled bet ($2) returned to grabaz
grabaz collected $2 from pot
grabaz: doesn't show hand
*** SUMMARY ***
Total pot $2 | Rake $0
Seat 1: Zeeon (button) (small blind) folded before Flop
Seat 2: grabaz (big blind) collected ($2)


PokerStars Hand #161278380072:  Hold'em Limit ($3/$6 USD) - 2016/11/12 6:38:45 ET
Table 'Thuringia' 6-max Seat #2 is the button
Seat 1: Zeeon ($194.80 in chips)
Seat 2: grabaz ($188.54 in chips)
grabaz: posts small blind $1
Zeeon: posts big blind $3
*** HOLE CARDS ***
grabaz: raises $3 to $6
Zeeon: calls $3
*** FLOP *** [2s 4h 5d]
Zeeon: checks
grabaz: bets $3
Zeeon: calls $3
*** TURN *** [2s 4h 5d] [3c]
Zeeon: checks
grabaz: bets $6
Zeeon: calls $6
*** RIVER *** [2s 4h 5d 3c] [4s]
Zeeon: checks
grabaz: checks
*** SHOW DOWN ***
Zeeon: shows [Kh 3d] (two pair, Fours and Threes)
grabaz: mucks hand
Zeeon collected $29.50 from pot
*** SUMMARY ***
Total pot $30 | Rake $0.50
Board [2s 4h 5d 3c 4s]
Seat 1: Zeeon (big blind) showed [Kh 3d] and won ($29.50) with two pair, Fours and Threes
Seat 2: grabaz (button) (small blind) mucked


PokerStars Hand #161278442230:  Hold'em Limit ($3/$6 USD) - 2016/11/12 6:40:44 ET
Table 'Thuringia' 6-max Seat #2 is the button
Seat 1: Zeeon ($243.56 in chips)
Seat 2: grabaz ($138.54 in chips)
grabaz: posts small blind $1
Zeeon: posts big blind $3
*** HOLE CARDS ***
grabaz: raises $3 to $6
Zeeon: calls $3
*** FLOP *** [Td 5c 6h]
Zeeon: checks
grabaz: bets $3
Zeeon: calls $3
*** TURN *** [Td 5c 6h] [8s]
Zeeon: checks
grabaz: bets $6
Zeeon: folds
Uncalled bet ($6) returned to grabaz
grabaz collected $17.64 from pot
grabaz: doesn't show hand
*** SUMMARY ***
Total pot $18 | Rake $0.36
Board [Td 5c 6h 8s]
Seat 1: Zeeon (big blind) folded on the Turn
Seat 2: grabaz (button) (small blind) collected ($17.64)


PokerStars Hand #161278439372:  Hold'em Limit ($3/$6 USD) - 2016/11/12 6:40:39 ET
Table 'Thuringia' 6-max Seat #1 is the button
Seat 1: Zeeon ($240.56 in chips)
Seat 2: grabaz ($141.54 in chips)
Zeeon: posts small blind $1
grabaz: posts big blind $3
*** HOLE CARDS ***
Zeeon: raises $3 to $6
grabaz: folds
Uncalled bet ($3) returned to Zeeon
Zeeon collected $6 from pot
Zeeon: doesn't show hand
*** SUMMARY ***
Total pot $6 | Rake $0
Seat 1: Zeeon (button) (small blind) collected ($6)
Seat 2: grabaz (big blind) folded before Flop


PokerStars Hand #161278406344:  Hold'em Limit ($3/$6 USD) - 2016/11/12 6:39:36 ET
Table 'Thuringia' 6-max Seat #2 is the button
Seat 1: Zeeon ($211.06 in chips)
Seat 2: grabaz ($171.54 in chips)
grabaz: posts small blind $1
Zeeon: posts big blind $3
*** HOLE CARDS ***
grabaz: raises $3 to $6
Zeeon: calls $3
*** FLOP *** [3c 6c Ah]
Zeeon: checks
grabaz: bets $3
Zeeon: raises $3 to $6
grabaz: calls $3
*** TURN *** [3c 6c Ah] [As]
Zeeon: checks
grabaz: bets $6
Zeeon: raises $6 to $12
grabaz: calls $6
*** RIVER *** [3c 6c Ah As] [Kd]
Zeeon: bets $6
grabaz: calls $6
*** SHOW DOWN ***
Zeeon: shows [9s Ad] (three of a kind, Aces)
grabaz: mucks hand
Zeeon collected $59.50 from pot
*** SUMMARY ***
Total pot $60 | Rake $0.50
Board [3c 6c Ah As Kd]
Seat 1: Zeeon (big blind) showed [9s Ad] and won ($59.50) with three of a kind, Aces
Seat 2: grabaz (button) (small blind) mucked


PokerStars Hand #161278448384:  Hold'em Limit ($3/$6 USD) - 2016/11/12 6:40:56 ET
Table 'Thuringia' 6-max Seat #1 is the button
Seat 1: Zeeon ($234.56 in chips)
Seat 2: grabaz ($147.18 in chips)
Zeeon: posts small blind $1
grabaz: posts big blind $3
*** HOLE CARDS ***
Zeeon: raises $3 to $6
grabaz: calls $3
*** FLOP *** [6c 9d 4d]
grabaz: checks
Zeeon: bets $3
grabaz: raises $3 to $6
Zeeon: raises $3 to $9
grabaz: raises $3 to $12
Betting is capped
Zeeon: calls $3
*** TURN *** [6c 9d 4d] [4h]
grabaz: bets $6
Zeeon: calls $6
*** RIVER *** [6c 9d 4d 4h] [Ah]
grabaz: bets $6
Zeeon: calls $6
*** SHOW DOWN ***
grabaz: shows [9h 4c] (a full house, Fours full of Nines)
Zeeon: mucks hand
grabaz collected $59.50 from pot
*** SUMMARY ***
Total pot $60 | Rake $0.50
Board [6c 9d 4d 4h Ah]
Seat 1: Zeeon (button) (small blind) mucked
Seat 2: grabaz (big blind) showed [9h 4c] and won ($59.50) with a full house, Fours full of Nines


PokerStars Hand #161278461964:  Hold'em Limit ($3/$6 USD) - 2016/11/12 6:41:22 ET
Table 'Thuringia' 6-max Seat #1 is the button
Seat 1: Zeeon ($201.56 in chips)
Seat 2: grabaz ($179.68 in chips)
Zeeon: posts small blind $1
grabaz: posts big blind $3
*** HOLE CARDS ***
Zeeon: raises $3 to $6
grabaz: calls $3
*** FLOP *** [7d 6d Kh]
grabaz: checks
Zeeon: bets $3
grabaz: raises $3 to $6
Zeeon: raises $3 to $9
grabaz: calls $3
*** TURN *** [7d 6d Kh] [5s]
grabaz: checks
Zeeon: bets $6
grabaz: calls $6
*** RIVER *** [7d 6d Kh 5s] [3d]
grabaz: checks
Zeeon: bets $6
grabaz: folds
Uncalled bet ($6) returned to Zeeon
Zeeon collected $41.50 from pot
Zeeon: doesn't show hand
*** SUMMARY ***
Total pot $42 | Rake $0.50
Board [7d 6d Kh 5s 3d]
Seat 1: Zeeon (button) (small blind) collected ($41.50)
Seat 2: grabaz (big blind) folded on the River


PokerStars Hand #161278459291:  Hold'em Limit ($3/$6 USD) - 2016/11/12 6:41:17 ET
Table 'Thuringia' 6-max Seat #2 is the button
Seat 1: Zeeon ($204.56 in chips)
Seat 2: grabaz ($176.68 in chips)
grabaz: posts small blind $1
Zeeon: posts big blind $3
*** HOLE CARDS ***
grabaz: raises $3 to $6
Zeeon: folds
Uncalled bet ($3) returned to grabaz
grabaz collected $6 from pot
grabaz: doesn't show hand
*** SUMMARY ***
Total pot $6 | Rake $0
Seat 1: Zeeon (big blind) folded before Flop
Seat 2: grabaz (button) (small blind) collected ($6)


PokerStars Hand #161278490142:  Hold'em Limit ($3/$6 USD) - 2016/11/12 6:42:16 ET
Table 'Thuringia' 6-max Seat #1 is the button
Seat 1: Zeeon ($215.06 in chips)
Seat 2: grabaz ($165.68 in chips)
Zeeon: posts small blind $1
grabaz: posts big blind $3
*** HOLE CARDS ***
Zeeon: folds
Uncalled bet ($2) returned to grabaz
grabaz collected $2 from pot
grabaz: doesn't show hand
*** SUMMARY ***
Total pot $2 | Rake $0
Seat 1: Zeeon (button) (small blind) folded before Flop
Seat 2: grabaz (big blind) collected ($2)


PokerStars Hand #161278478742:  Hold'em Limit ($3/$6 USD) - 2016/11/12 6:41:54 ET
Table 'Thuringia' 6-max Seat #2 is the button
Seat 1: Zeeon ($222.06 in chips)
Seat 2: grabaz ($158.68 in chips)
grabaz: posts small blind $1
Zeeon: posts big blind $3
*** HOLE CARDS ***
grabaz: raises $3 to $6
Zeeon: folds
Uncalled bet ($3) returned to grabaz
grabaz collected $6 from pot
grabaz: doesn't show hand
*** SUMMARY ***
Total pot $6 | Rake $0
Seat 1: Zeeon (big blind) folded before Flop
Seat 2: grabaz (button) (small blind) collected ($6)


PokerStars Hand #161278493352:  Hold'em Limit ($3/$6 USD) - 2016/11/12 6:42:22 ET
Table 'Thuringia' 6-max Seat #2 is the button
Seat 1: Zeeon ($214.06 in chips)
Seat 2: grabaz ($166.68 in chips)
grabaz: posts small blind $1
Zeeon: posts big blind $3
*** HOLE CARDS ***
grabaz: raises $3 to $6
Zeeon: calls $3
*** FLOP *** [Kc Qh 7s]
Zeeon: checks
grabaz: bets $3
Zeeon: calls $3
*** TURN *** [Kc Qh 7s] [6d]
Zeeon: checks
grabaz: bets $6
Zeeon: folds
Uncalled bet ($6) returned to grabaz
grabaz collected $17.64 from pot
grabaz: doesn't show hand
*** SUMMARY ***
Total pot $18 | Rake $0.36
Board [Kc Qh 7s 6d]
Seat 1: Zeeon (big blind) folded on the Turn
Seat 2: grabaz (button) (small blind) collected ($17.64)


PokerStars Hand #161278487426:  Hold'em Limit ($3/$6 USD) - 2016/11/12 6:42:10 ET
Table 'Thuringia' 6-max Seat #2 is the button
Seat 1: Zeeon ($218.06 in chips)
Seat 2: grabaz ($162.68 in chips)
grabaz: posts small blind $1
Zeeon: posts big blind $3
*** HOLE CARDS ***
grabaz: raises $3 to $6
Zeeon: folds
Uncalled bet ($3) returned to grabaz
grabaz collected $6 from pot
grabaz: doesn't show hand
*** SUMMARY ***
Total pot $6 | Rake $0
Seat 1: Zeeon (big blind) folded before Flop
Seat 2: grabaz (button) (small blind) collected ($6)


PokerStars Hand #161278481374:  Hold'em Limit ($3/$6 USD) - 2016/11/12 6:41:59 ET
Table 'Thuringia' 6-max Seat #1 is the button
Seat 1: Zeeon ($219.06 in chips)
Seat 2: grabaz ($161.68 in chips)
Zeeon: posts small blind $1
grabaz: posts big blind $3
*** HOLE CARDS ***
Zeeon: folds
Uncalled bet ($2) returned to grabaz
grabaz collected $2 from pot
grabaz: doesn't show hand
*** SUMMARY ***
Total pot $2 | Rake $0
Seat 1: Zeeon (button) (small blind) folded before Flop
Seat 2: grabaz (big blind) collected ($2)


PokerStars Hand #161278512585:  Hold'em Limit ($3/$6 USD) - 2016/11/12 6:42:59 ET
Table 'Thuringia' 6-max Seat #2 is the button
Seat 1: Zeeon ($204.06 in chips)
Seat 2: grabaz ($176.32 in chips)
grabaz: posts small blind $1
Zeeon: posts big blind $3
*** HOLE CARDS ***
grabaz: raises $3 to $6
Zeeon: folds
Uncalled bet ($3) returned to grabaz
grabaz collected $6 from pot
grabaz: doesn't show hand
*** SUMMARY ***
Total pot $6 | Rake $0
Seat 1: Zeeon (big blind) folded before Flop
Seat 2: grabaz (button) (small blind) collected ($6)


PokerStars Hand #161278502964:  Hold'em Limit ($3/$6 USD) - 2016/11/12 6:42:41 ET
Table 'Thuringia' 6-max Seat #1 is the button
Seat 1: Zeeon ($205.06 in chips)
Seat 2: grabaz ($175.32 in chips)
Zeeon: posts small blind $1
grabaz: posts big blind $3
*** HOLE CARDS ***
Zeeon: folds
Uncalled bet ($2) returned to grabaz
grabaz collected $2 from pot
grabaz: doesn't show hand
*** SUMMARY ***
Total pot $2 | Rake $0
Seat 1: Zeeon (button) (small blind) folded before Flop
Seat 2: grabaz (big blind) collected ($2)


PokerStars Hand #161278517699:  Hold'em Limit ($3/$6 USD) - 2016/11/12 6:43:09 ET
Table 'Thuringia' 6-max Seat #2 is the button
Seat 1: Zeeon ($200.06 in chips)
Seat 2: grabaz ($180.32 in chips)
grabaz: posts small blind $1
Zeeon: posts big blind $3
*** HOLE CARDS ***
grabaz: raises $3 to $6
Zeeon: calls $3
*** FLOP *** [6c 3s 2h]
Zeeon: checks
grabaz: bets $3
Zeeon: calls $3
*** TURN *** [6c 3s 2h] [7h]
Zeeon: checks
grabaz: checks
*** RIVER *** [6c 3s 2h 7h] [Qd]
Zeeon: checks
grabaz: bets $6
Zeeon: folds
Uncalled bet ($6) returned to grabaz
grabaz collected $17.64 from pot
grabaz: doesn't show hand
*** SUMMARY ***
Total pot $18 | Rake $0.36
Board [6c 3s 2h 7h Qd]
Seat 1: Zeeon (big blind) folded on the River
Seat 2: grabaz (button) (small blind) collected ($17.64)


PokerStars Hand #161278528665:  Hold'em Limit ($3/$6 USD) - 2016/11/12 6:43:30 ET
Table 'Thuringia' 6-max Seat #1 is the button
Seat 1: Zeeon ($191.06 in chips)
Seat 2: grabaz ($188.96 in chips)
Zeeon: posts small blind $1
grabaz: posts big blind $3
*** HOLE CARDS ***
Zeeon: folds
Uncalled bet ($2) returned to grabaz
grabaz collected $2 from pot
grabaz: doesn't show hand
*** SUMMARY ***
Total pot $2 | Rake $0
Seat 1: Zeeon (button) (small blind) folded before Flop
Seat 2: grabaz (big blind) collected ($2)


PokerStars Hand #161278515199:  Hold'em Limit ($3/$6 USD) - 2016/11/12 6:43:04 ET
Table 'Thuringia' 6-max Seat #1 is the button
Seat 1: Zeeon ($201.06 in chips)
Seat 2: grabaz ($179.32 in chips)
Zeeon: posts small blind $1
grabaz: posts big blind $3
*** HOLE CARDS ***
Zeeon: folds
Uncalled bet ($2) returned to grabaz
grabaz collected $2 from pot
grabaz: doesn't show hand
*** SUMMARY ***
Total pot $2 | Rake $0
Seat 1: Zeeon (button) (small blind) folded before Flop
Seat 2: grabaz (big blind) collected ($2)


PokerStars Hand #161278538177:  Hold'em Limit ($3/$6 USD) - 2016/11/12 6:43:49 ET
Table 'Thuringia' 6-max Seat #1 is the button
Seat 1: Zeeon ($187.06 in chips)
Seat 2: grabaz ($192.96 in chips)
Zeeon: posts small blind $1
grabaz: posts big blind $3
*** HOLE CARDS ***
Zeeon: folds
Uncalled bet ($2) returned to grabaz
grabaz collected $2 from pot
grabaz: doesn't show hand
*** SUMMARY ***
Total pot $2 | Rake $0
Seat 1: Zeeon (button) (small blind) folded before Flop
Seat 2: grabaz (big blind) collected ($2)


PokerStars Hand #161278533129:  Hold'em Limit ($3/$6 USD) - 2016/11/12 6:43:39 ET
Table 'Thuringia' 6-max Seat #2 is the button
Seat 1: Zeeon ($190.06 in chips)
Seat 2: grabaz ($189.96 in chips)
grabaz: posts small blind $1
Zeeon: posts big blind $3
*** HOLE CARDS ***
grabaz: raises $3 to $6
Zeeon: folds
Uncalled bet ($3) returned to grabaz
grabaz collected $6 from pot
grabaz: doesn't show hand
*** SUMMARY ***
Total pot $6 | Rake $0
Seat 1: Zeeon (big blind) folded before Flop
Seat 2: grabaz (button) (small blind) collected ($6)


PokerStars Hand #161278542027:  Hold'em Limit ($3/$6 USD) - 2016/11/12 6:43:56 ET
Table 'Thuringia' 6-max Seat #2 is the button
Seat 1: Zeeon ($186.06 in chips)
Seat 2: grabaz ($193.96 in chips)
grabaz: posts small blind $1
Zeeon: posts big blind $3
*** HOLE CARDS ***
grabaz: raises $3 to $6
Zeeon: calls $3
*** FLOP *** [4c 8c 8h]
Zeeon: checks
grabaz: bets $3
Zeeon: raises $3 to $6
grabaz: calls $3
*** TURN *** [4c 8c 8h] [Qh]
Zeeon: checks
grabaz: checks
*** RIVER *** [4c 8c 8h Qh] [5c]
Zeeon: bets $6
grabaz: folds
Uncalled bet ($6) returned to Zeeon
Zeeon collected $23.52 from pot
Zeeon: doesn't show hand
*** SUMMARY ***
Total pot $24 | Rake $0.48
Board [4c 8c 8h Qh 5c]
Seat 1: Zeeon (big blind) collected ($23.52)
Seat 2: grabaz (button) (small blind) folded on the River


PokerStars Hand #161278553331:  Hold'em Limit ($3/$6 USD) - 2016/11/12 6:44:18 ET
Table 'Thuringia' 6-max Seat #1 is the button
Seat 1: Zeeon ($197.58 in chips)
Seat 2: grabaz ($181.96 in chips)
Zeeon: posts small blind $1
grabaz: posts big blind $3
*** HOLE CARDS ***
Zeeon: raises $3 to $6
EpifDi joins the table at seat #3
grabaz: calls $3
*** FLOP *** [7h Qd 2h]
grabaz: checks
Zeeon: checks
*** TURN *** [7h Qd 2h] [8d]
grabaz: checks
Zeeon: checks
*** RIVER *** [7h Qd 2h 8d] [4s]
grabaz: bets $6
Zeeon: folds
Uncalled bet ($6) returned to grabaz
grabaz collected $11.76 from pot
grabaz: doesn't show hand
*** SUMMARY ***
Total pot $12 | Rake $0.24
Board [7h Qd 2h 8d 4s]
Seat 1: Zeeon (button) (small blind) folded on the River
Seat 2: grabaz (big blind) collected ($11.76)


PokerStars Hand #161281237302:  Hold'em Limit ($3/$6 USD) - 2016/11/12 8:05:45 ET
Table 'Thuringia' 6-max Seat #6 is the button
Seat 1: BadBoyKillla ($57.78 in chips)
Seat 6: ABATAPP ($101 in chips)
ABATAPP: posts small blind $1
BadBoyKillla: posts big blind $3
*** HOLE CARDS ***
ABATAPP: folds
Uncalled bet ($2) returned to BadBoyKillla
BadBoyKillla collected $2 from pot
*** SUMMARY ***
Total pot $2 | Rake $0
Seat 1: BadBoyKillla (big blind) collected ($2)
Seat 6: ABATAPP (button) (small blind) folded before Flop


PokerStars Hand #161281227631:  Hold'em Limit ($3/$6 USD) - 2016/11/12 8:05:29 ET
Table 'Thuringia' 6-max Seat #1 is the button
Seat 1: BadBoyKillla ($52.02 in chips)
Seat 6: ABATAPP ($107 in chips)
BadBoyKillla: posts small blind $1
grabaz: is sitting out
Koraseg: is sitting out
ABATAPP: posts big blind $3
*** HOLE CARDS ***
BadBoyKillla: raises $3 to $6
grabaz leaves the table
ABATAPP: calls $3
*** FLOP *** [Qd 9h Kh]
ABATAPP: checks
BadBoyKillla: bets $3
ABATAPP: folds
Uncalled bet ($3) returned to BadBoyKillla
Koraseg leaves the table
BadBoyKillla collected $11.76 from pot
*** SUMMARY ***
Total pot $12 | Rake $0.24
Board [Qd 9h Kh]
Seat 1: BadBoyKillla (button) (small blind) collected ($11.76)
Seat 6: ABATAPP (big blind) folded on the Flop


PokerStars Hand #161281272717:  Hold'em Limit ($3/$6 USD) - 2016/11/12 8:06:44 ET
Table 'Thuringia' 6-max Seat #1 is the button
Seat 1: BadBoyKillla ($57.54 in chips)
Seat 6: ABATAPP ($100.64 in chips)
BadBoyKillla: posts small blind $1
ABATAPP: posts big blind $3
*** HOLE CARDS ***
BadBoyKillla: folds
Uncalled bet ($2) returned to ABATAPP
ABATAPP collected $2 from pot
ABATAPP: doesn't show hand
*** SUMMARY ***
Total pot $2 | Rake $0
Seat 1: BadBoyKillla (button) (small blind) folded before Flop
Seat 6: ABATAPP (big blind) collected ($2)


PokerStars Hand #161281268936:  Hold'em Limit ($3/$6 USD) - 2016/11/12 8:06:38 ET
Table 'Thuringia' 6-max Seat #6 is the button
Seat 1: BadBoyKillla ($56.54 in chips)
Seat 6: ABATAPP ($101.64 in chips)
ABATAPP: posts small blind $1
BadBoyKillla: posts big blind $3
*** HOLE CARDS ***
ABATAPP: folds
Uncalled bet ($2) returned to BadBoyKillla
BadBoyKillla collected $2 from pot
*** SUMMARY ***
Total pot $2 | Rake $0
Seat 1: BadBoyKillla (big blind) collected ($2)
Seat 6: ABATAPP (button) (small blind) folded before Flop


PokerStars Hand #161281261159:  Hold'em Limit ($3/$6 USD) - 2016/11/12 8:06:25 ET
Table 'Thuringia' 6-max Seat #1 is the button
Seat 1: BadBoyKillla ($50.78 in chips)
Seat 6: ABATAPP ($107.64 in chips)
BadBoyKillla: posts small blind $1
ABATAPP: posts big blind $3
*** HOLE CARDS ***
BadBoyKillla: raises $3 to $6
ABATAPP: calls $3
*** FLOP *** [Jh Ah 3d]
ABATAPP: checks
BadBoyKillla: bets $3
ABATAPP: folds
Uncalled bet ($3) returned to BadBoyKillla
BadBoyKillla collected $11.76 from pot
*** SUMMARY ***
Total pot $12 | Rake $0.24
Board [Jh Ah 3d]
Seat 1: BadBoyKillla (button) (small blind) collected ($11.76)
Seat 6: ABATAPP (big blind) folded on the Flop


PokerStars Hand #161281257672:  Hold'em Limit ($3/$6 USD) - 2016/11/12 8:06:19 ET
Table 'Thuringia' 6-max Seat #6 is the button
Seat 1: BadBoyKillla ($49.78 in chips)
Seat 6: ABATAPP ($108.64 in chips)
ABATAPP: posts small blind $1
BadBoyKillla: posts big blind $3
*** HOLE CARDS ***
ABATAPP: folds
Uncalled bet ($2) returned to BadBoyKillla
BadBoyKillla collected $2 from pot
*** SUMMARY ***
Total pot $2 | Rake $0
Seat 1: BadBoyKillla (big blind) collected ($2)
Seat 6: ABATAPP (button) (small blind) folded before Flop


PokerStars Hand #161281242838:  Hold'em Limit ($3/$6 USD) - 2016/11/12 8:05:54 ET
Table 'Thuringia' 6-max Seat #1 is the button
Seat 1: BadBoyKillla ($58.78 in chips)
Seat 6: ABATAPP ($100 in chips)
BadBoyKillla: posts small blind $1
ABATAPP: posts big blind $3
*** HOLE CARDS ***
BadBoyKillla: raises $3 to $6
ABATAPP: calls $3
*** FLOP *** [8d 6d Kh]
ABATAPP: checks
BadBoyKillla: bets $3
ABATAPP: calls $3
*** TURN *** [8d 6d Kh] [7c]
ABATAPP: checks
BadBoyKillla: checks
*** RIVER *** [8d 6d Kh 7c] [Jh]
ABATAPP: checks
BadBoyKillla: checks
*** SHOW DOWN ***
ABATAPP: shows [9d 8h] (a pair of Eights)
BadBoyKillla: mucks hand
ABATAPP collected $17.64 from pot
*** SUMMARY ***
Total pot $18 | Rake $0.36
Board [8d 6d Kh 7c Jh]
Seat 1: BadBoyKillla (button) (small blind) mucked
Seat 6: ABATAPP (big blind) showed [9d 8h] and won ($17.64) with a pair of Eights


PokerStars Hand #161281290462:  Hold'em Limit ($3/$6 USD) - 2016/11/12 8:07:13 ET
Table 'Thuringia' 6-max Seat #1 is the button
Seat 1: BadBoyKillla ($50.54 in chips)
Seat 6: ABATAPP ($107.40 in chips)
BadBoyKillla: posts small blind $1
ABATAPP: posts big blind $3
*** HOLE CARDS ***
BadBoyKillla: raises $3 to $6
ABATAPP: calls $3
*** FLOP *** [2s Js 3c]
ABATAPP: checks
BadBoyKillla: bets $3
ABATAPP: calls $3
*** TURN *** [2s Js 3c] [Th]
ABATAPP: checks
BadBoyKillla: checks
*** RIVER *** [2s Js 3c Th] [7c]
ABATAPP: bets $6
BadBoyKillla: calls $6
*** SHOW DOWN ***
ABATAPP: shows [6s 5c] (high card Jack)
BadBoyKillla: shows [7d 5d] (a pair of Sevens)
BadBoyKillla collected $29.50 from pot
*** SUMMARY ***
Total pot $30 | Rake $0.50
Board [2s Js 3c Th 7c]
Seat 1: BadBoyKillla (button) (small blind) showed [7d 5d] and won ($29.50) with a pair of Sevens
Seat 6: ABATAPP (big blind) showed [6s 5c] and lost with high card Jack


PokerStars Hand #161281303119:  Hold'em Limit ($3/$6 USD) - 2016/11/12 8:07:35 ET
Table 'Thuringia' 6-max Seat #6 is the button
Seat 1: BadBoyKillla ($65.04 in chips)
Seat 6: ABATAPP ($92.40 in chips)
ABATAPP: posts small blind $1
BadBoyKillla: posts big blind $3
*** HOLE CARDS ***
ABATAPP: raises $3 to $6
BadBoyKillla: calls $3
*** FLOP *** [Jc 7d 9s]
BadBoyKillla: checks
ABATAPP: bets $3
BadBoyKillla: folds
Uncalled bet ($3) returned to ABATAPP
ABATAPP collected $11.76 from pot
ABATAPP: doesn't show hand
*** SUMMARY ***
Total pot $12 | Rake $0.24
Board [Jc 7d 9s]
Seat 1: BadBoyKillla (big blind) folded on the Flop
Seat 6: ABATAPP (button) (small blind) collected ($11.76)


PokerStars Hand #161281276488:  Hold'em Limit ($3/$6 USD) - 2016/11/12 8:06:50 ET
Table 'Thuringia' 6-max Seat #6 is the button
Seat 1: BadBoyKillla ($56.54 in chips)
Seat 6: ABATAPP ($101.64 in chips)
ABATAPP: posts small blind $1
BadBoyKillla: posts big blind $3
*** HOLE CARDS ***
ABATAPP: raises $3 to $6
BadBoyKillla: calls $3
*** FLOP *** [6h 7s Ks]
BadBoyKillla: checks
ABATAPP: checks
*** TURN *** [6h 7s Ks] [Qc]
BadBoyKillla: checks
ABATAPP: bets $6
BadBoyKillla: folds
Uncalled bet ($6) returned to ABATAPP
ABATAPP collected $11.76 from pot
ABATAPP: doesn't show hand
*** SUMMARY ***
Total pot $12 | Rake $0.24
Board [6h 7s Ks Qc]
Seat 1: BadBoyKillla (big blind) folded on the Turn
Seat 6: ABATAPP (button) (small blind) collected ($11.76)


PokerStars Hand #161281344235:  Hold'em Limit ($3/$6 USD) - 2016/11/12 8:08:43 ET
Table 'Thuringia' 6-max Seat #1 is the button
Seat 1: BadBoyKillla ($70.54 in chips)
Seat 6: ABATAPP ($85.68 in chips)
BadBoyKillla: posts small blind $1
ABATAPP: posts big blind $3
*** HOLE CARDS ***
BadBoyKillla: folds
Uncalled bet ($2) returned to ABATAPP
ABATAPP collected $2 from pot
ABATAPP: doesn't show hand
*** SUMMARY ***
Total pot $2 | Rake $0
Seat 1: BadBoyKillla (button) (small blind) folded before Flop
Seat 6: ABATAPP (big blind) collected ($2)


PokerStars Hand #161281310000:  Hold'em Limit ($3/$6 USD) - 2016/11/12 8:07:46 ET
Table 'Thuringia' 6-max Seat #1 is the button
Seat 1: BadBoyKillla ($59.04 in chips)
Seat 6: ABATAPP ($98.16 in chips)
BadBoyKillla: posts small blind $1
ABATAPP: posts big blind $3
*** HOLE CARDS ***
BadBoyKillla: raises $3 to $6
ABATAPP: raises $3 to $9
BadBoyKillla: calls $3
*** FLOP *** [9d 4s 4h]
ABATAPP: bets $3
BadBoyKillla: calls $3
*** TURN *** [9d 4s 4h] [Tc]
ABATAPP: checks
BadBoyKillla: checks
*** RIVER *** [9d 4s 4h Tc] [Js]
ABATAPP: bets $6
BadBoyKillla: folds
Uncalled bet ($6) returned to ABATAPP
ABATAPP collected $23.52 from pot
ABATAPP: doesn't show hand
*** SUMMARY ***
Total pot $24 | Rake $0.48
Board [9d 4s 4h Tc Js]
Seat 1: BadBoyKillla (button) (small blind) folded on the River
Seat 6: ABATAPP (big blind) collected ($23.52)


PokerStars Hand #161281326530:  Hold'em Limit ($3/$6 USD) - 2016/11/12 8:08:13 ET
Table 'Thuringia' 6-max Seat #6 is the button
Seat 1: BadBoyKillla ($47.04 in chips)
Seat 6: ABATAPP ($109.68 in chips)
ABATAPP: posts small blind $1
BadBoyKillla: posts big blind $3
*** HOLE CARDS ***
ABATAPP: raises $3 to $6
BadBoyKillla: calls $3
*** FLOP *** [4c 7c 4h]
BadBoyKillla: checks
ABATAPP: bets $3
BadBoyKillla: raises $3 to $6
ABATAPP: calls $3
*** TURN *** [4c 7c 4h] [3d]
BadBoyKillla: bets $6
ABATAPP: calls $6
*** RIVER *** [4c 7c 4h 3d] [Ts]
BadBoyKillla: bets $6
ABATAPP: calls $6
*** SHOW DOWN ***
BadBoyKillla: shows [Kc 7s] (two pair, Sevens and Fours)
ABATAPP: mucks hand
BadBoyKillla collected $47.50 from pot
*** SUMMARY ***
Total pot $48 | Rake $0.50
Board [4c 7c 4h 3d Ts]
Seat 1: BadBoyKillla (big blind) showed [Kc 7s] and won ($47.50) with two pair, Sevens and Fours
Seat 6: ABATAPP (button) (small blind) mucked


PokerStars Hand #161281363023:  Hold'em Limit ($3/$6 USD) - 2016/11/12 8:09:14 ET
Table 'Thuringia' 6-max Seat #6 is the button
Seat 1: BadBoyKillla ($66.54 in chips)
Seat 6: ABATAPP ($89.44 in chips)
ABATAPP: posts small blind $1
BadBoyKillla: posts big blind $3
*** HOLE CARDS ***
ABATAPP: raises $3 to $6
BadBoyKillla: folds
Uncalled bet ($3) returned to ABATAPP
ABATAPP collected $6 from pot
ABATAPP: doesn't show hand
*** SUMMARY ***
Total pot $6 | Rake $0
Seat 1: BadBoyKillla (big blind) folded before Flop
Seat 6: ABATAPP (button) (small blind) collected ($6)


PokerStars Hand #161281357468:  Hold'em Limit ($3/$6 USD) - 2016/11/12 8:09:05 ET
Table 'Thuringia' 6-max Seat #1 is the button
Seat 1: BadBoyKillla ($63.54 in chips)
Seat 6: ABATAPP ($92.44 in chips)
BadBoyKillla: posts small blind $1
ABATAPP: posts big blind $3
*** HOLE CARDS ***
BadBoyKillla: raises $3 to $6
ABATAPP: folds
Uncalled bet ($3) returned to BadBoyKillla
BadBoyKillla collected $6 from pot
*** SUMMARY ***
Total pot $6 | Rake $0
Seat 1: BadBoyKillla (button) (small blind) collected ($6)
Seat 6: ABATAPP (big blind) folded before Flop


PokerStars Hand #161281348756:  Hold'em Limit ($3/$6 USD) - 2016/11/12 8:08:50 ET
Table 'Thuringia' 6-max Seat #6 is the button
Seat 1: BadBoyKillla ($69.54 in chips)
Seat 6: ABATAPP ($86.68 in chips)
ABATAPP: posts small blind $1
BadBoyKillla: posts big blind $3
*** HOLE CARDS ***
ABATAPP: raises $3 to $6
BadBoyKillla: calls $3
*** FLOP *** [Kd Kh Tc]
BadBoyKillla: checks
ABATAPP: bets $3
BadBoyKillla: folds
Uncalled bet ($3) returned to ABATAPP
ABATAPP collected $11.76 from pot
ABATAPP: doesn't show hand
*** SUMMARY ***
Total pot $12 | Rake $0.24
Board [Kd Kh Tc]
Seat 1: BadBoyKillla (big blind) folded on the Flop
Seat 6: ABATAPP (button) (small blind) collected ($11.76)


PokerStars Hand #161281369162:  Hold'em Limit ($3/$6 USD) - 2016/11/12 8:09:24 ET
Table 'Thuringia' 6-max Seat #1 is the button
Seat 1: BadBoyKillla ($63.54 in chips)
Seat 6: ABATAPP ($92.44 in chips)
BadBoyKillla: posts small blind $1
ABATAPP: posts big blind $3
*** HOLE CARDS ***
BadBoyKillla: raises $3 to $6
ABATAPP: calls $3
*** FLOP *** [5d 4h Ad]
ABATAPP: checks
BadBoyKillla: bets $3
ABATAPP: folds
Uncalled bet ($3) returned to BadBoyKillla
BadBoyKillla collected $11.76 from pot
*** SUMMARY ***
Total pot $12 | Rake $0.24
Board [5d 4h Ad]
Seat 1: BadBoyKillla (button) (small blind) collected ($11.76)
Seat 6: ABATAPP (big blind) folded on the Flop


PokerStars Hand #161281378860:  Hold'em Limit ($3/$6 USD) - 2016/11/12 8:09:40 ET
Table 'Thuringia' 6-max Seat #6 is the button
Seat 1: BadBoyKillla ($69.30 in chips)
Seat 6: ABATAPP ($86.44 in chips)
ABATAPP: posts small blind $1
BadBoyKillla: posts big blind $3
*** HOLE CARDS ***
ABATAPP: raises $3 to $6
BadBoyKillla: calls $3
*** FLOP *** [8d Jc 6h]
BadBoyKillla: checks
ABATAPP: bets $3
BadBoyKillla: calls $3
*** TURN *** [8d Jc 6h] [9d]
BadBoyKillla: checks
ABATAPP: bets $6
BadBoyKillla: calls $6
*** RIVER *** [8d Jc 6h 9d] [Qh]
BadBoyKillla: checks
ABATAPP: bets $6
BadBoyKillla: calls $6
*** SHOW DOWN ***
ABATAPP: shows [9c Tc] (a straight, Eight to Queen)
BadBoyKillla: mucks hand
ABATAPP collected $41.50 from pot
*** SUMMARY ***
Total pot $42 | Rake $0.50
Board [8d Jc 6h 9d Qh]
Seat 1: BadBoyKillla (big blind) mucked
Seat 6: ABATAPP (button) (small blind) showed [9c Tc] and won ($41.50) with a straight, Eight to Queen


PokerStars Hand #161281401800:  Hold'em Limit ($3/$6 USD) - 2016/11/12 8:10:18 ET
Table 'Thuringia' 6-max Seat #1 is the button
Seat 1: BadBoyKillla ($48.30 in chips)
Seat 6: ABATAPP ($106.94 in chips)
BadBoyKillla: posts small blind $1
ABATAPP: posts big blind $3
*** HOLE CARDS ***
BadBoyKillla: raises $3 to $6
ABATAPP: calls $3
*** FLOP *** [9s Ts 6s]
Hordargar joins the table at seat #4
ABATAPP: checks
BadBoyKillla: bets $3
ABATAPP: folds
Uncalled bet ($3) returned to BadBoyKillla
BadBoyKillla collected $11.76 from pot
*** SUMMARY ***
Total pot $12 | Rake $0.24
Board [9s Ts 6s]
Seat 1: BadBoyKillla (button) (small blind) collected ($11.76)
Seat 6: ABATAPP (big blind) folded on the Flop


PokerStars Hand #161281411504:  Hold'em Limit ($3/$6 USD) - 2016/11/12 8:10:35 ET
Table 'Thuringia' 6-max Seat #6 is the button
Seat 1: BadBoyKillla ($54.06 in chips)
Seat 6: ABATAPP ($100.94 in chips)
ABATAPP: posts small blind $1
BadBoyKillla: posts big blind $3
*** HOLE CARDS ***
ABATAPP: raises $3 to $6
BadBoyKillla: calls $3
*** FLOP *** [5c 7d Jd]
BadBoyKillla: checks
Mordnilap joins the table at seat #5
ABATAPP: bets $3
BadBoyKillla: folds
Uncalled bet ($3) returned to ABATAPP
ABATAPP collected $11.76 from pot
ABATAPP: doesn't show hand
*** SUMMARY ***
Total pot $12 | Rake $0.24
Board [5c 7d Jd]
Seat 1: BadBoyKillla (big blind) folded on the Flop
Seat 6: ABATAPP (button) (small blind) collected ($11.76)


PokerStars Hand #161283131232:  Hold'em Limit ($3/$6 USD) - 2016/11/12 8:56:24 ET
Table 'Thuringia' 6-max Seat #1 is the button
Seat 1: BadBoyKillla ($203.27 in chips)
Seat 4: Psynto ($72 in chips)
BadBoyKillla: posts small blind $1
zimin10: is sitting out
Psynto: posts big blind $3
*** HOLE CARDS ***
BadBoyKillla: raises $3 to $6
Psynto: raises $3 to $9
BadBoyKillla: calls $3
*** FLOP *** [6c Ts 3s]
Psynto: bets $3
BadBoyKillla: calls $3
*** TURN *** [6c Ts 3s] [2h]
Psynto: checks
BadBoyKillla: checks
*** RIVER *** [6c Ts 3s 2h] [Ks]
Psynto: bets $6
BadBoyKillla: folds
Uncalled bet ($6) returned to Psynto
Psynto collected $23.52 from pot
Psynto: doesn't show hand
*** SUMMARY ***
Total pot $24 | Rake $0.48
Board [6c Ts 3s 2h Ks]
Seat 1: BadBoyKillla (button) (small blind) folded on the River
Seat 4: Psynto (big blind) collected ($23.52)


PokerStars Hand #161283174624:  Hold'em Limit ($3/$6 USD) - 2016/11/12 8:57:41 ET
Table 'Thuringia' 6-max Seat #1 is the button
Seat 1: BadBoyKillla ($176.03 in chips)
Seat 4: Psynto ($97.78 in chips)
BadBoyKillla: posts small blind $1
Psynto: posts big blind $3
*** HOLE CARDS ***
BadBoyKillla: raises $3 to $6
Psynto: calls $3
*** FLOP *** [8d 4s 9s]
Psynto: checks
BadBoyKillla: bets $3
Psynto: calls $3
*** TURN *** [8d 4s 9s] [8s]
Psynto: checks
BadBoyKillla: bets $6
Psynto: calls $6
*** RIVER *** [8d 4s 9s 8s] [9c]
Psynto: checks
BadBoyKillla: checks
*** SHOW DOWN ***
Psynto: shows [Kc 4h] (two pair, Nines and Eights)
BadBoyKillla: mucks hand
Psynto collected $29.50 from pot
*** SUMMARY ***
Total pot $30 | Rake $0.50
Board [8d 4s 9s 8s 9c]
Seat 1: BadBoyKillla (button) (small blind) mucked
Seat 4: Psynto (big blind) showed [Kc 4h] and won ($29.50) with two pair, Nines and Eights


PokerStars Hand #161283166491:  Hold'em Limit ($3/$6 USD) - 2016/11/12 8:57:27 ET
Table 'Thuringia' 6-max Seat #4 is the button
Seat 1: BadBoyKillla ($182.03 in chips)
Seat 4: Psynto ($92.02 in chips)
Psynto: posts small blind $1
BadBoyKillla: posts big blind $3
*** HOLE CARDS ***
Psynto: raises $3 to $6
BadBoyKillla: calls $3
*** FLOP *** [8h Kd Js]
BadBoyKillla: checks
Psynto: bets $3
BadBoyKillla: folds
Uncalled bet ($3) returned to Psynto
Psynto collected $11.76 from pot
Psynto: doesn't show hand
*** SUMMARY ***
Total pot $12 | Rake $0.24
Board [8h Kd Js]
Seat 1: BadBoyKillla (big blind) folded on the Flop
Seat 4: Psynto (button) (small blind) collected ($11.76)


PokerStars Hand #161283160592:  Hold'em Limit ($3/$6 USD) - 2016/11/12 8:57:16 ET
Table 'Thuringia' 6-max Seat #1 is the button
Seat 1: BadBoyKillla ($176.27 in chips)
Seat 4: Psynto ($98.02 in chips)
BadBoyKillla: posts small blind $1
Psynto: posts big blind $3
*** HOLE CARDS ***
BadBoyKillla: raises $3 to $6
Psynto: calls $3
*** FLOP *** [6h 2h 8d]
Psynto: checks
BadBoyKillla: bets $3
Psynto: folds
Uncalled bet ($3) returned to BadBoyKillla
BadBoyKillla collected $11.76 from pot
*** SUMMARY ***
Total pot $12 | Rake $0.24
Board [6h 2h 8d]
Seat 1: BadBoyKillla (button) (small blind) collected ($11.76)
Seat 4: Psynto (big blind) folded on the Flop


PokerStars Hand #161283150467:  Hold'em Limit ($3/$6 USD) - 2016/11/12 8:56:58 ET
Table 'Thuringia' 6-max Seat #4 is the button
Seat 1: BadBoyKillla ($191.27 in chips)
Seat 4: Psynto ($83.52 in chips)
Psynto: posts small blind $1
BadBoyKillla: posts big blind $3
*** HOLE CARDS ***
Psynto: raises $3 to $6
BadBoyKillla: calls $3
*** FLOP *** [Kh 5h 4d]
BadBoyKillla: checks
Psynto: bets $3
BadBoyKillla: calls $3
*** TURN *** [Kh 5h 4d] [8h]
BadBoyKillla: checks
Psynto: bets $6
BadBoyKillla: calls $6
*** RIVER *** [Kh 5h 4d 8h] [Jc]
BadBoyKillla: checks
Psynto: bets $6
BadBoyKillla: folds
Uncalled bet ($6) returned to Psynto
Psynto collected $29.50 from pot
Psynto: doesn't show hand
*** SUMMARY ***
Total pot $30 | Rake $0.50
Board [Kh 5h 4d 8h Jc]
Seat 1: BadBoyKillla (big blind) folded on the River
Seat 4: Psynto (button) (small blind) collected ($29.50)


PokerStars Hand #161283217683:  Hold'em Limit ($3/$6 USD) - 2016/11/12 8:58:57 ET
Table 'Thuringia' 6-max Seat #4 is the button
Seat 1: BadBoyKillla ($110.03 in chips)
Seat 4: Psynto ($161.70 in chips)
Psynto: posts small blind $1
Mordnilap was removed from the table for failing to post
BadBoyKillla: posts big blind $3
*** HOLE CARDS ***
Psynto: raises $3 to $6
BadBoyKillla: calls $3
*** FLOP *** [Jh Ks As]
BadBoyKillla: checks
Psynto: checks
*** TURN *** [Jh Ks As] [3h]
BadBoyKillla: bets $6
Psynto: calls $6
*** RIVER *** [Jh Ks As 3h] [7h]
BadBoyKillla: bets $6
Psynto: calls $6
*** SHOW DOWN ***
BadBoyKillla: shows [Kc Kd] (three of a kind, Kings)
Psynto: mucks hand
BadBoyKillla collected $35.50 from pot
*** SUMMARY ***
Total pot $36 | Rake $0.50
Board [Jh Ks As 3h 7h]
Seat 1: BadBoyKillla (big blind) showed [Kc Kd] and won ($35.50) with three of a kind, Kings
Seat 4: Psynto (button) (small blind) mucked


PokerStars Hand #161283210095:  Hold'em Limit ($3/$6 USD) - 2016/11/12 8:58:44 ET
Table 'Thuringia' 6-max Seat #1 is the button
Seat 1: BadBoyKillla ($122.03 in chips)
Seat 4: Psynto ($150.18 in chips)
BadBoyKillla: posts small blind $1
Zeeon was removed from the table for failing to post
Psynto: posts big blind $3
*** HOLE CARDS ***
BadBoyKillla: raises $3 to $6
Psynto: calls $3
*** FLOP *** [Qc 7s 2c]
Psynto: checks
BadBoyKillla: bets $3
Psynto: raises $3 to $6
BadBoyKillla: calls $3
*** TURN *** [Qc 7s 2c] [6s]
Zeeon joins the table at seat #3
Psynto: bets $6
BadBoyKillla: folds
Uncalled bet ($6) returned to Psynto
Psynto collected $23.52 from pot
Psynto: doesn't show hand
*** SUMMARY ***
Total pot $24 | Rake $0.48
Board [Qc 7s 2c 6s]
Seat 1: BadBoyKillla (button) (small blind) folded on the Turn
Seat 4: Psynto (big blind) collected ($23.52)


PokerStars Hand #161283204131:  Hold'em Limit ($3/$6 USD) - 2016/11/12 8:58:33 ET
Table 'Thuringia' 6-max Seat #4 is the button
Seat 1: BadBoyKillla ($128.03 in chips)
Seat 4: Psynto ($144.42 in chips)
Psynto: posts small blind $1
ABATAPP was removed from the table for failing to post
BadBoyKillla: posts big blind $3
*** HOLE CARDS ***
Psynto: raises $3 to $6
BadBoyKillla: calls $3
*** FLOP *** [5s Ad Th]
BadBoyKillla: checks
Psynto: bets $3
BadBoyKillla: folds
Uncalled bet ($3) returned to Psynto
Psynto collected $11.76 from pot
Psynto: doesn't show hand
*** SUMMARY ***
Total pot $12 | Rake $0.24
Board [5s Ad Th]
Seat 1: BadBoyKillla (big blind) folded on the Flop
Seat 4: Psynto (button) (small blind) collected ($11.76)


PokerStars Hand #161283193837:  Hold'em Limit ($3/$6 USD) - 2016/11/12 8:58:15 ET
Table 'Thuringia' 6-max Seat #1 is the button
Seat 1: BadBoyKillla ($152.03 in chips)
Seat 4: Psynto ($120.92 in chips)
BadBoyKillla: posts small blind $1
Psynto: posts big blind $3
*** HOLE CARDS ***
BadBoyKillla: raises $3 to $6
Psynto: calls $3
*** FLOP *** [2s 9s 2d]
Psynto: checks
BadBoyKillla: bets $3
Psynto: raises $3 to $6
BadBoyKillla: calls $3
*** TURN *** [2s 9s 2d] [4s]
Psynto: bets $6
BadBoyKillla: calls $6
*** RIVER *** [2s 9s 2d 4s] [2h]
Psynto: bets $6
BadBoyKillla: calls $6
*** SHOW DOWN ***
Psynto: shows [7c 9c] (a full house, Deuces full of Nines)
BadBoyKillla: mucks hand
Psynto collected $47.50 from pot
*** SUMMARY ***
Total pot $48 | Rake $0.50
Board [2s 9s 2d 4s 2h]
Seat 1: BadBoyKillla (button) (small blind) mucked
Seat 4: Psynto (big blind) showed [7c 9c] and won ($47.50) with a full house, Deuces full of Nines


PokerStars Hand #161283185227:  Hold'em Limit ($3/$6 USD) - 2016/11/12 8:58:00 ET
Table 'Thuringia' 6-max Seat #4 is the button
Seat 1: BadBoyKillla ($161.03 in chips)
Seat 4: Psynto ($112.28 in chips)
Psynto: posts small blind $1
BadBoyKillla: posts big blind $3
*** HOLE CARDS ***
Psynto: raises $3 to $6
BadBoyKillla: calls $3
*** FLOP *** [Th 3s 7s]
BadBoyKillla: checks
Psynto: bets $3
BadBoyKillla: calls $3
*** TURN *** [Th 3s 7s] [9h]
BadBoyKillla: checks
Psynto: bets $6
BadBoyKillla: folds
Uncalled bet ($6) returned to Psynto
Psynto collected $17.64 from pot
Psynto: doesn't show hand
*** SUMMARY ***
Total pot $18 | Rake $0.36
Board [Th 3s 7s 9h]
Seat 1: BadBoyKillla (big blind) folded on the Turn
Seat 4: Psynto (button) (small blind) collected ($17.64)


PokerStars Hand #161283525631:  Hold'em Limit ($3/$6 USD) - 2016/11/12 9:06:43 ET
Table 'Thuringia' 6-max Seat #3 is the button
Seat 1: BadBoyKillla ($108.61 in chips)
Seat 3: Zeeon ($134.05 in chips)
Zeeon: posts small blind $1
Psynto: is sitting out
LWNS: is sitting out
TinaTurner72: is sitting out
BadBoyKillla: posts big blind $3
*** HOLE CARDS ***
Zeeon: raises $3 to $6
LWNS leaves the table
Psynto leaves the table
BadBoyKillla: raises $3 to $9
TinaTurner72 leaves the table
Zeeon: calls $3
*** FLOP *** [4d 7h Jc]
BadBoyKillla: bets $3
Zeeon: raises $3 to $6
BadBoyKillla: calls $3
*** TURN *** [4d 7h Jc] [Th]
BadBoyKillla: checks
Zeeon: bets $6
BadBoyKillla: calls $6
*** RIVER *** [4d 7h Jc Th] [3d]
BadBoyKillla: checks
Zeeon: bets $6
BadBoyKillla: calls $6
*** SHOW DOWN ***
Zeeon: shows [7d Ts] (two pair, Tens and Sevens)
BadBoyKillla: mucks hand
Zeeon collected $53.50 from pot
*** SUMMARY ***
Total pot $54 | Rake $0.50
Board [4d 7h Jc Th 3d]
Seat 1: BadBoyKillla (big blind) mucked
Seat 3: Zeeon (button) (small blind) showed [7d Ts] and won ($53.50) with two pair, Tens and Sevens


PokerStars Hand #161283573215:  Hold'em Limit ($3/$6 USD) - 2016/11/12 9:07:54 ET
Table 'Thuringia' 6-max Seat #3 is the button
Seat 1: BadBoyKillla ($86.37 in chips)
Seat 3: Zeeon ($155.31 in chips)
Zeeon: posts small blind $1
BadBoyKillla: posts big blind $3
*** HOLE CARDS ***
Zeeon: raises $3 to $6
BadBoyKillla: raises $3 to $9
Zeeon: calls $3
*** FLOP *** [4h 3h 9h]
BadBoyKillla: bets $3
Zeeon: calls $3
*** TURN *** [4h 3h 9h] [4s]
BadBoyKillla: bets $6
Zeeon: calls $6
*** RIVER *** [4h 3h 9h 4s] [Ac]
BadBoyKillla: bets $6
Zeeon: folds
Uncalled bet ($6) returned to BadBoyKillla
BadBoyKillla collected $35.50 from pot
*** SUMMARY ***
Total pot $36 | Rake $0.50
Board [4h 3h 9h 4s Ac]
Seat 1: BadBoyKillla (big blind) collected ($35.50)
Seat 3: Zeeon (button) (small blind) folded on the River


PokerStars Hand #161283569389:  Hold'em Limit ($3/$6 USD) - 2016/11/12 9:07:48 ET
Table 'Thuringia' 6-max Seat #1 is the button
Seat 1: BadBoyKillla ($83.37 in chips)
Seat 3: Zeeon ($158.31 in chips)
BadBoyKillla: posts small blind $1
Zeeon: posts big blind $3
*** HOLE CARDS ***
BadBoyKillla: raises $3 to $6
Zeeon: folds
Uncalled bet ($3) returned to BadBoyKillla
BadBoyKillla collected $6 from pot
*** SUMMARY ***
Total pot $6 | Rake $0
Seat 1: BadBoyKillla (button) (small blind) collected ($6)
Seat 3: Zeeon (big blind) folded before Flop


PokerStars Hand #161283564945:  Hold'em Limit ($3/$6 USD) - 2016/11/12 9:07:42 ET
Table 'Thuringia' 6-max Seat #3 is the button
Seat 1: BadBoyKillla ($82.37 in chips)
Seat 3: Zeeon ($159.31 in chips)
Zeeon: posts small blind $1
BadBoyKillla: posts big blind $3
*** HOLE CARDS ***
Zeeon: folds
Uncalled bet ($2) returned to BadBoyKillla
BadBoyKillla collected $2 from pot
*** SUMMARY ***
Total pot $2 | Rake $0
Seat 1: BadBoyKillla (big blind) collected ($2)
Seat 3: Zeeon (button) (small blind) folded before Flop


PokerStars Hand #161283557367:  Hold'em Limit ($3/$6 USD) - 2016/11/12 9:07:30 ET
Table 'Thuringia' 6-max Seat #1 is the button
Seat 1: BadBoyKillla ($76.61 in chips)
Seat 3: Zeeon ($165.31 in chips)
BadBoyKillla: posts small blind $1
Zeeon: posts big blind $3
*** HOLE CARDS ***
BadBoyKillla: raises $3 to $6
Zeeon: calls $3
*** FLOP *** [3c 2c 5c]
Zeeon: checks
BadBoyKillla: bets $3
Zeeon: folds
Uncalled bet ($3) returned to BadBoyKillla
BadBoyKillla collected $11.76 from pot
*** SUMMARY ***
Total pot $12 | Rake $0.24
Board [3c 2c 5c]
Seat 1: BadBoyKillla (button) (small blind) collected ($11.76)
Seat 3: Zeeon (big blind) folded on the Flop


PokerStars Hand #161283553847:  Hold'em Limit ($3/$6 USD) - 2016/11/12 9:07:25 ET
Table 'Thuringia' 6-max Seat #3 is the button
Seat 1: BadBoyKillla ($75.61 in chips)
Seat 3: Zeeon ($166.31 in chips)
Zeeon: posts small blind $1
BadBoyKillla: posts big blind $3
*** HOLE CARDS ***
Zeeon: folds
Uncalled bet ($2) returned to BadBoyKillla
BadBoyKillla collected $2 from pot
*** SUMMARY ***
Total pot $2 | Rake $0
Seat 1: BadBoyKillla (big blind) collected ($2)
Seat 3: Zeeon (button) (small blind) folded before Flop


PokerStars Hand #161283543767:  Hold'em Limit ($3/$6 USD) - 2016/11/12 9:07:10 ET
Table 'Thuringia' 6-max Seat #1 is the button
Seat 1: BadBoyKillla ($81.61 in chips)
Seat 3: Zeeon ($160.55 in chips)
BadBoyKillla: posts small blind $1
Zeeon: posts big blind $3
*** HOLE CARDS ***
BadBoyKillla: raises $3 to $6
Zeeon: calls $3
*** FLOP *** [5d 6c Qh]
Zeeon: checks
BadBoyKillla: checks
*** TURN *** [5d 6c Qh] [8h]
Zeeon: checks
BadBoyKillla: checks
*** RIVER *** [5d 6c Qh 8h] [Th]
Zeeon: bets $6
BadBoyKillla: folds
Uncalled bet ($6) returned to Zeeon
Zeeon collected $11.76 from pot
Zeeon: doesn't show hand
*** SUMMARY ***
Total pot $12 | Rake $0.24
Board [5d 6c Qh 8h Th]
Seat 1: BadBoyKillla (button) (small blind) folded on the River
Seat 3: Zeeon (big blind) collected ($11.76)


PokerStars Hand #161283605724:  Hold'em Limit ($3/$6 USD) - 2016/11/12 9:08:41 ET
Table 'Thuringia' 6-max Seat #3 is the button
Seat 1: BadBoyKillla ($115.63 in chips)
Seat 3: Zeeon ($125.31 in chips)
Zeeon: posts small blind $1
BadBoyKillla: posts big blind $3
*** HOLE CARDS ***
Zeeon: raises $3 to $6
BadBoyKillla: raises $3 to $9
Zeeon: calls $3
*** FLOP *** [Ah Th Kc]
BadBoyKillla: bets $3
Zeeon: calls $3
*** TURN *** [Ah Th Kc] [5d]
BadBoyKillla: bets $6
Zeeon: calls $6
*** RIVER *** [Ah Th Kc 5d] [As]
BadBoyKillla: bets $6
Zeeon: calls $6
*** SHOW DOWN ***
BadBoyKillla: shows [Tc Jc] (two pair, Aces and Tens)
Zeeon: shows [8h Ks] (two pair, Aces and Kings)
Zeeon collected $47.50 from pot
*** SUMMARY ***
Total pot $48 | Rake $0.50
Board [Ah Th Kc 5d As]
Seat 1: BadBoyKillla (big blind) showed [Tc Jc] and lost with two pair, Aces and Tens
Seat 3: Zeeon (button) (small blind) showed [8h Ks] and won ($47.50) with two pair, Aces and Kings


PokerStars Hand #161283585083:  Hold'em Limit ($3/$6 USD) - 2016/11/12 9:08:11 ET
Table 'Thuringia' 6-max Seat #1 is the button
Seat 1: BadBoyKillla ($103.87 in chips)
Seat 3: Zeeon ($137.31 in chips)
BadBoyKillla: posts small blind $1
Zeeon: posts big blind $3
*** HOLE CARDS ***
BadBoyKillla: raises $3 to $6
Zeeon: folds
Uncalled bet ($3) returned to BadBoyKillla
BadBoyKillla collected $6 from pot
*** SUMMARY ***
Total pot $6 | Rake $0
Seat 1: BadBoyKillla (button) (small blind) collected ($6)
Seat 3: Zeeon (big blind) folded before Flop


PokerStars Hand #161283589349:  Hold'em Limit ($3/$6 USD) - 2016/11/12 9:08:17 ET
Table 'Thuringia' 6-max Seat #3 is the button
Seat 1: BadBoyKillla ($106.87 in chips)
Seat 3: Zeeon ($134.31 in chips)
Zeeon: posts small blind $1
BadBoyKillla: posts big blind $3
*** HOLE CARDS ***
Zeeon: raises $3 to $6
BadBoyKillla: calls $3
*** FLOP *** [7s Kh 4s]
BadBoyKillla: checks
Zeeon: checks
*** TURN *** [7s Kh 4s] [6c]
BadBoyKillla: bets $6
Zeeon: folds
Uncalled bet ($6) returned to BadBoyKillla
BadBoyKillla collected $11.76 from pot
*** SUMMARY ***
Total pot $12 | Rake $0.24
Board [7s Kh 4s 6c]
Seat 1: BadBoyKillla (big blind) collected ($11.76)
Seat 3: Zeeon (button) (small blind) folded on the Turn


PokerStars Hand #161283600255:  Hold'em Limit ($3/$6 USD) - 2016/11/12 9:08:34 ET
Table 'Thuringia' 6-max Seat #1 is the button
Seat 1: BadBoyKillla ($112.63 in chips)
Seat 3: Zeeon ($128.31 in chips)
BadBoyKillla: posts small blind $1
zimin10 was removed from the table for failing to post
Zeeon: posts big blind $3
*** HOLE CARDS ***
BadBoyKillla: raises $3 to $6
Zeeon: folds
Uncalled bet ($3) returned to BadBoyKillla
Mordnilap joins the table at seat #2
BadBoyKillla collected $6 from pot
*** SUMMARY ***
Total pot $6 | Rake $0
Seat 1: BadBoyKillla (button) (small blind) collected ($6)
Seat 3: Zeeon (big blind) folded before Flop


PokerStars Hand #161295167733:  Hold'em Limit ($3/$6 USD) - 2016/11/12 13:18:08 ET
Table 'Thuringia' 6-max Seat #1 is the button
Seat 1: Luanto 14 ($359.62 in chips)
Seat 5: Ultrafranke ($131.52 in chips)
Luanto 14: posts small blind $1
sim5sim5: is sitting out
Ultrafranke: posts big blind $3
*** HOLE CARDS ***
Luanto 14: raises $3 to $6
Ultrafranke: calls $3
*** FLOP *** [7h Ts 9d]
Ultrafranke: checks
Luanto 14: bets $3
Ultrafranke: calls $3
*** TURN *** [7h Ts 9d] [4d]
Ultrafranke: checks
Luanto 14: checks
*** RIVER *** [7h Ts 9d 4d] [4s]
Ultrafranke: bets $6
Luanto 14: calls $6
*** SHOW DOWN ***
Ultrafranke: shows [Tc 2c] (two pair, Tens and Fours)
Luanto 14: mucks hand
Ultrafranke collected $29.50 from pot
*** SUMMARY ***
Total pot $30 | Rake $0.50
Board [7h Ts 9d 4d 4s]
Seat 1: Luanto 14 (button) (small blind) mucked
Seat 5: Ultrafranke (big blind) showed [Tc 2c] and won ($29.50) with two pair, Tens and Fours


PokerStars Hand #161296122936:  Hold'em Limit ($3/$6 USD) - 2016/11/12 13:35:14 ET
Table 'Thuringia' 6-max Seat #4 is the button
Seat 1: Luanto 14 ($354.32 in chips)
Seat 4: sim5sim5 ($114.25 in chips)
sim5sim5: posts small blind $1
Zeeon: is sitting out
Luanto 14: posts big blind $3
*** HOLE CARDS ***
sim5sim5: folds
Uncalled bet ($2) returned to Luanto 14
Luanto 14 collected $2 from pot
Luanto 14: doesn't show hand
*** SUMMARY ***
Total pot $2 | Rake $0
Seat 1: Luanto 14 (big blind) collected ($2)
Seat 4: sim5sim5 (button) (small blind) folded before Flop


