PokerStars Hand #162935406473:  Hold'em Limit ($3/$6 USD) - 2016/12/14 12:01:38 ET
Table 'Thusnelda' 6-max Seat #4 is the button
Seat 4: MTails ($120 in chips)
Seat 5: humlefar ($50 in chips)
MTails: posts small blind $1
humlefar: posts big blind $3
*** HOLE CARDS ***
MTails: raises $3 to $6
humlefar: calls $3
*** FLOP *** [Qh 7d Ts]
kolaz03 joins the table at seat #6
humlefar: checks
MTails: bets $3
humlefar: folds
Uncalled bet ($3) returned to MTails
MTails collected $11.76 from pot
*** SUMMARY ***
Total pot $12 | Rake $0.24
Board [Qh 7d Ts]
Seat 4: MTails (button) (small blind) collected ($11.76)
Seat 5: humlefar (big blind) folded on the Flop


PokerStars Hand #162937918145:  Hold'em Limit ($3/$6 USD) - 2016/12/14 12:52:25 ET
Table 'Thusnelda' 6-max Seat #2 is the button
Seat 2: feilinho ($185.07 in chips)
Seat 6: gurkenfred ($103.33 in chips)
feilinho: posts small blind $1
Zubasa07: is sitting out
VolkovDmitri: is sitting out
gurkenfred: posts big blind $3
*** HOLE CARDS ***
Zubasa07 leaves the table
VolkovDmitri leaves the table
feilinho: raises $3 to $6
gurkenfred: folds
Uncalled bet ($3) returned to feilinho
feilinho collected $6 from pot
*** SUMMARY ***
Total pot $6 | Rake $0
Seat 2: feilinho (button) (small blind) collected ($6)
Seat 6: gurkenfred (big blind) folded before Flop


