PokerStars Hand #168491066743:  Hold'em Limit ($3/$6 USD) - 2017/04/02 17:11:28 ET
Table 'Thusnelda' 6-max Seat #6 is the button
Seat 3: garry67677 ($92.51 in chips)
Seat 6: Jack_Wu1985 ($128.52 in chips)
Jack_Wu1985: posts small blind $1
garry67677: posts big blind $3
*** HOLE CARDS ***
Jack_Wu1985: raises $3 to $6
garry67677: calls $3
*** FLOP *** [2h Td 5c]
garry67677: checks
stasschi joins the table at seat #1
Jack_Wu1985: checks
*** TURN *** [2h Td 5c] [Qs]
garry67677: bets $6
Jack_Wu1985: folds
Uncalled bet ($6) returned to garry67677
garry67677 collected $11.76 from pot
garry67677: doesn't show hand
*** SUMMARY ***
Total pot $12 | Rake $0.24
Board [2h Td 5c Qs]
Seat 3: garry67677 (big blind) collected ($11.76)
Seat 6: Jack_Wu1985 (button) (small blind) folded on the Turn


PokerStars Hand #168491058529:  Hold'em Limit ($3/$6 USD) - 2017/04/02 17:11:20 ET
Table 'Thusnelda' 6-max Seat #3 is the button
Seat 3: garry67677 ($89.51 in chips)
Seat 6: Jack_Wu1985 ($131.52 in chips)
B_loJkl joins the table at seat #4
garry67677: posts small blind $1
Jack_Wu1985: posts big blind $3
*** HOLE CARDS ***
garry67677: raises $3 to $6
Jack_Wu1985: folds
Uncalled bet ($3) returned to garry67677
garry67677 collected $6 from pot
garry67677: doesn't show hand
*** SUMMARY ***
Total pot $6 | Rake $0
Seat 3: garry67677 (button) (small blind) collected ($6)
Seat 6: Jack_Wu1985 (big blind) folded before Flop


PokerStars Hand #168491041083:  Hold'em Limit ($3/$6 USD) - 2017/04/02 17:11:02 ET
Table 'Thusnelda' 6-max Seat #6 is the button
Seat 3: garry67677 ($101.51 in chips)
Seat 6: Jack_Wu1985 ($120 in chips)
Jack_Wu1985: posts small blind $1
garry67677: posts big blind $3
*** HOLE CARDS ***
Jack_Wu1985: raises $3 to $6
garry67677: raises $3 to $9
Jack_Wu1985: calls $3
*** FLOP *** [8h 9h 4h]
garry67677: checks
Jack_Wu1985: bets $3
garry67677: calls $3
*** TURN *** [8h 9h 4h] [5h]
garry67677: checks
Jack_Wu1985: bets $6
garry67677: folds
Uncalled bet ($6) returned to Jack_Wu1985
Jack_Wu1985 collected $23.52 from pot
Jack_Wu1985: doesn't show hand
*** SUMMARY ***
Total pot $24 | Rake $0.48
Board [8h 9h 4h 5h]
Seat 3: garry67677 (big blind) folded on the Turn
Seat 6: Jack_Wu1985 (button) (small blind) collected ($23.52)


PokerStars Hand #168492738992:  Hold'em Limit ($3/$6 USD) - 2017/04/02 17:39:37 ET
Table 'Thusnelda' 6-max Seat #5 is the button
Seat 4: chetos1994 ($18.76 in chips)
Seat 5: krytalex ($98.44 in chips)
krytalex: posts small blind $1
chetos1994: posts big blind $3
*** HOLE CARDS ***
krytalex: folds
Uncalled bet ($2) returned to chetos1994
chetos1994 collected $2 from pot
*** SUMMARY ***
Total pot $2 | Rake $0
Seat 4: chetos1994 (big blind) collected ($2)
Seat 5: krytalex (button) (small blind) folded before Flop


PokerStars Hand #168492733498:  Hold'em Limit ($3/$6 USD) - 2017/04/02 17:39:31 ET
Table 'Thusnelda' 6-max Seat #4 is the button
Seat 4: chetos1994 ($19.76 in chips)
Seat 5: krytalex ($97.44 in chips)
chetos1994: posts small blind $1
krytalex: posts big blind $3
*** HOLE CARDS ***
chetos1994: folds
Uncalled bet ($2) returned to krytalex
krytalex collected $2 from pot
*** SUMMARY ***
Total pot $2 | Rake $0
Seat 4: chetos1994 (button) (small blind) folded before Flop
Seat 5: krytalex (big blind) collected ($2)


PokerStars Hand #168492726131:  Hold'em Limit ($3/$6 USD) - 2017/04/02 17:39:23 ET
Table 'Thusnelda' 6-max Seat #5 is the button
Seat 4: chetos1994 ($18.76 in chips)
Seat 5: krytalex ($98.44 in chips)
krytalex: posts small blind $1
B_loJkl: is sitting out
chetos1994: posts big blind $3
*** HOLE CARDS ***
B_loJkl leaves the table
krytalex: folds
Uncalled bet ($2) returned to chetos1994
chetos1994 collected $2 from pot
*** SUMMARY ***
Total pot $2 | Rake $0
Seat 4: chetos1994 (big blind) collected ($2)
Seat 5: krytalex (button) (small blind) folded before Flop


PokerStars Hand #168492778359:  Hold'em Limit ($3/$6 USD) - 2017/04/02 17:40:19 ET
Table 'Thusnelda' 6-max Seat #5 is the button
Seat 4: chetos1994 ($39.02 in chips)
Seat 5: krytalex ($77.68 in chips)
krytalex: posts small blind $1
chetos1994: posts big blind $3
*** HOLE CARDS ***
krytalex: raises $3 to $6
chetos1994: calls $3
*** FLOP *** [Ks 5c Js]
chetos1994: checks
krytalex: bets $3
chetos1994: calls $3
*** TURN *** [Ks 5c Js] [Th]
chetos1994: checks
krytalex: bets $6
chetos1994: folds
Uncalled bet ($6) returned to krytalex
krytalex collected $17.64 from pot
*** SUMMARY ***
Total pot $18 | Rake $0.36
Board [Ks 5c Js Th]
Seat 4: chetos1994 (big blind) folded on the Turn
Seat 5: krytalex (button) (small blind) collected ($17.64)


PokerStars Hand #168492749095:  Hold'em Limit ($3/$6 USD) - 2017/04/02 17:39:48 ET
Table 'Thusnelda' 6-max Seat #4 is the button
Seat 4: chetos1994 ($19.76 in chips)
Seat 5: krytalex ($97.44 in chips)
chetos1994: posts small blind $1
krytalex: posts big blind $3
*** HOLE CARDS ***
chetos1994: raises $3 to $6
krytalex: raises $3 to $9
chetos1994: calls $3
*** FLOP *** [6s Kh 8s]
krytalex: bets $3
chetos1994: raises $3 to $6
krytalex: calls $3
*** TURN *** [6s Kh 8s] [6c]
krytalex: checks
chetos1994: bets $4.76 and is all-in
krytalex: calls $4.76
*** RIVER *** [6s Kh 8s 6c] [Td]
*** SHOW DOWN ***
krytalex: shows [Qc Ah] (a pair of Sixes)
chetos1994: shows [4c Kd] (two pair, Kings and Sixes)
chetos1994 collected $39.02 from pot
*** SUMMARY ***
Total pot $39.52 | Rake $0.50
Board [6s Kh 8s 6c Td]
Seat 4: chetos1994 (button) (small blind) showed [4c Kd] and won ($39.02) with two pair, Kings and Sixes
Seat 5: krytalex (big blind) showed [Qc Ah] and lost with a pair of Sixes


PokerStars Hand #168492803852:  Hold'em Limit ($3/$6 USD) - 2017/04/02 17:40:47 ET
Table 'Thusnelda' 6-max Seat #4 is the button
Seat 4: chetos1994 ($30.02 in chips)
Seat 5: krytalex ($86.32 in chips)
chetos1994: posts small blind $1
krytalex: posts big blind $3
*** HOLE CARDS ***
chetos1994: raises $3 to $6
krytalex: calls $3
*** FLOP *** [Qc 6d 6c]
krytalex: checks
chetos1994: bets $3
krytalex: folds
Uncalled bet ($3) returned to chetos1994
chetos1994 collected $11.76 from pot
*** SUMMARY ***
Total pot $12 | Rake $0.24
Board [Qc 6d 6c]
Seat 4: chetos1994 (button) (small blind) collected ($11.76)
Seat 5: krytalex (big blind) folded on the Flop


PokerStars Hand #168492906073:  Hold'em Limit ($3/$6 USD) - 2017/04/02 17:42:38 ET
Table 'Thusnelda' 6-max Seat #5 is the button
Seat 4: chetos1994 ($17.42 in chips)
Seat 5: krytalex ($98.50 in chips)
krytalex: posts small blind $1
chetos1994: posts big blind $3
*** HOLE CARDS ***
krytalex: folds
Uncalled bet ($2) returned to chetos1994
chetos1994 collected $2 from pot
*** SUMMARY ***
Total pot $2 | Rake $0
Seat 4: chetos1994 (big blind) collected ($2)
Seat 5: krytalex (button) (small blind) folded before Flop


PokerStars Hand #168492862112:  Hold'em Limit ($3/$6 USD) - 2017/04/02 17:41:50 ET
Table 'Thusnelda' 6-max Seat #4 is the button
Seat 4: chetos1994 ($44.42 in chips)
Seat 5: krytalex ($72 in chips)
chetos1994: posts small blind $1
krytalex: posts big blind $3
*** HOLE CARDS ***
chetos1994: raises $3 to $6
krytalex: calls $3
*** FLOP *** [9c Kd 7d]
krytalex: checks
chetos1994: bets $3
krytalex: raises $3 to $6
chetos1994: raises $3 to $9
krytalex: calls $3
*** TURN *** [9c Kd 7d] [2h]
krytalex: checks
chetos1994: bets $6
krytalex: calls $6
*** RIVER *** [9c Kd 7d 2h] [2d]
krytalex: bets $6
chetos1994: calls $6
*** SHOW DOWN ***
krytalex: shows [3d 5d] (a flush, King high)
chetos1994: mucks hand
krytalex collected $53.50 from pot
*** SUMMARY ***
Total pot $54 | Rake $0.50
Board [9c Kd 7d 2h 2d]
Seat 4: chetos1994 (button) (small blind) mucked
Seat 5: krytalex (big blind) showed [3d 5d] and won ($53.50) with a flush, King high


PokerStars Hand #168492832475:  Hold'em Limit ($3/$6 USD) - 2017/04/02 17:41:18 ET
Table 'Thusnelda' 6-max Seat #5 is the button
Seat 4: chetos1994 ($35.78 in chips)
Seat 5: krytalex ($80.32 in chips)
krytalex: posts small blind $1
chetos1994: posts big blind $3
*** HOLE CARDS ***
krytalex: raises $3 to $6
chetos1994: raises $3 to $9
krytalex: calls $3
*** FLOP *** [4c 5s Kc]
chetos1994: bets $3
krytalex: folds
Uncalled bet ($3) returned to chetos1994
chetos1994 collected $17.64 from pot
*** SUMMARY ***
Total pot $18 | Rake $0.36
Board [4c 5s Kc]
Seat 4: chetos1994 (big blind) collected ($17.64)
Seat 5: krytalex (button) (small blind) folded on the Flop


PokerStars Hand #168492946509:  Hold'em Limit ($3/$6 USD) - 2017/04/02 17:43:22 ET
Table 'Thusnelda' 6-max Seat #5 is the button
Seat 4: chetos1994 ($24.18 in chips)
Seat 5: krytalex ($91.50 in chips)
krytalex: posts small blind $1
chetos1994: posts big blind $3
*** HOLE CARDS ***
krytalex: raises $3 to $6
chetos1994: raises $3 to $9
krytalex: calls $3
*** FLOP *** [5s 8d Jd]
chetos1994: bets $3
krytalex: calls $3
*** TURN *** [5s 8d Jd] [Kh]
chetos1994: checks
krytalex: checks
*** RIVER *** [5s 8d Jd Kh] [Ts]
chetos1994: checks
krytalex: checks
*** SHOW DOWN ***
chetos1994: shows [Ac Th] (a pair of Tens)
krytalex: mucks hand
chetos1994 collected $23.52 from pot
*** SUMMARY ***
Total pot $24 | Rake $0.48
Board [5s 8d Jd Kh Ts]
Seat 4: chetos1994 (big blind) showed [Ac Th] and won ($23.52) with a pair of Tens
Seat 5: krytalex (button) (small blind) mucked


PokerStars Hand #168492940577:  Hold'em Limit ($3/$6 USD) - 2017/04/02 17:43:15 ET
Table 'Thusnelda' 6-max Seat #4 is the button
Seat 4: chetos1994 ($25.18 in chips)
Seat 5: krytalex ($90.50 in chips)
chetos1994: posts small blind $1
krytalex: posts big blind $3
*** HOLE CARDS ***
chetos1994: folds
Uncalled bet ($2) returned to krytalex
krytalex collected $2 from pot
*** SUMMARY ***
Total pot $2 | Rake $0
Seat 4: chetos1994 (button) (small blind) folded before Flop
Seat 5: krytalex (big blind) collected ($2)


PokerStars Hand #168492935535:  Hold'em Limit ($3/$6 USD) - 2017/04/02 17:43:10 ET
Table 'Thusnelda' 6-max Seat #5 is the button
Seat 4: chetos1994 ($24.18 in chips)
Seat 5: krytalex ($91.50 in chips)
krytalex: posts small blind $1
chetos1994: posts big blind $3
*** HOLE CARDS ***
krytalex: folds
Uncalled bet ($2) returned to chetos1994
chetos1994 collected $2 from pot
*** SUMMARY ***
Total pot $2 | Rake $0
Seat 4: chetos1994 (big blind) collected ($2)
Seat 5: krytalex (button) (small blind) folded before Flop


PokerStars Hand #168492911585:  Hold'em Limit ($3/$6 USD) - 2017/04/02 17:42:44 ET
Table 'Thusnelda' 6-max Seat #4 is the button
Seat 4: chetos1994 ($18.42 in chips)
Seat 5: krytalex ($97.50 in chips)
chetos1994: posts small blind $1
krytalex: posts big blind $3
*** HOLE CARDS ***
chetos1994: raises $3 to $6
krytalex: calls $3
*** FLOP *** [7d Kh 3c]
krytalex: checks
chetos1994: bets $3
krytalex: folds
Uncalled bet ($3) returned to chetos1994
chetos1994 collected $11.76 from pot
*** SUMMARY ***
Total pot $12 | Rake $0.24
Board [7d Kh 3c]
Seat 4: chetos1994 (button) (small blind) collected ($11.76)
Seat 5: krytalex (big blind) folded on the Flop


PokerStars Hand #168492985282:  Hold'em Limit ($3/$6 USD) - 2017/04/02 17:44:04 ET
Table 'Thusnelda' 6-max Seat #4 is the button
Seat 4: chetos1994 ($31.70 in chips)
Seat 5: krytalex ($83.50 in chips)
chetos1994: posts small blind $1
krytalex: posts big blind $3
*** HOLE CARDS ***
chetos1994: raises $3 to $6
krytalex: folds
Uncalled bet ($3) returned to chetos1994
chetos1994 collected $6 from pot
*** SUMMARY ***
Total pot $6 | Rake $0
Seat 4: chetos1994 (button) (small blind) collected ($6)
Seat 5: krytalex (big blind) folded before Flop


PokerStars Hand #168493007001:  Hold'em Limit ($3/$6 USD) - 2017/04/02 17:44:28 ET
Table 'Thusnelda' 6-max Seat #4 is the button
Seat 4: chetos1994 ($35.70 in chips)
Seat 5: krytalex ($79.50 in chips)
chetos1994: posts small blind $1
krytalex: posts big blind $3
*** HOLE CARDS ***
chetos1994: folds
Uncalled bet ($2) returned to krytalex
krytalex collected $2 from pot
*** SUMMARY ***
Total pot $2 | Rake $0
Seat 4: chetos1994 (button) (small blind) folded before Flop
Seat 5: krytalex (big blind) collected ($2)


PokerStars Hand #168492998132:  Hold'em Limit ($3/$6 USD) - 2017/04/02 17:44:18 ET
Table 'Thusnelda' 6-max Seat #5 is the button
Seat 4: chetos1994 ($34.70 in chips)
Seat 5: krytalex ($80.50 in chips)
krytalex: posts small blind $1
chetos1994: posts big blind $3
*** HOLE CARDS ***
krytalex: folds
Uncalled bet ($2) returned to chetos1994
chetos1994 collected $2 from pot
*** SUMMARY ***
Total pot $2 | Rake $0
Seat 4: chetos1994 (big blind) collected ($2)
Seat 5: krytalex (button) (small blind) folded before Flop


PokerStars Hand #168492971871:  Hold'em Limit ($3/$6 USD) - 2017/04/02 17:43:49 ET
Table 'Thusnelda' 6-max Seat #4 is the button
Seat 4: chetos1994 ($35.70 in chips)
Seat 5: krytalex ($79.50 in chips)
chetos1994: posts small blind $1
krytalex: posts big blind $3
*** HOLE CARDS ***
chetos1994: folds
Uncalled bet ($2) returned to krytalex
krytalex collected $2 from pot
*** SUMMARY ***
Total pot $2 | Rake $0
Seat 4: chetos1994 (button) (small blind) folded before Flop
Seat 5: krytalex (big blind) collected ($2)


PokerStars Hand #168492976534:  Hold'em Limit ($3/$6 USD) - 2017/04/02 17:43:54 ET
Table 'Thusnelda' 6-max Seat #5 is the button
Seat 4: chetos1994 ($34.70 in chips)
Seat 5: krytalex ($80.50 in chips)
krytalex: posts small blind $1
chetos1994: posts big blind $3
*** HOLE CARDS ***
krytalex: raises $3 to $6
chetos1994: folds
Uncalled bet ($3) returned to krytalex
krytalex collected $6 from pot
*** SUMMARY ***
Total pot $6 | Rake $0
Seat 4: chetos1994 (big blind) folded before Flop
Seat 5: krytalex (button) (small blind) collected ($6)


PokerStars Hand #168493012025:  Hold'em Limit ($3/$6 USD) - 2017/04/02 17:44:33 ET
Table 'Thusnelda' 6-max Seat #5 is the button
Seat 4: chetos1994 ($34.70 in chips)
Seat 5: krytalex ($80.50 in chips)
krytalex: posts small blind $1
chetos1994: posts big blind $3
*** HOLE CARDS ***
krytalex: raises $3 to $6
chetos1994: raises $3 to $9
krytalex: calls $3
*** FLOP *** [2s Kc 6c]
chetos1994: bets $3
krytalex: folds
Uncalled bet ($3) returned to chetos1994
chetos1994 collected $17.64 from pot
*** SUMMARY ***
Total pot $18 | Rake $0.36
Board [2s Kc 6c]
Seat 4: chetos1994 (big blind) collected ($17.64)
Seat 5: krytalex (button) (small blind) folded on the Flop


PokerStars Hand #168493034565:  Hold'em Limit ($3/$6 USD) - 2017/04/02 17:44:58 ET
Table 'Thusnelda' 6-max Seat #4 is the button
Seat 4: chetos1994 ($43.34 in chips)
Seat 5: krytalex ($72 in chips)
chetos1994: posts small blind $1
krytalex: posts big blind $3
*** HOLE CARDS ***
chetos1994: raises $3 to $6
krytalex: raises $3 to $9
chetos1994: raises $3 to $12
Betting is capped
krytalex: calls $3
*** FLOP *** [Ac Qs Jc]
krytalex: checks
chetos1994: bets $3
krytalex: folds
Uncalled bet ($3) returned to chetos1994
chetos1994 collected $23.52 from pot
*** SUMMARY ***
Total pot $24 | Rake $0.48
Board [Ac Qs Jc]
Seat 4: chetos1994 (button) (small blind) collected ($23.52)
Seat 5: krytalex (big blind) folded on the Flop


