PokerStars Hand #166589330760:  Hold'em Limit ($3/$6 USD) - 2017/02/22 2:54:20 ET
Table 'Thusnelda' 6-max Seat #3 is the button
Seat 3: anubis.o ($120 in chips)
Seat 4: Agrotait ($72 in chips)
anubis.o: posts small blind $1
Agrotait: posts big blind $3
*** HOLE CARDS ***
anubis.o: raises $3 to $6
Agrotait: folds
Uncalled bet ($3) returned to anubis.o
anubis.o collected $6 from pot
*** SUMMARY ***
Total pot $6 | Rake $0
Seat 3: anubis.o (button) (small blind) collected ($6)
Seat 4: Agrotait (big blind) folded before Flop


PokerStars Hand #166589355660:  Hold'em Limit ($3/$6 USD) - 2017/02/22 2:55:47 ET
Table 'Thusnelda' 6-max Seat #3 is the button
Seat 3: anubis.o ($108 in chips)
Seat 4: Agrotait ($83.50 in chips)
anubis.o: posts small blind $1
Agrotait: posts big blind $3
*** HOLE CARDS ***
anubis.o: raises $3 to $6
Agrotait: folds
Uncalled bet ($3) returned to anubis.o
anubis.o collected $6 from pot
anubis.o: doesn't show hand
*** SUMMARY ***
Total pot $6 | Rake $0
Seat 3: anubis.o (button) (small blind) collected ($6)
Seat 4: Agrotait (big blind) folded before Flop


PokerStars Hand #166589337206:  Hold'em Limit ($3/$6 USD) - 2017/02/22 2:54:41 ET
Table 'Thusnelda' 6-max Seat #4 is the button
Seat 3: anubis.o ($123 in chips)
Seat 4: Agrotait ($69 in chips)
Agrotait: posts small blind $1
anubis.o: posts big blind $3
*** HOLE CARDS ***
Agrotait: raises $3 to $6
anubis.o: calls $3
*** FLOP *** [Ks 7h 8c]
anubis.o: checks
Agrotait: bets $3
anubis.o: calls $3
*** TURN *** [Ks 7h 8c] [6s]
anubis.o: checks
Agrotait: bets $6
anubis.o: calls $6
*** RIVER *** [Ks 7h 8c 6s] [Ts]
anubis.o: checks
Agrotait: bets $6
anubis.o: folds
Uncalled bet ($6) returned to Agrotait
Agrotait collected $29.50 from pot
Agrotait: doesn't show hand
*** SUMMARY ***
Total pot $30 | Rake $0.50
Board [Ks 7h 8c 6s Ts]
Seat 3: anubis.o (big blind) folded on the River
Seat 4: Agrotait (button) (small blind) collected ($29.50)


PokerStars Hand #166589369121:  Hold'em Limit ($3/$6 USD) - 2017/02/22 2:56:35 ET
Table 'Thusnelda' 6-max Seat #3 is the button
Seat 3: anubis.o ($87 in chips)
Seat 4: Agrotait ($104 in chips)
anubis.o: posts small blind $1
Agrotait: posts big blind $3
*** HOLE CARDS ***
anubis.o: raises $3 to $6
Agrotait: raises $3 to $9
anubis.o: calls $3
*** FLOP *** [5c 9s Tc]
Chessnok joins the table at seat #5
Agrotait: bets $3
anubis.o: calls $3
*** TURN *** [5c 9s Tc] [4c]
Agrotait: bets $6
anubis.o: calls $6
*** RIVER *** [5c 9s Tc 4c] [Kd]
Agrotait: bets $6
anubis.o: calls $6
*** SHOW DOWN ***
Agrotait: shows [Jc Qc] (a flush, Queen high)
anubis.o: mucks hand
Agrotait collected $47.50 from pot
*** SUMMARY ***
Total pot $48 | Rake $0.50
Board [5c 9s Tc 4c Kd]
Seat 3: anubis.o (button) (small blind) mucked
Seat 4: Agrotait (big blind) showed [Jc Qc] and won ($47.50) with a flush, Queen high


PokerStars Hand #166589358060:  Hold'em Limit ($3/$6 USD) - 2017/02/22 2:55:56 ET
Table 'Thusnelda' 6-max Seat #4 is the button
Seat 3: anubis.o ($111 in chips)
Seat 4: Agrotait ($80.50 in chips)
Agrotait: posts small blind $1
anubis.o: posts big blind $3
*** HOLE CARDS ***
Agrotait: raises $3 to $6
anubis.o: raises $3 to $9
Agrotait: calls $3
*** FLOP *** [Tc 7c 6c]
anubis.o: bets $3
Agrotait: calls $3
*** TURN *** [Tc 7c 6c] [5s]
anubis.o: bets $6
Agrotait: calls $6
*** RIVER *** [Tc 7c 6c 5s] [Kh]
KIT426 joins the table at seat #2
anubis.o: bets $6
Agrotait: calls $6
*** SHOW DOWN ***
anubis.o: shows [5d Ac] (a pair of Fives)
Agrotait: shows [6s 9s] (a pair of Sixes)
Agrotait collected $47.50 from pot
*** SUMMARY ***
Total pot $48 | Rake $0.50
Board [Tc 7c 6c 5s Kh]
Seat 3: anubis.o (big blind) showed [5d Ac] and lost with a pair of Fives
Seat 4: Agrotait (button) (small blind) showed [6s 9s] and won ($47.50) with a pair of Sixes


PokerStars Hand #166590288866:  Hold'em Limit ($3/$6 USD) - 2017/02/22 3:44:48 ET
Table 'Thusnelda' 6-max Seat #3 is the button
Seat 3: ABATAPP ($160.09 in chips)
Seat 4: aremom4e ($103.38 in chips)
ABATAPP: posts small blind $1
aremom4e: posts big blind $3
*** HOLE CARDS ***
ABATAPP: raises $3 to $6
aremom4e: calls $3
*** FLOP *** [2s Kc Js]
aremom4e: checks
ABATAPP: bets $3
aremom4e: folds
Uncalled bet ($3) returned to ABATAPP
ABATAPP collected $11.76 from pot
ABATAPP: doesn't show hand
*** SUMMARY ***
Total pot $12 | Rake $0.24
Board [2s Kc Js]
Seat 3: ABATAPP (button) (small blind) collected ($11.76)
Seat 4: aremom4e (big blind) folded on the Flop


PokerStars Hand #166590292654:  Hold'em Limit ($3/$6 USD) - 2017/02/22 3:45:00 ET
Table 'Thusnelda' 6-max Seat #4 is the button
Seat 3: ABATAPP ($165.85 in chips)
Seat 4: aremom4e ($97.38 in chips)
aremom4e: posts small blind $1
ABATAPP: posts big blind $3
*** HOLE CARDS ***
aremom4e: raises $3 to $6
ABATAPP: folds
Uncalled bet ($3) returned to aremom4e
aremom4e collected $6 from pot
aremom4e: doesn't show hand
*** SUMMARY ***
Total pot $6 | Rake $0
Seat 3: ABATAPP (big blind) folded before Flop
Seat 4: aremom4e (button) (small blind) collected ($6)


PokerStars Hand #166590296777:  Hold'em Limit ($3/$6 USD) - 2017/02/22 3:45:12 ET
Table 'Thusnelda' 6-max Seat #4 is the button
Seat 3: ABATAPP ($161.85 in chips)
Seat 4: aremom4e ($101.38 in chips)
aremom4e: posts small blind $1
ABATAPP: posts big blind $3
*** HOLE CARDS ***
aremom4e: folds
Uncalled bet ($2) returned to ABATAPP
ABATAPP collected $2 from pot
ABATAPP: doesn't show hand
*** SUMMARY ***
Total pot $2 | Rake $0
Seat 3: ABATAPP (big blind) collected ($2)
Seat 4: aremom4e (button) (small blind) folded before Flop


PokerStars Hand #166590295094:  Hold'em Limit ($3/$6 USD) - 2017/02/22 3:45:07 ET
Table 'Thusnelda' 6-max Seat #3 is the button
Seat 3: ABATAPP ($162.85 in chips)
Seat 4: aremom4e ($100.38 in chips)
ABATAPP: posts small blind $1
aremom4e: posts big blind $3
*** HOLE CARDS ***
ABATAPP: folds
Uncalled bet ($2) returned to aremom4e
aremom4e collected $2 from pot
aremom4e: doesn't show hand
*** SUMMARY ***
Total pot $2 | Rake $0
Seat 3: ABATAPP (button) (small blind) folded before Flop
Seat 4: aremom4e (big blind) collected ($2)


PokerStars Hand #166590298450:  Hold'em Limit ($3/$6 USD) - 2017/02/22 3:45:17 ET
Table 'Thusnelda' 6-max Seat #3 is the button
Seat 3: ABATAPP ($162.85 in chips)
Seat 4: aremom4e ($100.38 in chips)
ABATAPP: posts small blind $1
aremom4e: posts big blind $3
*** HOLE CARDS ***
ABATAPP: raises $3 to $6
aremom4e: calls $3
*** FLOP *** [6h Qs 6s]
aremom4e: checks
KIT426 joins the table at seat #2
ABATAPP: bets $3
aremom4e: folds
Uncalled bet ($3) returned to ABATAPP
ABATAPP collected $11.76 from pot
ABATAPP: doesn't show hand
*** SUMMARY ***
Total pot $12 | Rake $0.24
Board [6h Qs 6s]
Seat 3: ABATAPP (button) (small blind) collected ($11.76)
Seat 4: aremom4e (big blind) folded on the Flop


PokerStars Hand #166594057912:  Hold'em Limit ($3/$6 USD) - 2017/02/22 6:22:21 ET
Table 'Thusnelda' 6-max Seat #3 is the button
Seat 2: Luanto 14 ($256.99 in chips)
Seat 3: tamnt10549 ($32.92 in chips)
tamnt10549: posts small blind $1
RockKillerTY: is sitting out
Luanto 14: posts big blind $3
*** HOLE CARDS ***
tamnt10549: raises $3 to $6
Luanto 14: calls $3
*** FLOP *** [Kd Jc Ks]
Luanto 14: checks
RockKillerTY leaves the table
tamnt10549: bets $3
Luanto 14: calls $3
*** TURN *** [Kd Jc Ks] [3h]
Luanto 14: checks
tamnt10549: bets $6
Luanto 14: calls $6
*** RIVER *** [Kd Jc Ks 3h] [Qd]
Luanto 14: checks
tamnt10549: checks
*** SHOW DOWN ***
Luanto 14: shows [6s Jh] (two pair, Kings and Jacks)
tamnt10549: mucks hand
Luanto 14 collected $29.50 from pot
*** SUMMARY ***
Total pot $30 | Rake $0.50
Board [Kd Jc Ks 3h Qd]
Seat 2: Luanto 14 (big blind) showed [6s Jh] and won ($29.50) with two pair, Kings and Jacks
Seat 3: tamnt10549 (button) (small blind) mucked


