PokerStars Hand #157559251500:  Hold'em Limit ($3/$6 USD) - 2016/08/21 12:57:24 ET
Table 'Thusnelda' 6-max Seat #4 is the button
Seat 3: kulinichvm ($16 in chips)
Seat 4: Mordnilap ($91.50 in chips)
Mordnilap: posts small blind $1
kulinichvm: posts big blind $3
*** HOLE CARDS ***
Mordnilap: raises $3 to $6
kulinichvm: raises $3 to $9
Mordnilap: calls $3
*** FLOP *** [8d 8c 9c]
kulinichvm: bets $3
Mordnilap: calls $3
*** TURN *** [8d 8c 9c] [7s]
kulinichvm: bets $4 and is all-in
Mordnilap: calls $4
*** RIVER *** [8d 8c 9c 7s] [9d]
*** SHOW DOWN ***
kulinichvm: shows [Jc As] (two pair, Nines and Eights)
Mordnilap: shows [Qh 9s] (a full house, Nines full of Eights)
Mordnilap collected $31.50 from pot
*** SUMMARY ***
Total pot $32 | Rake $0.50
Board [8d 8c 9c 7s 9d]
Seat 3: kulinichvm (big blind) showed [Jc As] and lost with two pair, Nines and Eights
Seat 4: Mordnilap (button) (small blind) showed [Qh 9s] and won ($31.50) with a full house, Nines full of Eights


PokerStars Hand #157559248186:  Hold'em Limit ($3/$6 USD) - 2016/08/21 12:57:18 ET
Table 'Thusnelda' 6-max Seat #3 is the button
Seat 3: kulinichvm ($17 in chips)
Seat 4: Mordnilap ($90.50 in chips)
kulinichvm: posts small blind $1
Mordnilap: posts big blind $3
*** HOLE CARDS ***
kulinichvm: folds
Uncalled bet ($2) returned to Mordnilap
Mordnilap collected $2 from pot
Mordnilap: doesn't show hand
*** SUMMARY ***
Total pot $2 | Rake $0
Seat 3: kulinichvm (button) (small blind) folded before Flop
Seat 4: Mordnilap (big blind) collected ($2)


PokerStars Hand #157559225699:  Hold'em Limit ($3/$6 USD) - 2016/08/21 12:56:37 ET
Table 'Thusnelda' 6-max Seat #4 is the button
Seat 3: kulinichvm ($35 in chips)
Seat 4: Mordnilap ($73 in chips)
Mordnilap: posts small blind $1
kulinichvm: posts big blind $3
*** HOLE CARDS ***
Mordnilap: raises $3 to $6
kulinichvm: calls $3
*** FLOP *** [Ad 9d 7s]
kulinichvm: bets $3
Mordnilap: raises $3 to $6
kulinichvm: calls $3
*** TURN *** [Ad 9d 7s] [5c]
kulinichvm: checks
Mordnilap: bets $6
kulinichvm: calls $6
*** RIVER *** [Ad 9d 7s 5c] [3c]
kulinichvm: checks
Mordnilap: checks
*** SHOW DOWN ***
kulinichvm: shows [Jd 8d] (high card Ace)
Mordnilap: shows [Js 5s] (a pair of Fives)
Mordnilap collected $35.50 from pot
*** SUMMARY ***
Total pot $36 | Rake $0.50
Board [Ad 9d 7s 5c 3c]
Seat 3: kulinichvm (big blind) showed [Jd 8d] and lost with high card Ace
Seat 4: Mordnilap (button) (small blind) showed [Js 5s] and won ($35.50) with a pair of Fives


PokerStars Hand #157559391234:  Hold'em Limit ($3/$6 USD) - 2016/08/21 13:01:28 ET
Table 'Thusnelda' 6-max Seat #4 is the button
Seat 4: Mordnilap ($108 in chips)
Seat 5: jememoi ($44.83 in chips)
Mordnilap: posts small blind $1
jememoi: posts big blind $3
*** HOLE CARDS ***
Mordnilap: raises $3 to $6
jememoi: calls $3
*** FLOP *** [4d As Ts]
jememoi: checks
Mordnilap: bets $3
jememoi: raises $3 to $6
Mordnilap: folds
Uncalled bet ($3) returned to jememoi
jememoi collected $17.64 from pot
jememoi: doesn't show hand
*** SUMMARY ***
Total pot $18 | Rake $0.36
Board [4d As Ts]
Seat 4: Mordnilap (button) (small blind) folded on the Flop
Seat 5: jememoi (big blind) collected ($17.64)


PokerStars Hand #157559406946:  Hold'em Limit ($3/$6 USD) - 2016/08/21 13:01:51 ET
Table 'Thusnelda' 6-max Seat #4 is the button
Seat 4: Mordnilap ($100 in chips)
Seat 5: jememoi ($52.47 in chips)
Mordnilap: posts small blind $1
jememoi: posts big blind $3
*** HOLE CARDS ***
Mordnilap: raises $3 to $6
jememoi: raises $3 to $9
Mordnilap: calls $3
*** FLOP *** [2d 4h Ah]
jememoi: bets $3
Mordnilap: folds
Uncalled bet ($3) returned to jememoi
jememoi collected $17.64 from pot
jememoi: doesn't show hand
*** SUMMARY ***
Total pot $18 | Rake $0.36
Board [2d 4h Ah]
Seat 4: Mordnilap (button) (small blind) folded on the Flop
Seat 5: jememoi (big blind) collected ($17.64)


PokerStars Hand #157559403429:  Hold'em Limit ($3/$6 USD) - 2016/08/21 13:01:46 ET
Table 'Thusnelda' 6-max Seat #5 is the button
Seat 4: Mordnilap ($99 in chips)
Seat 5: jememoi ($53.47 in chips)
jememoi: posts small blind $1
Mordnilap: posts big blind $3
*** HOLE CARDS ***
jememoi: folds
Uncalled bet ($2) returned to Mordnilap
Mordnilap collected $2 from pot
Mordnilap: doesn't show hand
*** SUMMARY ***
Total pot $2 | Rake $0
Seat 4: Mordnilap (big blind) collected ($2)
Seat 5: jememoi (button) (small blind) folded before Flop


PokerStars Hand #157559424383:  Hold'em Limit ($3/$6 USD) - 2016/08/21 13:02:15 ET
Table 'Thusnelda' 6-max Seat #5 is the button
Seat 4: Mordnilap ($91 in chips)
Seat 5: jememoi ($61.11 in chips)
jememoi: posts small blind $1
Mordnilap: posts big blind $3
*** HOLE CARDS ***
jememoi: raises $3 to $6
Mordnilap: folds
Uncalled bet ($3) returned to jememoi
jememoi collected $6 from pot
jememoi: doesn't show hand
*** SUMMARY ***
Total pot $6 | Rake $0
Seat 4: Mordnilap (big blind) folded before Flop
Seat 5: jememoi (button) (small blind) collected ($6)


PokerStars Hand #157559431425:  Hold'em Limit ($3/$6 USD) - 2016/08/21 13:02:25 ET
Table 'Thusnelda' 6-max Seat #4 is the button
Seat 4: Mordnilap ($88 in chips)
Seat 5: jememoi ($64.11 in chips)
Mordnilap: posts small blind $1
jememoi: posts big blind $3
*** HOLE CARDS ***
Mordnilap: raises $3 to $6
jememoi: calls $3
*** FLOP *** [3s 2d 4h]
jememoi: checks
Mordnilap: bets $3
jememoi: calls $3
*** TURN *** [3s 2d 4h] [5s]
jememoi: checks
Mordnilap: bets $6
jememoi: folds
Uncalled bet ($6) returned to Mordnilap
Mordnilap collected $17.64 from pot
Mordnilap: doesn't show hand
*** SUMMARY ***
Total pot $18 | Rake $0.36
Board [3s 2d 4h 5s]
Seat 4: Mordnilap (button) (small blind) collected ($17.64)
Seat 5: jememoi (big blind) folded on the Turn


PokerStars Hand #157559472514:  Hold'em Limit ($3/$6 USD) - 2016/08/21 13:03:19 ET
Table 'Thusnelda' 6-max Seat #4 is the button
Seat 4: Mordnilap ($105.28 in chips)
Seat 5: jememoi ($46.11 in chips)
Mordnilap: posts small blind $1
jememoi: posts big blind $3
*** HOLE CARDS ***
Mordnilap: raises $3 to $6
jememoi: raises $3 to $9
Mordnilap: calls $3
*** FLOP *** [2d 4h 5d]
jememoi: bets $3
Mordnilap: calls $3
*** TURN *** [2d 4h 5d] [Qd]
jememoi: bets $6
Mordnilap: raises $6 to $12
jememoi: calls $6
*** RIVER *** [2d 4h 5d Qd] [6h]
jememoi: checks
Mordnilap: bets $6
jememoi: calls $6
*** SHOW DOWN ***
Mordnilap: shows [3c 7c] (a straight, Three to Seven)
jememoi: mucks hand
Mordnilap collected $59.50 from pot
*** SUMMARY ***
Total pot $60 | Rake $0.50
Board [2d 4h 5d Qd 6h]
Seat 4: Mordnilap (button) (small blind) showed [3c 7c] and won ($59.50) with a straight, Three to Seven
Seat 5: jememoi (big blind) mucked


PokerStars Hand #157559496200:  Hold'em Limit ($3/$6 USD) - 2016/08/21 13:03:50 ET
Table 'Thusnelda' 6-max Seat #4 is the button
Seat 4: Mordnilap ($135.78 in chips)
Seat 5: jememoi ($15.11 in chips)
Mordnilap: posts small blind $1
jememoi: posts big blind $3
*** HOLE CARDS ***
Mordnilap: raises $3 to $6
jememoi: raises $3 to $9
Mordnilap: calls $3
*** FLOP *** [5s 3d Td]
jememoi: bets $3
Mordnilap: raises $3 to $6
jememoi: raises $0.11 to $6.11 and is all-in
Mordnilap: calls $0.11
*** TURN *** [5s 3d Td] [7c]
*** RIVER *** [5s 3d Td 7c] [Kc]
*** SHOW DOWN ***
jememoi: shows [Th 9h] (a pair of Tens)
Mordnilap: shows [6h Kh] (a pair of Kings)
Mordnilap collected $29.72 from pot
*** SUMMARY ***
Total pot $30.22 | Rake $0.50
Board [5s 3d Td 7c Kc]
Seat 4: Mordnilap (button) (small blind) showed [6h Kh] and won ($29.72) with a pair of Kings
Seat 5: jememoi (big blind) showed [Th 9h] and lost with a pair of Tens


PokerStars Hand #157559491736:  Hold'em Limit ($3/$6 USD) - 2016/08/21 13:03:44 ET
Table 'Thusnelda' 6-max Seat #5 is the button
Seat 4: Mordnilap ($134.78 in chips)
Seat 5: jememoi ($16.11 in chips)
jememoi: posts small blind $1
Mordnilap: posts big blind $3
*** HOLE CARDS ***
jememoi: folds
Uncalled bet ($2) returned to Mordnilap
Mordnilap collected $2 from pot
Mordnilap: doesn't show hand
*** SUMMARY ***
Total pot $2 | Rake $0
Seat 4: Mordnilap (big blind) collected ($2)
Seat 5: jememoi (button) (small blind) folded before Flop


PokerStars Hand #157560835177:  Hold'em Limit ($3/$6 USD) - 2016/08/21 13:32:19 ET
Table 'Thusnelda' 6-max Seat #4 is the button
Seat 3: humlefar ($69.50 in chips)
Seat 4: BuzovaPro ($98.50 in chips)
BuzovaPro: posts small blind $1
humlefar: posts big blind $3
*** HOLE CARDS ***
BuzovaPro: raises $3 to $6
humlefar: raises $3 to $9
BuzovaPro: calls $3
*** FLOP *** [5c Js 2c]
humlefar: bets $3
BuzovaPro: calls $3
*** TURN *** [5c Js 2c] [2d]
humlefar: bets $6
BuzovaPro: raises $6 to $12
humlefar: folds
Uncalled bet ($6) returned to BuzovaPro
BuzovaPro collected $35.50 from pot
BuzovaPro: doesn't show hand
*** SUMMARY ***
Total pot $36 | Rake $0.50
Board [5c Js 2c 2d]
Seat 3: humlefar (big blind) folded on the Turn
Seat 4: BuzovaPro (button) (small blind) collected ($35.50)


PokerStars Hand #157560817047:  Hold'em Limit ($3/$6 USD) - 2016/08/21 13:31:56 ET
Table 'Thusnelda' 6-max Seat #3 is the button
Seat 3: humlefar ($96.50 in chips)
Seat 4: BuzovaPro ($72 in chips)
humlefar: posts small blind $1
BuzovaPro: posts big blind $3
*** HOLE CARDS ***
humlefar: raises $3 to $6
BuzovaPro: calls $3
*** FLOP *** [2d Kc 3c]
BuzovaPro: checks
humlefar: bets $3
BuzovaPro: calls $3
*** TURN *** [2d Kc 3c] [Ah]
BuzovaPro: checks
humlefar: bets $6
BuzovaPro: calls $6
*** RIVER *** [2d Kc 3c Ah] [Js]
BuzovaPro: checks
humlefar: bets $6
BuzovaPro: raises $6 to $12
humlefar: calls $6
*** SHOW DOWN ***
BuzovaPro: shows [Ks Jd] (two pair, Kings and Jacks)
humlefar: mucks hand
BuzovaPro collected $53.50 from pot
*** SUMMARY ***
Total pot $54 | Rake $0.50
Board [2d Kc 3c Ah Js]
Seat 3: humlefar (button) (small blind) mucked
Seat 4: BuzovaPro (big blind) showed [Ks Jd] and won ($53.50) with two pair, Kings and Jacks


PokerStars Hand #157560800894:  Hold'em Limit ($3/$6 USD) - 2016/08/21 13:31:36 ET
Table 'Thusnelda' 6-max Seat #4 is the button
Seat 3: humlefar ($79 in chips)
Seat 4: BuzovaPro ($73 in chips)
BuzovaPro: posts small blind $1
humlefar: posts big blind $3
*** HOLE CARDS ***
BuzovaPro: raises $3 to $6
humlefar: calls $3
*** FLOP *** [8h 9d 6c]
humlefar: checks
BuzovaPro: checks
*** TURN *** [8h 9d 6c] [7h]
humlefar: bets $6
BuzovaPro: calls $6
*** RIVER *** [8h 9d 6c 7h] [9h]
humlefar: bets $6
BuzovaPro: calls $6
*** SHOW DOWN ***
humlefar: shows [Qs 6s] (two pair, Nines and Sixes)
BuzovaPro: mucks hand
humlefar collected $35.50 from pot
*** SUMMARY ***
Total pot $36 | Rake $0.50
Board [8h 9d 6c 7h 9h]
Seat 3: humlefar (big blind) showed [Qs 6s] and won ($35.50) with two pair, Nines and Sixes
Seat 4: BuzovaPro (button) (small blind) mucked


PokerStars Hand #157560881111:  Hold'em Limit ($3/$6 USD) - 2016/08/21 13:33:17 ET
Table 'Thusnelda' 6-max Seat #3 is the button
Seat 3: humlefar ($92.50 in chips)
Seat 4: BuzovaPro ($74 in chips)
humlefar: posts small blind $1
BuzovaPro: posts big blind $3
*** HOLE CARDS ***
humlefar: raises $3 to $6
BuzovaPro: calls $3
*** FLOP *** [7h 6h Kh]
BuzovaPro: checks
humlefar: bets $3
BuzovaPro: folds
Uncalled bet ($3) returned to humlefar
humlefar collected $11.76 from pot
humlefar: doesn't show hand
*** SUMMARY ***
Total pot $12 | Rake $0.24
Board [7h 6h Kh]
Seat 3: humlefar (button) (small blind) collected ($11.76)
Seat 4: BuzovaPro (big blind) folded on the Flop


PokerStars Hand #157560866487:  Hold'em Limit ($3/$6 USD) - 2016/08/21 13:32:59 ET
Table 'Thusnelda' 6-max Seat #4 is the button
Seat 3: humlefar ($72 in chips)
Seat 4: BuzovaPro ($95 in chips)
BuzovaPro: posts small blind $1
humlefar: posts big blind $3
*** HOLE CARDS ***
BuzovaPro: raises $3 to $6
humlefar: calls $3
*** FLOP *** [Tc Kc Ts]
humlefar: bets $3
BuzovaPro: calls $3
*** TURN *** [Tc Kc Ts] [Ac]
humlefar: bets $6
BuzovaPro: calls $6
*** RIVER *** [Tc Kc Ts Ac] [5c]
humlefar: bets $6
BuzovaPro: calls $6
*** SHOW DOWN ***
humlefar: shows [9c Kd] (a flush, Ace high)
BuzovaPro: mucks hand
humlefar collected $41.50 from pot
*** SUMMARY ***
Total pot $42 | Rake $0.50
Board [Tc Kc Ts Ac 5c]
Seat 3: humlefar (big blind) showed [9c Kd] and won ($41.50) with a flush, Ace high
Seat 4: BuzovaPro (button) (small blind) mucked


PokerStars Hand #157560849560:  Hold'em Limit ($3/$6 USD) - 2016/08/21 13:32:37 ET
Table 'Thusnelda' 6-max Seat #3 is the button
Seat 3: humlefar ($51.50 in chips)
Seat 4: BuzovaPro ($116 in chips)
humlefar: posts small blind $1
BuzovaPro: posts big blind $3
*** HOLE CARDS ***
humlefar: raises $3 to $6
BuzovaPro: calls $3
*** FLOP *** [9d 3s 9s]
BuzovaPro: checks
humlefar: bets $3
BuzovaPro: calls $3
*** TURN *** [9d 3s 9s] [5c]
BuzovaPro: checks
humlefar: bets $6
BuzovaPro: calls $6
*** RIVER *** [9d 3s 9s 5c] [5d]
BuzovaPro: checks
humlefar: bets $6
BuzovaPro: calls $6
*** SHOW DOWN ***
humlefar: shows [5s Qs] (a full house, Fives full of Nines)
BuzovaPro: mucks hand
humlefar collected $41.50 from pot
*** SUMMARY ***
Total pot $42 | Rake $0.50
Board [9d 3s 9s 5c 5d]
Seat 3: humlefar (button) (small blind) showed [5s Qs] and won ($41.50) with a full house, Fives full of Nines
Seat 4: BuzovaPro (big blind) mucked


PokerStars Hand #157560923634:  Hold'em Limit ($3/$6 USD) - 2016/08/21 13:34:11 ET
Table 'Thusnelda' 6-max Seat #4 is the button
Seat 3: humlefar ($68.26 in chips)
Seat 4: BuzovaPro ($101 in chips)
BuzovaPro: posts small blind $1
humlefar: posts big blind $3
*** HOLE CARDS ***
BuzovaPro: raises $3 to $6
humlefar: calls $3
*** FLOP *** [8h 9c 6s]
humlefar: checks
BuzovaPro: checks
*** TURN *** [8h 9c 6s] [Jd]
humlefar: bets $6
BuzovaPro: calls $6
*** RIVER *** [8h 9c 6s Jd] [Ts]
humlefar: bets $6
BuzovaPro: raises $6 to $12
humlefar: raises $6 to $18
BuzovaPro: calls $6
*** SHOW DOWN ***
humlefar: shows [Qc Jh] (a straight, Eight to Queen)
BuzovaPro: mucks hand
humlefar collected $59.50 from pot
*** SUMMARY ***
Total pot $60 | Rake $0.50
Board [8h 9c 6s Jd Ts]
Seat 3: humlefar (big blind) showed [Qc Jh] and won ($59.50) with a straight, Eight to Queen
Seat 4: BuzovaPro (button) (small blind) mucked


PokerStars Hand #157560906634:  Hold'em Limit ($3/$6 USD) - 2016/08/21 13:33:49 ET
Table 'Thusnelda' 6-max Seat #3 is the button
Seat 3: humlefar ($83.26 in chips)
Seat 4: BuzovaPro ($86.50 in chips)
humlefar: posts small blind $1
BuzovaPro: posts big blind $3
*** HOLE CARDS ***
humlefar: raises $3 to $6
BuzovaPro: calls $3
*** FLOP *** [3h 2s Td]
BuzovaPro: checks
humlefar: bets $3
BuzovaPro: calls $3
*** TURN *** [3h 2s Td] [2h]
BuzovaPro: checks
humlefar: bets $6
BuzovaPro: calls $6
*** RIVER *** [3h 2s Td 2h] [2d]
BuzovaPro: checks
humlefar: checks
*** SHOW DOWN ***
BuzovaPro: shows [7s As] (three of a kind, Deuces)
humlefar: mucks hand
BuzovaPro collected $29.50 from pot
*** SUMMARY ***
Total pot $30 | Rake $0.50
Board [3h 2s Td 2h 2d]
Seat 3: humlefar (button) (small blind) mucked
Seat 4: BuzovaPro (big blind) showed [7s As] and won ($29.50) with three of a kind, Deuces


PokerStars Hand #157560892576:  Hold'em Limit ($3/$6 USD) - 2016/08/21 13:33:32 ET
Table 'Thusnelda' 6-max Seat #4 is the button
Seat 3: humlefar ($98.26 in chips)
Seat 4: BuzovaPro ($72 in chips)
BuzovaPro: posts small blind $1
humlefar: posts big blind $3
*** HOLE CARDS ***
BuzovaPro: raises $3 to $6
humlefar: calls $3
*** FLOP *** [3c As Th]
humlefar: bets $3
BuzovaPro: calls $3
*** TURN *** [3c As Th] [Js]
humlefar: bets $6
BuzovaPro: raises $6 to $12
humlefar: folds
Uncalled bet ($6) returned to BuzovaPro
BuzovaPro collected $29.50 from pot
BuzovaPro: doesn't show hand
*** SUMMARY ***
Total pot $30 | Rake $0.50
Board [3c As Th Js]
Seat 3: humlefar (big blind) folded on the Turn
Seat 4: BuzovaPro (button) (small blind) collected ($29.50)


PokerStars Hand #157560975233:  Hold'em Limit ($3/$6 USD) - 2016/08/21 13:35:16 ET
Table 'Thusnelda' 6-max Seat #4 is the button
Seat 3: humlefar ($105.26 in chips)
Seat 4: BuzovaPro ($78.76 in chips)
BuzovaPro: posts small blind $1
humlefar: posts big blind $3
*** HOLE CARDS ***
BuzovaPro: folds
Uncalled bet ($2) returned to humlefar
humlefar collected $2 from pot
humlefar: doesn't show hand
*** SUMMARY ***
Total pot $2 | Rake $0
Seat 3: humlefar (big blind) collected ($2)
Seat 4: BuzovaPro (button) (small blind) folded before Flop


PokerStars Hand #157560970569:  Hold'em Limit ($3/$6 USD) - 2016/08/21 13:35:10 ET
Table 'Thusnelda' 6-max Seat #3 is the button
Seat 3: humlefar ($106.26 in chips)
Seat 4: BuzovaPro ($77.76 in chips)
humlefar: posts small blind $1
BuzovaPro: posts big blind $3
*** HOLE CARDS ***
humlefar: folds
Uncalled bet ($2) returned to BuzovaPro
BuzovaPro collected $2 from pot
BuzovaPro: doesn't show hand
*** SUMMARY ***
Total pot $2 | Rake $0
Seat 3: humlefar (button) (small blind) folded before Flop
Seat 4: BuzovaPro (big blind) collected ($2)


PokerStars Hand #157560957427:  Hold'em Limit ($3/$6 USD) - 2016/08/21 13:34:54 ET
Table 'Thusnelda' 6-max Seat #4 is the button
Seat 3: humlefar ($112.26 in chips)
Seat 4: BuzovaPro ($72 in chips)
BuzovaPro: posts small blind $1
humlefar: posts big blind $3
*** HOLE CARDS ***
BuzovaPro: raises $3 to $6
humlefar: calls $3
*** FLOP *** [3s 9s Kd]
humlefar: checks
BuzovaPro: bets $3
humlefar: folds
Uncalled bet ($3) returned to BuzovaPro
BuzovaPro collected $11.76 from pot
BuzovaPro: doesn't show hand
*** SUMMARY ***
Total pot $12 | Rake $0.24
Board [3s 9s Kd]
Seat 3: humlefar (big blind) folded on the Flop
Seat 4: BuzovaPro (button) (small blind) collected ($11.76)


PokerStars Hand #157560939856:  Hold'em Limit ($3/$6 USD) - 2016/08/21 13:34:31 ET
Table 'Thusnelda' 6-max Seat #3 is the button
Seat 3: humlefar ($97.76 in chips)
Seat 4: BuzovaPro ($72 in chips)
humlefar: posts small blind $1
BuzovaPro: posts big blind $3
*** HOLE CARDS ***
humlefar: raises $3 to $6
BuzovaPro: calls $3
*** FLOP *** [Qc 6d Kc]
BuzovaPro: checks
humlefar: bets $3
BuzovaPro: calls $3
*** TURN *** [Qc 6d Kc] [Js]
BuzovaPro: checks
humlefar: bets $6
BuzovaPro: calls $6
*** RIVER *** [Qc 6d Kc Js] [Tc]
BuzovaPro: checks
humlefar: bets $6
BuzovaPro: folds
Uncalled bet ($6) returned to humlefar
humlefar collected $29.50 from pot
humlefar: doesn't show hand
*** SUMMARY ***
Total pot $30 | Rake $0.50
Board [Qc 6d Kc Js Tc]
Seat 3: humlefar (button) (small blind) collected ($29.50)
Seat 4: BuzovaPro (big blind) folded on the River


PokerStars Hand #157561034352:  Hold'em Limit ($3/$6 USD) - 2016/08/21 13:36:31 ET
Table 'Thusnelda' 6-max Seat #3 is the button
Seat 3: humlefar ($97.54 in chips)
Seat 4: BuzovaPro ($97.50 in chips)
humlefar: posts small blind $1
BuzovaPro: posts big blind $3
*** HOLE CARDS ***
humlefar: folds
Uncalled bet ($2) returned to BuzovaPro
BuzovaPro collected $2 from pot
BuzovaPro: doesn't show hand
*** SUMMARY ***
Total pot $2 | Rake $0
Seat 3: humlefar (button) (small blind) folded before Flop
Seat 4: BuzovaPro (big blind) collected ($2)


PokerStars Hand #157561030592:  Hold'em Limit ($3/$6 USD) - 2016/08/21 13:36:26 ET
Table 'Thusnelda' 6-max Seat #4 is the button
Seat 3: humlefar ($96.54 in chips)
Seat 4: BuzovaPro ($98.50 in chips)
BuzovaPro: posts small blind $1
humlefar: posts big blind $3
*** HOLE CARDS ***
BuzovaPro: folds
Uncalled bet ($2) returned to humlefar
humlefar collected $2 from pot
humlefar: doesn't show hand
*** SUMMARY ***
Total pot $2 | Rake $0
Seat 3: humlefar (big blind) collected ($2)
Seat 4: BuzovaPro (button) (small blind) folded before Flop


PokerStars Hand #157561015451:  Hold'em Limit ($3/$6 USD) - 2016/08/21 13:36:07 ET
Table 'Thusnelda' 6-max Seat #3 is the button
Seat 3: humlefar ($123.54 in chips)
Seat 4: BuzovaPro ($72 in chips)
humlefar: posts small blind $1
BuzovaPro: posts big blind $3
*** HOLE CARDS ***
humlefar: raises $3 to $6
BuzovaPro: calls $3
*** FLOP *** [6h 3h 3d]
BuzovaPro: checks
humlefar: bets $3
BuzovaPro: calls $3
*** TURN *** [6h 3h 3d] [4c]
BuzovaPro: checks
humlefar: bets $6
BuzovaPro: raises $6 to $12
humlefar: calls $6
*** RIVER *** [6h 3h 3d 4c] [9h]
BuzovaPro: bets $6
humlefar: calls $6
*** SHOW DOWN ***
BuzovaPro: shows [Qs Qd] (two pair, Queens and Threes)
humlefar: mucks hand
BuzovaPro collected $53.50 from pot
*** SUMMARY ***
Total pot $54 | Rake $0.50
Board [6h 3h 3d 4c 9h]
Seat 3: humlefar (button) (small blind) mucked
Seat 4: BuzovaPro (big blind) showed [Qs Qd] and won ($53.50) with two pair, Queens and Threes


PokerStars Hand #157560999703:  Hold'em Limit ($3/$6 USD) - 2016/08/21 13:35:47 ET
Table 'Thusnelda' 6-max Seat #4 is the button
Seat 3: humlefar ($114.90 in chips)
Seat 4: BuzovaPro ($72 in chips)
BuzovaPro: posts small blind $1
humlefar: posts big blind $3
*** HOLE CARDS ***
BuzovaPro: raises $3 to $6
humlefar: calls $3
*** FLOP *** [Th 6s 5h]
humlefar: bets $3
BuzovaPro: calls $3
*** TURN *** [Th 6s 5h] [7c]
humlefar: bets $6
BuzovaPro: folds
Uncalled bet ($6) returned to humlefar
humlefar collected $17.64 from pot
humlefar: doesn't show hand
*** SUMMARY ***
Total pot $18 | Rake $0.36
Board [Th 6s 5h 7c]
Seat 3: humlefar (big blind) collected ($17.64)
Seat 4: BuzovaPro (button) (small blind) folded on the Turn


PokerStars Hand #157560978853:  Hold'em Limit ($3/$6 USD) - 2016/08/21 13:35:21 ET
Table 'Thusnelda' 6-max Seat #3 is the button
Seat 3: humlefar ($106.26 in chips)
Seat 4: BuzovaPro ($77.76 in chips)
humlefar: posts small blind $1
BuzovaPro: posts big blind $3
*** HOLE CARDS ***
humlefar: raises $3 to $6
BuzovaPro: calls $3
*** FLOP *** [Ac 7d Ad]
BuzovaPro: checks
humlefar: bets $3
BuzovaPro: calls $3
*** TURN *** [Ac 7d Ad] [Tc]
BuzovaPro: checks
humlefar: bets $6
BuzovaPro: folds
Uncalled bet ($6) returned to humlefar
humlefar collected $17.64 from pot
humlefar: doesn't show hand
*** SUMMARY ***
Total pot $18 | Rake $0.36
Board [Ac 7d Ad Tc]
Seat 3: humlefar (button) (small blind) collected ($17.64)
Seat 4: BuzovaPro (big blind) folded on the Turn


PokerStars Hand #157561064196:  Hold'em Limit ($3/$6 USD) - 2016/08/21 13:37:08 ET
Table 'Thusnelda' 6-max Seat #4 is the button
Seat 3: humlefar ($126.04 in chips)
Seat 4: BuzovaPro ($72 in chips)
BuzovaPro: posts small blind $1
humlefar: posts big blind $3
*** HOLE CARDS ***
BuzovaPro: raises $3 to $6
humlefar: calls $3
*** FLOP *** [Th Qs 8s]
humlefar: bets $3
BuzovaPro: calls $3
*** TURN *** [Th Qs 8s] [3d]
humlefar: bets $6
BuzovaPro: calls $6
*** RIVER *** [Th Qs 8s 3d] [Ac]
humlefar: bets $6
BuzovaPro: calls $6
*** SHOW DOWN ***
humlefar: shows [8h Jd] (a pair of Eights)
BuzovaPro: shows [Tc 5s] (a pair of Tens)
BuzovaPro collected $41.50 from pot
*** SUMMARY ***
Total pot $42 | Rake $0.50
Board [Th Qs 8s 3d Ac]
Seat 3: humlefar (big blind) showed [8h Jd] and lost with a pair of Eights
Seat 4: BuzovaPro (button) (small blind) showed [Tc 5s] and won ($41.50) with a pair of Tens


PokerStars Hand #157561056375:  Hold'em Limit ($3/$6 USD) - 2016/08/21 13:36:58 ET
Table 'Thusnelda' 6-max Seat #3 is the button
Seat 3: humlefar ($123.04 in chips)
Seat 4: BuzovaPro ($72 in chips)
humlefar: posts small blind $1
BuzovaPro: posts big blind $3
*** HOLE CARDS ***
humlefar: raises $3 to $6
BuzovaPro: folds
Uncalled bet ($3) returned to humlefar
humlefar collected $6 from pot
humlefar: doesn't show hand
*** SUMMARY ***
Total pot $6 | Rake $0
Seat 3: humlefar (button) (small blind) collected ($6)
Seat 4: BuzovaPro (big blind) folded before Flop


PokerStars Hand #157561039496:  Hold'em Limit ($3/$6 USD) - 2016/08/21 13:36:37 ET
Table 'Thusnelda' 6-max Seat #4 is the button
Seat 3: humlefar ($96.54 in chips)
Seat 4: BuzovaPro ($98.50 in chips)
BuzovaPro: posts small blind $1
humlefar: posts big blind $3
*** HOLE CARDS ***
BuzovaPro: raises $3 to $6
humlefar: calls $3
*** FLOP *** [Th 3h 8d]
humlefar: checks
BuzovaPro: bets $3
humlefar: calls $3
*** TURN *** [Th 3h 8d] [Kd]
humlefar: checks
BuzovaPro: bets $6
humlefar: raises $6 to $12
BuzovaPro: calls $6
*** RIVER *** [Th 3h 8d Kd] [Kc]
humlefar: bets $6
BuzovaPro: calls $6
*** SHOW DOWN ***
humlefar: shows [Kh 6h] (three of a kind, Kings)
BuzovaPro: mucks hand
humlefar collected $53.50 from pot
*** SUMMARY ***
Total pot $54 | Rake $0.50
Board [Th 3h 8d Kd Kc]
Seat 3: humlefar (big blind) showed [Kh 6h] and won ($53.50) with three of a kind, Kings
Seat 4: BuzovaPro (button) (small blind) mucked


PokerStars Hand #157561126630:  Hold'em Limit ($3/$6 USD) - 2016/08/21 13:38:26 ET
Table 'Thusnelda' 6-max Seat #3 is the button
Seat 3: humlefar ($131.18 in chips)
Seat 4: BuzovaPro ($77.76 in chips)
humlefar: posts small blind $1
BuzovaPro: posts big blind $3
*** HOLE CARDS ***
humlefar: raises $3 to $6
BuzovaPro: calls $3
*** FLOP *** [5s 8d 4d]
BuzovaPro: checks
humlefar: bets $3
BuzovaPro: calls $3
*** TURN *** [5s 8d 4d] [8s]
BuzovaPro: checks
humlefar: bets $6
BuzovaPro: raises $6 to $12
humlefar: raises $6 to $18
BuzovaPro: folds
Uncalled bet ($6) returned to humlefar
humlefar collected $41.50 from pot
humlefar: doesn't show hand
*** SUMMARY ***
Total pot $42 | Rake $0.50
Board [5s 8d 4d 8s]
Seat 3: humlefar (button) (small blind) collected ($41.50)
Seat 4: BuzovaPro (big blind) folded on the Turn


PokerStars Hand #157561112810:  Hold'em Limit ($3/$6 USD) - 2016/08/21 13:38:09 ET
Table 'Thusnelda' 6-max Seat #4 is the button
Seat 3: humlefar ($137.18 in chips)
Seat 4: BuzovaPro ($72 in chips)
BuzovaPro: posts small blind $1
humlefar: posts big blind $3
*** HOLE CARDS ***
BuzovaPro: raises $3 to $6
humlefar: calls $3
*** FLOP *** [Th 5d 9c]
humlefar: checks
BuzovaPro: bets $3
humlefar: folds
Uncalled bet ($3) returned to BuzovaPro
BuzovaPro collected $11.76 from pot
BuzovaPro: doesn't show hand
*** SUMMARY ***
Total pot $12 | Rake $0.24
Board [Th 5d 9c]
Seat 3: humlefar (big blind) folded on the Flop
Seat 4: BuzovaPro (button) (small blind) collected ($11.76)


PokerStars Hand #157561107262:  Hold'em Limit ($3/$6 USD) - 2016/08/21 13:38:02 ET
Table 'Thusnelda' 6-max Seat #3 is the button
Seat 3: humlefar ($134.18 in chips)
Seat 4: BuzovaPro ($72 in chips)
humlefar: posts small blind $1
BuzovaPro: posts big blind $3
*** HOLE CARDS ***
humlefar: raises $3 to $6
BuzovaPro: folds
Uncalled bet ($3) returned to humlefar
humlefar collected $6 from pot
humlefar: doesn't show hand
*** SUMMARY ***
Total pot $6 | Rake $0
Seat 3: humlefar (button) (small blind) collected ($6)
Seat 4: BuzovaPro (big blind) folded before Flop


PokerStars Hand #157561094046:  Hold'em Limit ($3/$6 USD) - 2016/08/21 13:37:45 ET
Table 'Thusnelda' 6-max Seat #4 is the button
Seat 3: humlefar ($125.54 in chips)
Seat 4: BuzovaPro ($72 in chips)
BuzovaPro: posts small blind $1
humlefar: posts big blind $3
*** HOLE CARDS ***
BuzovaPro: raises $3 to $6
humlefar: calls $3
*** FLOP *** [6s Jc 7d]
humlefar: bets $3
BuzovaPro: calls $3
*** TURN *** [6s Jc 7d] [2d]
humlefar: bets $6
BuzovaPro: folds
Uncalled bet ($6) returned to humlefar
humlefar collected $17.64 from pot
humlefar: doesn't show hand
*** SUMMARY ***
Total pot $18 | Rake $0.36
Board [6s Jc 7d 2d]
Seat 3: humlefar (big blind) collected ($17.64)
Seat 4: BuzovaPro (button) (small blind) folded on the Turn


PokerStars Hand #157561078136:  Hold'em Limit ($3/$6 USD) - 2016/08/21 13:37:25 ET
Table 'Thusnelda' 6-max Seat #3 is the button
Seat 3: humlefar ($105.04 in chips)
Seat 4: BuzovaPro ($92.50 in chips)
humlefar: posts small blind $1
BuzovaPro: posts big blind $3
*** HOLE CARDS ***
humlefar: raises $3 to $6
BuzovaPro: calls $3
*** FLOP *** [As Kh Kc]
BuzovaPro: checks
humlefar: bets $3
BuzovaPro: calls $3
*** TURN *** [As Kh Kc] [7c]
BuzovaPro: checks
humlefar: bets $6
BuzovaPro: calls $6
*** RIVER *** [As Kh Kc 7c] [2d]
BuzovaPro: checks
humlefar: bets $6
BuzovaPro: calls $6
*** SHOW DOWN ***
humlefar: shows [2h 2c] (a full house, Deuces full of Kings)
BuzovaPro: mucks hand
humlefar collected $41.50 from pot
*** SUMMARY ***
Total pot $42 | Rake $0.50
Board [As Kh Kc 7c 2d]
Seat 3: humlefar (button) (small blind) showed [2h 2c] and won ($41.50) with a full house, Deuces full of Kings
Seat 4: BuzovaPro (big blind) mucked


PokerStars Hand #157561169861:  Hold'em Limit ($3/$6 USD) - 2016/08/21 13:39:20 ET
Table 'Thusnelda' 6-max Seat #4 is the button
Seat 3: humlefar ($147.44 in chips)
Seat 4: BuzovaPro ($76.52 in chips)
BuzovaPro: posts small blind $1
humlefar: posts big blind $3
*** HOLE CARDS ***
BuzovaPro: raises $3 to $6
humlefar: calls $3
*** FLOP *** [Qh Kd 8d]
humlefar: bets $3
BuzovaPro: calls $3
*** TURN *** [Qh Kd 8d] [Jd]
humlefar: bets $6
BuzovaPro: raises $6 to $12
humlefar: calls $6
*** RIVER *** [Qh Kd 8d Jd] [Ad]
humlefar: bets $6
BuzovaPro: calls $6
*** SHOW DOWN ***
humlefar: shows [Tc 8s] (a straight, Ten to Ace)
BuzovaPro: mucks hand
humlefar collected $53.50 from pot
*** SUMMARY ***
Total pot $54 | Rake $0.50
Board [Qh Kd 8d Jd Ad]
Seat 3: humlefar (big blind) showed [Tc 8s] and won ($53.50) with a straight, Ten to Ace
Seat 4: BuzovaPro (button) (small blind) mucked


PokerStars Hand #157561161315:  Hold'em Limit ($3/$6 USD) - 2016/08/21 13:39:09 ET
Table 'Thusnelda' 6-max Seat #3 is the button
Seat 3: humlefar ($141.68 in chips)
Seat 4: BuzovaPro ($82.52 in chips)
humlefar: posts small blind $1
BuzovaPro: posts big blind $3
*** HOLE CARDS ***
humlefar: raises $3 to $6
BuzovaPro: calls $3
*** FLOP *** [Ks 7h 4d]
BuzovaPro: checks
humlefar: bets $3
BuzovaPro: folds
Uncalled bet ($3) returned to humlefar
humlefar collected $11.76 from pot
humlefar: doesn't show hand
*** SUMMARY ***
Total pot $12 | Rake $0.24
Board [Ks 7h 4d]
Seat 3: humlefar (button) (small blind) collected ($11.76)
Seat 4: BuzovaPro (big blind) folded on the Flop


PokerStars Hand #157561155725:  Hold'em Limit ($3/$6 USD) - 2016/08/21 13:39:02 ET
Table 'Thusnelda' 6-max Seat #4 is the button
Seat 3: humlefar ($140.68 in chips)
Seat 4: BuzovaPro ($83.52 in chips)
BuzovaPro: posts small blind $1
humlefar: posts big blind $3
*** HOLE CARDS ***
BuzovaPro: folds
Uncalled bet ($2) returned to humlefar
humlefar collected $2 from pot
humlefar: doesn't show hand
*** SUMMARY ***
Total pot $2 | Rake $0
Seat 3: humlefar (big blind) collected ($2)
Seat 4: BuzovaPro (button) (small blind) folded before Flop


PokerStars Hand #157561144694:  Hold'em Limit ($3/$6 USD) - 2016/08/21 13:38:49 ET
Table 'Thusnelda' 6-max Seat #3 is the button
Seat 3: humlefar ($152.68 in chips)
Seat 4: BuzovaPro ($72 in chips)
humlefar: posts small blind $1
BuzovaPro: posts big blind $3
*** HOLE CARDS ***
humlefar: raises $3 to $6
BuzovaPro: raises $3 to $9
humlefar: calls $3
*** FLOP *** [2d As Kd]
BuzovaPro: bets $3
humlefar: calls $3
*** TURN *** [2d As Kd] [5d]
BuzovaPro: bets $6
humlefar: folds
Uncalled bet ($6) returned to BuzovaPro
BuzovaPro collected $23.52 from pot
BuzovaPro: doesn't show hand
*** SUMMARY ***
Total pot $24 | Rake $0.48
Board [2d As Kd 5d]
Seat 3: humlefar (button) (small blind) folded on the Turn
Seat 4: BuzovaPro (big blind) collected ($23.52)


PokerStars Hand #157561140824:  Hold'em Limit ($3/$6 USD) - 2016/08/21 13:38:44 ET
Table 'Thusnelda' 6-max Seat #4 is the button
Seat 3: humlefar ($151.68 in chips)
Seat 4: BuzovaPro ($72 in chips)
BuzovaPro: posts small blind $1
humlefar: posts big blind $3
*** HOLE CARDS ***
BuzovaPro: folds
Uncalled bet ($2) returned to humlefar
humlefar collected $2 from pot
humlefar: doesn't show hand
*** SUMMARY ***
Total pot $2 | Rake $0
Seat 3: humlefar (big blind) collected ($2)
Seat 4: BuzovaPro (button) (small blind) folded before Flop


PokerStars Hand #157561184441:  Hold'em Limit ($3/$6 USD) - 2016/08/21 13:39:39 ET
Table 'Thusnelda' 6-max Seat #3 is the button
Seat 3: humlefar ($173.94 in chips)
Seat 4: BuzovaPro ($72 in chips)
humlefar: posts small blind $1
BuzovaPro: posts big blind $3
*** HOLE CARDS ***
MarekVdb joins the table at seat #5
humlefar: raises $3 to $6
BuzovaPro: calls $3
*** FLOP *** [3h 9h 7s]
BuzovaPro: checks
humlefar: bets $3
BuzovaPro: calls $3
*** TURN *** [3h 9h 7s] [Jd]
BuzovaPro: checks
humlefar: bets $6
BuzovaPro: calls $6
*** RIVER *** [3h 9h 7s Jd] [Js]
BuzovaPro: checks
humlefar: bets $6
BuzovaPro: calls $6
*** SHOW DOWN ***
humlefar: shows [3c Jh] (a full house, Jacks full of Threes)
BuzovaPro: mucks hand
humlefar collected $41.50 from pot
*** SUMMARY ***
Total pot $42 | Rake $0.50
Board [3h 9h 7s Jd Js]
Seat 3: humlefar (button) (small blind) showed [3c Jh] and won ($41.50) with a full house, Jacks full of Threes
Seat 4: BuzovaPro (big blind) mucked


PokerStars Hand #157565673666:  Hold'em Limit ($3/$6 USD) - 2016/08/21 15:14:06 ET
Table 'Thusnelda' 6-max Seat #2 is the button
Seat 2: Hannibal2211 ($80.46 in chips)
Seat 3: simper11 ($120 in chips)
Hannibal2211: posts small blind $1
simper11: posts big blind $3
*** HOLE CARDS ***
Hannibal2211: raises $3 to $6
Actionni13 leaves the table
simper11: raises $3 to $9
Hannibal2211: calls $3
*** FLOP *** [Kd 4s 2d]
simper11: bets $3
Hannibal2211: calls $3
*** TURN *** [Kd 4s 2d] [9s]
simper11: bets $6
Hannibal2211: raises $6 to $12
simper11: calls $6
*** RIVER *** [Kd 4s 2d 9s] [8d]
simper11: checks
Hannibal2211: bets $6
simper11: folds
Uncalled bet ($6) returned to Hannibal2211
Hannibal2211 collected $47.50 from pot
*** SUMMARY ***
Total pot $48 | Rake $0.50
Board [Kd 4s 2d 9s 8d]
Seat 2: Hannibal2211 (button) (small blind) collected ($47.50)
Seat 3: simper11 (big blind) folded on the River


PokerStars Hand #157565697040:  Hold'em Limit ($3/$6 USD) - 2016/08/21 15:14:33 ET
Table 'Thusnelda' 6-max Seat #3 is the button
Seat 2: Hannibal2211 ($103.96 in chips)
Seat 3: simper11 ($120 in chips)
simper11: posts small blind $1
Hannibal2211: posts big blind $3
*** HOLE CARDS ***
simper11: raises $3 to $6
Hannibal2211: calls $3
*** FLOP *** [3c 9s 8d]
Hannibal2211: checks
simper11: bets $3
Hannibal2211: folds
Uncalled bet ($3) returned to simper11
simper11 collected $11.76 from pot
simper11: doesn't show hand
*** SUMMARY ***
Total pot $12 | Rake $0.24
Board [3c 9s 8d]
Seat 2: Hannibal2211 (big blind) folded on the Flop
Seat 3: simper11 (button) (small blind) collected ($11.76)


PokerStars Hand #157565713266:  Hold'em Limit ($3/$6 USD) - 2016/08/21 15:14:52 ET
Table 'Thusnelda' 6-max Seat #2 is the button
Seat 2: Hannibal2211 ($97.96 in chips)
Seat 3: simper11 ($125.76 in chips)
Hannibal2211: posts small blind $1
simper11: posts big blind $3
*** HOLE CARDS ***
Hannibal2211: raises $3 to $6
simper11: calls $3
*** FLOP *** [9c 4d Qh]
simper11: checks
Hannibal2211: bets $3
simper11: calls $3
*** TURN *** [9c 4d Qh] [5c]
simper11: checks
Hannibal2211: checks
*** RIVER *** [9c 4d Qh 5c] [5d]
simper11: bets $6
Hannibal2211: calls $6
*** SHOW DOWN ***
simper11: shows [Qc 8h] (two pair, Queens and Fives)
Hannibal2211: mucks hand
simper11 collected $29.50 from pot
*** SUMMARY ***
Total pot $30 | Rake $0.50
Board [9c 4d Qh 5c 5d]
Seat 2: Hannibal2211 (button) (small blind) mucked
Seat 3: simper11 (big blind) showed [Qc 8h] and won ($29.50) with two pair, Queens and Fives


PokerStars Hand #157565749931:  Hold'em Limit ($3/$6 USD) - 2016/08/21 15:15:34 ET
Table 'Thusnelda' 6-max Seat #3 is the button
Seat 2: Hannibal2211 ($82.96 in chips)
Seat 3: simper11 ($140.26 in chips)
simper11: posts small blind $1
Hannibal2211: posts big blind $3
*** HOLE CARDS ***
simper11: raises $3 to $6
Hannibal2211: calls $3
*** FLOP *** [Kc Ac 9s]
Hannibal2211: checks
simper11: bets $3
Hannibal2211: calls $3
*** TURN *** [Kc Ac 9s] [5d]
Hannibal2211: checks
simper11: checks
*** RIVER *** [Kc Ac 9s 5d] [Js]
Hannibal2211: bets $6
simper11: raises $6 to $12
Hannibal2211: calls $6
*** SHOW DOWN ***
simper11: shows [Th Qc] (a straight, Ten to Ace)
Hannibal2211: mucks hand
simper11 collected $41.50 from pot
tutones87 joins the table at seat #1
*** SUMMARY ***
Total pot $42 | Rake $0.50
Board [Kc Ac 9s 5d Js]
Seat 2: Hannibal2211 (big blind) mucked
Seat 3: simper11 (button) (small blind) showed [Th Qc] and won ($41.50) with a straight, Ten to Ace


PokerStars Hand #157565780885:  Hold'em Limit ($3/$6 USD) - 2016/08/21 15:16:09 ET
Table 'Thusnelda' 6-max Seat #2 is the button
Seat 2: Hannibal2211 ($72 in chips)
Seat 3: simper11 ($160.76 in chips)
Hannibal2211: posts small blind $1
simper11: posts big blind $3
*** HOLE CARDS ***
Hannibal2211: raises $3 to $6
simper11: folds
Uncalled bet ($3) returned to Hannibal2211
Hannibal2211 collected $6 from pot
*** SUMMARY ***
Total pot $6 | Rake $0
Seat 2: Hannibal2211 (button) (small blind) collected ($6)
Seat 3: simper11 (big blind) folded before Flop


PokerStars Hand #157565843775:  Hold'em Limit ($3/$6 USD) - 2016/08/21 15:17:20 ET
Table 'Thusnelda' 6-max Seat #2 is the button
Seat 2: Hannibal2211 ($112.02 in chips)
Seat 3: simper11 ($158.96 in chips)
Hannibal2211: posts small blind $1
simper11: posts big blind $3
*** HOLE CARDS ***
Hannibal2211: raises $3 to $6
simper11: calls $3
*** FLOP *** [Qh Kh 5s]
simper11: checks
tutones87 leaves the table
Hannibal2211: bets $3
simper11: folds
Uncalled bet ($3) returned to Hannibal2211
Hannibal2211 collected $11.76 from pot
*** SUMMARY ***
Total pot $12 | Rake $0.24
Board [Qh Kh 5s]
Seat 2: Hannibal2211 (button) (small blind) collected ($11.76)
Seat 3: simper11 (big blind) folded on the Flop


PokerStars Hand #157565857557:  Hold'em Limit ($3/$6 USD) - 2016/08/21 15:17:36 ET
Table 'Thusnelda' 6-max Seat #3 is the button
Seat 2: Hannibal2211 ($117.78 in chips)
Seat 3: simper11 ($152.96 in chips)
simper11: posts small blind $1
Hannibal2211: posts big blind $3
*** HOLE CARDS ***
simper11: raises $3 to $6
Hannibal2211: calls $3
*** FLOP *** [As Qd Ad]
Hannibal2211: checks
simper11: bets $3
Hannibal2211: raises $3 to $6
simper11: folds
Uncalled bet ($3) returned to Hannibal2211
Hannibal2211 collected $17.64 from pot
*** SUMMARY ***
Total pot $18 | Rake $0.36
Board [As Qd Ad]
Seat 2: Hannibal2211 (big blind) collected ($17.64)
Seat 3: simper11 (button) (small blind) folded on the Flop


PokerStars Hand #157565867036:  Hold'em Limit ($3/$6 USD) - 2016/08/21 15:17:47 ET
Table 'Thusnelda' 6-max Seat #2 is the button
Seat 2: Hannibal2211 ($126.42 in chips)
Seat 3: simper11 ($143.96 in chips)
Hannibal2211: posts small blind $1
simper11: posts big blind $3
*** HOLE CARDS ***
Hannibal2211: raises $3 to $6
simper11: calls $3
*** FLOP *** [Qd Tc 8c]
simper11: checks
Hannibal2211: bets $3
simper11: raises $3 to $6
Hannibal2211: calls $3
*** TURN *** [Qd Tc 8c] [6h]
simper11: bets $6
Hannibal2211: calls $6
*** RIVER *** [Qd Tc 8c 6h] [3d]
simper11: bets $6
Hannibal2211: calls $6
*** SHOW DOWN ***
simper11: shows [Js 4d] (high card Queen)
Hannibal2211: shows [As Ks] (high card Ace)
Hannibal2211 collected $47.50 from pot
*** SUMMARY ***
Total pot $48 | Rake $0.50
Board [Qd Tc 8c 6h 3d]
Seat 2: Hannibal2211 (button) (small blind) showed [As Ks] and won ($47.50) with high card Ace
Seat 3: simper11 (big blind) showed [Js 4d] and lost with high card Queen


PokerStars Hand #157565889369:  Hold'em Limit ($3/$6 USD) - 2016/08/21 15:18:13 ET
Table 'Thusnelda' 6-max Seat #3 is the button
Seat 2: Hannibal2211 ($149.92 in chips)
Seat 3: simper11 ($120 in chips)
simper11: posts small blind $1
Hannibal2211: posts big blind $3
*** HOLE CARDS ***
simper11: raises $3 to $6
Hannibal2211: calls $3
*** FLOP *** [Kh Ks 2s]
Hannibal2211: checks
simper11: bets $3
Hannibal2211: calls $3
*** TURN *** [Kh Ks 2s] [4h]
Hannibal2211: checks
simper11: bets $6
Hannibal2211: calls $6
*** RIVER *** [Kh Ks 2s 4h] [5h]
Hannibal2211: checks
simper11: checks
*** SHOW DOWN ***
Hannibal2211: shows [Qh Js] (a pair of Kings)
simper11: mucks hand
Hannibal2211 collected $29.50 from pot
*** SUMMARY ***
Total pot $30 | Rake $0.50
Board [Kh Ks 2s 4h 5h]
Seat 2: Hannibal2211 (big blind) showed [Qh Js] and won ($29.50) with a pair of Kings
Seat 3: simper11 (button) (small blind) mucked


PokerStars Hand #157565924246:  Hold'em Limit ($3/$6 USD) - 2016/08/21 15:18:53 ET
Table 'Thusnelda' 6-max Seat #3 is the button
Seat 2: Hannibal2211 ($167.42 in chips)
Seat 3: simper11 ($120 in chips)
simper11: posts small blind $1
Hannibal2211: posts big blind $3
*** HOLE CARDS ***
simper11: folds
Uncalled bet ($2) returned to Hannibal2211
Hannibal2211 collected $2 from pot
*** SUMMARY ***
Total pot $2 | Rake $0
Seat 2: Hannibal2211 (big blind) collected ($2)
Seat 3: simper11 (button) (small blind) folded before Flop


PokerStars Hand #157565918223:  Hold'em Limit ($3/$6 USD) - 2016/08/21 15:18:47 ET
Table 'Thusnelda' 6-max Seat #2 is the button
Seat 2: Hannibal2211 ($164.42 in chips)
Seat 3: simper11 ($120 in chips)
Hannibal2211: posts small blind $1
simper11: posts big blind $3
*** HOLE CARDS ***
Hannibal2211: raises $3 to $6
simper11: folds
Uncalled bet ($3) returned to Hannibal2211
Hannibal2211 collected $6 from pot
*** SUMMARY ***
Total pot $6 | Rake $0
Seat 2: Hannibal2211 (button) (small blind) collected ($6)
Seat 3: simper11 (big blind) folded before Flop


PokerStars Hand #157565927919:  Hold'em Limit ($3/$6 USD) - 2016/08/21 15:18:57 ET
Table 'Thusnelda' 6-max Seat #2 is the button
Seat 2: Hannibal2211 ($168.42 in chips)
Seat 3: simper11 ($120 in chips)
Hannibal2211: posts small blind $1
simper11: posts big blind $3
*** HOLE CARDS ***
Hannibal2211: folds
Uncalled bet ($2) returned to simper11
simper11 collected $2 from pot
simper11: doesn't show hand
*** SUMMARY ***
Total pot $2 | Rake $0
Seat 2: Hannibal2211 (button) (small blind) folded before Flop
Seat 3: simper11 (big blind) collected ($2)


PokerStars Hand #157565933082:  Hold'em Limit ($3/$6 USD) - 2016/08/21 15:19:03 ET
Table 'Thusnelda' 6-max Seat #3 is the button
Seat 2: Hannibal2211 ($167.42 in chips)
Seat 3: simper11 ($121 in chips)
simper11: posts small blind $1
Hannibal2211: posts big blind $3
*** HOLE CARDS ***
simper11: raises $3 to $6
Hannibal2211: calls $3
*** FLOP *** [Tc Td Ah]
Hannibal2211: checks
simper11: bets $3
Hannibal2211: folds
Uncalled bet ($3) returned to simper11
simper11 collected $11.76 from pot
simper11: doesn't show hand
*** SUMMARY ***
Total pot $12 | Rake $0.24
Board [Tc Td Ah]
Seat 2: Hannibal2211 (big blind) folded on the Flop
Seat 3: simper11 (button) (small blind) collected ($11.76)


PokerStars Hand #157565953377:  Hold'em Limit ($3/$6 USD) - 2016/08/21 15:19:26 ET
Table 'Thusnelda' 6-max Seat #2 is the button
Seat 2: Hannibal2211 ($161.42 in chips)
Seat 3: simper11 ($126.76 in chips)
Hannibal2211: posts small blind $1
simper11: posts big blind $3
*** HOLE CARDS ***
Hannibal2211: raises $3 to $6
simper11: folds
Uncalled bet ($3) returned to Hannibal2211
Hannibal2211 collected $6 from pot
*** SUMMARY ***
Total pot $6 | Rake $0
Seat 2: Hannibal2211 (button) (small blind) collected ($6)
Seat 3: simper11 (big blind) folded before Flop


PokerStars Hand #157565959287:  Hold'em Limit ($3/$6 USD) - 2016/08/21 15:19:33 ET
Table 'Thusnelda' 6-max Seat #3 is the button
Seat 2: Hannibal2211 ($164.42 in chips)
Seat 3: simper11 ($123.76 in chips)
simper11: posts small blind $1
Hannibal2211: posts big blind $3
*** HOLE CARDS ***
simper11: raises $3 to $6
Hannibal2211: calls $3
*** FLOP *** [2s Qs 3d]
Hannibal2211: checks
simper11: bets $3
Hannibal2211: calls $3
*** TURN *** [2s Qs 3d] [8s]
Hannibal2211: checks
simper11: checks
*** RIVER *** [2s Qs 3d 8s] [4d]
Hannibal2211: checks
DirtyBernerd joins the table at seat #4
simper11: checks
*** SHOW DOWN ***
Hannibal2211: shows [Kc Th] (high card King)
simper11: shows [6c 2c] (a pair of Deuces)
simper11 collected $17.64 from pot
*** SUMMARY ***
Total pot $18 | Rake $0.36
Board [2s Qs 3d 8s 4d]
Seat 2: Hannibal2211 (big blind) showed [Kc Th] and lost with high card King
Seat 3: simper11 (button) (small blind) showed [6c 2c] and won ($17.64) with a pair of Deuces


PokerStars Hand #157565993543:  Hold'em Limit ($3/$6 USD) - 2016/08/21 15:20:12 ET
Table 'Thusnelda' 6-max Seat #2 is the button
Seat 2: Hannibal2211 ($155.42 in chips)
Seat 3: simper11 ($132.40 in chips)
Hannibal2211: posts small blind $1
simper11: posts big blind $3
*** HOLE CARDS ***
Hannibal2211: raises $3 to $6
simper11: calls $3
*** FLOP *** [Kh 8c Kd]
simper11: checks
Hannibal2211: bets $3
simper11: raises $3 to $6
Hannibal2211: calls $3
*** TURN *** [Kh 8c Kd] [3d]
simper11: bets $6
Hannibal2211: calls $6
*** RIVER *** [Kh 8c Kd 3d] [8h]
simper11: bets $6
Hannibal2211: raises $6 to $12
simper11: calls $6
*** SHOW DOWN ***
Hannibal2211: shows [Kc Tc] (a full house, Kings full of Eights)
simper11: mucks hand
Hannibal2211 collected $59.50 from pot
*** SUMMARY ***
Total pot $60 | Rake $0.50
Board [Kh 8c Kd 3d 8h]
Seat 2: Hannibal2211 (button) (small blind) showed [Kc Tc] and won ($59.50) with a full house, Kings full of Eights
Seat 3: simper11 (big blind) mucked


PokerStars Hand #157566046756:  Hold'em Limit ($3/$6 USD) - 2016/08/21 15:21:13 ET
Table 'Thusnelda' 6-max Seat #4 is the button
Seat 3: simper11 ($120 in chips)
Seat 4: DirtyBernerd ($114.10 in chips)
DirtyBernerd: posts small blind $1
Hannibal2211: is sitting out
simper11: posts big blind $3
*** HOLE CARDS ***
DirtyBernerd: raises $3 to $6
simper11: calls $3
*** FLOP *** [4c Kh Qd]
simper11: checks
DirtyBernerd: bets $3
simper11: raises $3 to $6
DirtyBernerd: calls $3
*** TURN *** [4c Kh Qd] [8c]
simper11: bets $6
DirtyBernerd: calls $6
*** RIVER *** [4c Kh Qd 8c] [4h]
simper11: bets $6
DirtyBernerd: calls $6
*** SHOW DOWN ***
simper11: shows [6h Ks] (two pair, Kings and Fours)
DirtyBernerd: mucks hand
simper11 collected $47.50 from pot
*** SUMMARY ***
Total pot $48 | Rake $0.50
Board [4c Kh Qd 8c 4h]
Seat 3: simper11 (big blind) showed [6h Ks] and won ($47.50) with two pair, Kings and Fours
Seat 4: DirtyBernerd (button) (small blind) mucked


PokerStars Hand #157566071953:  Hold'em Limit ($3/$6 USD) - 2016/08/21 15:21:41 ET
Table 'Thusnelda' 6-max Seat #3 is the button
Seat 3: simper11 ($143.50 in chips)
Seat 4: DirtyBernerd ($90.10 in chips)
simper11: posts small blind $1
DirtyBernerd: posts big blind $3
*** HOLE CARDS ***
simper11: folds
Uncalled bet ($2) returned to DirtyBernerd
DirtyBernerd collected $2 from pot
DirtyBernerd: doesn't show hand
*** SUMMARY ***
Total pot $2 | Rake $0
Seat 3: simper11 (button) (small blind) folded before Flop
Seat 4: DirtyBernerd (big blind) collected ($2)


PokerStars Hand #157566099470:  Hold'em Limit ($3/$6 USD) - 2016/08/21 15:22:13 ET
Table 'Thusnelda' 6-max Seat #4 is the button
Seat 3: simper11 ($175 in chips)
Seat 4: DirtyBernerd ($58.10 in chips)
DirtyBernerd: posts small blind $1
simper11: posts big blind $3
*** HOLE CARDS ***
DirtyBernerd: folds
Uncalled bet ($2) returned to simper11
simper11 collected $2 from pot
simper11: doesn't show hand
*** SUMMARY ***
Total pot $2 | Rake $0
Seat 3: simper11 (big blind) collected ($2)
Seat 4: DirtyBernerd (button) (small blind) folded before Flop


PokerStars Hand #157566093568:  Hold'em Limit ($3/$6 USD) - 2016/08/21 15:22:06 ET
Table 'Thusnelda' 6-max Seat #3 is the button
Seat 3: simper11 ($172 in chips)
Seat 4: DirtyBernerd ($61.10 in chips)
simper11: posts small blind $1
DirtyBernerd: posts big blind $3
*** HOLE CARDS ***
simper11: raises $3 to $6
DirtyBernerd: folds
Uncalled bet ($3) returned to simper11
simper11 collected $6 from pot
simper11: doesn't show hand
*** SUMMARY ***
Total pot $6 | Rake $0
Seat 3: simper11 (button) (small blind) collected ($6)
Seat 4: DirtyBernerd (big blind) folded before Flop


PokerStars Hand #157566104439:  Hold'em Limit ($3/$6 USD) - 2016/08/21 15:22:19 ET
Table 'Thusnelda' 6-max Seat #3 is the button
Seat 3: simper11 ($176 in chips)
Seat 4: DirtyBernerd ($57.10 in chips)
simper11: posts small blind $1
DirtyBernerd: posts big blind $3
*** HOLE CARDS ***
simper11: raises $3 to $6
DirtyBernerd: raises $3 to $9
simper11: calls $3
*** FLOP *** [6s 8c 9c]
DirtyBernerd: bets $3
simper11: calls $3
*** TURN *** [6s 8c 9c] [6h]
DirtyBernerd: bets $6
simper11: raises $6 to $12
DirtyBernerd: calls $6
*** RIVER *** [6s 8c 9c 6h] [8h]
DirtyBernerd: checks
simper11: bets $6
DirtyBernerd: folds
Uncalled bet ($6) returned to simper11
simper11 collected $47.50 from pot
simper11: doesn't show hand
*** SUMMARY ***
Total pot $48 | Rake $0.50
Board [6s 8c 9c 6h 8h]
Seat 3: simper11 (button) (small blind) collected ($47.50)
Seat 4: DirtyBernerd (big blind) folded on the River


PokerStars Hand #157566127609:  Hold'em Limit ($3/$6 USD) - 2016/08/21 15:22:45 ET
Table 'Thusnelda' 6-max Seat #4 is the button
Seat 3: simper11 ($199.50 in chips)
Seat 4: DirtyBernerd ($93.10 in chips)
DirtyBernerd: posts small blind $1
simper11: posts big blind $3
*** HOLE CARDS ***
DirtyBernerd: raises $3 to $6
simper11: calls $3
*** FLOP *** [Ah 7s 3c]
simper11: checks
UNABELIEVE joins the table at seat #1
DirtyBernerd: bets $3
simper11: calls $3
*** TURN *** [Ah 7s 3c] [9h]
simper11: checks
DirtyBernerd: bets $6
simper11: folds
Uncalled bet ($6) returned to DirtyBernerd
DirtyBernerd collected $17.64 from pot
DirtyBernerd: doesn't show hand
*** SUMMARY ***
Total pot $18 | Rake $0.36
Board [Ah 7s 3c 9h]
Seat 3: simper11 (big blind) folded on the Turn
Seat 4: DirtyBernerd (button) (small blind) collected ($17.64)


PokerStars Hand #157566075716:  Hold'em Limit ($3/$6 USD) - 2016/08/21 15:21:45 ET
Table 'Thusnelda' 6-max Seat #4 is the button
Seat 3: simper11 ($142.50 in chips)
Seat 4: DirtyBernerd ($91.10 in chips)
DirtyBernerd: posts small blind $1
simper11: posts big blind $3
*** HOLE CARDS ***
DirtyBernerd: raises $3 to $6
simper11: calls $3
*** FLOP *** [6s Th Qh]
simper11: checks
DirtyBernerd: checks
*** TURN *** [6s Th Qh] [6d]
simper11: bets $6
DirtyBernerd: calls $6
*** RIVER *** [6s Th Qh 6d] [Ac]
simper11: bets $6
DirtyBernerd: raises $6 to $12
simper11: raises $6 to $18
DirtyBernerd: calls $6
*** SHOW DOWN ***
simper11: shows [8c 6c] (three of a kind, Sixes)
DirtyBernerd: mucks hand
simper11 collected $59.50 from pot
*** SUMMARY ***
Total pot $60 | Rake $0.50
Board [6s Th Qh 6d Ac]
Seat 3: simper11 (big blind) showed [8c 6c] and won ($59.50) with three of a kind, Sixes
Seat 4: DirtyBernerd (button) (small blind) mucked


PokerStars Hand #157566141949:  Hold'em Limit ($3/$6 USD) - 2016/08/21 15:23:02 ET
Table 'Thusnelda' 6-max Seat #3 is the button
Seat 3: simper11 ($190.50 in chips)
Seat 4: DirtyBernerd ($101.74 in chips)
simper11: posts small blind $1
DirtyBernerd: posts big blind $3
*** HOLE CARDS ***
simper11: raises $3 to $6
DirtyBernerd: raises $3 to $9
simper11: calls $3
*** FLOP *** [6h 8d Qc]
Zubasa07 joins the table at seat #5
DirtyBernerd: bets $3
simper11: calls $3
*** TURN *** [6h 8d Qc] [3d]
DirtyBernerd: checks
simper11: checks
*** RIVER *** [6h 8d Qc 3d] [8c]
DirtyBernerd: bets $6
simper11: calls $6
*** SHOW DOWN ***
DirtyBernerd: shows [Kh Kc] (two pair, Kings and Eights)
simper11: mucks hand
DirtyBernerd collected $35.50 from pot
*** SUMMARY ***
Total pot $36 | Rake $0.50
Board [6h 8d Qc 3d 8c]
Seat 3: simper11 (button) (small blind) mucked
Seat 4: DirtyBernerd (big blind) showed [Kh Kc] and won ($35.50) with two pair, Kings and Eights


PokerStars Hand #157566645650:  Hold'em Limit ($3/$6 USD) - 2016/08/21 15:32:40 ET
Table 'Thusnelda' 6-max Seat #4 is the button
Seat 3: simper11 ($151.12 in chips)
Seat 4: DirtyBernerd ($175.27 in chips)
DirtyBernerd: posts small blind $1
Zubasa07: is sitting out
simper11: posts big blind $3
*** HOLE CARDS ***
DirtyBernerd: raises $3 to $6
Zubasa07 leaves the table
simper11: calls $3
*** FLOP *** [4s 6d 8c]
simper11: checks
DirtyBernerd: bets $3
simper11: calls $3
*** TURN *** [4s 6d 8c] [3c]
simper11: checks
DirtyBernerd: bets $6
simper11: calls $6
*** RIVER *** [4s 6d 8c 3c] [9h]
simper11: checks
DirtyBernerd: checks
*** SHOW DOWN ***
simper11: shows [Th 5c] (high card Ten)
DirtyBernerd: shows [Kc 7s] (high card King)
DirtyBernerd collected $29.50 from pot
*** SUMMARY ***
Total pot $30 | Rake $0.50
Board [4s 6d 8c 3c 9h]
Seat 3: simper11 (big blind) showed [Th 5c] and lost with high card Ten
Seat 4: DirtyBernerd (button) (small blind) showed [Kc 7s] and won ($29.50) with high card King


PokerStars Hand #157566686033:  Hold'em Limit ($3/$6 USD) - 2016/08/21 15:33:27 ET
Table 'Thusnelda' 6-max Seat #3 is the button
Seat 3: simper11 ($147.76 in chips)
Seat 4: DirtyBernerd ($177.77 in chips)
simper11: posts small blind $1
DirtyBernerd: posts big blind $3
*** HOLE CARDS ***
simper11: raises $3 to $6
DirtyBernerd: calls $3
*** FLOP *** [7s 8h 6c]
DirtyBernerd: checks
simper11: bets $3
DirtyBernerd: calls $3
*** TURN *** [7s 8h 6c] [Ac]
DirtyBernerd: checks
simper11: bets $6
DirtyBernerd: calls $6
*** RIVER *** [7s 8h 6c Ac] [Tc]
DirtyBernerd: checks
simper11: bets $6
DirtyBernerd: raises $6 to $12
simper11: calls $6
*** SHOW DOWN ***
DirtyBernerd: shows [Kc 7c] (a flush, Ace high)
simper11: mucks hand
DirtyBernerd collected $53.50 from pot
*** SUMMARY ***
Total pot $54 | Rake $0.50
Board [7s 8h 6c Ac Tc]
Seat 3: simper11 (button) (small blind) mucked
Seat 4: DirtyBernerd (big blind) showed [Kc 7c] and won ($53.50) with a flush, Ace high


PokerStars Hand #157566671581:  Hold'em Limit ($3/$6 USD) - 2016/08/21 15:33:10 ET
Table 'Thusnelda' 6-max Seat #4 is the button
Seat 3: simper11 ($139.12 in chips)
Seat 4: DirtyBernerd ($186.77 in chips)
DirtyBernerd: posts small blind $1
simper11: posts big blind $3
*** HOLE CARDS ***
DirtyBernerd: raises $3 to $6
simper11: calls $3
*** FLOP *** [Kh 7d Kd]
simper11: checks
DirtyBernerd: bets $3
simper11: raises $3 to $6
DirtyBernerd: folds
Uncalled bet ($3) returned to simper11
simper11 collected $17.64 from pot
simper11: doesn't show hand
*** SUMMARY ***
Total pot $18 | Rake $0.36
Board [Kh 7d Kd]
Seat 3: simper11 (big blind) collected ($17.64)
Seat 4: DirtyBernerd (button) (small blind) folded on the Flop


PokerStars Hand #157566662613:  Hold'em Limit ($3/$6 USD) - 2016/08/21 15:33:00 ET
Table 'Thusnelda' 6-max Seat #3 is the button
Seat 3: simper11 ($136.12 in chips)
Seat 4: DirtyBernerd ($189.77 in chips)
simper11: posts small blind $1
DirtyBernerd: posts big blind $3
*** HOLE CARDS ***
simper11: raises $3 to $6
DirtyBernerd: folds
Uncalled bet ($3) returned to simper11
simper11 collected $6 from pot
simper11: doesn't show hand
*** SUMMARY ***
Total pot $6 | Rake $0
Seat 3: simper11 (button) (small blind) collected ($6)
Seat 4: DirtyBernerd (big blind) folded before Flop


PokerStars Hand #157566708577:  Hold'em Limit ($3/$6 USD) - 2016/08/21 15:33:53 ET
Table 'Thusnelda' 6-max Seat #4 is the button
Seat 3: simper11 ($120.76 in chips)
Seat 4: DirtyBernerd ($204.27 in chips)
DirtyBernerd: posts small blind $1
simper11: posts big blind $3
*** HOLE CARDS ***
DirtyBernerd: folds
Uncalled bet ($2) returned to simper11
simper11 collected $2 from pot
simper11: doesn't show hand
*** SUMMARY ***
Total pot $2 | Rake $0
Seat 3: simper11 (big blind) collected ($2)
Seat 4: DirtyBernerd (button) (small blind) folded before Flop


PokerStars Hand #157566717085:  Hold'em Limit ($3/$6 USD) - 2016/08/21 15:34:03 ET
Table 'Thusnelda' 6-max Seat #3 is the button
Seat 3: simper11 ($121.76 in chips)
Seat 4: DirtyBernerd ($203.27 in chips)
simper11: posts small blind $1
DirtyBernerd: posts big blind $3
*** HOLE CARDS ***
simper11: folds
Uncalled bet ($2) returned to DirtyBernerd
DirtyBernerd collected $2 from pot
DirtyBernerd: doesn't show hand
Kajind joins the table at seat #5
*** SUMMARY ***
Total pot $2 | Rake $0
Seat 3: simper11 (button) (small blind) folded before Flop
Seat 4: DirtyBernerd (big blind) collected ($2)


PokerStars Hand #157568825818:  Hold'em Limit ($3/$6 USD) - 2016/08/21 16:16:39 ET
Table 'Thusnelda' 6-max Seat #3 is the button
Seat 1: godfahter555 ($90.58 in chips)
Seat 3: simper11 ($206.49 in chips)
simper11: posts small blind $1
jackRizzar: is sitting out
godfahter555: posts big blind $3
*** HOLE CARDS ***
simper11: folds
Uncalled bet ($2) returned to godfahter555
jackRizzar leaves the table
godfahter555 collected $2 from pot
*** SUMMARY ***
Total pot $2 | Rake $0
Seat 1: godfahter555 (big blind) collected ($2)
Seat 3: simper11 (button) (small blind) folded before Flop


PokerStars Hand #157568830055:  Hold'em Limit ($3/$6 USD) - 2016/08/21 16:16:44 ET
Table 'Thusnelda' 6-max Seat #1 is the button
Seat 1: godfahter555 ($91.58 in chips)
Seat 3: simper11 ($205.49 in chips)
godfahter555: posts small blind $1
simper11: posts big blind $3
*** HOLE CARDS ***
godfahter555: folds
Uncalled bet ($2) returned to simper11
simper11 collected $2 from pot
simper11: doesn't show hand
*** SUMMARY ***
Total pot $2 | Rake $0
Seat 1: godfahter555 (button) (small blind) folded before Flop
Seat 3: simper11 (big blind) collected ($2)


