PokerStars Hand #160261643650:  Hold'em Limit ($3/$6 USD) - 2016/10/21 21:36:33 ET
Table 'Thyestes' 6-max Seat #2 is the button
Seat 2: ToDaFelt ($361.18 in chips)
Seat 6: nurlan-fast ($130.97 in chips)
ToDaFelt: posts small blind $1
nurlan-fast: posts big blind $3
*** HOLE CARDS ***
ToDaFelt: raises $3 to $6
nurlan-fast: calls $3
*** FLOP *** [6s 4d Kd]
nurlan-fast: checks
ToDaFelt: bets $3
nurlan-fast: calls $3
*** TURN *** [6s 4d Kd] [3h]
nurlan-fast: checks
ToDaFelt: bets $6
nurlan-fast: raises $6 to $12
ToDaFelt: calls $6
*** RIVER *** [6s 4d Kd 3h] [As]
nurlan-fast: checks
ToDaFelt: checks
*** SHOW DOWN ***
nurlan-fast: shows [Ks 5c] (a pair of Kings)
ToDaFelt: mucks hand
nurlan-fast collected $41.50 from pot
*** SUMMARY ***
Total pot $42 | Rake $0.50
Board [6s 4d Kd 3h As]
Seat 2: ToDaFelt (button) (small blind) mucked
Seat 6: nurlan-fast (big blind) showed [Ks 5c] and won ($41.50) with a pair of Kings


PokerStars Hand #160261654719:  Hold'em Limit ($3/$6 USD) - 2016/10/21 21:36:59 ET
Table 'Thyestes' 6-max Seat #6 is the button
Seat 2: ToDaFelt ($340.18 in chips)
Seat 6: nurlan-fast ($151.47 in chips)
nurlan-fast: posts small blind $1
ToDaFelt: posts big blind $3
*** HOLE CARDS ***
xRauIx leaves the table
nurlan-fast: raises $3 to $6
ToDaFelt: calls $3
*** FLOP *** [Kd 8c 5h]
ToDaFelt: checks
nurlan-fast: bets $3
ToDaFelt: folds
Uncalled bet ($3) returned to nurlan-fast
nurlan-fast collected $11.76 from pot
nurlan-fast: doesn't show hand
*** SUMMARY ***
Total pot $12 | Rake $0.24
Board [Kd 8c 5h]
Seat 2: ToDaFelt (big blind) folded on the Flop
Seat 6: nurlan-fast (button) (small blind) collected ($11.76)


PokerStars Hand #160261641517:  Hold'em Limit ($3/$6 USD) - 2016/10/21 21:36:27 ET
Table 'Thyestes' 6-max Seat #6 is the button
Seat 2: ToDaFelt ($360.18 in chips)
Seat 6: nurlan-fast ($131.97 in chips)
nurlan-fast: posts small blind $1
ToDaFelt: posts big blind $3
*** HOLE CARDS ***
nurlan-fast: folds
Uncalled bet ($2) returned to ToDaFelt
ToDaFelt collected $2 from pot
ToDaFelt: doesn't show hand
*** SUMMARY ***
Total pot $2 | Rake $0
Seat 2: ToDaFelt (big blind) collected ($2)
Seat 6: nurlan-fast (button) (small blind) folded before Flop


PokerStars Hand #160261628520:  Hold'em Limit ($3/$6 USD) - 2016/10/21 21:35:56 ET
Table 'Thyestes' 6-max Seat #2 is the button
Seat 2: ToDaFelt ($345.68 in chips)
Seat 6: nurlan-fast ($146.97 in chips)
ToDaFelt: posts small blind $1
nurlan-fast: posts big blind $3
*** HOLE CARDS ***
ToDaFelt: raises $3 to $6
nurlan-fast: calls $3
*** FLOP *** [7c 9c 7s]
nurlan-fast: checks
ToDaFelt: bets $3
nurlan-fast: calls $3
*** TURN *** [7c 9c 7s] [Ad]
nurlan-fast: checks
ToDaFelt: bets $6
nurlan-fast: calls $6
*** RIVER *** [7c 9c 7s Ad] [Tc]
nurlan-fast: checks
ToDaFelt: bets $6
nurlan-fast: folds
Uncalled bet ($6) returned to ToDaFelt
ToDaFelt collected $29.50 from pot
ToDaFelt: doesn't show hand
*** SUMMARY ***
Total pot $30 | Rake $0.50
Board [7c 9c 7s Ad Tc]
Seat 2: ToDaFelt (button) (small blind) collected ($29.50)
Seat 6: nurlan-fast (big blind) folded on the River


PokerStars Hand #160261682421:  Hold'em Limit ($3/$6 USD) - 2016/10/21 21:38:06 ET
Table 'Thyestes' 6-max Seat #6 is the button
Seat 2: ToDaFelt ($342.82 in chips)
Seat 6: nurlan-fast ($148.23 in chips)
nurlan-fast: posts small blind $1
ToDaFelt: posts big blind $3
*** HOLE CARDS ***
nurlan-fast: folds
Uncalled bet ($2) returned to ToDaFelt
ToDaFelt collected $2 from pot
ToDaFelt: doesn't show hand
*** SUMMARY ***
Total pot $2 | Rake $0
Seat 2: ToDaFelt (big blind) collected ($2)
Seat 6: nurlan-fast (button) (small blind) folded before Flop


PokerStars Hand #160261663117:  Hold'em Limit ($3/$6 USD) - 2016/10/21 21:37:19 ET
Table 'Thyestes' 6-max Seat #2 is the button
Seat 2: ToDaFelt ($334.18 in chips)
Seat 6: nurlan-fast ($157.23 in chips)
ToDaFelt: posts small blind $1
nurlan-fast: posts big blind $3
*** HOLE CARDS ***
ToDaFelt: raises $3 to $6
nurlan-fast: calls $3
*** FLOP *** [8d 9s Th]
nurlan-fast: checks
ToDaFelt: bets $3
nurlan-fast: calls $3
*** TURN *** [8d 9s Th] [6c]
nurlan-fast: checks
ToDaFelt: bets $6
nurlan-fast: folds
Uncalled bet ($6) returned to ToDaFelt
ToDaFelt collected $17.64 from pot
ToDaFelt: doesn't show hand
*** SUMMARY ***
Total pot $18 | Rake $0.36
Board [8d 9s Th 6c]
Seat 2: ToDaFelt (button) (small blind) collected ($17.64)
Seat 6: nurlan-fast (big blind) folded on the Turn


PokerStars Hand #160261684780:  Hold'em Limit ($3/$6 USD) - 2016/10/21 21:38:11 ET
Table 'Thyestes' 6-max Seat #2 is the button
Seat 2: ToDaFelt ($343.82 in chips)
Seat 6: nurlan-fast ($147.23 in chips)
ToDaFelt: posts small blind $1
nurlan-fast: posts big blind $3
*** HOLE CARDS ***
ToDaFelt: raises $3 to $6
nurlan-fast: folds
Uncalled bet ($3) returned to ToDaFelt
ToDaFelt collected $6 from pot
ToDaFelt: doesn't show hand
*** SUMMARY ***
Total pot $6 | Rake $0
Seat 2: ToDaFelt (button) (small blind) collected ($6)
Seat 6: nurlan-fast (big blind) folded before Flop


PokerStars Hand #160261690181:  Hold'em Limit ($3/$6 USD) - 2016/10/21 21:38:25 ET
Table 'Thyestes' 6-max Seat #2 is the button
Seat 2: ToDaFelt ($343.82 in chips)
Seat 6: nurlan-fast ($147.23 in chips)
ToDaFelt: posts small blind $1
nurlan-fast: posts big blind $3
*** HOLE CARDS ***
ToDaFelt: raises $3 to $6
nurlan-fast: raises $3 to $9
ToDaFelt: calls $3
*** FLOP *** [3s Kh Qh]
nurlan-fast: bets $3
ToDaFelt: calls $3
*** TURN *** [3s Kh Qh] [6s]
nurlan-fast: bets $6
ToDaFelt: calls $6
*** RIVER *** [3s Kh Qh 6s] [6d]
nurlan-fast: bets $6
ToDaFelt: calls $6
*** SHOW DOWN ***
nurlan-fast: shows [6c 8d] (three of a kind, Sixes)
ToDaFelt: mucks hand
nurlan-fast collected $47.50 from pot
*** SUMMARY ***
Total pot $48 | Rake $0.50
Board [3s Kh Qh 6s 6d]
Seat 2: ToDaFelt (button) (small blind) mucked
Seat 6: nurlan-fast (big blind) showed [6c 8d] and won ($47.50) with three of a kind, Sixes


PokerStars Hand #160261687522:  Hold'em Limit ($3/$6 USD) - 2016/10/21 21:38:18 ET
Table 'Thyestes' 6-max Seat #6 is the button
Seat 2: ToDaFelt ($346.82 in chips)
Seat 6: nurlan-fast ($144.23 in chips)
nurlan-fast: posts small blind $1
ToDaFelt: posts big blind $3
*** HOLE CARDS ***
nurlan-fast: raises $3 to $6
ToDaFelt: folds
Uncalled bet ($3) returned to nurlan-fast
nurlan-fast collected $6 from pot
nurlan-fast: doesn't show hand
*** SUMMARY ***
Total pot $6 | Rake $0
Seat 2: ToDaFelt (big blind) folded before Flop
Seat 6: nurlan-fast (button) (small blind) collected ($6)


PokerStars Hand #160261703549:  Hold'em Limit ($3/$6 USD) - 2016/10/21 21:38:57 ET
Table 'Thyestes' 6-max Seat #2 is the button
Seat 2: ToDaFelt ($320.82 in chips)
Seat 6: nurlan-fast ($169.73 in chips)
ToDaFelt: posts small blind $1
nurlan-fast: posts big blind $3
*** HOLE CARDS ***
ToDaFelt: raises $3 to $6
nurlan-fast: raises $3 to $9
ToDaFelt: calls $3
*** FLOP *** [9h 9d Kc]
nurlan-fast: bets $3
ToDaFelt: folds
Uncalled bet ($3) returned to nurlan-fast
nurlan-fast collected $17.64 from pot
nurlan-fast: doesn't show hand
*** SUMMARY ***
Total pot $18 | Rake $0.36
Board [9h 9d Kc]
Seat 2: ToDaFelt (button) (small blind) folded on the Flop
Seat 6: nurlan-fast (big blind) collected ($17.64)


PokerStars Hand #160261700041:  Hold'em Limit ($3/$6 USD) - 2016/10/21 21:38:49 ET
Table 'Thyestes' 6-max Seat #6 is the button
Seat 2: ToDaFelt ($319.82 in chips)
Seat 6: nurlan-fast ($170.73 in chips)
nurlan-fast: posts small blind $1
ToDaFelt: posts big blind $3
*** HOLE CARDS ***
nurlan-fast: folds
Uncalled bet ($2) returned to ToDaFelt
ToDaFelt collected $2 from pot
ToDaFelt: doesn't show hand
*** SUMMARY ***
Total pot $2 | Rake $0
Seat 2: ToDaFelt (big blind) collected ($2)
Seat 6: nurlan-fast (button) (small blind) folded before Flop


PokerStars Hand #160261727850:  Hold'em Limit ($3/$6 USD) - 2016/10/21 21:39:56 ET
Table 'Thyestes' 6-max Seat #6 is the button
Seat 2: ToDaFelt ($320.32 in chips)
Seat 6: nurlan-fast ($168.87 in chips)
nurlan-fast: posts small blind $1
ToDaFelt: posts big blind $3
*** HOLE CARDS ***
nurlan-fast: folds
Uncalled bet ($2) returned to ToDaFelt
ToDaFelt collected $2 from pot
ToDaFelt: doesn't show hand
*** SUMMARY ***
Total pot $2 | Rake $0
Seat 2: ToDaFelt (big blind) collected ($2)
Seat 6: nurlan-fast (button) (small blind) folded before Flop


PokerStars Hand #160261718468:  Hold'em Limit ($3/$6 USD) - 2016/10/21 21:39:33 ET
Table 'Thyestes' 6-max Seat #2 is the button
Seat 2: ToDaFelt ($335.32 in chips)
Seat 6: nurlan-fast ($154.37 in chips)
ToDaFelt: posts small blind $1
nurlan-fast: posts big blind $3
*** HOLE CARDS ***
ToDaFelt: raises $3 to $6
nurlan-fast: calls $3
*** FLOP *** [Kd Kc 3s]
nurlan-fast: checks
ToDaFelt: bets $3
nurlan-fast: calls $3
*** TURN *** [Kd Kc 3s] [3d]
nurlan-fast: checks
ToDaFelt: bets $6
nurlan-fast: calls $6
*** RIVER *** [Kd Kc 3s 3d] [Th]
nurlan-fast: checks
ToDaFelt: checks
*** SHOW DOWN ***
nurlan-fast: shows [7d Jc] (two pair, Kings and Threes)
ToDaFelt: mucks hand
nurlan-fast collected $29.50 from pot
*** SUMMARY ***
Total pot $30 | Rake $0.50
Board [Kd Kc 3s 3d Th]
Seat 2: ToDaFelt (button) (small blind) mucked
Seat 6: nurlan-fast (big blind) showed [7d Jc] and won ($29.50) with two pair, Kings and Threes


PokerStars Hand #160261709982:  Hold'em Limit ($3/$6 USD) - 2016/10/21 21:39:13 ET
Table 'Thyestes' 6-max Seat #6 is the button
Seat 2: ToDaFelt ($311.82 in chips)
Seat 6: nurlan-fast ($178.37 in chips)
nurlan-fast: posts small blind $1
ToDaFelt: posts big blind $3
*** HOLE CARDS ***
nurlan-fast: calls $2
ToDaFelt: checks
*** FLOP *** [7c Ad 3d]
ToDaFelt: bets $3
nurlan-fast: calls $3
*** TURN *** [7c Ad 3d] [6c]
ToDaFelt: bets $6
nurlan-fast: raises $6 to $12
ToDaFelt: calls $6
*** RIVER *** [7c Ad 3d 6c] [Ks]
ToDaFelt: checks
nurlan-fast: bets $6
ToDaFelt: calls $6
*** SHOW DOWN ***
nurlan-fast: shows [5c 2c] (high card Ace)
ToDaFelt: shows [7d 2h] (a pair of Sevens)
ToDaFelt collected $47.50 from pot
*** SUMMARY ***
Total pot $48 | Rake $0.50
Board [7c Ad 3d 6c Ks]
Seat 2: ToDaFelt (big blind) showed [7d 2h] and won ($47.50) with a pair of Sevens
Seat 6: nurlan-fast (button) (small blind) showed [5c 2c] and lost with high card Ace


PokerStars Hand #160261730142:  Hold'em Limit ($3/$6 USD) - 2016/10/21 21:40:01 ET
Table 'Thyestes' 6-max Seat #2 is the button
Seat 2: ToDaFelt ($321.32 in chips)
Seat 6: nurlan-fast ($167.87 in chips)
ToDaFelt: posts small blind $1
nurlan-fast: posts big blind $3
*** HOLE CARDS ***
ToDaFelt: raises $3 to $6
nurlan-fast: calls $3
*** FLOP *** [As 3h 6d]
nurlan-fast: checks
ToDaFelt: bets $3
nurlan-fast: folds
Uncalled bet ($3) returned to ToDaFelt
ToDaFelt collected $11.76 from pot
ToDaFelt: doesn't show hand
*** SUMMARY ***
Total pot $12 | Rake $0.24
Board [As 3h 6d]
Seat 2: ToDaFelt (button) (small blind) collected ($11.76)
Seat 6: nurlan-fast (big blind) folded on the Flop


PokerStars Hand #160261737287:  Hold'em Limit ($3/$6 USD) - 2016/10/21 21:40:19 ET
Table 'Thyestes' 6-max Seat #6 is the button
Seat 2: ToDaFelt ($327.08 in chips)
Seat 6: nurlan-fast ($161.87 in chips)
nurlan-fast: posts small blind $1
ToDaFelt: posts big blind $3
*** HOLE CARDS ***
nurlan-fast: raises $3 to $6
ToDaFelt: calls $3
*** FLOP *** [8d Qd Qh]
ToDaFelt: checks
nurlan-fast: checks
*** TURN *** [8d Qd Qh] [2s]
ToDaFelt: bets $6
nurlan-fast: raises $6 to $12
ToDaFelt: calls $6
*** RIVER *** [8d Qd Qh 2s] [4c]
ToDaFelt: checks
nurlan-fast: checks
*** SHOW DOWN ***
ToDaFelt: shows [7c 2c] (two pair, Queens and Deuces)
nurlan-fast: mucks hand
ToDaFelt collected $35.50 from pot
*** SUMMARY ***
Total pot $36 | Rake $0.50
Board [8d Qd Qh 2s 4c]
Seat 2: ToDaFelt (big blind) showed [7c 2c] and won ($35.50) with two pair, Queens and Deuces
Seat 6: nurlan-fast (button) (small blind) mucked


PokerStars Hand #160261746938:  Hold'em Limit ($3/$6 USD) - 2016/10/21 21:40:42 ET
Table 'Thyestes' 6-max Seat #2 is the button
Seat 2: ToDaFelt ($344.58 in chips)
Seat 6: nurlan-fast ($143.87 in chips)
ToDaFelt: posts small blind $1
nurlan-fast: posts big blind $3
*** HOLE CARDS ***
ToDaFelt: raises $3 to $6
nurlan-fast: calls $3
*** FLOP *** [3c 9c Th]
nurlan-fast: checks
ToDaFelt: bets $3
nurlan-fast: calls $3
*** TURN *** [3c 9c Th] [6d]
nurlan-fast: checks
ToDaFelt: checks
*** RIVER *** [3c 9c Th 6d] [8c]
nurlan-fast: bets $6
ToDaFelt: calls $6
*** SHOW DOWN ***
nurlan-fast: shows [6c 8d] (two pair, Eights and Sixes)
ToDaFelt: mucks hand
nurlan-fast collected $29.50 from pot
*** SUMMARY ***
Total pot $30 | Rake $0.50
Board [3c 9c Th 6d 8c]
Seat 2: ToDaFelt (button) (small blind) mucked
Seat 6: nurlan-fast (big blind) showed [6c 8d] and won ($29.50) with two pair, Eights and Sixes


