PokerStars Hand #145309288960:  Hold'em Limit ($3/$6 USD) - 2015/12/13 20:00:03 ET
Table 'Thyestes II' 6-max Seat #2 is the button
Seat 1: hurtstopee ($117.89 in chips)
Seat 2: PycV ($223.84 in chips)
PycV: posts small blind $1
AzureCaper: is sitting out
ValeryRon: is sitting out
Chessnok: is sitting out
hurtstopee: posts big blind $3
*** HOLE CARDS ***
PycV: folds
Uncalled bet ($2) returned to hurtstopee
ValeryRon leaves the table
AzureCaper leaves the table
hurtstopee collected $2 from pot
hurtstopee: doesn't show hand
*** SUMMARY ***
Total pot $2 | Rake $0
Seat 1: hurtstopee (big blind) collected ($2)
Seat 2: PycV (button) (small blind) folded before Flop


PokerStars Hand #145309291844:  Hold'em Limit ($3/$6 USD) - 2015/12/13 20:00:09 ET
Table 'Thyestes II' 6-max Seat #1 is the button
Seat 1: hurtstopee ($118.89 in chips)
Seat 2: PycV ($222.84 in chips)
hurtstopee: posts small blind $1
PycV: posts big blind $3
*** HOLE CARDS ***
hurtstopee: calls $2
PycV: checks
*** FLOP *** [3s Td 4s]
PycV: bets $3
Hsj2012 joins the table at seat #3
hurtstopee: folds
Uncalled bet ($3) returned to PycV
PycV collected $5.88 from pot
PycV: doesn't show hand
*** SUMMARY ***
Total pot $6 | Rake $0.12
Board [3s Td 4s]
Seat 1: hurtstopee (button) (small blind) folded on the Flop
Seat 2: PycV (big blind) collected ($5.88)


PokerStars Hand #145309513241:  Hold'em Limit ($3/$6 USD) - 2015/12/13 20:07:04 ET
Table 'Thyestes II' 6-max Seat #2 is the button
Seat 1: FeiteFrank ($62.64 in chips)
Seat 2: PycV ($187.97 in chips)
PycV: posts small blind $1
ValeryRon: is sitting out
FeiteFrank: posts big blind $3
*** HOLE CARDS ***
PycV: raises $3 to $6
ValeryRon leaves the table
FeiteFrank: calls $3
*** FLOP *** [8s 2d 4s]
FeiteFrank: checks
PycV: bets $3
FeiteFrank: folds
Uncalled bet ($3) returned to PycV
PycV collected $11.76 from pot
PycV: doesn't show hand
*** SUMMARY ***
Total pot $12 | Rake $0.24
Board [8s 2d 4s]
Seat 1: FeiteFrank (big blind) folded on the Flop
Seat 2: PycV (button) (small blind) collected ($11.76)


PokerStars Hand #145309520691:  Hold'em Limit ($3/$6 USD) - 2015/12/13 20:07:19 ET
Table 'Thyestes II' 6-max Seat #1 is the button
Seat 1: FeiteFrank ($56.64 in chips)
Seat 2: PycV ($193.73 in chips)
FeiteFrank: posts small blind $1
PycV: posts big blind $3
*** HOLE CARDS ***
FeiteFrank: raises $3 to $6
PycV: calls $3
*** FLOP *** [7h 4h 7c]
PycV: checks
FeiteFrank: bets $3
bugsbubble leaves the table
PycV: folds
Uncalled bet ($3) returned to FeiteFrank
FeiteFrank collected $11.76 from pot
*** SUMMARY ***
Total pot $12 | Rake $0.24
Board [7h 4h 7c]
Seat 1: FeiteFrank (button) (small blind) collected ($11.76)
Seat 2: PycV (big blind) folded on the Flop


