PokerStars Hand #163706549879:  Hold'em Limit ($3/$6 USD) - 2016/12/29 6:48:44 ET
Table 'Thyone II' 10-max Seat #7 is the button
Seat 4: partyalex92 ($117 in chips)
Seat 7: Actionni13 ($152.88 in chips)
Actionni13: posts small blind $1
partyalex92: posts big blind $3
*** HOLE CARDS ***
Actionni13: folds
Uncalled bet ($2) returned to partyalex92
partyalex92 collected $2 from pot
*** SUMMARY ***
Total pot $2 | Rake $0
Seat 4: partyalex92 (big blind) collected ($2)
Seat 7: Actionni13 (button) (small blind) folded before Flop


PokerStars Hand #163706526217:  Hold'em Limit ($3/$6 USD) - 2016/12/29 6:47:59 ET
Table 'Thyone II' 10-max Seat #4 is the button
Seat 4: partyalex92 ($120 in chips)
Seat 7: Actionni13 ($150 in chips)
partyalex92: posts small blind $1
Actionni13: posts big blind $3
*** HOLE CARDS ***
partyalex92: calls $2
Actionni13: checks
*** FLOP *** [Jh Ac 3s]
Actionni13: checks
partyalex92: checks
*** TURN *** [Jh Ac 3s] [Kc]
Actionni13: checks
partyalex92: checks
*** RIVER *** [Jh Ac 3s Kc] [7h]
Actionni13: checks
partyalex92: checks
*** SHOW DOWN ***
Actionni13: shows [7c 5d] (a pair of Sevens)
partyalex92: mucks hand
Actionni13 collected $5.88 from pot
*** SUMMARY ***
Total pot $6 | Rake $0.12
Board [Jh Ac 3s Kc 7h]
Seat 4: partyalex92 (button) (small blind) mucked
Seat 7: Actionni13 (big blind) showed [7c 5d] and won ($5.88) with a pair of Sevens


PokerStars Hand #163706553230:  Hold'em Limit ($3/$6 USD) - 2016/12/29 6:48:51 ET
Table 'Thyone II' 10-max Seat #4 is the button
Seat 4: partyalex92 ($118 in chips)
Seat 7: Actionni13 ($151.88 in chips)
partyalex92: posts small blind $1
Actionni13: posts big blind $3
*** HOLE CARDS ***
partyalex92: calls $2
Actionni13: checks
*** FLOP *** [6c 5d Jc]
Actionni13: bets $3
partyalex92: calls $3
*** TURN *** [6c 5d Jc] [6s]
Actionni13: checks
partyalex92: bets $6
Actionni13: raises $6 to $12
partyalex92: calls $6
*** RIVER *** [6c 5d Jc 6s] [8c]
Actionni13: bets $6
partyalex92: calls $6
*** SHOW DOWN ***
Actionni13: shows [8h 6h] (a full house, Sixes full of Eights)
partyalex92: mucks hand
Actionni13 collected $47.50 from pot
*** SUMMARY ***
Total pot $48 | Rake $0.50
Board [6c 5d Jc 6s 8c]
Seat 4: partyalex92 (button) (small blind) mucked
Seat 7: Actionni13 (big blind) showed [8h 6h] and won ($47.50) with a full house, Sixes full of Eights


PokerStars Hand #163706572799:  Hold'em Limit ($3/$6 USD) - 2016/12/29 6:49:28 ET
Table 'Thyone II' 10-max Seat #7 is the button
Seat 4: partyalex92 ($94 in chips)
Seat 7: Actionni13 ($175.38 in chips)
Actionni13: posts small blind $1
partyalex92: posts big blind $3
*** HOLE CARDS ***
Actionni13: raises $3 to $6
partyalex92: calls $3
*** FLOP *** [3s 4s 7d]
partyalex92: checks
Gambler FZ joins the table at seat #6
Actionni13: bets $3
partyalex92: raises $3 to $6
Actionni13: calls $3
*** TURN *** [3s 4s 7d] [Ts]
partyalex92: bets $6
Actionni13: calls $6
*** RIVER *** [3s 4s 7d Ts] [Jc]
partyalex92: bets $6
Actionni13: calls $6
*** SHOW DOWN ***
partyalex92: shows [3h 4h] (two pair, Fours and Threes)
Actionni13: mucks hand
partyalex92 collected $47.50 from pot
*** SUMMARY ***
Total pot $48 | Rake $0.50
Board [3s 4s 7d Ts Jc]
Seat 4: partyalex92 (big blind) showed [3h 4h] and won ($47.50) with two pair, Fours and Threes
Seat 7: Actionni13 (button) (small blind) mucked


PokerStars Hand #163706712604:  Hold'em Limit ($3/$6 USD) - 2016/12/29 6:53:55 ET
Table 'Thyone II' 10-max Seat #7 is the button
Seat 6: Gambler FZ ($139.96 in chips)
Seat 7: Actionni13 ($150 in chips)
Actionni13: posts small blind $1
Gambler FZ: posts big blind $3
*** HOLE CARDS ***
Actionni13: raises $3 to $6
Gambler FZ: calls $3
*** FLOP *** [6c 4c 2s]
Gambler FZ: checks
Actionni13: checks
*** TURN *** [6c 4c 2s] [3s]
Gambler FZ: checks
Actionni13: checks
*** RIVER *** [6c 4c 2s 3s] [5c]
Gambler FZ: bets $6
Actionni13: calls $6
*** SHOW DOWN ***
Gambler FZ: shows [8c Ts] (a straight, Deuce to Six)
Actionni13: shows [8d Kh] (a straight, Deuce to Six)
Gambler FZ collected $11.76 from pot
Actionni13 collected $11.76 from pot
*** SUMMARY ***
Total pot $24 | Rake $0.48
Board [6c 4c 2s 3s 5c]
Seat 6: Gambler FZ (big blind) showed [8c Ts] and won ($11.76) with a straight, Deuce to Six
Seat 7: Actionni13 (button) (small blind) showed [8d Kh] and won ($11.76) with a straight, Deuce to Six


PokerStars Hand #163706722214:  Hold'em Limit ($3/$6 USD) - 2016/12/29 6:54:14 ET
Table 'Thyone II' 10-max Seat #6 is the button
Seat 6: Gambler FZ ($139.72 in chips)
Seat 7: Actionni13 ($150 in chips)
Gambler FZ: posts small blind $1
Actionni13: posts big blind $3
*** HOLE CARDS ***
Gambler FZ: raises $3 to $6
Actionni13: raises $3 to $9
Gambler FZ: calls $3
*** FLOP *** [3h Ts 9h]
Actionni13: bets $3
Gambler FZ: calls $3
*** TURN *** [3h Ts 9h] [Tc]
Actionni13: bets $6
Gambler FZ: calls $6
*** RIVER *** [3h Ts 9h Tc] [Ac]
Actionni13: checks
Gambler FZ: bets $6
Actionni13: calls $6
*** SHOW DOWN ***
Gambler FZ: shows [Jd Ad] (two pair, Aces and Tens)
Actionni13: mucks hand
Gambler FZ collected $47.50 from pot
*** SUMMARY ***
Total pot $48 | Rake $0.50
Board [3h Ts 9h Tc Ac]
Seat 6: Gambler FZ (button) (small blind) showed [Jd Ad] and won ($47.50) with two pair, Aces and Tens
Seat 7: Actionni13 (big blind) mucked


PokerStars Hand #163706731860:  Hold'em Limit ($3/$6 USD) - 2016/12/29 6:54:32 ET
Table 'Thyone II' 10-max Seat #7 is the button
Seat 6: Gambler FZ ($163.22 in chips)
Seat 7: Actionni13 ($150 in chips)
Actionni13: posts small blind $1
Gambler FZ: posts big blind $3
*** HOLE CARDS ***
Actionni13: raises $3 to $6
Gambler FZ: calls $3
*** FLOP *** [Qc 2s 6s]
Gambler FZ: checks
Actionni13: bets $3
Gambler FZ: folds
Uncalled bet ($3) returned to Actionni13
Actionni13 collected $11.76 from pot
*** SUMMARY ***
Total pot $12 | Rake $0.24
Board [Qc 2s 6s]
Seat 6: Gambler FZ (big blind) folded on the Flop
Seat 7: Actionni13 (button) (small blind) collected ($11.76)


PokerStars Hand #163706747306:  Hold'em Limit ($3/$6 USD) - 2016/12/29 6:55:00 ET
Table 'Thyone II' 10-max Seat #6 is the button
Seat 6: Gambler FZ ($157.22 in chips)
Seat 7: Actionni13 ($155.76 in chips)
Gambler FZ: posts small blind $1
Actionni13: posts big blind $3
*** HOLE CARDS ***
Gambler FZ: raises $3 to $6
Actionni13: raises $3 to $9
Gambler FZ: calls $3
*** FLOP *** [4h Qh Kd]
Actionni13: bets $3
Gambler FZ: calls $3
*** TURN *** [4h Qh Kd] [Qc]
Actionni13: bets $6
Gambler FZ: folds
Uncalled bet ($6) returned to Actionni13
Actionni13 collected $23.52 from pot
*** SUMMARY ***
Total pot $24 | Rake $0.48
Board [4h Qh Kd Qc]
Seat 6: Gambler FZ (button) (small blind) folded on the Turn
Seat 7: Actionni13 (big blind) collected ($23.52)


PokerStars Hand #163706754167:  Hold'em Limit ($3/$6 USD) - 2016/12/29 6:55:14 ET
Table 'Thyone II' 10-max Seat #7 is the button
Seat 6: Gambler FZ ($145.22 in chips)
Seat 7: Actionni13 ($167.28 in chips)
Actionni13: posts small blind $1
Gambler FZ: posts big blind $3
*** HOLE CARDS ***
Actionni13: raises $3 to $6
Gambler FZ: folds
Uncalled bet ($3) returned to Actionni13
Actionni13 collected $6 from pot
*** SUMMARY ***
Total pot $6 | Rake $0
Seat 6: Gambler FZ (big blind) folded before Flop
Seat 7: Actionni13 (button) (small blind) collected ($6)


PokerStars Hand #163706756908:  Hold'em Limit ($3/$6 USD) - 2016/12/29 6:55:20 ET
Table 'Thyone II' 10-max Seat #6 is the button
Seat 6: Gambler FZ ($142.22 in chips)
Seat 7: Actionni13 ($170.28 in chips)
Gambler FZ: posts small blind $1
Actionni13: posts big blind $3
*** HOLE CARDS ***
Gambler FZ: raises $3 to $6
Actionni13: calls $3
*** FLOP *** [Qd 7c Tc]
Actionni13: checks
Gambler FZ: checks
*** TURN *** [Qd 7c Tc] [2c]
Actionni13: checks
Gambler FZ: bets $6
Actionni13: folds
Uncalled bet ($6) returned to Gambler FZ
Gambler FZ collected $11.76 from pot
Gambler FZ: doesn't show hand
*** SUMMARY ***
Total pot $12 | Rake $0.24
Board [Qd 7c Tc 2c]
Seat 6: Gambler FZ (button) (small blind) collected ($11.76)
Seat 7: Actionni13 (big blind) folded on the Turn


PokerStars Hand #163706766885:  Hold'em Limit ($3/$6 USD) - 2016/12/29 6:55:41 ET
Table 'Thyone II' 10-max Seat #7 is the button
Seat 6: Gambler FZ ($147.98 in chips)
Seat 7: Actionni13 ($164.28 in chips)
Actionni13: posts small blind $1
Gambler FZ: posts big blind $3
*** HOLE CARDS ***
Actionni13: raises $3 to $6
Gambler FZ: calls $3
*** FLOP *** [7s 6d Jd]
Gambler FZ: bets $3
Actionni13: folds
Uncalled bet ($3) returned to Gambler FZ
Gambler FZ collected $11.76 from pot
Gambler FZ: doesn't show hand
*** SUMMARY ***
Total pot $12 | Rake $0.24
Board [7s 6d Jd]
Seat 6: Gambler FZ (big blind) collected ($11.76)
Seat 7: Actionni13 (button) (small blind) folded on the Flop


PokerStars Hand #163706785475:  Hold'em Limit ($3/$6 USD) - 2016/12/29 6:56:19 ET
Table 'Thyone II' 10-max Seat #7 is the button
Seat 6: Gambler FZ ($177.24 in chips)
Seat 7: Actionni13 ($150 in chips)
Actionni13: posts small blind $1
Gambler FZ: posts big blind $3
*** HOLE CARDS ***
Actionni13: raises $3 to $6
Gambler FZ: folds
Uncalled bet ($3) returned to Actionni13
Actionni13 collected $6 from pot
*** SUMMARY ***
Total pot $6 | Rake $0
Seat 6: Gambler FZ (big blind) folded before Flop
Seat 7: Actionni13 (button) (small blind) collected ($6)


PokerStars Hand #163706771734:  Hold'em Limit ($3/$6 USD) - 2016/12/29 6:55:51 ET
Table 'Thyone II' 10-max Seat #6 is the button
Seat 6: Gambler FZ ($153.74 in chips)
Seat 7: Actionni13 ($158.28 in chips)
Gambler FZ: posts small blind $1
Actionni13: posts big blind $3
*** HOLE CARDS ***
Gambler FZ: raises $3 to $6
Actionni13: raises $3 to $9
Gambler FZ: calls $3
*** FLOP *** [2s 5c 7d]
Actionni13: bets $3
Gambler FZ: calls $3
*** TURN *** [2s 5c 7d] [6c]
Actionni13: bets $6
Gambler FZ: calls $6
*** RIVER *** [2s 5c 7d 6c] [6s]
Actionni13: checks
Gambler FZ: bets $6
Actionni13: calls $6
*** SHOW DOWN ***
Gambler FZ: shows [6d Ah] (three of a kind, Sixes)
Actionni13: mucks hand
Gambler FZ collected $47.50 from pot
*** SUMMARY ***
Total pot $48 | Rake $0.50
Board [2s 5c 7d 6c 6s]
Seat 6: Gambler FZ (button) (small blind) showed [6d Ah] and won ($47.50) with three of a kind, Sixes
Seat 7: Actionni13 (big blind) mucked


PokerStars Hand #163706789466:  Hold'em Limit ($3/$6 USD) - 2016/12/29 6:56:28 ET
Table 'Thyone II' 10-max Seat #6 is the button
Seat 6: Gambler FZ ($174.24 in chips)
Seat 7: Actionni13 ($153 in chips)
Gambler FZ: posts small blind $1
Actionni13: posts big blind $3
*** HOLE CARDS ***
Gambler FZ: folds
Uncalled bet ($2) returned to Actionni13
Actionni13 collected $2 from pot
*** SUMMARY ***
Total pot $2 | Rake $0
Seat 6: Gambler FZ (button) (small blind) folded before Flop
Seat 7: Actionni13 (big blind) collected ($2)


PokerStars Hand #163706796982:  Hold'em Limit ($3/$6 USD) - 2016/12/29 6:56:43 ET
Table 'Thyone II' 10-max Seat #6 is the button
Seat 6: Gambler FZ ($179 in chips)
Seat 7: Actionni13 ($150 in chips)
Gambler FZ: posts small blind $1
Actionni13: posts big blind $3
*** HOLE CARDS ***
Gambler FZ: folds
Uncalled bet ($2) returned to Actionni13
Actionni13 collected $2 from pot
*** SUMMARY ***
Total pot $2 | Rake $0
Seat 6: Gambler FZ (button) (small blind) folded before Flop
Seat 7: Actionni13 (big blind) collected ($2)


PokerStars Hand #163706791924:  Hold'em Limit ($3/$6 USD) - 2016/12/29 6:56:33 ET
Table 'Thyone II' 10-max Seat #7 is the button
Seat 6: Gambler FZ ($173.24 in chips)
Seat 7: Actionni13 ($154 in chips)
Actionni13: posts small blind $1
Gambler FZ: posts big blind $3
*** HOLE CARDS ***
Actionni13: raises $3 to $6
Gambler FZ: calls $3
*** FLOP *** [Ac Kh 6h]
Gambler FZ: bets $3
Actionni13: folds
Uncalled bet ($3) returned to Gambler FZ
Gambler FZ collected $11.76 from pot
Gambler FZ: doesn't show hand
*** SUMMARY ***
Total pot $12 | Rake $0.24
Board [Ac Kh 6h]
Seat 6: Gambler FZ (big blind) collected ($11.76)
Seat 7: Actionni13 (button) (small blind) folded on the Flop


PokerStars Hand #163706799411:  Hold'em Limit ($3/$6 USD) - 2016/12/29 6:56:48 ET
Table 'Thyone II' 10-max Seat #7 is the button
Seat 6: Gambler FZ ($178 in chips)
Seat 7: Actionni13 ($151 in chips)
Actionni13: posts small blind $1
Gambler FZ: posts big blind $3
*** HOLE CARDS ***
Actionni13: raises $3 to $6
Gambler FZ: calls $3
*** FLOP *** [6d Jh 5s]
Gambler FZ: bets $3
Actionni13: folds
Uncalled bet ($3) returned to Gambler FZ
Gambler FZ collected $11.76 from pot
Gambler FZ: doesn't show hand
*** SUMMARY ***
Total pot $12 | Rake $0.24
Board [6d Jh 5s]
Seat 6: Gambler FZ (big blind) collected ($11.76)
Seat 7: Actionni13 (button) (small blind) folded on the Flop


PokerStars Hand #163706804194:  Hold'em Limit ($3/$6 USD) - 2016/12/29 6:56:58 ET
Table 'Thyone II' 10-max Seat #6 is the button
Seat 6: Gambler FZ ($183.76 in chips)
Seat 7: Actionni13 ($150 in chips)
Gambler FZ: posts small blind $1
Actionni13: posts big blind $3
*** HOLE CARDS ***
Gambler FZ: raises $3 to $6
Actionni13: folds
Uncalled bet ($3) returned to Gambler FZ
Gambler FZ collected $6 from pot
Gambler FZ: doesn't show hand
*** SUMMARY ***
Total pot $6 | Rake $0
Seat 6: Gambler FZ (button) (small blind) collected ($6)
Seat 7: Actionni13 (big blind) folded before Flop


PokerStars Hand #163706807228:  Hold'em Limit ($3/$6 USD) - 2016/12/29 6:57:04 ET
Table 'Thyone II' 10-max Seat #7 is the button
Seat 6: Gambler FZ ($186.76 in chips)
Seat 7: Actionni13 ($150 in chips)
Actionni13: posts small blind $1
Gambler FZ: posts big blind $3
*** HOLE CARDS ***
Actionni13: raises $3 to $6
Gambler FZ: calls $3
*** FLOP *** [2s 9c 7c]
Gambler FZ: checks
Actionni13: bets $3
Gambler FZ: calls $3
*** TURN *** [2s 9c 7c] [As]
Gambler FZ: bets $6
Actionni13: folds
Uncalled bet ($6) returned to Gambler FZ
Gambler FZ collected $17.64 from pot
Gambler FZ: doesn't show hand
*** SUMMARY ***
Total pot $18 | Rake $0.36
Board [2s 9c 7c As]
Seat 6: Gambler FZ (big blind) collected ($17.64)
Seat 7: Actionni13 (button) (small blind) folded on the Turn


PokerStars Hand #163706815524:  Hold'em Limit ($3/$6 USD) - 2016/12/29 6:57:21 ET
Table 'Thyone II' 10-max Seat #6 is the button
Seat 6: Gambler FZ ($195.40 in chips)
Seat 7: Actionni13 ($150 in chips)
Gambler FZ: posts small blind $1
Actionni13: posts big blind $3
*** HOLE CARDS ***
Gambler FZ: raises $3 to $6
Actionni13: calls $3
*** FLOP *** [3s Tc 7h]
Actionni13: checks
Gambler FZ: checks
*** TURN *** [3s Tc 7h] [Ks]
Actionni13: bets $6
Gambler FZ: folds
Uncalled bet ($6) returned to Actionni13
Actionni13 collected $11.76 from pot
*** SUMMARY ***
Total pot $12 | Rake $0.24
Board [3s Tc 7h Ks]
Seat 6: Gambler FZ (button) (small blind) folded on the Turn
Seat 7: Actionni13 (big blind) collected ($11.76)


PokerStars Hand #163706822975:  Hold'em Limit ($3/$6 USD) - 2016/12/29 6:57:36 ET
Table 'Thyone II' 10-max Seat #7 is the button
Seat 6: Gambler FZ ($189.40 in chips)
Seat 7: Actionni13 ($155.76 in chips)
Actionni13: posts small blind $1
Gambler FZ: posts big blind $3
*** HOLE CARDS ***
fsreibnitz joins the table at seat #5
Actionni13: raises $3 to $6
Gambler FZ: calls $3
*** FLOP *** [9h Qs Kd]
Gambler FZ: checks
Actionni13: bets $3
Gambler FZ: folds
Uncalled bet ($3) returned to Actionni13
Actionni13 collected $11.76 from pot
*** SUMMARY ***
Total pot $12 | Rake $0.24
Board [9h Qs Kd]
Seat 6: Gambler FZ (big blind) folded on the Flop
Seat 7: Actionni13 (button) (small blind) collected ($11.76)


PokerStars Hand #163706828911:  Hold'em Limit ($3/$6 USD) - 2016/12/29 6:57:48 ET
Table 'Thyone II' 10-max Seat #6 is the button
Seat 6: Gambler FZ ($183.40 in chips)
Seat 7: Actionni13 ($161.52 in chips)
Gambler FZ: posts small blind $1
Actionni13: posts big blind $3
*** HOLE CARDS ***
Gambler FZ: folds
Uncalled bet ($2) returned to Actionni13
Actionni13 collected $2 from pot
*** SUMMARY ***
Total pot $2 | Rake $0
Seat 6: Gambler FZ (button) (small blind) folded before Flop
Seat 7: Actionni13 (big blind) collected ($2)


PokerStars Hand #163706897783:  Hold'em Limit ($3/$6 USD) - 2016/12/29 7:00:06 ET
Table 'Thyone II' 10-max Seat #7 is the button
Seat 7: Actionni13 ($161.46 in chips)
Seat 8: ragz2riche5 ($375.32 in chips)
Actionni13: posts small blind $1
ragz2riche5: posts big blind $3
*** HOLE CARDS ***
Actionni13: raises $3 to $6
ragz2riche5: calls $3
*** FLOP *** [6c 2d Kh]
ragz2riche5: checks
Actionni13: bets $3
ragz2riche5: folds
Uncalled bet ($3) returned to Actionni13
Actionni13 collected $11.76 from pot
*** SUMMARY ***
Total pot $12 | Rake $0.24
Board [6c 2d Kh]
Seat 7: Actionni13 (button) (small blind) collected ($11.76)
Seat 8: ragz2riche5 (big blind) folded on the Flop


PokerStars Hand #163706903631:  Hold'em Limit ($3/$6 USD) - 2016/12/29 7:00:17 ET
Table 'Thyone II' 10-max Seat #8 is the button
Seat 7: Actionni13 ($167.22 in chips)
Seat 8: ragz2riche5 ($369.32 in chips)
ragz2riche5: posts small blind $1
Actionni13: posts big blind $3
*** HOLE CARDS ***
ragz2riche5: raises $3 to $6
Actionni13: folds
Uncalled bet ($3) returned to ragz2riche5
ragz2riche5 collected $6 from pot
ragz2riche5: doesn't show hand
*** SUMMARY ***
Total pot $6 | Rake $0
Seat 7: Actionni13 (big blind) folded before Flop
Seat 8: ragz2riche5 (button) (small blind) collected ($6)


PokerStars Hand #163706916380:  Hold'em Limit ($3/$6 USD) - 2016/12/29 7:00:42 ET
Table 'Thyone II' 10-max Seat #8 is the button
Seat 7: Actionni13 ($181.72 in chips)
Seat 8: ragz2riche5 ($354.32 in chips)
ragz2riche5: posts small blind $1
Actionni13: posts big blind $3
*** HOLE CARDS ***
ragz2riche5: calls $2
Actionni13: checks
*** FLOP *** [7c 6s As]
Actionni13: bets $3
ragz2riche5: folds
Uncalled bet ($3) returned to Actionni13
Actionni13 collected $5.88 from pot
*** SUMMARY ***
Total pot $6 | Rake $0.12
Board [7c 6s As]
Seat 7: Actionni13 (big blind) collected ($5.88)
Seat 8: ragz2riche5 (button) (small blind) folded on the Flop


PokerStars Hand #163706922899:  Hold'em Limit ($3/$6 USD) - 2016/12/29 7:00:55 ET
Table 'Thyone II' 10-max Seat #7 is the button
Seat 7: Actionni13 ($184.60 in chips)
Seat 8: ragz2riche5 ($351.32 in chips)
Actionni13: posts small blind $1
ragz2riche5: posts big blind $3
*** HOLE CARDS ***
Actionni13: raises $3 to $6
ragz2riche5: folds
Uncalled bet ($3) returned to Actionni13
Actionni13 collected $6 from pot
*** SUMMARY ***
Total pot $6 | Rake $0
Seat 7: Actionni13 (button) (small blind) collected ($6)
Seat 8: ragz2riche5 (big blind) folded before Flop


PokerStars Hand #163706926427:  Hold'em Limit ($3/$6 USD) - 2016/12/29 7:01:01 ET
Table 'Thyone II' 10-max Seat #8 is the button
Seat 7: Actionni13 ($187.60 in chips)
Seat 8: ragz2riche5 ($348.32 in chips)
ragz2riche5: posts small blind $1
Actionni13: posts big blind $3
*** HOLE CARDS ***
ragz2riche5: raises $3 to $6
Actionni13: raises $3 to $9
ragz2riche5: calls $3
*** FLOP *** [As 7d Th]
Actionni13: bets $3
ragz2riche5: folds
Uncalled bet ($3) returned to Actionni13
Actionni13 collected $17.64 from pot
*** SUMMARY ***
Total pot $18 | Rake $0.36
Board [As 7d Th]
Seat 7: Actionni13 (big blind) collected ($17.64)
Seat 8: ragz2riche5 (button) (small blind) folded on the Flop


PokerStars Hand #163706934656:  Hold'em Limit ($3/$6 USD) - 2016/12/29 7:01:17 ET
Table 'Thyone II' 10-max Seat #7 is the button
Seat 7: Actionni13 ($196.24 in chips)
Seat 8: ragz2riche5 ($339.32 in chips)
Actionni13: posts small blind $1
ragz2riche5: posts big blind $3
*** HOLE CARDS ***
Actionni13: raises $3 to $6
ragz2riche5: calls $3
*** FLOP *** [Jc 6d 2d]
ragz2riche5: checks
Actionni13: bets $3
ragz2riche5: calls $3
*** TURN *** [Jc 6d 2d] [7s]
ragz2riche5: checks
Actionni13: checks
*** RIVER *** [Jc 6d 2d 7s] [7h]
ragz2riche5: checks
Actionni13: bets $6
ragz2riche5: folds
Uncalled bet ($6) returned to Actionni13
Actionni13 collected $17.64 from pot
*** SUMMARY ***
Total pot $18 | Rake $0.36
Board [Jc 6d 2d 7s 7h]
Seat 7: Actionni13 (button) (small blind) collected ($17.64)
Seat 8: ragz2riche5 (big blind) folded on the River


PokerStars Hand #163706948871:  Hold'em Limit ($3/$6 USD) - 2016/12/29 7:01:43 ET
Table 'Thyone II' 10-max Seat #8 is the button
Seat 7: Actionni13 ($204.88 in chips)
Seat 8: ragz2riche5 ($330.32 in chips)
ragz2riche5: posts small blind $1
Actionni13: posts big blind $3
*** HOLE CARDS ***
ragz2riche5: raises $3 to $6
Gambler FZ joins the table at seat #3
Actionni13: calls $3
*** FLOP *** [8s 3c 4s]
Actionni13: checks
ragz2riche5: checks
*** TURN *** [8s 3c 4s] [Ks]
Actionni13: checks
ragz2riche5: bets $6
Actionni13: folds
Uncalled bet ($6) returned to ragz2riche5
ragz2riche5 collected $11.76 from pot
ragz2riche5: doesn't show hand
*** SUMMARY ***
Total pot $12 | Rake $0.24
Board [8s 3c 4s Ks]
Seat 7: Actionni13 (big blind) folded on the Turn
Seat 8: ragz2riche5 (button) (small blind) collected ($11.76)


PokerStars Hand #163706987106:  Hold'em Limit ($3/$6 USD) - 2016/12/29 7:02:52 ET
Table 'Thyone II' 10-max Seat #3 is the button
Seat 3: Gambler FZ ($105 in chips)
Seat 8: ragz2riche5 ($350.58 in chips)
Gambler FZ: posts small blind $1
ragz2riche5: posts big blind $3
*** HOLE CARDS ***
Gambler FZ: raises $3 to $6
ragz2riche5: folds
Uncalled bet ($3) returned to Gambler FZ
Gambler FZ collected $6 from pot
Gambler FZ: doesn't show hand
*** SUMMARY ***
Total pot $6 | Rake $0
Seat 3: Gambler FZ (button) (small blind) collected ($6)
Seat 8: ragz2riche5 (big blind) folded before Flop


PokerStars Hand #163706976584:  Hold'em Limit ($3/$6 USD) - 2016/12/29 7:02:33 ET
Table 'Thyone II' 10-max Seat #8 is the button
Seat 3: Gambler FZ ($120 in chips)
Seat 8: ragz2riche5 ($336.08 in chips)
ragz2riche5: posts small blind $1
Gambler FZ: posts big blind $3
*** HOLE CARDS ***
ragz2riche5: calls $2
Gambler FZ: checks
*** FLOP *** [Tc 4d Qh]
Gambler FZ: checks
ragz2riche5: checks
*** TURN *** [Tc 4d Qh] [8d]
Gambler FZ: bets $6
ragz2riche5: calls $6
*** RIVER *** [Tc 4d Qh 8d] [Kc]
Gambler FZ: bets $6
ragz2riche5: calls $6
*** SHOW DOWN ***
Gambler FZ: shows [8c 3h] (a pair of Eights)
ragz2riche5: shows [8h Jh] (a pair of Eights - King+Queen+Jack kicker)
ragz2riche5 collected $29.50 from pot
*** SUMMARY ***
Total pot $30 | Rake $0.50
Board [Tc 4d Qh 8d Kc]
Seat 3: Gambler FZ (big blind) showed [8c 3h] and lost with a pair of Eights
Seat 8: ragz2riche5 (button) (small blind) showed [8h Jh] and won ($29.50) with a pair of Eights


PokerStars Hand #163706990441:  Hold'em Limit ($3/$6 USD) - 2016/12/29 7:02:59 ET
Table 'Thyone II' 10-max Seat #8 is the button
Seat 3: Gambler FZ ($108 in chips)
Seat 8: ragz2riche5 ($347.58 in chips)
ragz2riche5: posts small blind $1
Gambler FZ: posts big blind $3
*** HOLE CARDS ***
ragz2riche5: calls $2
Gambler FZ: checks
*** FLOP *** [4d Qc 6c]
Gambler FZ: bets $3
ragz2riche5: folds
Uncalled bet ($3) returned to Gambler FZ
Gambler FZ collected $5.88 from pot
Gambler FZ: doesn't show hand
*** SUMMARY ***
Total pot $6 | Rake $0.12
Board [4d Qc 6c]
Seat 3: Gambler FZ (big blind) collected ($5.88)
Seat 8: ragz2riche5 (button) (small blind) folded on the Flop


PokerStars Hand #163706996982:  Hold'em Limit ($3/$6 USD) - 2016/12/29 7:03:10 ET
Table 'Thyone II' 10-max Seat #3 is the button
Seat 3: Gambler FZ ($110.88 in chips)
Seat 8: ragz2riche5 ($344.58 in chips)
Gambler FZ: posts small blind $1
ragz2riche5: posts big blind $3
*** HOLE CARDS ***
Gambler FZ: raises $3 to $6
ragz2riche5: calls $3
*** FLOP *** [Td Jc 8s]
ragz2riche5: checks
Gambler FZ: checks
*** TURN *** [Td Jc 8s] [6h]
ragz2riche5: checks
Gambler FZ: bets $6
ragz2riche5: raises $6 to $12
Gambler FZ: folds
Uncalled bet ($6) returned to ragz2riche5
ragz2riche5 collected $23.52 from pot
ragz2riche5: doesn't show hand
*** SUMMARY ***
Total pot $24 | Rake $0.48
Board [Td Jc 8s 6h]
Seat 3: Gambler FZ (button) (small blind) folded on the Turn
Seat 8: ragz2riche5 (big blind) collected ($23.52)


PokerStars Hand #163707005466:  Hold'em Limit ($3/$6 USD) - 2016/12/29 7:03:26 ET
Table 'Thyone II' 10-max Seat #8 is the button
Seat 3: Gambler FZ ($98.88 in chips)
Seat 8: ragz2riche5 ($356.10 in chips)
ragz2riche5: posts small blind $1
Gambler FZ: posts big blind $3
*** HOLE CARDS ***
ragz2riche5: raises $3 to $6
Gambler FZ: calls $3
*** FLOP *** [7s 4d Qc]
Gambler FZ: bets $3
ragz2riche5: calls $3
*** TURN *** [7s 4d Qc] [Td]
Gambler FZ: bets $6
ragz2riche5: raises $6 to $12
Gambler FZ: calls $6
*** RIVER *** [7s 4d Qc Td] [Ad]
Gambler FZ: checks
ragz2riche5: bets $6
Gambler FZ: folds
Uncalled bet ($6) returned to ragz2riche5
ragz2riche5 collected $41.50 from pot
ragz2riche5: doesn't show hand
*** SUMMARY ***
Total pot $42 | Rake $0.50
Board [7s 4d Qc Td Ad]
Seat 3: Gambler FZ (big blind) folded on the River
Seat 8: ragz2riche5 (button) (small blind) collected ($41.50)


PokerStars Hand #163707118086:  Hold'em Limit ($3/$6 USD) - 2016/12/29 7:06:46 ET
Table 'Thyone II' 10-max Seat #7 is the button
Seat 7: Actionni13 ($202.52 in chips)
Seat 8: ragz2riche5 ($323.15 in chips)
Actionni13: posts small blind $1
ragz2riche5: posts big blind $3
*** HOLE CARDS ***
Actionni13: raises $3 to $6
ragz2riche5: calls $3
*** FLOP *** [Tc 2d 7s]
ragz2riche5: checks
Actionni13: bets $3
ragz2riche5: calls $3
*** TURN *** [Tc 2d 7s] [5h]
ragz2riche5: checks
Actionni13: checks
*** RIVER *** [Tc 2d 7s 5h] [4c]
ragz2riche5: bets $6
Actionni13: folds
Uncalled bet ($6) returned to ragz2riche5
ragz2riche5 collected $17.64 from pot
ragz2riche5: doesn't show hand
*** SUMMARY ***
Total pot $18 | Rake $0.36
Board [Tc 2d 7s 5h 4c]
Seat 7: Actionni13 (button) (small blind) folded on the River
Seat 8: ragz2riche5 (big blind) collected ($17.64)


PokerStars Hand #163707165085:  Hold'em Limit ($3/$6 USD) - 2016/12/29 7:08:10 ET
Table 'Thyone II' 10-max Seat #8 is the button
Seat 7: Actionni13 ($219.90 in chips)
Seat 8: ragz2riche5 ($304.79 in chips)
ragz2riche5: posts small blind $1
Actionni13: posts big blind $3
*** HOLE CARDS ***
ragz2riche5: folds
Uncalled bet ($2) returned to Actionni13
Actionni13 collected $2 from pot
*** SUMMARY ***
Total pot $2 | Rake $0
Seat 7: Actionni13 (big blind) collected ($2)
Seat 8: ragz2riche5 (button) (small blind) folded before Flop


PokerStars Hand #163707140127:  Hold'em Limit ($3/$6 USD) - 2016/12/29 7:07:25 ET
Table 'Thyone II' 10-max Seat #7 is the button
Seat 7: Actionni13 ($196.40 in chips)
Seat 8: ragz2riche5 ($328.79 in chips)
Actionni13: posts small blind $1
ragz2riche5: posts big blind $3
*** HOLE CARDS ***
Actionni13: raises $3 to $6
ragz2riche5: calls $3
*** FLOP *** [Qs Kh 7c]
ragz2riche5: checks
Actionni13: bets $3
ragz2riche5: raises $3 to $6
Actionni13: calls $3
*** TURN *** [Qs Kh 7c] [Jc]
ragz2riche5: checks
Actionni13: bets $6
ragz2riche5: calls $6
*** RIVER *** [Qs Kh 7c Jc] [3h]
ragz2riche5: checks
Actionni13: bets $6
ragz2riche5: calls $6
*** SHOW DOWN ***
Actionni13: shows [Td As] (a straight, Ten to Ace)
ragz2riche5: mucks hand
Actionni13 collected $47.50 from pot
*** SUMMARY ***
Total pot $48 | Rake $0.50
Board [Qs Kh 7c Jc 3h]
Seat 7: Actionni13 (button) (small blind) showed [Td As] and won ($47.50) with a straight, Ten to Ace
Seat 8: ragz2riche5 (big blind) mucked


PokerStars Hand #163707128269:  Hold'em Limit ($3/$6 USD) - 2016/12/29 7:07:04 ET
Table 'Thyone II' 10-max Seat #8 is the button
Seat 7: Actionni13 ($193.52 in chips)
Seat 8: ragz2riche5 ($331.79 in chips)
ragz2riche5: posts small blind $1
Actionni13: posts big blind $3
*** HOLE CARDS ***
ragz2riche5: calls $2
Actionni13: checks
*** FLOP *** [6c Jc Qd]
Actionni13: checks
ragz2riche5: checks
*** TURN *** [6c Jc Qd] [6d]
Actionni13: bets $6
ragz2riche5: folds
Uncalled bet ($6) returned to Actionni13
Actionni13 collected $5.88 from pot
*** SUMMARY ***
Total pot $6 | Rake $0.12
Board [6c Jc Qd 6d]
Seat 7: Actionni13 (big blind) collected ($5.88)
Seat 8: ragz2riche5 (button) (small blind) folded on the Turn


PokerStars Hand #163707178245:  Hold'em Limit ($3/$6 USD) - 2016/12/29 7:08:33 ET
Table 'Thyone II' 10-max Seat #8 is the button
Seat 7: Actionni13 ($223.90 in chips)
Seat 8: ragz2riche5 ($300.79 in chips)
ragz2riche5: posts small blind $1
Actionni13: posts big blind $3
*** HOLE CARDS ***
ragz2riche5: raises $3 to $6
Actionni13: calls $3
*** FLOP *** [Ah 8d 9d]
Actionni13: checks
ragz2riche5: bets $3
Actionni13: folds
Uncalled bet ($3) returned to ragz2riche5
ragz2riche5 collected $11.76 from pot
ragz2riche5: doesn't show hand
*** SUMMARY ***
Total pot $12 | Rake $0.24
Board [Ah 8d 9d]
Seat 7: Actionni13 (big blind) folded on the Flop
Seat 8: ragz2riche5 (button) (small blind) collected ($11.76)


PokerStars Hand #163707174746:  Hold'em Limit ($3/$6 USD) - 2016/12/29 7:08:27 ET
Table 'Thyone II' 10-max Seat #7 is the button
Seat 7: Actionni13 ($220.90 in chips)
Seat 8: ragz2riche5 ($303.79 in chips)
Actionni13: posts small blind $1
ragz2riche5: posts big blind $3
*** HOLE CARDS ***
Actionni13: raises $3 to $6
ragz2riche5: folds
Uncalled bet ($3) returned to Actionni13
Actionni13 collected $6 from pot
*** SUMMARY ***
Total pot $6 | Rake $0
Seat 7: Actionni13 (button) (small blind) collected ($6)
Seat 8: ragz2riche5 (big blind) folded before Flop


PokerStars Hand #163707171827:  Hold'em Limit ($3/$6 USD) - 2016/12/29 7:08:22 ET
Table 'Thyone II' 10-max Seat #8 is the button
Seat 7: Actionni13 ($219.90 in chips)
Seat 8: ragz2riche5 ($304.79 in chips)
ragz2riche5: posts small blind $1
Actionni13: posts big blind $3
*** HOLE CARDS ***
ragz2riche5: folds
Uncalled bet ($2) returned to Actionni13
Actionni13 collected $2 from pot
*** SUMMARY ***
Total pot $2 | Rake $0
Seat 7: Actionni13 (big blind) collected ($2)
Seat 8: ragz2riche5 (button) (small blind) folded before Flop


PokerStars Hand #163707168407:  Hold'em Limit ($3/$6 USD) - 2016/12/29 7:08:16 ET
Table 'Thyone II' 10-max Seat #7 is the button
Seat 7: Actionni13 ($220.90 in chips)
Seat 8: ragz2riche5 ($303.79 in chips)
Actionni13: posts small blind $1
ragz2riche5: posts big blind $3
*** HOLE CARDS ***
Actionni13: folds
Uncalled bet ($2) returned to ragz2riche5
ragz2riche5 collected $2 from pot
ragz2riche5: doesn't show hand
*** SUMMARY ***
Total pot $2 | Rake $0
Seat 7: Actionni13 (button) (small blind) folded before Flop
Seat 8: ragz2riche5 (big blind) collected ($2)


PokerStars Hand #163707209182:  Hold'em Limit ($3/$6 USD) - 2016/12/29 7:09:28 ET
Table 'Thyone II' 10-max Seat #8 is the button
Seat 7: Actionni13 ($208.90 in chips)
Seat 8: ragz2riche5 ($315.19 in chips)
ragz2riche5: posts small blind $1
Actionni13: posts big blind $3
*** HOLE CARDS ***
ragz2riche5: calls $2
Actionni13: checks
*** FLOP *** [Ks 8d 3c]
Actionni13: bets $3
ragz2riche5: folds
Uncalled bet ($3) returned to Actionni13
Actionni13 collected $5.88 from pot
*** SUMMARY ***
Total pot $6 | Rake $0.12
Board [Ks 8d 3c]
Seat 7: Actionni13 (big blind) collected ($5.88)
Seat 8: ragz2riche5 (button) (small blind) folded on the Flop


PokerStars Hand #163707187704:  Hold'em Limit ($3/$6 USD) - 2016/12/29 7:08:50 ET
Table 'Thyone II' 10-max Seat #7 is the button
Seat 7: Actionni13 ($217.90 in chips)
Seat 8: ragz2riche5 ($306.55 in chips)
Actionni13: posts small blind $1
ragz2riche5: posts big blind $3
*** HOLE CARDS ***
Actionni13: raises $3 to $6
ragz2riche5: calls $3
*** FLOP *** [Kd 5d 8s]
ragz2riche5: checks
Actionni13: bets $3
ragz2riche5: calls $3
*** TURN *** [Kd 5d 8s] [6d]
ragz2riche5: checks
Actionni13: checks
*** RIVER *** [Kd 5d 8s 6d] [Js]
ragz2riche5: bets $6
Actionni13: folds
Uncalled bet ($6) returned to ragz2riche5
ragz2riche5 collected $17.64 from pot
ragz2riche5: doesn't show hand
*** SUMMARY ***
Total pot $18 | Rake $0.36
Board [Kd 5d 8s 6d Js]
Seat 7: Actionni13 (button) (small blind) folded on the River
Seat 8: ragz2riche5 (big blind) collected ($17.64)


