PokerStars Hand #158917145820:  Hold'em Limit ($3/$6 USD) - 2016/09/21 17:32:07 ET
Table 'Thyra' 6-max Seat #5 is the button
Seat 1: Zubasa07 ($505.76 in chips)
Seat 5: Siwy56 ($94 in chips)
Siwy56: posts small blind $1
Zubasa07: posts big blind $3
*** HOLE CARDS ***
Siwy56: calls $2
Zubasa07: checks
*** FLOP *** [Ah Jd Ad]
Zubasa07: checks
Siwy56: checks
*** TURN *** [Ah Jd Ad] [Qc]
Zubasa07: bets $6
Siwy56: folds
Uncalled bet ($6) returned to Zubasa07
Zubasa07 collected $5.88 from pot
Zubasa07: doesn't show hand
*** SUMMARY ***
Total pot $6 | Rake $0.12
Board [Ah Jd Ad Qc]
Seat 1: Zubasa07 (big blind) collected ($5.88)
Seat 5: Siwy56 (button) (small blind) folded on the Turn


PokerStars Hand #158917113937:  Hold'em Limit ($3/$6 USD) - 2016/09/21 17:31:28 ET
Table 'Thyra' 6-max Seat #1 is the button
Seat 1: Zubasa07 ($500 in chips)
Seat 5: Siwy56 ($100 in chips)
Zubasa07: posts small blind $1
Siwy56: posts big blind $3
*** HOLE CARDS ***
vestimokrec joins the table at seat #6
Zubasa07: raises $3 to $6
Siwy56: calls $3
*** FLOP *** [Td 5c 4d]
Siwy56: checks
Zubasa07: checks
*** TURN *** [Td 5c 4d] [4s]
Siwy56: checks
Zubasa07: checks
*** RIVER *** [Td 5c 4d 4s] [4c]
Siwy56: checks
Zubasa07: checks
*** SHOW DOWN ***
Siwy56: shows [2s 7h] (three of a kind, Fours)
Zubasa07: shows [3c Qh] (three of a kind, Fours - Queen kicker)
Zubasa07 collected $11.76 from pot
*** SUMMARY ***
Total pot $12 | Rake $0.24
Board [Td 5c 4d 4s 4c]
Seat 1: Zubasa07 (button) (small blind) showed [3c Qh] and won ($11.76) with three of a kind, Fours
Seat 5: Siwy56 (big blind) showed [2s 7h] and lost with three of a kind, Fours


PokerStars Hand #158917213141:  Hold'em Limit ($3/$6 USD) - 2016/09/21 17:33:30 ET
Table 'Thyra' 6-max Seat #1 is the button
Seat 1: Zubasa07 ($531.90 in chips)
Seat 5: Siwy56 ($67 in chips)
Zubasa07: posts small blind $1
Siwy56: posts big blind $3
*** HOLE CARDS ***
Zubasa07: raises $3 to $6
Siwy56: raises $3 to $9
Zubasa07: calls $3
*** FLOP *** [2c 8s Ah]
Siwy56: bets $3
Zubasa07: calls $3
*** TURN *** [2c 8s Ah] [Ad]
Siwy56: bets $6
Zubasa07: folds
Uncalled bet ($6) returned to Siwy56
Siwy56 collected $23.52 from pot
Siwy56: doesn't show hand
*** SUMMARY ***
Total pot $24 | Rake $0.48
Board [2c 8s Ah Ad]
Seat 1: Zubasa07 (button) (small blind) folded on the Turn
Seat 5: Siwy56 (big blind) collected ($23.52)


PokerStars Hand #158917193732:  Hold'em Limit ($3/$6 USD) - 2016/09/21 17:33:06 ET
Table 'Thyra' 6-max Seat #5 is the button
Seat 1: Zubasa07 ($514.40 in chips)
Seat 5: Siwy56 ($85 in chips)
Siwy56: posts small blind $1
Zubasa07: posts big blind $3
*** HOLE CARDS ***
Siwy56: raises $3 to $6
Zubasa07: raises $3 to $9
Siwy56: calls $3
*** FLOP *** [Jc 4c Ks]
Zubasa07: bets $3
Siwy56: calls $3
*** TURN *** [Jc 4c Ks] [Td]
Zubasa07: bets $6
Siwy56: calls $6
*** RIVER *** [Jc 4c Ks Td] [6c]
Zubasa07: bets $6
Siwy56: folds
Uncalled bet ($6) returned to Zubasa07
Zubasa07 collected $35.50 from pot
Zubasa07: doesn't show hand
*** SUMMARY ***
Total pot $36 | Rake $0.50
Board [Jc 4c Ks Td 6c]
Seat 1: Zubasa07 (big blind) collected ($35.50)
Seat 5: Siwy56 (button) (small blind) folded on the River


PokerStars Hand #158917168653:  Hold'em Limit ($3/$6 USD) - 2016/09/21 17:32:35 ET
Table 'Thyra' 6-max Seat #1 is the button
Seat 1: Zubasa07 ($508.64 in chips)
Seat 5: Siwy56 ($91 in chips)
Zubasa07: posts small blind $1
Siwy56: posts big blind $3
*** HOLE CARDS ***
Zubasa07: raises $3 to $6
Siwy56: calls $3
*** FLOP *** [7h 9h 4s]
Siwy56: checks
Zubasa07: bets $3
Siwy56: folds
Uncalled bet ($3) returned to Zubasa07
Zubasa07 collected $11.76 from pot
Zubasa07: doesn't show hand
*** SUMMARY ***
Total pot $12 | Rake $0.24
Board [7h 9h 4s]
Seat 1: Zubasa07 (button) (small blind) collected ($11.76)
Seat 5: Siwy56 (big blind) folded on the Flop


PokerStars Hand #158917260718:  Hold'em Limit ($3/$6 USD) - 2016/09/21 17:34:28 ET
Table 'Thyra' 6-max Seat #1 is the button
Seat 1: Zubasa07 ($515.78 in chips)
Seat 5: Siwy56 ($82.28 in chips)
Zubasa07: posts small blind $1
Siwy56: posts big blind $3
*** HOLE CARDS ***
Zubasa07: raises $3 to $6
Siwy56: raises $3 to $9
Zubasa07: calls $3
*** FLOP *** [5d 5c 7s]
Siwy56: bets $3
Zubasa07: calls $3
*** TURN *** [5d 5c 7s] [7c]
Siwy56: bets $6
Zubasa07: calls $6
*** RIVER *** [5d 5c 7s 7c] [Th]
Siwy56: bets $6
Zubasa07: folds
Uncalled bet ($6) returned to Siwy56
Siwy56 collected $35.50 from pot
Siwy56: doesn't show hand
*** SUMMARY ***
Total pot $36 | Rake $0.50
Board [5d 5c 7s 7c Th]
Seat 1: Zubasa07 (button) (small blind) folded on the River
Seat 5: Siwy56 (big blind) collected ($35.50)


PokerStars Hand #158917252077:  Hold'em Limit ($3/$6 USD) - 2016/09/21 17:34:18 ET
Table 'Thyra' 6-max Seat #5 is the button
Seat 1: Zubasa07 ($521.78 in chips)
Seat 5: Siwy56 ($76.52 in chips)
Siwy56: posts small blind $1
Zubasa07: posts big blind $3
*** HOLE CARDS ***
Siwy56: raises $3 to $6
Zubasa07: calls $3
*** FLOP *** [8c 2c 4c]
Zubasa07: checks
Siwy56: bets $3
Zubasa07: folds
Uncalled bet ($3) returned to Siwy56
Siwy56 collected $11.76 from pot
Siwy56: doesn't show hand
*** SUMMARY ***
Total pot $12 | Rake $0.24
Board [8c 2c 4c]
Seat 1: Zubasa07 (big blind) folded on the Flop
Seat 5: Siwy56 (button) (small blind) collected ($11.76)


PokerStars Hand #158917248410:  Hold'em Limit ($3/$6 USD) - 2016/09/21 17:34:13 ET
Table 'Thyra' 6-max Seat #1 is the button
Seat 1: Zubasa07 ($522.78 in chips)
Seat 5: Siwy56 ($75.52 in chips)
Zubasa07: posts small blind $1
Siwy56: posts big blind $3
*** HOLE CARDS ***
Zubasa07: folds
Uncalled bet ($2) returned to Siwy56
Siwy56 collected $2 from pot
Siwy56: doesn't show hand
*** SUMMARY ***
Total pot $2 | Rake $0
Seat 1: Zubasa07 (button) (small blind) folded before Flop
Seat 5: Siwy56 (big blind) collected ($2)


PokerStars Hand #158917232246:  Hold'em Limit ($3/$6 USD) - 2016/09/21 17:33:53 ET
Table 'Thyra' 6-max Seat #5 is the button
Seat 1: Zubasa07 ($519.90 in chips)
Seat 5: Siwy56 ($78.52 in chips)
Siwy56: posts small blind $1
Zubasa07: posts big blind $3
*** HOLE CARDS ***
Siwy56: calls $2
Zubasa07: checks
*** FLOP *** [7h Ad 9d]
Zubasa07: checks
Siwy56: checks
*** TURN *** [7h Ad 9d] [2s]
Zubasa07: checks
Siwy56: checks
*** RIVER *** [7h Ad 9d 2s] [Th]
Zubasa07: bets $6
Siwy56: folds
Uncalled bet ($6) returned to Zubasa07
Zubasa07 collected $5.88 from pot
Zubasa07: doesn't show hand
*** SUMMARY ***
Total pot $6 | Rake $0.12
Board [7h Ad 9d 2s Th]
Seat 1: Zubasa07 (big blind) collected ($5.88)
Seat 5: Siwy56 (button) (small blind) folded on the River


PokerStars Hand #158917320885:  Hold'em Limit ($3/$6 USD) - 2016/09/21 17:35:44 ET
Table 'Thyra' 6-max Seat #5 is the button
Seat 1: Zubasa07 ($533.80 in chips)
Seat 5: Siwy56 ($62.78 in chips)
Siwy56: posts small blind $1
Zubasa07: posts big blind $3
*** HOLE CARDS ***
Siwy56: folds
Uncalled bet ($2) returned to Zubasa07
Zubasa07 collected $2 from pot
Zubasa07: doesn't show hand
*** SUMMARY ***
Total pot $2 | Rake $0
Seat 1: Zubasa07 (big blind) collected ($2)
Seat 5: Siwy56 (button) (small blind) folded before Flop


PokerStars Hand #158917311328:  Hold'em Limit ($3/$6 USD) - 2016/09/21 17:35:32 ET
Table 'Thyra' 6-max Seat #1 is the button
Seat 1: Zubasa07 ($528.04 in chips)
Seat 5: Siwy56 ($68.78 in chips)
Zubasa07: posts small blind $1
Siwy56: posts big blind $3
*** HOLE CARDS ***
Zubasa07: raises $3 to $6
Siwy56: calls $3
*** FLOP *** [Qd Ks Tc]
Siwy56: checks
Zubasa07: bets $3
Siwy56: folds
Uncalled bet ($3) returned to Zubasa07
Zubasa07 collected $11.76 from pot
Zubasa07: doesn't show hand
*** SUMMARY ***
Total pot $12 | Rake $0.24
Board [Qd Ks Tc]
Seat 1: Zubasa07 (button) (small blind) collected ($11.76)
Seat 5: Siwy56 (big blind) folded on the Flop


PokerStars Hand #158917307678:  Hold'em Limit ($3/$6 USD) - 2016/09/21 17:35:27 ET
Table 'Thyra' 6-max Seat #5 is the button
Seat 1: Zubasa07 ($527.04 in chips)
Seat 5: Siwy56 ($69.78 in chips)
Siwy56: posts small blind $1
Zubasa07: posts big blind $3
*** HOLE CARDS ***
Siwy56: folds
Uncalled bet ($2) returned to Zubasa07
Zubasa07 collected $2 from pot
Zubasa07: doesn't show hand
*** SUMMARY ***
Total pot $2 | Rake $0
Seat 1: Zubasa07 (big blind) collected ($2)
Seat 5: Siwy56 (button) (small blind) folded before Flop


PokerStars Hand #158917295413:  Hold'em Limit ($3/$6 USD) - 2016/09/21 17:35:11 ET
Table 'Thyra' 6-max Seat #1 is the button
Seat 1: Zubasa07 ($521.28 in chips)
Seat 5: Siwy56 ($75.78 in chips)
Zubasa07: posts small blind $1
Siwy56: posts big blind $3
*** HOLE CARDS ***
Zubasa07: raises $3 to $6
Siwy56: calls $3
*** FLOP *** [Qh 7s Qd]
Siwy56: checks
Zubasa07: bets $3
Siwy56: folds
Uncalled bet ($3) returned to Zubasa07
Zubasa07 collected $11.76 from pot
Zubasa07: doesn't show hand
*** SUMMARY ***
Total pot $12 | Rake $0.24
Board [Qh 7s Qd]
Seat 1: Zubasa07 (button) (small blind) collected ($11.76)
Seat 5: Siwy56 (big blind) folded on the Flop


PokerStars Hand #158917275925:  Hold'em Limit ($3/$6 USD) - 2016/09/21 17:34:47 ET
Table 'Thyra' 6-max Seat #5 is the button
Seat 1: Zubasa07 ($497.78 in chips)
Seat 5: Siwy56 ($99.78 in chips)
Siwy56: posts small blind $1
Zubasa07: posts big blind $3
*** HOLE CARDS ***
Siwy56: raises $3 to $6
Zubasa07: raises $3 to $9
Siwy56: calls $3
*** FLOP *** [Td 4c 5d]
Zubasa07: bets $3
Siwy56: calls $3
*** TURN *** [Td 4c 5d] [5s]
Zubasa07: bets $6
Siwy56: calls $6
*** RIVER *** [Td 4c 5d 5s] [Qh]
Zubasa07: bets $6
Siwy56: calls $6
*** SHOW DOWN ***
Zubasa07: shows [9h Tc] (two pair, Tens and Fives)
Siwy56: mucks hand
Zubasa07 collected $47.50 from pot
*** SUMMARY ***
Total pot $48 | Rake $0.50
Board [Td 4c 5d 5s Qh]
Seat 1: Zubasa07 (big blind) showed [9h Tc] and won ($47.50) with two pair, Tens and Fives
Seat 5: Siwy56 (button) (small blind) mucked


PokerStars Hand #158917328774:  Hold'em Limit ($3/$6 USD) - 2016/09/21 17:35:54 ET
Table 'Thyra' 6-max Seat #1 is the button
Seat 1: Zubasa07 ($534.80 in chips)
Seat 5: Siwy56 ($61.78 in chips)
Zubasa07: posts small blind $1
Siwy56: posts big blind $3
*** HOLE CARDS ***
Zubasa07: raises $3 to $6
Siwy56: calls $3
*** FLOP *** [Kh 2h Ac]
Siwy56: checks
Zubasa07: bets $3
Siwy56: calls $3
*** TURN *** [Kh 2h Ac] [Th]
Siwy56: bets $6
Zubasa07: calls $6
*** RIVER *** [Kh 2h Ac Th] [Ks]
Siwy56: bets $6
Zubasa07: calls $6
*** SHOW DOWN ***
Siwy56: shows [3c Kc] (three of a kind, Kings)
Zubasa07: mucks hand
Siwy56 collected $41.50 from pot
*** SUMMARY ***
Total pot $42 | Rake $0.50
Board [Kh 2h Ac Th Ks]
Seat 1: Zubasa07 (button) (small blind) mucked
Seat 5: Siwy56 (big blind) showed [3c Kc] and won ($41.50) with three of a kind, Kings


PokerStars Hand #158918164032:  Hold'em Limit ($3/$6 USD) - 2016/09/21 17:55:01 ET
Table 'Thyra' 6-max Seat #3 is the button
Seat 2: LaJess ($39.46 in chips)
Seat 3: @92gara42@ ($102.70 in chips)
@92gara42@: posts small blind $1
vestimokrec: is sitting out
Zubasa07: is sitting out
LaJess: posts big blind $3
*** HOLE CARDS ***
@92gara42@: raises $3 to $6
LaJess: folds
Uncalled bet ($3) returned to @92gara42@
Zubasa07 leaves the table
@92gara42@ collected $6 from pot
@92gara42@: doesn't show hand
*** SUMMARY ***
Total pot $6 | Rake $0
Seat 2: LaJess (big blind) folded before Flop
Seat 3: @92gara42@ (button) (small blind) collected ($6)


PokerStars Hand #158918167911:  Hold'em Limit ($3/$6 USD) - 2016/09/21 17:55:07 ET
Table 'Thyra' 6-max Seat #2 is the button
Seat 2: LaJess ($36.46 in chips)
Seat 3: @92gara42@ ($105.70 in chips)
LaJess: posts small blind $1
@92gara42@: posts big blind $3
*** HOLE CARDS ***
Zubasa07 joins the table at seat #4
LaJess: folds
Uncalled bet ($2) returned to @92gara42@
@92gara42@ collected $2 from pot
@92gara42@: doesn't show hand
*** SUMMARY ***
Total pot $2 | Rake $0
Seat 2: LaJess (button) (small blind) folded before Flop
Seat 3: @92gara42@ (big blind) collected ($2)


PokerStars Hand #158918393242:  Hold'em Limit ($3/$6 USD) - 2016/09/21 18:01:30 ET
Table 'Thyra' 6-max Seat #2 is the button
Seat 2: LaJess ($138.15 in chips)
Seat 4: Zubasa07 ($491.81 in chips)
LaJess: posts small blind $1
Zubasa07: posts big blind $3
*** HOLE CARDS ***
LaJess: folds
Uncalled bet ($2) returned to Zubasa07
Zubasa07 collected $2 from pot
Zubasa07: doesn't show hand
*** SUMMARY ***
Total pot $2 | Rake $0
Seat 2: LaJess (button) (small blind) folded before Flop
Seat 4: Zubasa07 (big blind) collected ($2)


PokerStars Hand #158918428247:  Hold'em Limit ($3/$6 USD) - 2016/09/21 18:02:21 ET
Table 'Thyra' 6-max Seat #4 is the button
Seat 2: LaJess ($144.79 in chips)
Seat 4: Zubasa07 ($484.81 in chips)
Zubasa07: posts small blind $1
LaJess: posts big blind $3
*** HOLE CARDS ***
Zubasa07: raises $3 to $6
LaJess: raises $3 to $9
Zubasa07: calls $3
*** FLOP *** [2c Qd Qh]
LaJess: bets $3
Zubasa07: calls $3
*** TURN *** [2c Qd Qh] [Kd]
LaJess: bets $6
Zubasa07: raises $6 to $12
LaJess: folds
Uncalled bet ($6) returned to Zubasa07
Zubasa07 collected $35.50 from pot
Zubasa07: doesn't show hand
*** SUMMARY ***
Total pot $36 | Rake $0.50
Board [2c Qd Qh Kd]
Seat 2: LaJess (big blind) folded on the Turn
Seat 4: Zubasa07 (button) (small blind) collected ($35.50)


PokerStars Hand #158918424854:  Hold'em Limit ($3/$6 USD) - 2016/09/21 18:02:16 ET
Table 'Thyra' 6-max Seat #2 is the button
Seat 2: LaJess ($145.79 in chips)
Seat 4: Zubasa07 ($483.81 in chips)
LaJess: posts small blind $1
Zubasa07: posts big blind $3
*** HOLE CARDS ***
LaJess: folds
Uncalled bet ($2) returned to Zubasa07
Zubasa07 collected $2 from pot
Zubasa07: doesn't show hand
*** SUMMARY ***
Total pot $2 | Rake $0
Seat 2: LaJess (button) (small blind) folded before Flop
Seat 4: Zubasa07 (big blind) collected ($2)


PokerStars Hand #158918396202:  Hold'em Limit ($3/$6 USD) - 2016/09/21 18:01:34 ET
Table 'Thyra' 6-max Seat #4 is the button
Seat 2: LaJess ($137.15 in chips)
Seat 4: Zubasa07 ($492.81 in chips)
Zubasa07: posts small blind $1
LaJess: posts big blind $3
*** HOLE CARDS ***
@92gara42@ leaves the table
Zubasa07: raises $3 to $6
LaJess: calls $3
*** FLOP *** [Jc 6d Kd]
LaJess: checks
Zubasa07: bets $3
LaJess: calls $3
*** TURN *** [Jc 6d Kd] [4h]
LaJess: checks
Zubasa07: checks
*** RIVER *** [Jc 6d Kd 4h] [4s]
LaJess: bets $6
Zubasa07: folds
Uncalled bet ($6) returned to LaJess
LaJess collected $17.64 from pot
LaJess: doesn't show hand
*** SUMMARY ***
Total pot $18 | Rake $0.36
Board [Jc 6d Kd 4h 4s]
Seat 2: LaJess (big blind) collected ($17.64)
Seat 4: Zubasa07 (button) (small blind) folded on the River


PokerStars Hand #158918467168:  Hold'em Limit ($3/$6 USD) - 2016/09/21 18:03:17 ET
Table 'Thyra' 6-max Seat #2 is the button
Seat 2: LaJess ($119.79 in chips)
Seat 4: Zubasa07 ($509.07 in chips)
LaJess: posts small blind $1
Zubasa07: posts big blind $3
*** HOLE CARDS ***
LaJess: raises $3 to $6
Zubasa07: calls $3
*** FLOP *** [Kh 5h 7d]
Zubasa07: checks
LaJess: bets $3
Zubasa07: raises $3 to $6
LaJess: folds
Uncalled bet ($3) returned to Zubasa07
Zubasa07 collected $17.64 from pot
Zubasa07: doesn't show hand
*** SUMMARY ***
Total pot $18 | Rake $0.36
Board [Kh 5h 7d]
Seat 2: LaJess (button) (small blind) folded on the Flop
Seat 4: Zubasa07 (big blind) collected ($17.64)


PokerStars Hand #158918453194:  Hold'em Limit ($3/$6 USD) - 2016/09/21 18:02:57 ET
Table 'Thyra' 6-max Seat #4 is the button
Seat 2: LaJess ($125.79 in chips)
Seat 4: Zubasa07 ($503.31 in chips)
Zubasa07: posts small blind $1
LaJess: posts big blind $3
*** HOLE CARDS ***
Zubasa07: raises $3 to $6
LaJess: calls $3
*** FLOP *** [8d 5s 5h]
LaJess: checks
Zubasa07: bets $3
LaJess: folds
Uncalled bet ($3) returned to Zubasa07
Zubasa07 collected $11.76 from pot
Zubasa07: doesn't show hand
*** SUMMARY ***
Total pot $12 | Rake $0.24
Board [8d 5s 5h]
Seat 2: LaJess (big blind) folded on the Flop
Seat 4: Zubasa07 (button) (small blind) collected ($11.76)


PokerStars Hand #158918543745:  Hold'em Limit ($3/$6 USD) - 2016/09/21 18:04:56 ET
Table 'Thyra' 6-max Seat #2 is the button
Seat 2: LaJess ($70.79 in chips)
Seat 4: Zubasa07 ($557.21 in chips)
LaJess: posts small blind $1
Zubasa07: posts big blind $3
*** HOLE CARDS ***
LaJess: folds
Uncalled bet ($2) returned to Zubasa07
Zubasa07 collected $2 from pot
Zubasa07: doesn't show hand
*** SUMMARY ***
Total pot $2 | Rake $0
Seat 2: LaJess (button) (small blind) folded before Flop
Seat 4: Zubasa07 (big blind) collected ($2)


PokerStars Hand #158918540128:  Hold'em Limit ($3/$6 USD) - 2016/09/21 18:04:50 ET
Table 'Thyra' 6-max Seat #4 is the button
Seat 2: LaJess ($73.79 in chips)
Seat 4: Zubasa07 ($554.21 in chips)
Zubasa07: posts small blind $1
LaJess: posts big blind $3
*** HOLE CARDS ***
Zubasa07: raises $3 to $6
LaJess: folds
Uncalled bet ($3) returned to Zubasa07
Zubasa07 collected $6 from pot
Zubasa07: doesn't show hand
*** SUMMARY ***
Total pot $6 | Rake $0
Seat 2: LaJess (big blind) folded before Flop
Seat 4: Zubasa07 (button) (small blind) collected ($6)


PokerStars Hand #158918532883:  Hold'em Limit ($3/$6 USD) - 2016/09/21 18:04:40 ET
Table 'Thyra' 6-max Seat #4 is the button
Seat 2: LaJess ($73.79 in chips)
Seat 4: Zubasa07 ($554.21 in chips)
Zubasa07: posts small blind $1
LaJess: posts big blind $3
*** HOLE CARDS ***
Zubasa07: folds
Uncalled bet ($2) returned to LaJess
LaJess collected $2 from pot
LaJess: doesn't show hand
*** SUMMARY ***
Total pot $2 | Rake $0
Seat 2: LaJess (big blind) collected ($2)
Seat 4: Zubasa07 (button) (small blind) folded before Flop


PokerStars Hand #158918529747:  Hold'em Limit ($3/$6 USD) - 2016/09/21 18:04:35 ET
Table 'Thyra' 6-max Seat #2 is the button
Seat 2: LaJess ($74.79 in chips)
Seat 4: Zubasa07 ($553.21 in chips)
LaJess: posts small blind $1
Zubasa07: posts big blind $3
*** HOLE CARDS ***
LaJess: folds
Uncalled bet ($2) returned to Zubasa07
Zubasa07 collected $2 from pot
Zubasa07: doesn't show hand
*** SUMMARY ***
Total pot $2 | Rake $0
Seat 2: LaJess (button) (small blind) folded before Flop
Seat 4: Zubasa07 (big blind) collected ($2)


PokerStars Hand #158918519872:  Hold'em Limit ($3/$6 USD) - 2016/09/21 18:04:21 ET
Table 'Thyra' 6-max Seat #4 is the button
Seat 2: LaJess ($73.79 in chips)
Seat 4: Zubasa07 ($554.21 in chips)
Zubasa07: posts small blind $1
LaJess: posts big blind $3
*** HOLE CARDS ***
Zubasa07: folds
Uncalled bet ($2) returned to LaJess
LaJess collected $2 from pot
LaJess: doesn't show hand
*** SUMMARY ***
Total pot $2 | Rake $0
Seat 2: LaJess (big blind) collected ($2)
Seat 4: Zubasa07 (button) (small blind) folded before Flop


PokerStars Hand #158918516979:  Hold'em Limit ($3/$6 USD) - 2016/09/21 18:04:17 ET
Table 'Thyra' 6-max Seat #2 is the button
Seat 2: LaJess ($74.79 in chips)
Seat 4: Zubasa07 ($553.21 in chips)
LaJess: posts small blind $1
Zubasa07: posts big blind $3
*** HOLE CARDS ***
LaJess: folds
Uncalled bet ($2) returned to Zubasa07
Zubasa07 collected $2 from pot
Zubasa07: doesn't show hand
*** SUMMARY ***
Total pot $2 | Rake $0
Seat 2: LaJess (button) (small blind) folded before Flop
Seat 4: Zubasa07 (big blind) collected ($2)


PokerStars Hand #158918490226:  Hold'em Limit ($3/$6 USD) - 2016/09/21 18:03:38 ET
Table 'Thyra' 6-max Seat #4 is the button
Seat 2: LaJess ($110.79 in chips)
Seat 4: Zubasa07 ($517.71 in chips)
Zubasa07: posts small blind $1
LaJess: posts big blind $3
*** HOLE CARDS ***
Zubasa07: raises $3 to $6
LaJess: raises $3 to $9
Zubasa07: calls $3
*** FLOP *** [2h Jh 4d]
LaJess: bets $3
Zubasa07: calls $3
*** TURN *** [2h Jh 4d] [2c]
LaJess: bets $6
Zubasa07: raises $6 to $12
LaJess: raises $6 to $18
Zubasa07: calls $6
*** RIVER *** [2h Jh 4d 2c] [8c]
LaJess: bets $6
Zubasa07: calls $6
*** SHOW DOWN ***
LaJess: shows [6s Ac] (a pair of Deuces)
Zubasa07: shows [9c Jc] (two pair, Jacks and Deuces)
Zubasa07 collected $71.50 from pot
*** SUMMARY ***
Total pot $72 | Rake $0.50
Board [2h Jh 4d 2c 8c]
Seat 2: LaJess (big blind) showed [6s Ac] and lost with a pair of Deuces
Seat 4: Zubasa07 (button) (small blind) showed [9c Jc] and won ($71.50) with two pair, Jacks and Deuces


PokerStars Hand #158918580087:  Hold'em Limit ($3/$6 USD) - 2016/09/21 18:05:48 ET
Table 'Thyra' 6-max Seat #4 is the button
Seat 2: LaJess ($92.93 in chips)
Seat 4: Zubasa07 ($534.21 in chips)
Zubasa07: posts small blind $1
LaJess: posts big blind $3
*** HOLE CARDS ***
Zubasa07: raises $3 to $6
LaJess: calls $3
*** FLOP *** [9d 6h 9s]
LaJess: checks
Zubasa07: bets $3
LaJess: folds
Uncalled bet ($3) returned to Zubasa07
Zubasa07 collected $11.76 from pot
Zubasa07: doesn't show hand
*** SUMMARY ***
Total pot $12 | Rake $0.24
Board [9d 6h 9s]
Seat 2: LaJess (big blind) folded on the Flop
Seat 4: Zubasa07 (button) (small blind) collected ($11.76)


PokerStars Hand #158918555004:  Hold'em Limit ($3/$6 USD) - 2016/09/21 18:05:12 ET
Table 'Thyra' 6-max Seat #2 is the button
Seat 2: LaJess ($78.43 in chips)
Seat 4: Zubasa07 ($549.21 in chips)
LaJess: posts small blind $1
Zubasa07: posts big blind $3
*** HOLE CARDS ***
LaJess: raises $3 to $6
Zubasa07: calls $3
*** FLOP *** [5h Qc 4c]
Zubasa07: checks
LaJess: bets $3
Zubasa07: calls $3
*** TURN *** [5h Qc 4c] [3s]
Zubasa07: checks
LaJess: bets $6
Zubasa07: calls $6
*** RIVER *** [5h Qc 4c 3s] [8h]
Zubasa07: checks
LaJess: checks
*** SHOW DOWN ***
Zubasa07: shows [6d As] (high card Ace)
LaJess: shows [9d 9s] (a pair of Nines)
LaJess collected $29.50 from pot
*** SUMMARY ***
Total pot $30 | Rake $0.50
Board [5h Qc 4c 3s 8h]
Seat 2: LaJess (button) (small blind) showed [9d 9s] and won ($29.50) with a pair of Nines
Seat 4: Zubasa07 (big blind) showed [6d As] and lost with high card Ace


PokerStars Hand #158918547044:  Hold'em Limit ($3/$6 USD) - 2016/09/21 18:05:00 ET
Table 'Thyra' 6-max Seat #4 is the button
Seat 2: LaJess ($69.79 in chips)
Seat 4: Zubasa07 ($558.21 in chips)
Zubasa07: posts small blind $1
LaJess: posts big blind $3
*** HOLE CARDS ***
Zubasa07: raises $3 to $6
LaJess: raises $3 to $9
Zubasa07: calls $3
*** FLOP *** [4s Ks 9d]
LaJess: bets $3
Zubasa07: folds
Uncalled bet ($3) returned to LaJess
LaJess collected $17.64 from pot
LaJess: doesn't show hand
*** SUMMARY ***
Total pot $18 | Rake $0.36
Board [4s Ks 9d]
Seat 2: LaJess (big blind) collected ($17.64)
Seat 4: Zubasa07 (button) (small blind) folded on the Flop


PokerStars Hand #158918625659:  Hold'em Limit ($3/$6 USD) - 2016/09/21 18:06:55 ET
Table 'Thyra' 6-max Seat #2 is the button
Seat 2: LaJess ($101.33 in chips)
Seat 4: Zubasa07 ($524.97 in chips)
LaJess: posts small blind $1
Zubasa07: posts big blind $3
*** HOLE CARDS ***
LaJess: folds
Uncalled bet ($2) returned to Zubasa07
Zubasa07 collected $2 from pot
Zubasa07: doesn't show hand
*** SUMMARY ***
Total pot $2 | Rake $0
Seat 2: LaJess (button) (small blind) folded before Flop
Seat 4: Zubasa07 (big blind) collected ($2)


PokerStars Hand #158918609456:  Hold'em Limit ($3/$6 USD) - 2016/09/21 18:06:31 ET
Table 'Thyra' 6-max Seat #4 is the button
Seat 2: LaJess ($92.69 in chips)
Seat 4: Zubasa07 ($533.97 in chips)
Zubasa07: posts small blind $1
LaJess: posts big blind $3
*** HOLE CARDS ***
Zubasa07: raises $3 to $6
LaJess: calls $3
*** FLOP *** [8h 6s Td]
LaJess: checks
Zubasa07: bets $3
LaJess: calls $3
*** TURN *** [8h 6s Td] [7s]
LaJess: bets $6
Zubasa07: folds
Uncalled bet ($6) returned to LaJess
LaJess collected $17.64 from pot
LaJess: doesn't show hand
*** SUMMARY ***
Total pot $18 | Rake $0.36
Board [8h 6s Td 7s]
Seat 2: LaJess (big blind) collected ($17.64)
Seat 4: Zubasa07 (button) (small blind) folded on the Turn


PokerStars Hand #158918593912:  Hold'em Limit ($3/$6 USD) - 2016/09/21 18:06:08 ET
Table 'Thyra' 6-max Seat #2 is the button
Seat 2: LaJess ($86.93 in chips)
Seat 4: Zubasa07 ($539.97 in chips)
LaJess: posts small blind $1
Zubasa07: posts big blind $3
*** HOLE CARDS ***
LaJess: raises $3 to $6
Zubasa07: calls $3
*** FLOP *** [Tc 2d Qs]
Zubasa07: checks
LaJess: bets $3
Zubasa07: folds
Uncalled bet ($3) returned to LaJess
LaJess collected $11.76 from pot
LaJess: doesn't show hand
*** SUMMARY ***
Total pot $12 | Rake $0.24
Board [Tc 2d Qs]
Seat 2: LaJess (button) (small blind) collected ($11.76)
Seat 4: Zubasa07 (big blind) folded on the Flop


PokerStars Hand #158918656018:  Hold'em Limit ($3/$6 USD) - 2016/09/21 18:07:39 ET
Table 'Thyra' 6-max Seat #2 is the button
Seat 2: LaJess ($75.33 in chips)
Seat 4: Zubasa07 ($550.47 in chips)
LaJess: posts small blind $1
Zubasa07: posts big blind $3
*** HOLE CARDS ***
LaJess: raises $3 to $6
Zubasa07: raises $3 to $9
LaJess: calls $3
*** FLOP *** [Ts Ah 2s]
Zubasa07: bets $3
LaJess: raises $3 to $6
Zubasa07: folds
Uncalled bet ($3) returned to LaJess
LaJess collected $23.52 from pot
LaJess: doesn't show hand
*** SUMMARY ***
Total pot $24 | Rake $0.48
Board [Ts Ah 2s]
Seat 2: LaJess (button) (small blind) collected ($23.52)
Seat 4: Zubasa07 (big blind) folded on the Flop


PokerStars Hand #158918649631:  Hold'em Limit ($3/$6 USD) - 2016/09/21 18:07:30 ET
Table 'Thyra' 6-max Seat #4 is the button
Seat 2: LaJess ($78.33 in chips)
Seat 4: Zubasa07 ($547.47 in chips)
Zubasa07: posts small blind $1
LaJess: posts big blind $3
*** HOLE CARDS ***
Zubasa07: raises $3 to $6
LaJess: folds
Uncalled bet ($3) returned to Zubasa07
Zubasa07 collected $6 from pot
Zubasa07: doesn't show hand
*** SUMMARY ***
Total pot $6 | Rake $0
Seat 2: LaJess (big blind) folded before Flop
Seat 4: Zubasa07 (button) (small blind) collected ($6)


PokerStars Hand #158918646536:  Hold'em Limit ($3/$6 USD) - 2016/09/21 18:07:25 ET
Table 'Thyra' 6-max Seat #2 is the button
Seat 2: LaJess ($79.33 in chips)
Seat 4: Zubasa07 ($546.47 in chips)
LaJess: posts small blind $1
Zubasa07: posts big blind $3
*** HOLE CARDS ***
LaJess: folds
Uncalled bet ($2) returned to Zubasa07
Zubasa07 collected $2 from pot
Zubasa07: doesn't show hand
*** SUMMARY ***
Total pot $2 | Rake $0
Seat 2: LaJess (button) (small blind) folded before Flop
Seat 4: Zubasa07 (big blind) collected ($2)


PokerStars Hand #158918630936:  Hold'em Limit ($3/$6 USD) - 2016/09/21 18:07:02 ET
Table 'Thyra' 6-max Seat #4 is the button
Seat 2: LaJess ($100.33 in chips)
Seat 4: Zubasa07 ($525.97 in chips)
Zubasa07: posts small blind $1
LaJess: posts big blind $3
*** HOLE CARDS ***
Zubasa07: raises $3 to $6
LaJess: calls $3
*** FLOP *** [2c 5s 3d]
LaJess: checks
Zubasa07: bets $3
LaJess: calls $3
*** TURN *** [2c 5s 3d] [3s]
LaJess: checks
Zubasa07: bets $6
LaJess: calls $6
*** RIVER *** [2c 5s 3d 3s] [Jc]
LaJess: checks
Zubasa07: bets $6
LaJess: calls $6
*** SHOW DOWN ***
Zubasa07: shows [9h 9s] (two pair, Nines and Threes)
LaJess: mucks hand
Zubasa07 collected $41.50 from pot
*** SUMMARY ***
Total pot $42 | Rake $0.50
Board [2c 5s 3d 3s Jc]
Seat 2: LaJess (big blind) mucked
Seat 4: Zubasa07 (button) (small blind) showed [9h 9s] and won ($41.50) with two pair, Nines and Threes


PokerStars Hand #158918713214:  Hold'em Limit ($3/$6 USD) - 2016/09/21 18:09:00 ET
Table 'Thyra' 6-max Seat #4 is the button
Seat 2: LaJess ($114.87 in chips)
Seat 4: Zubasa07 ($509.47 in chips)
Zubasa07: posts small blind $1
LaJess: posts big blind $3
*** HOLE CARDS ***
Zubasa07: raises $3 to $6
LaJess: folds
Uncalled bet ($3) returned to Zubasa07
Zubasa07 collected $6 from pot
Zubasa07: doesn't show hand
*** SUMMARY ***
Total pot $6 | Rake $0
Seat 2: LaJess (big blind) folded before Flop
Seat 4: Zubasa07 (button) (small blind) collected ($6)


PokerStars Hand #158918709673:  Hold'em Limit ($3/$6 USD) - 2016/09/21 18:08:55 ET
Table 'Thyra' 6-max Seat #2 is the button
Seat 2: LaJess ($115.87 in chips)
Seat 4: Zubasa07 ($508.47 in chips)
LaJess: posts small blind $1
Zubasa07: posts big blind $3
*** HOLE CARDS ***
LaJess: folds
Uncalled bet ($2) returned to Zubasa07
Zubasa07 collected $2 from pot
Zubasa07: doesn't show hand
*** SUMMARY ***
Total pot $2 | Rake $0
Seat 2: LaJess (button) (small blind) folded before Flop
Seat 4: Zubasa07 (big blind) collected ($2)


PokerStars Hand #158918705457:  Hold'em Limit ($3/$6 USD) - 2016/09/21 18:08:49 ET
Table 'Thyra' 6-max Seat #4 is the button
Seat 2: LaJess ($118.87 in chips)
Seat 4: Zubasa07 ($505.47 in chips)
Zubasa07: posts small blind $1
LaJess: posts big blind $3
*** HOLE CARDS ***
Zubasa07: raises $3 to $6
LaJess: folds
Uncalled bet ($3) returned to Zubasa07
Zubasa07 collected $6 from pot
Zubasa07: doesn't show hand
*** SUMMARY ***
Total pot $6 | Rake $0
Seat 2: LaJess (big blind) folded before Flop
Seat 4: Zubasa07 (button) (small blind) collected ($6)


PokerStars Hand #158918699614:  Hold'em Limit ($3/$6 USD) - 2016/09/21 18:08:41 ET
Table 'Thyra' 6-max Seat #2 is the button
Seat 2: LaJess ($113.11 in chips)
Seat 4: Zubasa07 ($511.47 in chips)
LaJess: posts small blind $1
Zubasa07: posts big blind $3
*** HOLE CARDS ***
LaJess: raises $3 to $6
Zubasa07: calls $3
*** FLOP *** [Ac Qd Th]
Zubasa07: checks
LaJess: bets $3
Zubasa07: folds
Uncalled bet ($3) returned to LaJess
LaJess collected $11.76 from pot
LaJess: doesn't show hand
*** SUMMARY ***
Total pot $12 | Rake $0.24
Board [Ac Qd Th]
Seat 2: LaJess (button) (small blind) collected ($11.76)
Seat 4: Zubasa07 (big blind) folded on the Flop


PokerStars Hand #158918695442:  Hold'em Limit ($3/$6 USD) - 2016/09/21 18:08:35 ET
Table 'Thyra' 6-max Seat #4 is the button
Seat 2: LaJess ($116.11 in chips)
Seat 4: Zubasa07 ($508.47 in chips)
Zubasa07: posts small blind $1
LaJess: posts big blind $3
*** HOLE CARDS ***
Zubasa07: raises $3 to $6
LaJess: folds
Uncalled bet ($3) returned to Zubasa07
Zubasa07 collected $6 from pot
Zubasa07: doesn't show hand
*** SUMMARY ***
Total pot $6 | Rake $0
Seat 2: LaJess (big blind) folded before Flop
Seat 4: Zubasa07 (button) (small blind) collected ($6)


PokerStars Hand #158918682644:  Hold'em Limit ($3/$6 USD) - 2016/09/21 18:08:17 ET
Table 'Thyra' 6-max Seat #2 is the button
Seat 2: LaJess ($110.35 in chips)
Seat 4: Zubasa07 ($514.47 in chips)
LaJess: posts small blind $1
Zubasa07: posts big blind $3
*** HOLE CARDS ***
LaJess: raises $3 to $6
Zubasa07: calls $3
*** FLOP *** [7h 4s 7c]
Zubasa07: checks
LaJess: bets $3
Zubasa07: folds
Uncalled bet ($3) returned to LaJess
LaJess collected $11.76 from pot
LaJess: doesn't show hand
*** SUMMARY ***
Total pot $12 | Rake $0.24
Board [7h 4s 7c]
Seat 2: LaJess (button) (small blind) collected ($11.76)
Seat 4: Zubasa07 (big blind) folded on the Flop


PokerStars Hand #158918749450:  Hold'em Limit ($3/$6 USD) - 2016/09/21 18:09:51 ET
Table 'Thyra' 6-max Seat #2 is the button
Seat 2: LaJess ($122.63 in chips)
Seat 4: Zubasa07 ($501.47 in chips)
LaJess: posts small blind $1
Zubasa07: posts big blind $3
*** HOLE CARDS ***
LaJess: folds
Uncalled bet ($2) returned to Zubasa07
Zubasa07 collected $2 from pot
Zubasa07: doesn't show hand
*** SUMMARY ***
Total pot $2 | Rake $0
Seat 2: LaJess (button) (small blind) folded before Flop
Seat 4: Zubasa07 (big blind) collected ($2)


PokerStars Hand #158918742219:  Hold'em Limit ($3/$6 USD) - 2016/09/21 18:09:41 ET
Table 'Thyra' 6-max Seat #4 is the button
Seat 2: LaJess ($121.63 in chips)
Seat 4: Zubasa07 ($502.47 in chips)
Zubasa07: posts small blind $1
LaJess: posts big blind $3
*** HOLE CARDS ***
Zubasa07: folds
Uncalled bet ($2) returned to LaJess
LaJess collected $2 from pot
LaJess: doesn't show hand
*** SUMMARY ***
Total pot $2 | Rake $0
Seat 2: LaJess (big blind) collected ($2)
Seat 4: Zubasa07 (button) (small blind) folded before Flop


PokerStars Hand #158918736245:  Hold'em Limit ($3/$6 USD) - 2016/09/21 18:09:32 ET
Table 'Thyra' 6-max Seat #2 is the button
Seat 2: LaJess ($118.63 in chips)
Seat 4: Zubasa07 ($505.47 in chips)
LaJess: posts small blind $1
Zubasa07: posts big blind $3
*** HOLE CARDS ***
LaJess: raises $3 to $6
Zubasa07: folds
Uncalled bet ($3) returned to LaJess
LaJess collected $6 from pot
LaJess: doesn't show hand
*** SUMMARY ***
Total pot $6 | Rake $0
Seat 2: LaJess (button) (small blind) collected ($6)
Seat 4: Zubasa07 (big blind) folded before Flop


PokerStars Hand #158918732857:  Hold'em Limit ($3/$6 USD) - 2016/09/21 18:09:27 ET
Table 'Thyra' 6-max Seat #4 is the button
Seat 2: LaJess ($117.63 in chips)
Seat 4: Zubasa07 ($506.47 in chips)
Zubasa07: posts small blind $1
LaJess: posts big blind $3
*** HOLE CARDS ***
Zubasa07: folds
Uncalled bet ($2) returned to LaJess
LaJess collected $2 from pot
LaJess: doesn't show hand
*** SUMMARY ***
Total pot $2 | Rake $0
Seat 2: LaJess (big blind) collected ($2)
Seat 4: Zubasa07 (button) (small blind) folded before Flop


PokerStars Hand #158918717969:  Hold'em Limit ($3/$6 USD) - 2016/09/21 18:09:07 ET
Table 'Thyra' 6-max Seat #2 is the button
Seat 2: LaJess ($111.87 in chips)
Seat 4: Zubasa07 ($512.47 in chips)
LaJess: posts small blind $1
Zubasa07: posts big blind $3
*** HOLE CARDS ***
LaJess: raises $3 to $6
Zubasa07: calls $3
*** FLOP *** [2s Td Kc]
Zubasa07: checks
LaJess: bets $3
Zubasa07: folds
Uncalled bet ($3) returned to LaJess
LaJess collected $11.76 from pot
LaJess: doesn't show hand
*** SUMMARY ***
Total pot $12 | Rake $0.24
Board [2s Td Kc]
Seat 2: LaJess (button) (small blind) collected ($11.76)
Seat 4: Zubasa07 (big blind) folded on the Flop


PokerStars Hand #158918752743:  Hold'em Limit ($3/$6 USD) - 2016/09/21 18:09:55 ET
Table 'Thyra' 6-max Seat #4 is the button
Seat 2: LaJess ($121.63 in chips)
Seat 4: Zubasa07 ($502.47 in chips)
Zubasa07: posts small blind $1
LaJess: posts big blind $3
*** HOLE CARDS ***
Zubasa07: raises $3 to $6
LaJess: raises $3 to $9
Zubasa07: calls $3
*** FLOP *** [4s Js Td]
LaJess: bets $3
Zubasa07: calls $3
*** TURN *** [4s Js Td] [Tc]
LaJess: checks
Zubasa07: checks
*** RIVER *** [4s Js Td Tc] [Ks]
LaJess: bets $6
Zubasa07: calls $6
*** SHOW DOWN ***
LaJess: shows [6d 6c] (two pair, Tens and Sixes)
Zubasa07: mucks hand
LaJess collected $35.50 from pot
*** SUMMARY ***
Total pot $36 | Rake $0.50
Board [4s Js Td Tc Ks]
Seat 2: LaJess (big blind) showed [6d 6c] and won ($35.50) with two pair, Tens and Sixes
Seat 4: Zubasa07 (button) (small blind) mucked


PokerStars Hand #158918786003:  Hold'em Limit ($3/$6 USD) - 2016/09/21 18:10:42 ET
Table 'Thyra' 6-max Seat #2 is the button
Seat 2: LaJess ($139.13 in chips)
Seat 4: Zubasa07 ($484.47 in chips)
LaJess: posts small blind $1
Zubasa07: posts big blind $3
*** HOLE CARDS ***
LaJess: raises $3 to $6
Zubasa07: calls $3
*** FLOP *** [8s Kd As]
Zubasa07: checks
LaJess: bets $3
Humtum81 joins the table at seat #1
Zubasa07: calls $3
*** TURN *** [8s Kd As] [Js]
GRAILKO joins the table at seat #3
Zubasa07: checks
LaJess: bets $6
Zubasa07: calls $6
*** RIVER *** [8s Kd As Js] [4h]
Zubasa07: checks
LaJess: bets $6
Zubasa07: folds
Uncalled bet ($6) returned to LaJess
LaJess collected $29.50 from pot
LaJess: doesn't show hand
*** SUMMARY ***
Total pot $30 | Rake $0.50
Board [8s Kd As Js 4h]
Seat 2: LaJess (button) (small blind) collected ($29.50)
Seat 4: Zubasa07 (big blind) folded on the River


PokerStars Hand #158919804172:  Hold'em Limit ($3/$6 USD) - 2016/09/21 18:35:51 ET
Table 'Thyra' 6-max Seat #4 is the button
Seat 2: LaJess ($43.90 in chips)
Seat 4: Zubasa07 ($458.47 in chips)
Zubasa07: posts small blind $1
FkingFish1: is sitting out
LaJess: posts big blind $3
*** HOLE CARDS ***
Zubasa07: raises $3 to $6
LaJess: calls $3
*** FLOP *** [6s As Qh]
FkingFish1 leaves the table
LaJess: checks
Zubasa07: bets $3
LaJess: folds
Uncalled bet ($3) returned to Zubasa07
Zubasa07 collected $11.76 from pot
Zubasa07: doesn't show hand
*** SUMMARY ***
Total pot $12 | Rake $0.24
Board [6s As Qh]
Seat 2: LaJess (big blind) folded on the Flop
Seat 4: Zubasa07 (button) (small blind) collected ($11.76)


PokerStars Hand #158919822524:  Hold'em Limit ($3/$6 USD) - 2016/09/21 18:36:19 ET
Table 'Thyra' 6-max Seat #4 is the button
Seat 2: LaJess ($28.90 in chips)
Seat 4: Zubasa07 ($472.87 in chips)
Zubasa07: posts small blind $1
LaJess: posts big blind $3
*** HOLE CARDS ***
Zubasa07: folds
Uncalled bet ($2) returned to LaJess
LaJess collected $2 from pot
LaJess: doesn't show hand
*** SUMMARY ***
Total pot $2 | Rake $0
Seat 2: LaJess (big blind) collected ($2)
Seat 4: Zubasa07 (button) (small blind) folded before Flop


PokerStars Hand #158919812522:  Hold'em Limit ($3/$6 USD) - 2016/09/21 18:36:04 ET
Table 'Thyra' 6-max Seat #2 is the button
Seat 2: LaJess ($37.90 in chips)
Seat 4: Zubasa07 ($464.23 in chips)
LaJess: posts small blind $1
Zubasa07: posts big blind $3
*** HOLE CARDS ***
LaJess: raises $3 to $6
Zubasa07: raises $3 to $9
LaJess: calls $3
*** FLOP *** [7h Qd 3h]
Zubasa07: bets $3
LaJess: folds
Uncalled bet ($3) returned to Zubasa07
Zubasa07 collected $17.64 from pot
Zubasa07: doesn't show hand
*** SUMMARY ***
Total pot $18 | Rake $0.36
Board [7h Qd 3h]
Seat 2: LaJess (button) (small blind) folded on the Flop
Seat 4: Zubasa07 (big blind) collected ($17.64)


PokerStars Hand #158919879598:  Hold'em Limit ($3/$6 USD) - 2016/09/21 18:37:35 ET
Table 'Thyra' 6-max Seat #2 is the button
Seat 2: LaJess ($47.40 in chips)
Seat 4: Zubasa07 ($453.87 in chips)
LaJess: posts small blind $1
Zubasa07: posts big blind $3
*** HOLE CARDS ***
LaJess: folds
Uncalled bet ($2) returned to Zubasa07
Zubasa07 collected $2 from pot
Zubasa07: doesn't show hand
*** SUMMARY ***
Total pot $2 | Rake $0
Seat 2: LaJess (button) (small blind) folded before Flop
Seat 4: Zubasa07 (big blind) collected ($2)


PokerStars Hand #158919872601:  Hold'em Limit ($3/$6 USD) - 2016/09/21 18:37:24 ET
Table 'Thyra' 6-max Seat #4 is the button
Seat 2: LaJess ($50.40 in chips)
Seat 4: Zubasa07 ($450.87 in chips)
Zubasa07: posts small blind $1
LaJess: posts big blind $3
*** HOLE CARDS ***
Zubasa07: raises $3 to $6
LaJess: folds
Uncalled bet ($3) returned to Zubasa07
Zubasa07 collected $6 from pot
Zubasa07: doesn't show hand
*** SUMMARY ***
Total pot $6 | Rake $0
Seat 2: LaJess (big blind) folded before Flop
Seat 4: Zubasa07 (button) (small blind) collected ($6)


PokerStars Hand #158919829484:  Hold'em Limit ($3/$6 USD) - 2016/09/21 18:36:30 ET
Table 'Thyra' 6-max Seat #2 is the button
Seat 2: LaJess ($29.90 in chips)
Seat 4: Zubasa07 ($471.87 in chips)
LaJess: posts small blind $1
Zubasa07: posts big blind $3
*** HOLE CARDS ***
LaJess: raises $3 to $6
Zubasa07: raises $3 to $9
LaJess: raises $3 to $12
Betting is capped
Zubasa07: calls $3
*** FLOP *** [6h 4h 4s]
Zubasa07: checks
LaJess: bets $3
Zubasa07: calls $3
*** TURN *** [6h 4h 4s] [9s]
Zubasa07: checks
LaJess: bets $6
Zubasa07: calls $6
*** RIVER *** [6h 4h 4s 9s] [Qh]
Zubasa07: checks
LaJess: checks
*** SHOW DOWN ***
Zubasa07: shows [8s Ac] (a pair of Fours)
LaJess: shows [Kc Kh] (two pair, Kings and Fours)
LaJess collected $41.50 from pot
*** SUMMARY ***
Total pot $42 | Rake $0.50
Board [6h 4h 4s 9s Qh]
Seat 2: LaJess (button) (small blind) showed [Kc Kh] and won ($41.50) with two pair, Kings and Fours
Seat 4: Zubasa07 (big blind) showed [8s Ac] and lost with a pair of Fours


PokerStars Hand #158919936064:  Hold'em Limit ($3/$6 USD) - 2016/09/21 18:39:01 ET
Table 'Thyra' 6-max Seat #4 is the button
Seat 2: LaJess ($42.92 in chips)
Seat 4: Zubasa07 ($457.37 in chips)
Zubasa07: posts small blind $1
LaJess: posts big blind $3
*** HOLE CARDS ***
Zubasa07: raises $3 to $6
LaJess: folds
Uncalled bet ($3) returned to Zubasa07
Zubasa07 collected $6 from pot
Zubasa07: doesn't show hand
*** SUMMARY ***
Total pot $6 | Rake $0
Seat 2: LaJess (big blind) folded before Flop
Seat 4: Zubasa07 (button) (small blind) collected ($6)


PokerStars Hand #158919912801:  Hold'em Limit ($3/$6 USD) - 2016/09/21 18:38:26 ET
Table 'Thyra' 6-max Seat #2 is the button
Seat 2: LaJess ($57.92 in chips)
Seat 4: Zubasa07 ($442.87 in chips)
LaJess: posts small blind $1
Zubasa07: posts big blind $3
*** HOLE CARDS ***
LaJess: calls $2
Zubasa07: raises $3 to $6
LaJess: calls $3
*** FLOP *** [Jc 6d Qc]
Zubasa07: bets $3
LaJess: calls $3
*** TURN *** [Jc 6d Qc] [2c]
Zubasa07: bets $6
LaJess: calls $6
*** RIVER *** [Jc 6d Qc 2c] [Kh]
Zubasa07: bets $6
LaJess: folds
Uncalled bet ($6) returned to Zubasa07
Zubasa07 collected $29.50 from pot
Zubasa07: doesn't show hand
*** SUMMARY ***
Total pot $30 | Rake $0.50
Board [Jc 6d Qc 2c Kh]
Seat 2: LaJess (button) (small blind) folded on the River
Seat 4: Zubasa07 (big blind) collected ($29.50)


PokerStars Hand #158919883242:  Hold'em Limit ($3/$6 USD) - 2016/09/21 18:37:40 ET
Table 'Thyra' 6-max Seat #4 is the button
Seat 2: LaJess ($46.40 in chips)
Seat 4: Zubasa07 ($454.87 in chips)
Zubasa07: posts small blind $1
LaJess: posts big blind $3
*** HOLE CARDS ***
Zubasa07: raises $3 to $6
LaJess: raises $3 to $9
Zubasa07: calls $3
*** FLOP *** [Ad Kh 5s]
LaJess: bets $3
Zubasa07: calls $3
*** TURN *** [Ad Kh 5s] [5d]
LaJess: bets $6
Zubasa07: folds
Uncalled bet ($6) returned to LaJess
LaJess collected $23.52 from pot
LaJess: doesn't show hand
*** SUMMARY ***
Total pot $24 | Rake $0.48
Board [Ad Kh 5s 5d]
Seat 2: LaJess (big blind) collected ($23.52)
Seat 4: Zubasa07 (button) (small blind) folded on the Turn


PokerStars Hand #158919942466:  Hold'em Limit ($3/$6 USD) - 2016/09/21 18:39:11 ET
Table 'Thyra' 6-max Seat #2 is the button
Seat 2: LaJess ($39.92 in chips)
Seat 4: Zubasa07 ($460.37 in chips)
LaJess: posts small blind $1
Zubasa07: posts big blind $3
*** HOLE CARDS ***
LaJess: raises $3 to $6
Zubasa07: calls $3
*** FLOP *** [Td 5s 9c]
Zubasa07: checks
LaJess: bets $3
Zubasa07: folds
Uncalled bet ($3) returned to LaJess
LaJess collected $11.76 from pot
LaJess: doesn't show hand
*** SUMMARY ***
Total pot $12 | Rake $0.24
Board [Td 5s 9c]
Seat 2: LaJess (button) (small blind) collected ($11.76)
Seat 4: Zubasa07 (big blind) folded on the Flop


PokerStars Hand #158919998776:  Hold'em Limit ($3/$6 USD) - 2016/09/21 18:40:37 ET
Table 'Thyra' 6-max Seat #2 is the button
Seat 2: LaJess ($21.68 in chips)
Seat 4: Zubasa07 ($477.87 in chips)
LaJess: posts small blind $1
Zubasa07: posts big blind $3
*** HOLE CARDS ***
LaJess: raises $3 to $6
Zubasa07: calls $3
*** FLOP *** [6s 5s 5c]
Zubasa07: checks
LaJess: checks
*** TURN *** [6s 5s 5c] [Td]
Zubasa07: checks
LaJess: checks
*** RIVER *** [6s 5s 5c Td] [2c]
Zubasa07: checks
LaJess: checks
*** SHOW DOWN ***
Zubasa07: shows [Ad 3h] (a pair of Fives)
LaJess: mucks hand
Zubasa07 collected $11.76 from pot
*** SUMMARY ***
Total pot $12 | Rake $0.24
Board [6s 5s 5c Td 2c]
Seat 2: LaJess (button) (small blind) mucked
Seat 4: Zubasa07 (big blind) showed [Ad 3h] and won ($11.76) with a pair of Fives


PokerStars Hand #158919987220:  Hold'em Limit ($3/$6 USD) - 2016/09/21 18:40:19 ET
Table 'Thyra' 6-max Seat #4 is the button
Seat 2: LaJess ($20.68 in chips)
Seat 4: Zubasa07 ($478.87 in chips)
Zubasa07: posts small blind $1
LaJess: posts big blind $3
*** HOLE CARDS ***
Zubasa07: folds
Uncalled bet ($2) returned to LaJess
LaJess collected $2 from pot
LaJess: doesn't show hand
*** SUMMARY ***
Total pot $2 | Rake $0
Seat 2: LaJess (big blind) collected ($2)
Seat 4: Zubasa07 (button) (small blind) folded before Flop


PokerStars Hand #158919983345:  Hold'em Limit ($3/$6 USD) - 2016/09/21 18:40:14 ET
Table 'Thyra' 6-max Seat #2 is the button
Seat 2: LaJess ($21.68 in chips)
Seat 4: Zubasa07 ($477.87 in chips)
LaJess: posts small blind $1
Zubasa07: posts big blind $3
*** HOLE CARDS ***
LaJess: folds
Uncalled bet ($2) returned to Zubasa07
Zubasa07 collected $2 from pot
Zubasa07: doesn't show hand
*** SUMMARY ***
Total pot $2 | Rake $0
Seat 2: LaJess (button) (small blind) folded before Flop
Seat 4: Zubasa07 (big blind) collected ($2)


PokerStars Hand #158919957997:  Hold'em Limit ($3/$6 USD) - 2016/09/21 18:39:35 ET
Table 'Thyra' 6-max Seat #4 is the button
Seat 2: LaJess ($45.68 in chips)
Seat 4: Zubasa07 ($454.37 in chips)
Zubasa07: posts small blind $1
LaJess: posts big blind $3
*** HOLE CARDS ***
Zubasa07: raises $3 to $6
LaJess: raises $3 to $9
Zubasa07: calls $3
*** FLOP *** [Ad Kh Jc]
LaJess: bets $3
Zubasa07: calls $3
*** TURN *** [Ad Kh Jc] [Td]
LaJess: checks
Zubasa07: bets $6
LaJess: calls $6
*** RIVER *** [Ad Kh Jc Td] [9c]
LaJess: checks
Zubasa07: bets $6
LaJess: calls $6
*** SHOW DOWN ***
Zubasa07: shows [6d Qc] (a straight, Ten to Ace)
LaJess: mucks hand
Zubasa07 collected $47.50 from pot
*** SUMMARY ***
Total pot $48 | Rake $0.50
Board [Ad Kh Jc Td 9c]
Seat 2: LaJess (big blind) mucked
Seat 4: Zubasa07 (button) (small blind) showed [6d Qc] and won ($47.50) with a straight, Ten to Ace


PokerStars Hand #158920021307:  Hold'em Limit ($3/$6 USD) - 2016/09/21 18:41:11 ET
Table 'Thyra' 6-max Seat #4 is the button
Seat 2: LaJess ($15.68 in chips)
Seat 4: Zubasa07 ($483.63 in chips)
Zubasa07: posts small blind $1
LaJess: posts big blind $3
*** HOLE CARDS ***
Zubasa07: raises $3 to $6
LaJess: raises $3 to $9
Zubasa07: raises $3 to $12
Betting is capped
LaJess: calls $3
*** FLOP *** [Jh 3h Kh]
LaJess: bets $3
Zubasa07: raises $3 to $6
LaJess: calls $0.68 and is all-in
Uncalled bet ($2.32) returned to Zubasa07
*** TURN *** [Jh 3h Kh] [9s]
*** RIVER *** [Jh 3h Kh 9s] [6s]
*** SHOW DOWN ***
LaJess: shows [Ks Ah] (a pair of Kings)
Zubasa07: shows [Qd Tc] (a straight, Nine to King)
Zubasa07 collected $30.86 from pot
*** SUMMARY ***
Total pot $31.36 | Rake $0.50
Board [Jh 3h Kh 9s 6s]
Seat 2: LaJess (big blind) showed [Ks Ah] and lost with a pair of Kings
Seat 4: Zubasa07 (button) (small blind) showed [Qd Tc] and won ($30.86) with a straight, Nine to King


