PokerStars Hand #147783922666:  Hold'em Limit ($3/$6 USD) - 2016/01/27 15:51:19 ET
Table 'Thyra II' 2-max Seat #1 is the button
Seat 1: PbIbak ($116.50 in chips)
Seat 2: thepebble86 ($122.50 in chips)
PbIbak: posts small blind $1
thepebble86: posts big blind $3
*** HOLE CARDS ***
PbIbak: raises $3 to $6
thepebble86: calls $3
*** FLOP *** [3c Jc Js]
thepebble86: checks
PbIbak: bets $3
thepebble86: folds
Uncalled bet ($3) returned to PbIbak
PbIbak collected $11.76 from pot
PbIbak: doesn't show hand
*** SUMMARY ***
Total pot $12 | Rake $0.24
Board [3c Jc Js]
Seat 1: PbIbak (button) (small blind) collected ($11.76)
Seat 2: thepebble86 (big blind) folded on the Flop


PokerStars Hand #147783895268:  Hold'em Limit ($3/$6 USD) - 2016/01/27 15:50:54 ET
Table 'Thyra II' 2-max Seat #2 is the button
Seat 1: PbIbak ($99 in chips)
Seat 2: thepebble86 ($140.50 in chips)
thepebble86: posts small blind $1
PbIbak: posts big blind $3
*** HOLE CARDS ***
thepebble86: raises $3 to $6
PbIbak: raises $3 to $9
thepebble86: calls $3
*** FLOP *** [6c 2c 4s]
PbIbak: bets $3
thepebble86: calls $3
*** TURN *** [6c 2c 4s] [Th]
PbIbak: bets $6
thepebble86: calls $6
*** RIVER *** [6c 2c 4s Th] [2s]
PbIbak: checks
thepebble86: checks
*** SHOW DOWN ***
PbIbak: shows [Kc Jh] (a pair of Deuces)
thepebble86: mucks hand
PbIbak collected $35.50 from pot
*** SUMMARY ***
Total pot $36 | Rake $0.50
Board [6c 2c 4s Th 2s]
Seat 1: PbIbak (big blind) showed [Kc Jh] and won ($35.50) with a pair of Deuces
Seat 2: thepebble86 (button) (small blind) mucked


PokerStars Hand #147783961819:  Hold'em Limit ($3/$6 USD) - 2016/01/27 15:51:56 ET
Table 'Thyra II' 2-max Seat #2 is the button
Seat 1: PbIbak ($119.02 in chips)
Seat 2: thepebble86 ($119.14 in chips)
thepebble86: posts small blind $1
PbIbak: posts big blind $3
*** HOLE CARDS ***
thepebble86: raises $3 to $6
PbIbak: calls $3
*** FLOP *** [Ah 8h 8d]
PbIbak: checks
thepebble86: bets $3
PbIbak: raises $3 to $6
thepebble86: raises $3 to $9
PbIbak: calls $3
*** TURN *** [Ah 8h 8d] [Qh]
PbIbak: checks
thepebble86: checks
*** RIVER *** [Ah 8h 8d Qh] [Kh]
PbIbak: checks
thepebble86: checks
*** SHOW DOWN ***
PbIbak: shows [As 6d] (two pair, Aces and Eights)
thepebble86: mucks hand
PbIbak collected $29.50 from pot
*** SUMMARY ***
Total pot $30 | Rake $0.50
Board [Ah 8h 8d Qh Kh]
Seat 1: PbIbak (big blind) showed [As 6d] and won ($29.50) with two pair, Aces and Eights
Seat 2: thepebble86 (button) (small blind) mucked


PokerStars Hand #147783950363:  Hold'em Limit ($3/$6 USD) - 2016/01/27 15:51:45 ET
Table 'Thyra II' 2-max Seat #1 is the button
Seat 1: PbIbak ($113.26 in chips)
Seat 2: thepebble86 ($125.14 in chips)
PbIbak: posts small blind $1
thepebble86: posts big blind $3
*** HOLE CARDS ***
PbIbak: raises $3 to $6
thepebble86: calls $3
*** FLOP *** [Qs Ac Ks]
thepebble86: checks
PbIbak: bets $3
thepebble86: folds
Uncalled bet ($3) returned to PbIbak
PbIbak collected $11.76 from pot
PbIbak: doesn't show hand
*** SUMMARY ***
Total pot $12 | Rake $0.24
Board [Qs Ac Ks]
Seat 1: PbIbak (button) (small blind) collected ($11.76)
Seat 2: thepebble86 (big blind) folded on the Flop


PokerStars Hand #147783933740:  Hold'em Limit ($3/$6 USD) - 2016/01/27 15:51:30 ET
Table 'Thyra II' 2-max Seat #2 is the button
Seat 1: PbIbak ($122.26 in chips)
Seat 2: thepebble86 ($116.50 in chips)
thepebble86: posts small blind $1
PbIbak: posts big blind $3
*** HOLE CARDS ***
thepebble86: raises $3 to $6
PbIbak: calls $3
*** FLOP *** [4h Th Jc]
PbIbak: checks
thepebble86: bets $3
PbIbak: calls $3
*** TURN *** [4h Th Jc] [Tc]
PbIbak: checks
thepebble86: checks
*** RIVER *** [4h Th Jc Tc] [4c]
PbIbak: checks
thepebble86: bets $6
PbIbak: folds
Uncalled bet ($6) returned to thepebble86
thepebble86 collected $17.64 from pot
*** SUMMARY ***
Total pot $18 | Rake $0.36
Board [4h Th Jc Tc 4c]
Seat 1: PbIbak (big blind) folded on the River
Seat 2: thepebble86 (button) (small blind) collected ($17.64)


PokerStars Hand #147784045160:  Hold'em Limit ($3/$6 USD) - 2016/01/27 15:53:15 ET
Table 'Thyra II' 2-max Seat #1 is the button
Seat 1: PbIbak ($97.16 in chips)
Seat 2: thepebble86 ($138.90 in chips)
PbIbak: posts small blind $1
thepebble86: posts big blind $3
*** HOLE CARDS ***
PbIbak: folds
Uncalled bet ($2) returned to thepebble86
thepebble86 collected $2 from pot
*** SUMMARY ***
Total pot $2 | Rake $0
Seat 1: PbIbak (button) (small blind) folded before Flop
Seat 2: thepebble86 (big blind) collected ($2)


PokerStars Hand #147784033878:  Hold'em Limit ($3/$6 USD) - 2016/01/27 15:53:04 ET
Table 'Thyra II' 2-max Seat #2 is the button
Seat 1: PbIbak ($103.16 in chips)
Seat 2: thepebble86 ($133.14 in chips)
thepebble86: posts small blind $1
PbIbak: posts big blind $3
*** HOLE CARDS ***
thepebble86: raises $3 to $6
PbIbak: calls $3
*** FLOP *** [Kh As 9s]
PbIbak: checks
thepebble86: bets $3
PbIbak: folds
Uncalled bet ($3) returned to thepebble86
thepebble86 collected $11.76 from pot
*** SUMMARY ***
Total pot $12 | Rake $0.24
Board [Kh As 9s]
Seat 1: PbIbak (big blind) folded on the Flop
Seat 2: thepebble86 (button) (small blind) collected ($11.76)


PokerStars Hand #147784015946:  Hold'em Limit ($3/$6 USD) - 2016/01/27 15:52:47 ET
Table 'Thyra II' 2-max Seat #1 is the button
Seat 1: PbIbak ($94.52 in chips)
Seat 2: thepebble86 ($142.14 in chips)
PbIbak: posts small blind $1
thepebble86: posts big blind $3
*** HOLE CARDS ***
PbIbak: raises $3 to $6
thepebble86: calls $3
*** FLOP *** [Kh 4s 8d]
thepebble86: checks
PbIbak: bets $3
thepebble86: calls $3
*** TURN *** [Kh 4s 8d] [Qc]
thepebble86: checks
PbIbak: bets $6
thepebble86: folds
Uncalled bet ($6) returned to PbIbak
PbIbak collected $17.64 from pot
PbIbak: doesn't show hand
*** SUMMARY ***
Total pot $18 | Rake $0.36
Board [Kh 4s 8d Qc]
Seat 1: PbIbak (button) (small blind) collected ($17.64)
Seat 2: thepebble86 (big blind) folded on the Turn


PokerStars Hand #147784001016:  Hold'em Limit ($3/$6 USD) - 2016/01/27 15:52:33 ET
Table 'Thyra II' 2-max Seat #2 is the button
Seat 1: PbIbak ($109.52 in chips)
Seat 2: thepebble86 ($127.64 in chips)
thepebble86: posts small blind $1
PbIbak: posts big blind $3
*** HOLE CARDS ***
thepebble86: raises $3 to $6
PbIbak: calls $3
*** FLOP *** [8s 2s Qd]
PbIbak: checks
thepebble86: bets $3
PbIbak: calls $3
*** TURN *** [8s 2s Qd] [2d]
PbIbak: checks
thepebble86: checks
*** RIVER *** [8s 2s Qd 2d] [7s]
PbIbak: bets $6
thepebble86: calls $6
*** SHOW DOWN ***
PbIbak: shows [9d Kd] (a pair of Deuces)
thepebble86: shows [3c 8h] (two pair, Eights and Deuces)
thepebble86 collected $29.50 from pot
*** SUMMARY ***
Total pot $30 | Rake $0.50
Board [8s 2s Qd 2d 7s]
Seat 1: PbIbak (big blind) showed [9d Kd] and lost with a pair of Deuces
Seat 2: thepebble86 (button) (small blind) showed [3c 8h] and won ($29.50) with two pair, Eights and Deuces


PokerStars Hand #147783983440:  Hold'em Limit ($3/$6 USD) - 2016/01/27 15:52:16 ET
Table 'Thyra II' 2-max Seat #1 is the button
Seat 1: PbIbak ($133.52 in chips)
Seat 2: thepebble86 ($104.14 in chips)
PbIbak: posts small blind $1
thepebble86: posts big blind $3
*** HOLE CARDS ***
PbIbak: raises $3 to $6
thepebble86: raises $3 to $9
PbIbak: calls $3
*** FLOP *** [8d Kd 6c]
thepebble86: bets $3
PbIbak: calls $3
*** TURN *** [8d Kd 6c] [3h]
thepebble86: bets $6
PbIbak: calls $6
*** RIVER *** [8d Kd 6c 3h] [Jc]
thepebble86: bets $6
PbIbak: calls $6
*** SHOW DOWN ***
thepebble86: shows [4s Jh] (a pair of Jacks)
PbIbak: mucks hand
thepebble86 collected $47.50 from pot
*** SUMMARY ***
Total pot $48 | Rake $0.50
Board [8d Kd 6c 3h Jc]
Seat 1: PbIbak (button) (small blind) mucked
Seat 2: thepebble86 (big blind) showed [4s Jh] and won ($47.50) with a pair of Jacks


PokerStars Hand #147784106552:  Hold'em Limit ($3/$6 USD) - 2016/01/27 15:54:12 ET
Table 'Thyra II' 2-max Seat #2 is the button
Seat 1: PbIbak ($80.68 in chips)
Seat 2: thepebble86 ($153.92 in chips)
thepebble86: posts small blind $1
PbIbak: posts big blind $3
*** HOLE CARDS ***
thepebble86: raises $3 to $6
PbIbak: raises $3 to $9
thepebble86: calls $3
*** FLOP *** [Kd 3h Ac]
PbIbak: bets $3
thepebble86: calls $3
*** TURN *** [Kd 3h Ac] [7h]
PbIbak: bets $6
thepebble86: calls $6
*** RIVER *** [Kd 3h Ac 7h] [5d]
PbIbak: bets $6
thepebble86: folds
Uncalled bet ($6) returned to PbIbak
PbIbak collected $35.50 from pot
PbIbak: doesn't show hand
*** SUMMARY ***
Total pot $36 | Rake $0.50
Board [Kd 3h Ac 7h 5d]
Seat 1: PbIbak (big blind) collected ($35.50)
Seat 2: thepebble86 (button) (small blind) folded on the River


PokerStars Hand #147784092267:  Hold'em Limit ($3/$6 USD) - 2016/01/27 15:53:59 ET
Table 'Thyra II' 2-max Seat #1 is the button
Seat 1: PbIbak ($86.68 in chips)
Seat 2: thepebble86 ($148.16 in chips)
PbIbak: posts small blind $1
thepebble86: posts big blind $3
*** HOLE CARDS ***
PbIbak: raises $3 to $6
thepebble86: calls $3
*** FLOP *** [8d 2h 9s]
thepebble86: checks
PbIbak: checks
*** TURN *** [8d 2h 9s] [8s]
thepebble86: bets $6
PbIbak: folds
Uncalled bet ($6) returned to thepebble86
thepebble86 collected $11.76 from pot
*** SUMMARY ***
Total pot $12 | Rake $0.24
Board [8d 2h 9s 8s]
Seat 1: PbIbak (button) (small blind) folded on the Turn
Seat 2: thepebble86 (big blind) collected ($11.76)


PokerStars Hand #147784077501:  Hold'em Limit ($3/$6 USD) - 2016/01/27 15:53:45 ET
Table 'Thyra II' 2-max Seat #2 is the button
Seat 1: PbIbak ($75.16 in chips)
Seat 2: thepebble86 ($160.16 in chips)
thepebble86: posts small blind $1
PbIbak: posts big blind $3
*** HOLE CARDS ***
thepebble86: raises $3 to $6
PbIbak: calls $3
*** FLOP *** [Tc Jc Ad]
PbIbak: checks
thepebble86: checks
*** TURN *** [Tc Jc Ad] [5c]
PbIbak: bets $6
thepebble86: calls $6
*** RIVER *** [Tc Jc Ad 5c] [8h]
PbIbak: bets $6
thepebble86: folds
Uncalled bet ($6) returned to PbIbak
PbIbak collected $23.52 from pot
PbIbak: doesn't show hand
*** SUMMARY ***
Total pot $24 | Rake $0.48
Board [Tc Jc Ad 5c 8h]
Seat 1: PbIbak (big blind) collected ($23.52)
Seat 2: thepebble86 (button) (small blind) folded on the River


PokerStars Hand #147784059917:  Hold'em Limit ($3/$6 USD) - 2016/01/27 15:53:29 ET
Table 'Thyra II' 2-max Seat #1 is the button
Seat 1: PbIbak ($90.16 in chips)
Seat 2: thepebble86 ($145.66 in chips)
PbIbak: posts small blind $1
thepebble86: posts big blind $3
*** HOLE CARDS ***
PbIbak: raises $3 to $6
thepebble86: calls $3
*** FLOP *** [2d As 2h]
thepebble86: checks
PbIbak: bets $3
thepebble86: calls $3
*** TURN *** [2d As 2h] [7s]
thepebble86: checks
PbIbak: bets $6
thepebble86: raises $6 to $12
PbIbak: folds
Uncalled bet ($6) returned to thepebble86
thepebble86 collected $29.50 from pot
*** SUMMARY ***
Total pot $30 | Rake $0.50
Board [2d As 2h 7s]
Seat 1: PbIbak (button) (small blind) folded on the Turn
Seat 2: thepebble86 (big blind) collected ($29.50)


PokerStars Hand #147784049890:  Hold'em Limit ($3/$6 USD) - 2016/01/27 15:53:19 ET
Table 'Thyra II' 2-max Seat #2 is the button
Seat 1: PbIbak ($96.16 in chips)
Seat 2: thepebble86 ($139.90 in chips)
thepebble86: posts small blind $1
PbIbak: posts big blind $3
*** HOLE CARDS ***
thepebble86: raises $3 to $6
PbIbak: calls $3
*** FLOP *** [6h Kc 6s]
PbIbak: checks
thepebble86: bets $3
PbIbak: folds
Uncalled bet ($3) returned to thepebble86
thepebble86 collected $11.76 from pot
*** SUMMARY ***
Total pot $12 | Rake $0.24
Board [6h Kc 6s]
Seat 1: PbIbak (big blind) folded on the Flop
Seat 2: thepebble86 (button) (small blind) collected ($11.76)


PokerStars Hand #147784156250:  Hold'em Limit ($3/$6 USD) - 2016/01/27 15:54:59 ET
Table 'Thyra II' 2-max Seat #1 is the button
Seat 1: PbIbak ($109.68 in chips)
Seat 2: thepebble86 ($123.42 in chips)
PbIbak: posts small blind $1
thepebble86: posts big blind $3
*** HOLE CARDS ***
PbIbak: raises $3 to $6
thepebble86: raises $3 to $9
PbIbak: calls $3
*** FLOP *** [Th Tc 2d]
thepebble86: bets $3
PbIbak: calls $3
*** TURN *** [Th Tc 2d] [8s]
thepebble86: bets $6
PbIbak: calls $6
*** RIVER *** [Th Tc 2d 8s] [Ac]
thepebble86: checks
PbIbak: checks
*** SHOW DOWN ***
thepebble86: shows [3d 3c] (two pair, Tens and Threes)
PbIbak: mucks hand
thepebble86 collected $35.50 from pot
*** SUMMARY ***
Total pot $36 | Rake $0.50
Board [Th Tc 2d 8s Ac]
Seat 1: PbIbak (button) (small blind) mucked
Seat 2: thepebble86 (big blind) showed [3d 3c] and won ($35.50) with two pair, Tens and Threes


PokerStars Hand #147784135523:  Hold'em Limit ($3/$6 USD) - 2016/01/27 15:54:40 ET
Table 'Thyra II' 2-max Seat #2 is the button
Seat 1: PbIbak ($83.18 in chips)
Seat 2: thepebble86 ($150.42 in chips)
thepebble86: posts small blind $1
PbIbak: posts big blind $3
*** HOLE CARDS ***
thepebble86: raises $3 to $6
PbIbak: raises $3 to $9
thepebble86: calls $3
*** FLOP *** [3h 5d 2c]
PbIbak: bets $3
thepebble86: raises $3 to $6
PbIbak: calls $3
*** TURN *** [3h 5d 2c] [2h]
PbIbak: checks
thepebble86: bets $6
PbIbak: calls $6
*** RIVER *** [3h 5d 2c 2h] [4s]
PbIbak: bets $6
thepebble86: calls $6
*** SHOW DOWN ***
PbIbak: shows [Ac Qs] (a straight, Ace to Five)
thepebble86: mucks hand
PbIbak collected $53.50 from pot
*** SUMMARY ***
Total pot $54 | Rake $0.50
Board [3h 5d 2c 2h 4s]
Seat 1: PbIbak (big blind) showed [Ac Qs] and won ($53.50) with a straight, Ace to Five
Seat 2: thepebble86 (button) (small blind) mucked


PokerStars Hand #147784121125:  Hold'em Limit ($3/$6 USD) - 2016/01/27 15:54:26 ET
Table 'Thyra II' 2-max Seat #1 is the button
Seat 1: PbIbak ($98.18 in chips)
Seat 2: thepebble86 ($135.92 in chips)
PbIbak: posts small blind $1
thepebble86: posts big blind $3
*** HOLE CARDS ***
PbIbak: raises $3 to $6
thepebble86: calls $3
*** FLOP *** [5s 6d 4c]
thepebble86: checks
PbIbak: bets $3
thepebble86: calls $3
*** TURN *** [5s 6d 4c] [7c]
thepebble86: checks
PbIbak: checks
*** RIVER *** [5s 6d 4c 7c] [Ad]
thepebble86: bets $6
PbIbak: calls $6
*** SHOW DOWN ***
thepebble86: shows [Ts 3h] (a straight, Three to Seven)
PbIbak: mucks hand
thepebble86 collected $29.50 from pot
*** SUMMARY ***
Total pot $30 | Rake $0.50
Board [5s 6d 4c 7c Ad]
Seat 1: PbIbak (button) (small blind) mucked
Seat 2: thepebble86 (big blind) showed [Ts 3h] and won ($29.50) with a straight, Three to Seven


PokerStars Hand #147784172858:  Hold'em Limit ($3/$6 USD) - 2016/01/27 15:55:15 ET
Table 'Thyra II' 2-max Seat #2 is the button
Seat 1: PbIbak ($91.68 in chips)
Seat 2: thepebble86 ($140.92 in chips)
thepebble86: posts small blind $1
PbIbak: posts big blind $3
*** HOLE CARDS ***
thepebble86: raises $3 to $6
PbIbak: raises $3 to $9
thepebble86: calls $3
*** FLOP *** [5h Jc 6s]
PbIbak: bets $3
thepebble86: calls $3
*** TURN *** [5h Jc 6s] [2s]
PbIbak: checks
thepebble86: checks
*** RIVER *** [5h Jc 6s 2s] [2h]
PbIbak: bets $6
thepebble86: calls $6
*** SHOW DOWN ***
PbIbak: shows [6d 6h] (a full house, Sixes full of Deuces)
thepebble86: mucks hand
PbIbak collected $35.50 from pot
*** SUMMARY ***
Total pot $36 | Rake $0.50
Board [5h Jc 6s 2s 2h]
Seat 1: PbIbak (big blind) showed [6d 6h] and won ($35.50) with a full house, Sixes full of Deuces
Seat 2: thepebble86 (button) (small blind) mucked


PokerStars Hand #147784185598:  Hold'em Limit ($3/$6 USD) - 2016/01/27 15:55:30 ET
Table 'Thyra II' 2-max Seat #1 is the button
Seat 1: PbIbak ($109.18 in chips)
Seat 2: thepebble86 ($122.92 in chips)
PbIbak: posts small blind $1
thepebble86: posts big blind $3
*** HOLE CARDS ***
PbIbak: folds
Uncalled bet ($2) returned to thepebble86
thepebble86 collected $2 from pot
*** SUMMARY ***
Total pot $2 | Rake $0
Seat 1: PbIbak (button) (small blind) folded before Flop
Seat 2: thepebble86 (big blind) collected ($2)


PokerStars Hand #147784190740:  Hold'em Limit ($3/$6 USD) - 2016/01/27 15:55:37 ET
Table 'Thyra II' 2-max Seat #2 is the button
Seat 1: PbIbak ($108.18 in chips)
Seat 2: thepebble86 ($123.92 in chips)
thepebble86: posts small blind $1
PbIbak: posts big blind $3
*** HOLE CARDS ***
thepebble86: raises $3 to $6
PbIbak: calls $3
*** FLOP *** [8h 9h 2h]
PbIbak: checks
thepebble86: bets $3
PbIbak: calls $3
*** TURN *** [8h 9h 2h] [Jd]
PbIbak: checks
thepebble86: bets $6
PbIbak: raises $6 to $12
thepebble86: calls $6
*** RIVER *** [8h 9h 2h Jd] [3d]
PbIbak: bets $6
thepebble86: calls $6
*** SHOW DOWN ***
PbIbak: shows [Jc Kc] (a pair of Jacks)
thepebble86: mucks hand
PbIbak collected $53.50 from pot
*** SUMMARY ***
Total pot $54 | Rake $0.50
Board [8h 9h 2h Jd 3d]
Seat 1: PbIbak (big blind) showed [Jc Kc] and won ($53.50) with a pair of Jacks
Seat 2: thepebble86 (button) (small blind) mucked


PokerStars Hand #147784208040:  Hold'em Limit ($3/$6 USD) - 2016/01/27 15:55:58 ET
Table 'Thyra II' 2-max Seat #1 is the button
Seat 1: PbIbak ($134.68 in chips)
Seat 2: thepebble86 ($96.92 in chips)
PbIbak: posts small blind $1
thepebble86: posts big blind $3
*** HOLE CARDS ***
PbIbak: raises $3 to $6
thepebble86: calls $3
*** FLOP *** [4c Ts 7h]
thepebble86: checks
PbIbak: bets $3
thepebble86: raises $3 to $6
PbIbak: calls $3
*** TURN *** [4c Ts 7h] [6s]
thepebble86: bets $6
PbIbak: calls $6
*** RIVER *** [4c Ts 7h 6s] [4h]
thepebble86: bets $6
PbIbak: folds
Uncalled bet ($6) returned to thepebble86
thepebble86 collected $35.50 from pot
*** SUMMARY ***
Total pot $36 | Rake $0.50
Board [4c Ts 7h 6s 4h]
Seat 1: PbIbak (button) (small blind) folded on the River
Seat 2: thepebble86 (big blind) collected ($35.50)


PokerStars Hand #147784227969:  Hold'em Limit ($3/$6 USD) - 2016/01/27 15:56:22 ET
Table 'Thyra II' 2-max Seat #2 is the button
Seat 1: PbIbak ($116.68 in chips)
Seat 2: thepebble86 ($114.42 in chips)
thepebble86: posts small blind $1
PbIbak: posts big blind $3
*** HOLE CARDS ***
thepebble86: raises $3 to $6
PbIbak: folds
Uncalled bet ($3) returned to thepebble86
thepebble86 collected $6 from pot
*** SUMMARY ***
Total pot $6 | Rake $0
Seat 1: PbIbak (big blind) folded before Flop
Seat 2: thepebble86 (button) (small blind) collected ($6)


PokerStars Hand #147784234007:  Hold'em Limit ($3/$6 USD) - 2016/01/27 15:56:29 ET
Table 'Thyra II' 2-max Seat #1 is the button
Seat 1: PbIbak ($113.68 in chips)
Seat 2: thepebble86 ($117.42 in chips)
PbIbak: posts small blind $1
thepebble86: posts big blind $3
*** HOLE CARDS ***
PbIbak: raises $3 to $6
thepebble86: calls $3
*** FLOP *** [Kc 8s 4s]
thepebble86: checks
PbIbak: checks
*** TURN *** [Kc 8s 4s] [9c]
thepebble86: bets $6
PbIbak: calls $6
*** RIVER *** [Kc 8s 4s 9c] [As]
thepebble86: bets $6
PbIbak: calls $6
*** SHOW DOWN ***
thepebble86: shows [5d Ts] (high card Ace)
PbIbak: shows [4c Jh] (a pair of Fours)
PbIbak collected $35.50 from pot
*** SUMMARY ***
Total pot $36 | Rake $0.50
Board [Kc 8s 4s 9c As]
Seat 1: PbIbak (button) (small blind) showed [4c Jh] and won ($35.50) with a pair of Fours
Seat 2: thepebble86 (big blind) showed [5d Ts] and lost with high card Ace


PokerStars Hand #147784246707:  Hold'em Limit ($3/$6 USD) - 2016/01/27 15:56:44 ET
Table 'Thyra II' 2-max Seat #2 is the button
Seat 1: PbIbak ($131.18 in chips)
Seat 2: thepebble86 ($99.42 in chips)
thepebble86: posts small blind $1
PbIbak: posts big blind $3
*** HOLE CARDS ***
thepebble86: raises $3 to $6
PbIbak: calls $3
*** FLOP *** [6c Qh 5d]
PbIbak: checks
thepebble86: bets $3
PbIbak: calls $3
*** TURN *** [6c Qh 5d] [Td]
PbIbak: checks
thepebble86: bets $6
PbIbak: calls $6
*** RIVER *** [6c Qh 5d Td] [4c]
PbIbak: checks
thepebble86: checks
*** SHOW DOWN ***
PbIbak: shows [8h Tc] (a pair of Tens)
thepebble86: mucks hand
PbIbak collected $29.50 from pot
*** SUMMARY ***
Total pot $30 | Rake $0.50
Board [6c Qh 5d Td 4c]
Seat 1: PbIbak (big blind) showed [8h Tc] and won ($29.50) with a pair of Tens
Seat 2: thepebble86 (button) (small blind) mucked


PokerStars Hand #147784280353:  Hold'em Limit ($3/$6 USD) - 2016/01/27 15:57:25 ET
Table 'Thyra II' 2-max Seat #2 is the button
Seat 1: PbIbak ($163.18 in chips)
Seat 2: thepebble86 ($66.42 in chips)
thepebble86: posts small blind $1
PbIbak: posts big blind $3
*** HOLE CARDS ***
thepebble86: raises $3 to $6
PbIbak: folds
Uncalled bet ($3) returned to thepebble86
thepebble86 collected $6 from pot
*** SUMMARY ***
Total pot $6 | Rake $0
Seat 1: PbIbak (big blind) folded before Flop
Seat 2: thepebble86 (button) (small blind) collected ($6)


PokerStars Hand #147784262750:  Hold'em Limit ($3/$6 USD) - 2016/01/27 15:57:04 ET
Table 'Thyra II' 2-max Seat #1 is the button
Seat 1: PbIbak ($145.68 in chips)
Seat 2: thepebble86 ($84.42 in chips)
PbIbak: posts small blind $1
thepebble86: posts big blind $3
*** HOLE CARDS ***
PbIbak: raises $3 to $6
thepebble86: calls $3
*** FLOP *** [4s 6d 5h]
thepebble86: checks
PbIbak: checks
*** TURN *** [4s 6d 5h] [Kc]
thepebble86: checks
PbIbak: bets $6
thepebble86: calls $6
*** RIVER *** [4s 6d 5h Kc] [6h]
thepebble86: checks
PbIbak: bets $6
thepebble86: calls $6
*** SHOW DOWN ***
PbIbak: shows [Jh Kd] (two pair, Kings and Sixes)
thepebble86: mucks hand
PbIbak collected $35.50 from pot
*** SUMMARY ***
Total pot $36 | Rake $0.50
Board [4s 6d 5h Kc 6h]
Seat 1: PbIbak (button) (small blind) showed [Jh Kd] and won ($35.50) with two pair, Kings and Sixes
Seat 2: thepebble86 (big blind) mucked


PokerStars Hand #147784284879:  Hold'em Limit ($3/$6 USD) - 2016/01/27 15:57:30 ET
Table 'Thyra II' 2-max Seat #1 is the button
Seat 1: PbIbak ($160.18 in chips)
Seat 2: thepebble86 ($69.42 in chips)
PbIbak: posts small blind $1
thepebble86: posts big blind $3
*** HOLE CARDS ***
PbIbak: raises $3 to $6
thepebble86: raises $3 to $9
PbIbak: calls $3
*** FLOP *** [9c 8h 4c]
thepebble86: bets $3
PbIbak: calls $3
*** TURN *** [9c 8h 4c] [Jd]
thepebble86: bets $6
PbIbak: calls $6
*** RIVER *** [9c 8h 4c Jd] [Jc]
thepebble86: bets $6
PbIbak: calls $6
*** SHOW DOWN ***
thepebble86: shows [9d 5d] (two pair, Jacks and Nines)
PbIbak: shows [3s 9s] (two pair, Jacks and Nines)
thepebble86 collected $23.75 from pot
PbIbak collected $23.75 from pot
*** SUMMARY ***
Total pot $48 | Rake $0.50
Board [9c 8h 4c Jd Jc]
Seat 1: PbIbak (button) (small blind) showed [3s 9s] and won ($23.75) with two pair, Jacks and Nines
Seat 2: thepebble86 (big blind) showed [9d 5d] and won ($23.75) with two pair, Jacks and Nines


PokerStars Hand #147784297395:  Hold'em Limit ($3/$6 USD) - 2016/01/27 15:57:45 ET
Table 'Thyra II' 2-max Seat #2 is the button
Seat 1: PbIbak ($159.93 in chips)
Seat 2: thepebble86 ($69.17 in chips)
thepebble86: posts small blind $1
PbIbak: posts big blind $3
*** HOLE CARDS ***
thepebble86: raises $3 to $6
PbIbak: calls $3
*** FLOP *** [Qd 5h Qs]
PbIbak: checks
thepebble86: checks
*** TURN *** [Qd 5h Qs] [9s]
PbIbak: bets $6
thepebble86: raises $6 to $12
PbIbak: raises $6 to $18
thepebble86: calls $6
*** RIVER *** [Qd 5h Qs 9s] [8c]
PbIbak: bets $6
thepebble86: calls $6
*** SHOW DOWN ***
PbIbak: shows [Th Qh] (three of a kind, Queens)
thepebble86: mucks hand
PbIbak collected $59.50 from pot
*** SUMMARY ***
Total pot $60 | Rake $0.50
Board [Qd 5h Qs 9s 8c]
Seat 1: PbIbak (big blind) showed [Th Qh] and won ($59.50) with three of a kind, Queens
Seat 2: thepebble86 (button) (small blind) mucked


PokerStars Hand #147784318871:  Hold'em Limit ($3/$6 USD) - 2016/01/27 15:58:06 ET
Table 'Thyra II' 2-max Seat #1 is the button
Seat 1: PbIbak ($189.43 in chips)
Seat 2: thepebble86 ($39.17 in chips)
PbIbak: posts small blind $1
thepebble86: posts big blind $3
*** HOLE CARDS ***
PbIbak: raises $3 to $6
thepebble86: raises $3 to $9
PbIbak: calls $3
*** FLOP *** [3s Kd 3h]
thepebble86: bets $3
PbIbak: calls $3
*** TURN *** [3s Kd 3h] [2h]
thepebble86: bets $6
PbIbak: raises $6 to $12
thepebble86: raises $6 to $18
PbIbak: calls $6
*** RIVER *** [3s Kd 3h 2h] [Ac]
thepebble86: bets $6
PbIbak: calls $6
*** SHOW DOWN ***
thepebble86: shows [4h 7h] (a pair of Threes)
PbIbak: shows [Jd Kc] (two pair, Kings and Threes)
PbIbak collected $71.50 from pot
*** SUMMARY ***
Total pot $72 | Rake $0.50
Board [3s Kd 3h 2h Ac]
Seat 1: PbIbak (button) (small blind) showed [Jd Kc] and won ($71.50) with two pair, Kings and Threes
Seat 2: thepebble86 (big blind) showed [4h 7h] and lost with a pair of Threes


PokerStars Hand #147784337171:  Hold'em Limit ($3/$6 USD) - 2016/01/27 15:58:24 ET
Table 'Thyra II' 2-max Seat #2 is the button
Seat 1: PbIbak ($224.93 in chips)
Seat 2: thepebble86 ($3.17 in chips)
thepebble86: posts small blind $1
PbIbak: posts big blind $3
*** HOLE CARDS ***
thepebble86: raises $0.17 to $3.17 and is all-in
PbIbak: calls $0.17
*** FLOP *** [Th 9c 7h]
*** TURN *** [Th 9c 7h] [Qh]
*** RIVER *** [Th 9c 7h Qh] [Qs]
*** SHOW DOWN ***
PbIbak: shows [4s As] (a pair of Queens)
thepebble86: shows [Ks Ts] (two pair, Queens and Tens)
thepebble86 collected $6.21 from pot
*** SUMMARY ***
Total pot $6.34 | Rake $0.13
Board [Th 9c 7h Qh Qs]
Seat 1: PbIbak (big blind) showed [4s As] and lost with a pair of Queens
Seat 2: thepebble86 (button) (small blind) showed [Ks Ts] and won ($6.21) with two pair, Queens and Tens


PokerStars Hand #147784358635:  Hold'em Limit ($3/$6 USD) - 2016/01/27 15:58:44 ET
Table 'Thyra II' 2-max Seat #1 is the button
Seat 1: PbIbak ($221.76 in chips)
Seat 2: thepebble86 ($407.89 in chips)
PbIbak: posts small blind $1
thepebble86: posts big blind $3
*** HOLE CARDS ***
PbIbak: raises $3 to $6
thepebble86: raises $3 to $9
PbIbak: calls $3
*** FLOP *** [2h 6d 5s]
thepebble86: bets $3
PbIbak: calls $3
*** TURN *** [2h 6d 5s] [Qd]
thepebble86: bets $6
PbIbak: calls $6
*** RIVER *** [2h 6d 5s Qd] [2d]
thepebble86: bets $6
PbIbak: calls $6
*** SHOW DOWN ***
thepebble86: shows [Td 7h] (a pair of Deuces)
PbIbak: shows [4s Kh] (a pair of Deuces - King kicker)
PbIbak collected $47.50 from pot
*** SUMMARY ***
Total pot $48 | Rake $0.50
Board [2h 6d 5s Qd 2d]
Seat 1: PbIbak (button) (small blind) showed [4s Kh] and won ($47.50) with a pair of Deuces
Seat 2: thepebble86 (big blind) showed [Td 7h] and lost with a pair of Deuces


PokerStars Hand #147784374168:  Hold'em Limit ($3/$6 USD) - 2016/01/27 15:59:01 ET
Table 'Thyra II' 2-max Seat #2 is the button
Seat 1: PbIbak ($245.26 in chips)
Seat 2: thepebble86 ($383.89 in chips)
thepebble86: posts small blind $1
PbIbak: posts big blind $3
*** HOLE CARDS ***
thepebble86: raises $3 to $6
PbIbak: calls $3
*** FLOP *** [8s Ah 4s]
PbIbak: checks
thepebble86: bets $3
PbIbak: calls $3
*** TURN *** [8s Ah 4s] [4c]
PbIbak: checks
thepebble86: bets $6
PbIbak: calls $6
*** RIVER *** [8s Ah 4s 4c] [Kh]
PbIbak: checks
thepebble86: bets $6
PbIbak: calls $6
*** SHOW DOWN ***
thepebble86: shows [Ts 5s] (a pair of Fours)
PbIbak: shows [Kc 7s] (two pair, Kings and Fours)
PbIbak collected $41.50 from pot
*** SUMMARY ***
Total pot $42 | Rake $0.50
Board [8s Ah 4s 4c Kh]
Seat 1: PbIbak (big blind) showed [Kc 7s] and won ($41.50) with two pair, Kings and Fours
Seat 2: thepebble86 (button) (small blind) showed [Ts 5s] and lost with a pair of Fours


PokerStars Hand #147784387857:  Hold'em Limit ($3/$6 USD) - 2016/01/27 15:59:17 ET
Table 'Thyra II' 2-max Seat #1 is the button
Seat 1: PbIbak ($265.76 in chips)
Seat 2: thepebble86 ($362.89 in chips)
PbIbak: posts small blind $1
thepebble86: posts big blind $3
*** HOLE CARDS ***
PbIbak: raises $3 to $6
thepebble86: raises $3 to $9
PbIbak: calls $3
*** FLOP *** [2d Ah 5d]
thepebble86: bets $3
PbIbak: calls $3
*** TURN *** [2d Ah 5d] [Kc]
thepebble86: bets $6
PbIbak: folds
Uncalled bet ($6) returned to thepebble86
thepebble86 collected $23.52 from pot
*** SUMMARY ***
Total pot $24 | Rake $0.48
Board [2d Ah 5d Kc]
Seat 1: PbIbak (button) (small blind) folded on the Turn
Seat 2: thepebble86 (big blind) collected ($23.52)


PokerStars Hand #147784399655:  Hold'em Limit ($3/$6 USD) - 2016/01/27 15:59:31 ET
Table 'Thyra II' 2-max Seat #2 is the button
Seat 1: PbIbak ($253.76 in chips)
Seat 2: thepebble86 ($374.41 in chips)
thepebble86: posts small blind $1
PbIbak: posts big blind $3
*** HOLE CARDS ***
thepebble86: raises $3 to $6
PbIbak: calls $3
*** FLOP *** [5d As Kc]
PbIbak: checks
thepebble86: bets $3
PbIbak: calls $3
*** TURN *** [5d As Kc] [7d]
PbIbak: checks
thepebble86: bets $6
PbIbak: calls $6
*** RIVER *** [5d As Kc 7d] [Jd]
PbIbak: checks
thepebble86: checks
*** SHOW DOWN ***
PbIbak: shows [Qc 7h] (a pair of Sevens)
thepebble86: mucks hand
PbIbak collected $29.50 from pot
*** SUMMARY ***
Total pot $30 | Rake $0.50
Board [5d As Kc 7d Jd]
Seat 1: PbIbak (big blind) showed [Qc 7h] and won ($29.50) with a pair of Sevens
Seat 2: thepebble86 (button) (small blind) mucked


PokerStars Hand #147784416601:  Hold'em Limit ($3/$6 USD) - 2016/01/27 15:59:51 ET
Table 'Thyra II' 2-max Seat #1 is the button
Seat 1: PbIbak ($268.26 in chips)
Seat 2: thepebble86 ($359.41 in chips)
PbIbak: posts small blind $1
thepebble86: posts big blind $3
*** HOLE CARDS ***
PbIbak: raises $3 to $6
thepebble86: raises $3 to $9
PbIbak: calls $3
*** FLOP *** [9s 8d 7d]
thepebble86: bets $3
PbIbak: calls $3
*** TURN *** [9s 8d 7d] [Ad]
thepebble86: bets $6
PbIbak: calls $6
*** RIVER *** [9s 8d 7d Ad] [3d]
thepebble86: bets $6
PbIbak: calls $6
*** SHOW DOWN ***
thepebble86: shows [5h As] (a pair of Aces)
PbIbak: shows [Ac 4c] (a pair of Aces)
thepebble86 collected $23.75 from pot
PbIbak collected $23.75 from pot
*** SUMMARY ***
Total pot $48 | Rake $0.50
Board [9s 8d 7d Ad 3d]
Seat 1: PbIbak (button) (small blind) showed [Ac 4c] and won ($23.75) with a pair of Aces
Seat 2: thepebble86 (big blind) showed [5h As] and won ($23.75) with a pair of Aces


PokerStars Hand #147784430288:  Hold'em Limit ($3/$6 USD) - 2016/01/27 16:00:06 ET
Table 'Thyra II' 2-max Seat #2 is the button
Seat 1: PbIbak ($268.01 in chips)
Seat 2: thepebble86 ($359.16 in chips)
thepebble86: posts small blind $1
PbIbak: posts big blind $3
*** HOLE CARDS ***
thepebble86: raises $3 to $6
PbIbak: calls $3
*** FLOP *** [As Jd 2d]
PbIbak: checks
thepebble86: bets $3
PbIbak: calls $3
*** TURN *** [As Jd 2d] [Qc]
PbIbak: checks
thepebble86: bets $6
PbIbak: calls $6
*** RIVER *** [As Jd 2d Qc] [9c]
PbIbak: checks
thepebble86: bets $6
PbIbak: calls $6
*** SHOW DOWN ***
thepebble86: shows [7d 6h] (high card Ace)
PbIbak: shows [Kd 9s] (a pair of Nines)
PbIbak collected $41.50 from pot
*** SUMMARY ***
Total pot $42 | Rake $0.50
Board [As Jd 2d Qc 9c]
Seat 1: PbIbak (big blind) showed [Kd 9s] and won ($41.50) with a pair of Nines
Seat 2: thepebble86 (button) (small blind) showed [7d 6h] and lost with high card Ace


PokerStars Hand #147784445715:  Hold'em Limit ($3/$6 USD) - 2016/01/27 16:00:23 ET
Table 'Thyra II' 2-max Seat #1 is the button
Seat 1: PbIbak ($288.51 in chips)
Seat 2: thepebble86 ($338.16 in chips)
PbIbak: posts small blind $1
thepebble86: posts big blind $3
*** HOLE CARDS ***
PbIbak: raises $3 to $6
thepebble86: calls $3
*** FLOP *** [9h 5h Ts]
thepebble86: checks
PbIbak: bets $3
thepebble86: folds
Uncalled bet ($3) returned to PbIbak
PbIbak collected $11.76 from pot
PbIbak: doesn't show hand
*** SUMMARY ***
Total pot $12 | Rake $0.24
Board [9h 5h Ts]
Seat 1: PbIbak (button) (small blind) collected ($11.76)
Seat 2: thepebble86 (big blind) folded on the Flop


PokerStars Hand #147784455065:  Hold'em Limit ($3/$6 USD) - 2016/01/27 16:00:34 ET
Table 'Thyra II' 2-max Seat #2 is the button
Seat 1: PbIbak ($294.27 in chips)
Seat 2: thepebble86 ($332.16 in chips)
thepebble86: posts small blind $1
PbIbak: posts big blind $3
*** HOLE CARDS ***
thepebble86: raises $3 to $6
PbIbak: calls $3
*** FLOP *** [4s 8d 7c]
PbIbak: checks
thepebble86: bets $3
PbIbak: calls $3
*** TURN *** [4s 8d 7c] [9s]
PbIbak: checks
thepebble86: bets $6
PbIbak: calls $6
*** RIVER *** [4s 8d 7c 9s] [7s]
PbIbak: checks
thepebble86: bets $6
PbIbak: calls $6
*** SHOW DOWN ***
thepebble86: shows [3h 8c] (two pair, Eights and Sevens)
PbIbak: mucks hand
thepebble86 collected $41.50 from pot
*** SUMMARY ***
Total pot $42 | Rake $0.50
Board [4s 8d 7c 9s 7s]
Seat 1: PbIbak (big blind) mucked
Seat 2: thepebble86 (button) (small blind) showed [3h 8c] and won ($41.50) with two pair, Eights and Sevens


PokerStars Hand #147784471113:  Hold'em Limit ($3/$6 USD) - 2016/01/27 16:00:52 ET
Table 'Thyra II' 2-max Seat #1 is the button
Seat 1: PbIbak ($273.27 in chips)
Seat 2: thepebble86 ($352.66 in chips)
PbIbak: posts small blind $1
thepebble86: posts big blind $3
*** HOLE CARDS ***
PbIbak: raises $3 to $6
thepebble86: raises $3 to $9
PbIbak: calls $3
*** FLOP *** [3h 2c 8s]
thepebble86: bets $3
PbIbak: calls $3
*** TURN *** [3h 2c 8s] [Td]
thepebble86: checks
PbIbak: checks
*** RIVER *** [3h 2c 8s Td] [Th]
thepebble86: bets $6
PbIbak: calls $6
*** SHOW DOWN ***
thepebble86: shows [Js Qh] (a pair of Tens)
PbIbak: shows [Qs Ks] (a pair of Tens - King kicker)
PbIbak collected $35.50 from pot
*** SUMMARY ***
Total pot $36 | Rake $0.50
Board [3h 2c 8s Td Th]
Seat 1: PbIbak (button) (small blind) showed [Qs Ks] and won ($35.50) with a pair of Tens
Seat 2: thepebble86 (big blind) showed [Js Qh] and lost with a pair of Tens


PokerStars Hand #147784485777:  Hold'em Limit ($3/$6 USD) - 2016/01/27 16:01:07 ET
Table 'Thyra II' 2-max Seat #2 is the button
Seat 1: PbIbak ($290.77 in chips)
Seat 2: thepebble86 ($334.66 in chips)
thepebble86: posts small blind $1
PbIbak: posts big blind $3
*** HOLE CARDS ***
thepebble86: raises $3 to $6
PbIbak: calls $3
*** FLOP *** [4s 9s 3d]
PbIbak: checks
thepebble86: bets $3
PbIbak: folds
Uncalled bet ($3) returned to thepebble86
thepebble86 collected $11.76 from pot
*** SUMMARY ***
Total pot $12 | Rake $0.24
Board [4s 9s 3d]
Seat 1: PbIbak (big blind) folded on the Flop
Seat 2: thepebble86 (button) (small blind) collected ($11.76)


PokerStars Hand #147784494973:  Hold'em Limit ($3/$6 USD) - 2016/01/27 16:01:17 ET
Table 'Thyra II' 2-max Seat #1 is the button
Seat 1: PbIbak ($284.77 in chips)
Seat 2: thepebble86 ($340.42 in chips)
PbIbak: posts small blind $1
thepebble86: posts big blind $3
*** HOLE CARDS ***
PbIbak: raises $3 to $6
thepebble86: raises $3 to $9
PbIbak: calls $3
*** FLOP *** [Qd 7s 5c]
thepebble86: bets $3
PbIbak: calls $3
*** TURN *** [Qd 7s 5c] [5d]
thepebble86: checks
PbIbak: checks
*** RIVER *** [Qd 7s 5c 5d] [8c]
thepebble86: bets $6
PbIbak: calls $6
*** SHOW DOWN ***
thepebble86: shows [2s 6d] (a pair of Fives)
PbIbak: shows [As 4d] (a pair of Fives - Ace kicker)
PbIbak collected $35.50 from pot
*** SUMMARY ***
Total pot $36 | Rake $0.50
Board [Qd 7s 5c 5d 8c]
Seat 1: PbIbak (button) (small blind) showed [As 4d] and won ($35.50) with a pair of Fives
Seat 2: thepebble86 (big blind) showed [2s 6d] and lost with a pair of Fives


PokerStars Hand #147784521402:  Hold'em Limit ($3/$6 USD) - 2016/01/27 16:01:43 ET
Table 'Thyra II' 2-max Seat #1 is the button
Seat 1: PbIbak ($296.27 in chips)
Seat 2: thepebble86 ($328.18 in chips)
PbIbak: posts small blind $1
thepebble86: posts big blind $3
*** HOLE CARDS ***
PbIbak: folds
Uncalled bet ($2) returned to thepebble86
thepebble86 collected $2 from pot
*** SUMMARY ***
Total pot $2 | Rake $0
Seat 1: PbIbak (button) (small blind) folded before Flop
Seat 2: thepebble86 (big blind) collected ($2)


PokerStars Hand #147784511318:  Hold'em Limit ($3/$6 USD) - 2016/01/27 16:01:33 ET
Table 'Thyra II' 2-max Seat #2 is the button
Seat 1: PbIbak ($302.27 in chips)
Seat 2: thepebble86 ($322.42 in chips)
thepebble86: posts small blind $1
PbIbak: posts big blind $3
*** HOLE CARDS ***
thepebble86: raises $3 to $6
PbIbak: calls $3
*** FLOP *** [Qd 9d 2c]
PbIbak: checks
thepebble86: bets $3
PbIbak: folds
Uncalled bet ($3) returned to thepebble86
thepebble86 collected $11.76 from pot
*** SUMMARY ***
Total pot $12 | Rake $0.24
Board [Qd 9d 2c]
Seat 1: PbIbak (big blind) folded on the Flop
Seat 2: thepebble86 (button) (small blind) collected ($11.76)


PokerStars Hand #147784526772:  Hold'em Limit ($3/$6 USD) - 2016/01/27 16:01:49 ET
Table 'Thyra II' 2-max Seat #2 is the button
Seat 1: PbIbak ($295.27 in chips)
Seat 2: thepebble86 ($329.18 in chips)
thepebble86: posts small blind $1
PbIbak: posts big blind $3
*** HOLE CARDS ***
thepebble86: raises $3 to $6
PbIbak: folds
Uncalled bet ($3) returned to thepebble86
thepebble86 collected $6 from pot
*** SUMMARY ***
Total pot $6 | Rake $0
Seat 1: PbIbak (big blind) folded before Flop
Seat 2: thepebble86 (button) (small blind) collected ($6)


PokerStars Hand #147784531716:  Hold'em Limit ($3/$6 USD) - 2016/01/27 16:01:53 ET
Table 'Thyra II' 2-max Seat #1 is the button
Seat 1: PbIbak ($292.27 in chips)
Seat 2: thepebble86 ($332.18 in chips)
PbIbak: posts small blind $1
thepebble86: posts big blind $3
*** HOLE CARDS ***
PbIbak: raises $3 to $6
thepebble86: raises $3 to $9
PbIbak: calls $3
*** FLOP *** [6d 9h 6c]
thepebble86: bets $3
PbIbak: calls $3
*** TURN *** [6d 9h 6c] [3c]
thepebble86: bets $6
PbIbak: folds
Uncalled bet ($6) returned to thepebble86
thepebble86 collected $23.52 from pot
*** SUMMARY ***
Total pot $24 | Rake $0.48
Board [6d 9h 6c 3c]
Seat 1: PbIbak (button) (small blind) folded on the Turn
Seat 2: thepebble86 (big blind) collected ($23.52)


PokerStars Hand #147784544215:  Hold'em Limit ($3/$6 USD) - 2016/01/27 16:02:05 ET
Table 'Thyra II' 2-max Seat #2 is the button
Seat 1: PbIbak ($280.27 in chips)
Seat 2: thepebble86 ($343.70 in chips)
thepebble86: posts small blind $1
PbIbak: posts big blind $3
*** HOLE CARDS ***
thepebble86: raises $3 to $6
PbIbak: calls $3
*** FLOP *** [Jc As 9h]
PbIbak: checks
thepebble86: bets $3
PbIbak: calls $3
*** TURN *** [Jc As 9h] [2c]
PbIbak: checks
thepebble86: bets $6
PbIbak: calls $6
*** RIVER *** [Jc As 9h 2c] [4s]
PbIbak: checks
thepebble86: bets $6
PbIbak: folds
Uncalled bet ($6) returned to thepebble86
thepebble86 collected $29.50 from pot
*** SUMMARY ***
Total pot $30 | Rake $0.50
Board [Jc As 9h 2c 4s]
Seat 1: PbIbak (big blind) folded on the River
Seat 2: thepebble86 (button) (small blind) collected ($29.50)


PokerStars Hand #147784563910:  Hold'em Limit ($3/$6 USD) - 2016/01/27 16:02:23 ET
Table 'Thyra II' 2-max Seat #1 is the button
Seat 1: PbIbak ($265.27 in chips)
Seat 2: thepebble86 ($358.20 in chips)
PbIbak: posts small blind $1
thepebble86: posts big blind $3
*** HOLE CARDS ***
PbIbak: raises $3 to $6
thepebble86: raises $3 to $9
PbIbak: calls $3
*** FLOP *** [6s 6h 5s]
thepebble86: bets $3
PbIbak: calls $3
*** TURN *** [6s 6h 5s] [4s]
thepebble86: bets $6
PbIbak: calls $6
*** RIVER *** [6s 6h 5s 4s] [Ks]
thepebble86: bets $6
PbIbak: folds
Uncalled bet ($6) returned to thepebble86
thepebble86 collected $35.50 from pot
*** SUMMARY ***
Total pot $36 | Rake $0.50
Board [6s 6h 5s 4s Ks]
Seat 1: PbIbak (button) (small blind) folded on the River
Seat 2: thepebble86 (big blind) collected ($35.50)


PokerStars Hand #147784579321:  Hold'em Limit ($3/$6 USD) - 2016/01/27 16:02:38 ET
Table 'Thyra II' 2-max Seat #2 is the button
Seat 1: PbIbak ($247.27 in chips)
Seat 2: thepebble86 ($375.70 in chips)
thepebble86: posts small blind $1
PbIbak: posts big blind $3
*** HOLE CARDS ***
thepebble86: raises $3 to $6
PbIbak: calls $3
*** FLOP *** [3d 7s Ac]
PbIbak: checks
thepebble86: bets $3
PbIbak: calls $3
*** TURN *** [3d 7s Ac] [Qd]
PbIbak: checks
thepebble86: bets $6
PbIbak: calls $6
*** RIVER *** [3d 7s Ac Qd] [Kc]
PbIbak: checks
thepebble86: checks
*** SHOW DOWN ***
PbIbak: shows [Kh Qs] (two pair, Kings and Queens)
thepebble86: mucks hand
PbIbak collected $29.50 from pot
*** SUMMARY ***
Total pot $30 | Rake $0.50
Board [3d 7s Ac Qd Kc]
Seat 1: PbIbak (big blind) showed [Kh Qs] and won ($29.50) with two pair, Kings and Queens
Seat 2: thepebble86 (button) (small blind) mucked


PokerStars Hand #147784604728:  Hold'em Limit ($3/$6 USD) - 2016/01/27 16:03:02 ET
Table 'Thyra II' 2-max Seat #2 is the button
Seat 1: PbIbak ($260.77 in chips)
Seat 2: thepebble86 ($361.70 in chips)
thepebble86: posts small blind $1
PbIbak: posts big blind $3
*** HOLE CARDS ***
thepebble86: raises $3 to $6
PbIbak: raises $3 to $9
thepebble86: calls $3
*** FLOP *** [Ac 9s 4c]
PbIbak: bets $3
thepebble86: calls $3
*** TURN *** [Ac 9s 4c] [9h]
PbIbak: bets $6
thepebble86: calls $6
*** RIVER *** [Ac 9s 4c 9h] [Qs]
PbIbak: bets $6
thepebble86: calls $6
*** SHOW DOWN ***
PbIbak: shows [Th Td] (two pair, Tens and Nines)
thepebble86: shows [7h Ad] (two pair, Aces and Nines)
thepebble86 collected $47.50 from pot
*** SUMMARY ***
Total pot $48 | Rake $0.50
Board [Ac 9s 4c 9h Qs]
Seat 1: PbIbak (big blind) showed [Th Td] and lost with two pair, Tens and Nines
Seat 2: thepebble86 (button) (small blind) showed [7h Ad] and won ($47.50) with two pair, Aces and Nines


PokerStars Hand #147784598577:  Hold'em Limit ($3/$6 USD) - 2016/01/27 16:02:56 ET
Table 'Thyra II' 2-max Seat #1 is the button
Seat 1: PbIbak ($261.77 in chips)
Seat 2: thepebble86 ($360.70 in chips)
PbIbak: posts small blind $1
thepebble86: posts big blind $3
*** HOLE CARDS ***
PbIbak: folds
Uncalled bet ($2) returned to thepebble86
thepebble86 collected $2 from pot
*** SUMMARY ***
Total pot $2 | Rake $0
Seat 1: PbIbak (button) (small blind) folded before Flop
Seat 2: thepebble86 (big blind) collected ($2)


PokerStars Hand #147784622856:  Hold'em Limit ($3/$6 USD) - 2016/01/27 16:03:19 ET
Table 'Thyra II' 2-max Seat #1 is the button
Seat 1: PbIbak ($236.77 in chips)
Seat 2: thepebble86 ($385.20 in chips)
PbIbak: posts small blind $1
thepebble86: posts big blind $3
*** HOLE CARDS ***
PbIbak: folds
Uncalled bet ($2) returned to thepebble86
thepebble86 collected $2 from pot
*** SUMMARY ***
Total pot $2 | Rake $0
Seat 1: PbIbak (button) (small blind) folded before Flop
Seat 2: thepebble86 (big blind) collected ($2)


PokerStars Hand #147784629707:  Hold'em Limit ($3/$6 USD) - 2016/01/27 16:03:25 ET
Table 'Thyra II' 2-max Seat #2 is the button
Seat 1: PbIbak ($235.77 in chips)
Seat 2: thepebble86 ($386.20 in chips)
thepebble86: posts small blind $1
PbIbak: posts big blind $3
*** HOLE CARDS ***
thepebble86: raises $3 to $6
PbIbak: calls $3
*** FLOP *** [6c 9c Ks]
PbIbak: checks
thepebble86: bets $3
PbIbak: calls $3
*** TURN *** [6c 9c Ks] [3c]
PbIbak: checks
thepebble86: bets $6
PbIbak: calls $6
*** RIVER *** [6c 9c Ks 3c] [4s]
PbIbak: checks
thepebble86: bets $6
PbIbak: calls $6
*** SHOW DOWN ***
thepebble86: shows [Kc 3s] (two pair, Kings and Threes)
PbIbak: mucks hand
thepebble86 collected $41.50 from pot
*** SUMMARY ***
Total pot $42 | Rake $0.50
Board [6c 9c Ks 3c 4s]
Seat 1: PbIbak (big blind) mucked
Seat 2: thepebble86 (button) (small blind) showed [Kc 3s] and won ($41.50) with two pair, Kings and Threes


PokerStars Hand #147784649223:  Hold'em Limit ($3/$6 USD) - 2016/01/27 16:03:43 ET
Table 'Thyra II' 2-max Seat #1 is the button
Seat 1: PbIbak ($214.77 in chips)
Seat 2: thepebble86 ($406.70 in chips)
PbIbak: posts small blind $1
thepebble86: posts big blind $3
*** HOLE CARDS ***
PbIbak: raises $3 to $6
thepebble86: calls $3
*** FLOP *** [7c 2s 9d]
thepebble86: checks
PbIbak: bets $3
thepebble86: calls $3
*** TURN *** [7c 2s 9d] [Ad]
thepebble86: checks
PbIbak: checks
*** RIVER *** [7c 2s 9d Ad] [7h]
thepebble86: checks
PbIbak: bets $6
thepebble86: calls $6
*** SHOW DOWN ***
PbIbak: shows [2d Qc] (two pair, Sevens and Deuces)
thepebble86: shows [Qd 2h] (two pair, Sevens and Deuces)
thepebble86 collected $14.75 from pot
PbIbak collected $14.75 from pot
*** SUMMARY ***
Total pot $30 | Rake $0.50
Board [7c 2s 9d Ad 7h]
Seat 1: PbIbak (button) (small blind) showed [2d Qc] and won ($14.75) with two pair, Sevens and Deuces
Seat 2: thepebble86 (big blind) showed [Qd 2h] and won ($14.75) with two pair, Sevens and Deuces


PokerStars Hand #147784662763:  Hold'em Limit ($3/$6 USD) - 2016/01/27 16:03:55 ET
Table 'Thyra II' 2-max Seat #2 is the button
Seat 1: PbIbak ($214.52 in chips)
Seat 2: thepebble86 ($406.45 in chips)
thepebble86: posts small blind $1
PbIbak: posts big blind $3
*** HOLE CARDS ***
thepebble86: raises $3 to $6
PbIbak: calls $3
*** FLOP *** [3h 2h Ad]
PbIbak: checks
thepebble86: checks
*** TURN *** [3h 2h Ad] [Qd]
PbIbak: checks
thepebble86: bets $6
PbIbak: calls $6
*** RIVER *** [3h 2h Ad Qd] [Jd]
PbIbak: checks
thepebble86: bets $6
PbIbak: calls $6
*** SHOW DOWN ***
thepebble86: shows [Jc 6c] (a pair of Jacks)
PbIbak: mucks hand
thepebble86 collected $35.50 from pot
*** SUMMARY ***
Total pot $36 | Rake $0.50
Board [3h 2h Ad Qd Jd]
Seat 1: PbIbak (big blind) mucked
Seat 2: thepebble86 (button) (small blind) showed [Jc 6c] and won ($35.50) with a pair of Jacks


PokerStars Hand #147784682461:  Hold'em Limit ($3/$6 USD) - 2016/01/27 16:04:14 ET
Table 'Thyra II' 2-max Seat #1 is the button
Seat 1: PbIbak ($196.52 in chips)
Seat 2: thepebble86 ($423.95 in chips)
PbIbak: posts small blind $1
thepebble86: posts big blind $3
*** HOLE CARDS ***
PbIbak: raises $3 to $6
thepebble86: raises $3 to $9
PbIbak: calls $3
*** FLOP *** [Qd Js 9d]
thepebble86: bets $3
PbIbak: folds
Uncalled bet ($3) returned to thepebble86
thepebble86 collected $17.64 from pot
*** SUMMARY ***
Total pot $18 | Rake $0.36
Board [Qd Js 9d]
Seat 1: PbIbak (button) (small blind) folded on the Flop
Seat 2: thepebble86 (big blind) collected ($17.64)


PokerStars Hand #147784691667:  Hold'em Limit ($3/$6 USD) - 2016/01/27 16:04:22 ET
Table 'Thyra II' 2-max Seat #2 is the button
Seat 1: PbIbak ($187.52 in chips)
Seat 2: thepebble86 ($432.59 in chips)
thepebble86: posts small blind $1
PbIbak: posts big blind $3
*** HOLE CARDS ***
thepebble86: raises $3 to $6
PbIbak: calls $3
*** FLOP *** [3c Td 9c]
PbIbak: checks
thepebble86: checks
*** TURN *** [3c Td 9c] [Jd]
PbIbak: checks
thepebble86: bets $6
PbIbak: folds
Uncalled bet ($6) returned to thepebble86
thepebble86 collected $11.76 from pot
*** SUMMARY ***
Total pot $12 | Rake $0.24
Board [3c Td 9c Jd]
Seat 1: PbIbak (big blind) folded on the Turn
Seat 2: thepebble86 (button) (small blind) collected ($11.76)


PokerStars Hand #147784705792:  Hold'em Limit ($3/$6 USD) - 2016/01/27 16:04:35 ET
Table 'Thyra II' 2-max Seat #1 is the button
Seat 1: PbIbak ($181.52 in chips)
Seat 2: thepebble86 ($438.35 in chips)
PbIbak: posts small blind $1
thepebble86: posts big blind $3
*** HOLE CARDS ***
PbIbak: raises $3 to $6
thepebble86: calls $3
*** FLOP *** [6c Jc 8c]
thepebble86: checks
PbIbak: bets $3
thepebble86: calls $3
*** TURN *** [6c Jc 8c] [8h]
thepebble86: checks
PbIbak: bets $6
thepebble86: raises $6 to $12
PbIbak: calls $6
*** RIVER *** [6c Jc 8c 8h] [9c]
thepebble86: bets $6
PbIbak: calls $6
*** SHOW DOWN ***
thepebble86: shows [Qd 6d] (two pair, Eights and Sixes)
PbIbak: shows [Jh 3s] (two pair, Jacks and Eights)
PbIbak collected $53.50 from pot
*** SUMMARY ***
Total pot $54 | Rake $0.50
Board [6c Jc 8c 8h 9c]
Seat 1: PbIbak (button) (small blind) showed [Jh 3s] and won ($53.50) with two pair, Jacks and Eights
Seat 2: thepebble86 (big blind) showed [Qd 6d] and lost with two pair, Eights and Sixes


PokerStars Hand #147784727028:  Hold'em Limit ($3/$6 USD) - 2016/01/27 16:04:54 ET
Table 'Thyra II' 2-max Seat #2 is the button
Seat 1: PbIbak ($208.02 in chips)
Seat 2: thepebble86 ($411.35 in chips)
thepebble86: posts small blind $1
PbIbak: posts big blind $3
*** HOLE CARDS ***
thepebble86: raises $3 to $6
PbIbak: calls $3
*** FLOP *** [8h 2h 4c]
PbIbak: checks
thepebble86: checks
*** TURN *** [8h 2h 4c] [Qc]
PbIbak: checks
thepebble86: checks
*** RIVER *** [8h 2h 4c Qc] [Kh]
PbIbak: checks
thepebble86: bets $6
PbIbak: raises $6 to $12
thepebble86: folds
Uncalled bet ($6) returned to PbIbak
PbIbak collected $23.52 from pot
PbIbak: doesn't show hand
*** SUMMARY ***
Total pot $24 | Rake $0.48
Board [8h 2h 4c Qc Kh]
Seat 1: PbIbak (big blind) collected ($23.52)
Seat 2: thepebble86 (button) (small blind) folded on the River


PokerStars Hand #147784769982:  Hold'em Limit ($3/$6 USD) - 2016/01/27 16:05:34 ET
Table 'Thyra II' 2-max Seat #2 is the button
Seat 1: PbIbak ($237.04 in chips)
Seat 2: thepebble86 ($381.35 in chips)
thepebble86: posts small blind $1
PbIbak: posts big blind $3
*** HOLE CARDS ***
thepebble86: raises $3 to $6
PbIbak: folds
Uncalled bet ($3) returned to thepebble86
thepebble86 collected $6 from pot
*** SUMMARY ***
Total pot $6 | Rake $0
Seat 1: PbIbak (big blind) folded before Flop
Seat 2: thepebble86 (button) (small blind) collected ($6)


PokerStars Hand #147784747702:  Hold'em Limit ($3/$6 USD) - 2016/01/27 16:05:13 ET
Table 'Thyra II' 2-max Seat #1 is the button
Seat 1: PbIbak ($219.54 in chips)
Seat 2: thepebble86 ($399.35 in chips)
PbIbak: posts small blind $1
thepebble86: posts big blind $3
*** HOLE CARDS ***
PbIbak: raises $3 to $6
thepebble86: calls $3
*** FLOP *** [4h 5h 9s]
thepebble86: checks
PbIbak: bets $3
thepebble86: raises $3 to $6
PbIbak: calls $3
*** TURN *** [4h 5h 9s] [Kc]
thepebble86: bets $6
PbIbak: calls $6
*** RIVER *** [4h 5h 9s Kc] [2c]
thepebble86: checks
PbIbak: checks
*** SHOW DOWN ***
thepebble86: shows [7s 4c] (a pair of Fours)
PbIbak: shows [5d Th] (a pair of Fives)
PbIbak collected $35.50 from pot
*** SUMMARY ***
Total pot $36 | Rake $0.50
Board [4h 5h 9s Kc 2c]
Seat 1: PbIbak (button) (small blind) showed [5d Th] and won ($35.50) with a pair of Fives
Seat 2: thepebble86 (big blind) showed [7s 4c] and lost with a pair of Fours


PokerStars Hand #147784777885:  Hold'em Limit ($3/$6 USD) - 2016/01/27 16:05:41 ET
Table 'Thyra II' 2-max Seat #1 is the button
Seat 1: PbIbak ($234.04 in chips)
Seat 2: thepebble86 ($384.35 in chips)
PbIbak: posts small blind $1
thepebble86: posts big blind $3
*** HOLE CARDS ***
PbIbak: folds
Uncalled bet ($2) returned to thepebble86
thepebble86 collected $2 from pot
*** SUMMARY ***
Total pot $2 | Rake $0
Seat 1: PbIbak (button) (small blind) folded before Flop
Seat 2: thepebble86 (big blind) collected ($2)


PokerStars Hand #147784783055:  Hold'em Limit ($3/$6 USD) - 2016/01/27 16:05:46 ET
Table 'Thyra II' 2-max Seat #2 is the button
Seat 1: PbIbak ($233.04 in chips)
Seat 2: thepebble86 ($385.35 in chips)
thepebble86: posts small blind $1
PbIbak: posts big blind $3
*** HOLE CARDS ***
thepebble86: raises $3 to $6
PbIbak: calls $3
*** FLOP *** [Jh Jc 2d]
PbIbak: checks
thepebble86: checks
*** TURN *** [Jh Jc 2d] [As]
PbIbak: checks
thepebble86: checks
*** RIVER *** [Jh Jc 2d As] [Th]
PbIbak: checks
thepebble86: bets $6
PbIbak: folds
Uncalled bet ($6) returned to thepebble86
thepebble86 collected $11.76 from pot
*** SUMMARY ***
Total pot $12 | Rake $0.24
Board [Jh Jc 2d As Th]
Seat 1: PbIbak (big blind) folded on the River
Seat 2: thepebble86 (button) (small blind) collected ($11.76)


PokerStars Hand #147784803444:  Hold'em Limit ($3/$6 USD) - 2016/01/27 16:06:04 ET
Table 'Thyra II' 2-max Seat #1 is the button
Seat 1: PbIbak ($227.04 in chips)
Seat 2: thepebble86 ($391.11 in chips)
PbIbak: posts small blind $1
thepebble86: posts big blind $3
*** HOLE CARDS ***
PbIbak: raises $3 to $6
thepebble86: raises $3 to $9
PbIbak: calls $3
*** FLOP *** [8s 5c 4s]
thepebble86: bets $3
PbIbak: calls $3
*** TURN *** [8s 5c 4s] [9c]
thepebble86: bets $6
PbIbak: calls $6
*** RIVER *** [8s 5c 4s 9c] [7s]
thepebble86: bets $6
PbIbak: calls $6
*** SHOW DOWN ***
thepebble86: shows [6h 5d] (a straight, Five to Nine)
PbIbak: mucks hand
thepebble86 collected $47.50 from pot
*** SUMMARY ***
Total pot $48 | Rake $0.50
Board [8s 5c 4s 9c 7s]
Seat 1: PbIbak (button) (small blind) mucked
Seat 2: thepebble86 (big blind) showed [6h 5d] and won ($47.50) with a straight, Five to Nine


PokerStars Hand #147784819710:  Hold'em Limit ($3/$6 USD) - 2016/01/27 16:06:20 ET
Table 'Thyra II' 2-max Seat #2 is the button
Seat 1: PbIbak ($203.04 in chips)
Seat 2: thepebble86 ($414.61 in chips)
thepebble86: posts small blind $1
PbIbak: posts big blind $3
*** HOLE CARDS ***
thepebble86: raises $3 to $6
PbIbak: calls $3
*** FLOP *** [2c 3s 3d]
PbIbak: checks
thepebble86: checks
*** TURN *** [2c 3s 3d] [7d]
PbIbak: bets $6
thepebble86: folds
Uncalled bet ($6) returned to PbIbak
PbIbak collected $11.76 from pot
PbIbak: doesn't show hand
*** SUMMARY ***
Total pot $12 | Rake $0.24
Board [2c 3s 3d 7d]
Seat 1: PbIbak (big blind) collected ($11.76)
Seat 2: thepebble86 (button) (small blind) folded on the Turn


PokerStars Hand #147784831455:  Hold'em Limit ($3/$6 USD) - 2016/01/27 16:06:30 ET
Table 'Thyra II' 2-max Seat #1 is the button
Seat 1: PbIbak ($208.80 in chips)
Seat 2: thepebble86 ($408.61 in chips)
PbIbak: posts small blind $1
thepebble86: posts big blind $3
*** HOLE CARDS ***
PbIbak: raises $3 to $6
thepebble86: calls $3
*** FLOP *** [6d 2d 3d]
thepebble86: checks
PbIbak: checks
*** TURN *** [6d 2d 3d] [Qc]
thepebble86: bets $6
PbIbak: calls $6
*** RIVER *** [6d 2d 3d Qc] [Td]
thepebble86: bets $6
PbIbak: folds
Uncalled bet ($6) returned to thepebble86
thepebble86 collected $23.52 from pot
*** SUMMARY ***
Total pot $24 | Rake $0.48
Board [6d 2d 3d Qc Td]
Seat 1: PbIbak (button) (small blind) folded on the River
Seat 2: thepebble86 (big blind) collected ($23.52)


PokerStars Hand #147784847849:  Hold'em Limit ($3/$6 USD) - 2016/01/27 16:06:46 ET
Table 'Thyra II' 2-max Seat #2 is the button
Seat 1: PbIbak ($196.80 in chips)
Seat 2: thepebble86 ($420.13 in chips)
thepebble86: posts small blind $1
PbIbak: posts big blind $3
*** HOLE CARDS ***
thepebble86: raises $3 to $6
PbIbak: calls $3
*** FLOP *** [Ah Qd 3s]
PbIbak: checks
thepebble86: bets $3
PbIbak: folds
Uncalled bet ($3) returned to thepebble86
thepebble86 collected $11.76 from pot
*** SUMMARY ***
Total pot $12 | Rake $0.24
Board [Ah Qd 3s]
Seat 1: PbIbak (big blind) folded on the Flop
Seat 2: thepebble86 (button) (small blind) collected ($11.76)


PokerStars Hand #147784864279:  Hold'em Limit ($3/$6 USD) - 2016/01/27 16:07:01 ET
Table 'Thyra II' 2-max Seat #1 is the button
Seat 1: PbIbak ($190.80 in chips)
Seat 2: thepebble86 ($425.89 in chips)
PbIbak: posts small blind $1
thepebble86: posts big blind $3
*** HOLE CARDS ***
PbIbak: raises $3 to $6
thepebble86: raises $3 to $9
PbIbak: calls $3
*** FLOP *** [Kh 6d 3d]
thepebble86: bets $3
PbIbak: calls $3
*** TURN *** [Kh 6d 3d] [2c]
thepebble86: checks
PbIbak: bets $6
thepebble86: calls $6
*** RIVER *** [Kh 6d 3d 2c] [3c]
thepebble86: checks
PbIbak: bets $6
thepebble86: calls $6
*** SHOW DOWN ***
PbIbak: shows [7c Kd] (two pair, Kings and Threes)
thepebble86: mucks hand
PbIbak collected $47.50 from pot
*** SUMMARY ***
Total pot $48 | Rake $0.50
Board [Kh 6d 3d 2c 3c]
Seat 1: PbIbak (button) (small blind) showed [7c Kd] and won ($47.50) with two pair, Kings and Threes
Seat 2: thepebble86 (big blind) mucked


PokerStars Hand #147784908945:  Hold'em Limit ($3/$6 USD) - 2016/01/27 16:07:42 ET
Table 'Thyra II' 2-max Seat #1 is the button
Seat 1: PbIbak ($199.30 in chips)
Seat 2: thepebble86 ($416.39 in chips)
PbIbak: posts small blind $1
thepebble86: posts big blind $3
*** HOLE CARDS ***
PbIbak: folds
Uncalled bet ($2) returned to thepebble86
thepebble86 collected $2 from pot
*** SUMMARY ***
Total pot $2 | Rake $0
Seat 1: PbIbak (button) (small blind) folded before Flop
Seat 2: thepebble86 (big blind) collected ($2)


PokerStars Hand #147784890170:  Hold'em Limit ($3/$6 USD) - 2016/01/27 16:07:25 ET
Table 'Thyra II' 2-max Seat #2 is the button
Seat 1: PbIbak ($214.30 in chips)
Seat 2: thepebble86 ($401.89 in chips)
thepebble86: posts small blind $1
PbIbak: posts big blind $3
*** HOLE CARDS ***
thepebble86: raises $3 to $6
PbIbak: calls $3
*** FLOP *** [Td 3s 5h]
PbIbak: checks
thepebble86: bets $3
PbIbak: calls $3
*** TURN *** [Td 3s 5h] [6h]
PbIbak: checks
thepebble86: checks
*** RIVER *** [Td 3s 5h 6h] [Kc]
PbIbak: bets $6
thepebble86: calls $6
*** SHOW DOWN ***
PbIbak: shows [4d 5s] (a pair of Fives)
thepebble86: shows [9c Kh] (a pair of Kings)
thepebble86 collected $29.50 from pot
*** SUMMARY ***
Total pot $30 | Rake $0.50
Board [Td 3s 5h 6h Kc]
Seat 1: PbIbak (big blind) showed [4d 5s] and lost with a pair of Fives
Seat 2: thepebble86 (button) (small blind) showed [9c Kh] and won ($29.50) with a pair of Kings


PokerStars Hand #147784961716:  Hold'em Limit ($3/$6 USD) - 2016/01/27 16:08:32 ET
Table 'Thyra II' 2-max Seat #2 is the button
Seat 1: PbIbak ($190.30 in chips)
Seat 2: thepebble86 ($425.39 in chips)
thepebble86: posts small blind $1
PbIbak: posts big blind $3
*** HOLE CARDS ***
thepebble86: raises $3 to $6
PbIbak: raises $3 to $9
thepebble86: calls $3
*** FLOP *** [6h 5h Kh]
PbIbak: bets $3
thepebble86: folds
Uncalled bet ($3) returned to PbIbak
PbIbak collected $17.64 from pot
PbIbak: doesn't show hand
*** SUMMARY ***
Total pot $18 | Rake $0.36
Board [6h 5h Kh]
Seat 1: PbIbak (big blind) collected ($17.64)
Seat 2: thepebble86 (button) (small blind) folded on the Flop


PokerStars Hand #147784954058:  Hold'em Limit ($3/$6 USD) - 2016/01/27 16:08:25 ET
Table 'Thyra II' 2-max Seat #1 is the button
Seat 1: PbIbak ($191.30 in chips)
Seat 2: thepebble86 ($424.39 in chips)
PbIbak: posts small blind $1
thepebble86: posts big blind $3
*** HOLE CARDS ***
PbIbak: folds
Uncalled bet ($2) returned to thepebble86
thepebble86 collected $2 from pot
*** SUMMARY ***
Total pot $2 | Rake $0
Seat 1: PbIbak (button) (small blind) folded before Flop
Seat 2: thepebble86 (big blind) collected ($2)


PokerStars Hand #147784932287:  Hold'em Limit ($3/$6 USD) - 2016/01/27 16:08:04 ET
Table 'Thyra II' 2-max Seat #2 is the button
Seat 1: PbIbak ($194.30 in chips)
Seat 2: thepebble86 ($421.39 in chips)
thepebble86: posts small blind $1
PbIbak: posts big blind $3
*** HOLE CARDS ***
thepebble86: raises $3 to $6
PbIbak: folds
Uncalled bet ($3) returned to thepebble86
thepebble86 collected $6 from pot
*** SUMMARY ***
Total pot $6 | Rake $0
Seat 1: PbIbak (big blind) folded before Flop
Seat 2: thepebble86 (button) (small blind) collected ($6)


PokerStars Hand #147784926361:  Hold'em Limit ($3/$6 USD) - 2016/01/27 16:07:59 ET
Table 'Thyra II' 2-max Seat #1 is the button
Seat 1: PbIbak ($195.30 in chips)
Seat 2: thepebble86 ($420.39 in chips)
PbIbak: posts small blind $1
thepebble86: posts big blind $3
*** HOLE CARDS ***
PbIbak: folds
Uncalled bet ($2) returned to thepebble86
thepebble86 collected $2 from pot
*** SUMMARY ***
Total pot $2 | Rake $0
Seat 1: PbIbak (button) (small blind) folded before Flop
Seat 2: thepebble86 (big blind) collected ($2)


PokerStars Hand #147784916623:  Hold'em Limit ($3/$6 USD) - 2016/01/27 16:07:49 ET
Table 'Thyra II' 2-max Seat #2 is the button
Seat 1: PbIbak ($198.30 in chips)
Seat 2: thepebble86 ($417.39 in chips)
thepebble86: posts small blind $1
PbIbak: posts big blind $3
*** HOLE CARDS ***
thepebble86: raises $3 to $6
PbIbak: folds
Uncalled bet ($3) returned to thepebble86
thepebble86 collected $6 from pot
*** SUMMARY ***
Total pot $6 | Rake $0
Seat 1: PbIbak (big blind) folded before Flop
Seat 2: thepebble86 (button) (small blind) collected ($6)


PokerStars Hand #147784996276:  Hold'em Limit ($3/$6 USD) - 2016/01/27 16:09:04 ET
Table 'Thyra II' 2-max Seat #2 is the button
Seat 1: PbIbak ($219.44 in chips)
Seat 2: thepebble86 ($395.39 in chips)
thepebble86: posts small blind $1
PbIbak: posts big blind $3
*** HOLE CARDS ***
thepebble86: raises $3 to $6
PbIbak: folds
Uncalled bet ($3) returned to thepebble86
thepebble86 collected $6 from pot
*** SUMMARY ***
Total pot $6 | Rake $0
Seat 1: PbIbak (big blind) folded before Flop
Seat 2: thepebble86 (button) (small blind) collected ($6)


PokerStars Hand #147784973648:  Hold'em Limit ($3/$6 USD) - 2016/01/27 16:08:43 ET
Table 'Thyra II' 2-max Seat #1 is the button
Seat 1: PbIbak ($198.94 in chips)
Seat 2: thepebble86 ($416.39 in chips)
PbIbak: posts small blind $1
thepebble86: posts big blind $3
*** HOLE CARDS ***
PbIbak: raises $3 to $6
thepebble86: calls $3
*** FLOP *** [8d 3h 7h]
thepebble86: checks
PbIbak: bets $3
thepebble86: calls $3
*** TURN *** [8d 3h 7h] [5h]
thepebble86: checks
PbIbak: bets $6
thepebble86: calls $6
*** RIVER *** [8d 3h 7h 5h] [2h]
thepebble86: checks
PbIbak: bets $6
thepebble86: calls $6
*** SHOW DOWN ***
PbIbak: shows [6h Ts] (a flush, Seven high)
thepebble86: mucks hand
PbIbak collected $41.50 from pot
*** SUMMARY ***
Total pot $42 | Rake $0.50
Board [8d 3h 7h 5h 2h]
Seat 1: PbIbak (button) (small blind) showed [6h Ts] and won ($41.50) with a flush, Seven high
Seat 2: thepebble86 (big blind) mucked


PokerStars Hand #147785004347:  Hold'em Limit ($3/$6 USD) - 2016/01/27 16:09:12 ET
Table 'Thyra II' 2-max Seat #1 is the button
Seat 1: PbIbak ($216.44 in chips)
Seat 2: thepebble86 ($398.39 in chips)
PbIbak: posts small blind $1
thepebble86: posts big blind $3
*** HOLE CARDS ***
PbIbak: raises $3 to $6
thepebble86: calls $3
*** FLOP *** [2c As 8s]
thepebble86: checks
PbIbak: bets $3
thepebble86: folds
Uncalled bet ($3) returned to PbIbak
PbIbak collected $11.76 from pot
PbIbak: doesn't show hand
*** SUMMARY ***
Total pot $12 | Rake $0.24
Board [2c As 8s]
Seat 1: PbIbak (button) (small blind) collected ($11.76)
Seat 2: thepebble86 (big blind) folded on the Flop


PokerStars Hand #147785048882:  Hold'em Limit ($3/$6 USD) - 2016/01/27 16:09:53 ET
Table 'Thyra II' 2-max Seat #2 is the button
Seat 1: PbIbak ($242.70 in chips)
Seat 2: thepebble86 ($371.39 in chips)
thepebble86: posts small blind $1
PbIbak: posts big blind $3
*** HOLE CARDS ***
thepebble86: raises $3 to $6
PbIbak: raises $3 to $9
thepebble86: raises $3 to $12
Betting is capped
PbIbak: calls $3
*** FLOP *** [3h As 9c]
PbIbak: checks
thepebble86: bets $3
PbIbak: calls $3
*** TURN *** [3h As 9c] [6c]
PbIbak: checks
thepebble86: bets $6
PbIbak: raises $6 to $12
thepebble86: raises $6 to $18
PbIbak: raises $6 to $24
Betting is capped
thepebble86: calls $6
*** RIVER *** [3h As 9c 6c] [2d]
PbIbak: bets $6
thepebble86: calls $6
*** SHOW DOWN ***
PbIbak: shows [9d 9h] (three of a kind, Nines)
thepebble86: mucks hand
PbIbak collected $89.50 from pot
*** SUMMARY ***
Total pot $90 | Rake $0.50
Board [3h As 9c 6c 2d]
Seat 1: PbIbak (big blind) showed [9d 9h] and won ($89.50) with three of a kind, Nines
Seat 2: thepebble86 (button) (small blind) mucked


PokerStars Hand #147785030083:  Hold'em Limit ($3/$6 USD) - 2016/01/27 16:09:36 ET
Table 'Thyra II' 2-max Seat #1 is the button
Seat 1: PbIbak ($219.20 in chips)
Seat 2: thepebble86 ($395.39 in chips)
PbIbak: posts small blind $1
thepebble86: posts big blind $3
*** HOLE CARDS ***
PbIbak: raises $3 to $6
thepebble86: raises $3 to $9
PbIbak: calls $3
*** FLOP *** [3s Tc Th]
thepebble86: bets $3
PbIbak: calls $3
*** TURN *** [3s Tc Th] [4c]
thepebble86: bets $6
PbIbak: raises $6 to $12
thepebble86: calls $6
*** RIVER *** [3s Tc Th 4c] [Ah]
thepebble86: checks
PbIbak: checks
*** SHOW DOWN ***
thepebble86: shows [Jh Ks] (a pair of Tens)
PbIbak: shows [4s Js] (two pair, Tens and Fours)
PbIbak collected $47.50 from pot
*** SUMMARY ***
Total pot $48 | Rake $0.50
Board [3s Tc Th 4c Ah]
Seat 1: PbIbak (button) (small blind) showed [4s Js] and won ($47.50) with two pair, Tens and Fours
Seat 2: thepebble86 (big blind) showed [Jh Ks] and lost with a pair of Tens


PokerStars Hand #147785024344:  Hold'em Limit ($3/$6 USD) - 2016/01/27 16:09:30 ET
Table 'Thyra II' 2-max Seat #2 is the button
Seat 1: PbIbak ($222.20 in chips)
Seat 2: thepebble86 ($392.39 in chips)
thepebble86: posts small blind $1
PbIbak: posts big blind $3
*** HOLE CARDS ***
thepebble86: raises $3 to $6
PbIbak: folds
Uncalled bet ($3) returned to thepebble86
thepebble86 collected $6 from pot
*** SUMMARY ***
Total pot $6 | Rake $0
Seat 1: PbIbak (big blind) folded before Flop
Seat 2: thepebble86 (button) (small blind) collected ($6)


