PokerStars Hand #151752107552:  Hold'em Limit ($3/$6 USD) - 2016/04/11 4:40:35 ET
Table 'Tietjen' 6-max Seat #1 is the button
Seat 1: davyyyyyyy ($105.64 in chips)
Seat 2: liolilove ($72 in chips)
davyyyyyyy: posts small blind $1
liolilove: posts big blind $3
*** HOLE CARDS ***
davyyyyyyy: raises $3 to $6
liolilove: calls $3
*** FLOP *** [9c Kd 7s]
liolilove: checks
davyyyyyyy: bets $3
liolilove: raises $3 to $6
davyyyyyyy: folds
Uncalled bet ($3) returned to liolilove
liolilove collected $17.64 from pot
liolilove: doesn't show hand
*** SUMMARY ***
Total pot $18 | Rake $0.36
Board [9c Kd 7s]
Seat 1: davyyyyyyy (button) (small blind) folded on the Flop
Seat 2: liolilove (big blind) collected ($17.64)


PokerStars Hand #151752114383:  Hold'em Limit ($3/$6 USD) - 2016/04/11 4:40:55 ET
Table 'Tietjen' 6-max Seat #2 is the button
Seat 1: davyyyyyyy ($96.64 in chips)
Seat 2: liolilove ($80.64 in chips)
liolilove: posts small blind $1
davyyyyyyy: posts big blind $3
*** HOLE CARDS ***
liolilove: folds
Uncalled bet ($2) returned to davyyyyyyy
davyyyyyyy collected $2 from pot
*** SUMMARY ***
Total pot $2 | Rake $0
Seat 1: davyyyyyyy (big blind) collected ($2)
Seat 2: liolilove (button) (small blind) folded before Flop


PokerStars Hand #151752127439:  Hold'em Limit ($3/$6 USD) - 2016/04/11 4:41:33 ET
Table 'Tietjen' 6-max Seat #2 is the button
Seat 1: davyyyyyyy ($92.64 in chips)
Seat 2: liolilove ($84.28 in chips)
liolilove: posts small blind $1
davyyyyyyy: posts big blind $3
*** HOLE CARDS ***
liolilove: raises $3 to $6
davyyyyyyy: calls $3
*** FLOP *** [Ac 8c Tc]
davyyyyyyy: bets $3
liolilove: calls $3
*** TURN *** [Ac 8c Tc] [Qs]
davyyyyyyy: bets $6
liolilove: calls $6
*** RIVER *** [Ac 8c Tc Qs] [9c]
davyyyyyyy: bets $6
liolilove: calls $6
*** SHOW DOWN ***
davyyyyyyy: shows [5h Kc] (a flush, Ace high)
liolilove: mucks hand
davyyyyyyy collected $41.50 from pot
*** SUMMARY ***
Total pot $42 | Rake $0.50
Board [Ac 8c Tc Qs 9c]
Seat 1: davyyyyyyy (big blind) showed [5h Kc] and won ($41.50) with a flush, Ace high
Seat 2: liolilove (button) (small blind) mucked


PokerStars Hand #151752119363:  Hold'em Limit ($3/$6 USD) - 2016/04/11 4:41:10 ET
Table 'Tietjen' 6-max Seat #2 is the button
Seat 1: davyyyyyyy ($100.64 in chips)
Seat 2: liolilove ($76.64 in chips)
liolilove: posts small blind $1
davyyyyyyy: posts big blind $3
*** HOLE CARDS ***
liolilove: folds
Uncalled bet ($2) returned to davyyyyyyy
davyyyyyyy collected $2 from pot
*** SUMMARY ***
Total pot $2 | Rake $0
Seat 1: davyyyyyyy (big blind) collected ($2)
Seat 2: liolilove (button) (small blind) folded before Flop


PokerStars Hand #151752116131:  Hold'em Limit ($3/$6 USD) - 2016/04/11 4:41:00 ET
Table 'Tietjen' 6-max Seat #1 is the button
Seat 1: davyyyyyyy ($97.64 in chips)
Seat 2: liolilove ($79.64 in chips)
davyyyyyyy: posts small blind $1
liolilove: posts big blind $3
*** HOLE CARDS ***
davyyyyyyy: raises $3 to $6
liolilove: folds
Uncalled bet ($3) returned to davyyyyyyy
davyyyyyyy collected $6 from pot
*** SUMMARY ***
Total pot $6 | Rake $0
Seat 1: davyyyyyyy (button) (small blind) collected ($6)
Seat 2: liolilove (big blind) folded before Flop


PokerStars Hand #151752120847:  Hold'em Limit ($3/$6 USD) - 2016/04/11 4:41:14 ET
Table 'Tietjen' 6-max Seat #1 is the button
Seat 1: davyyyyyyy ($101.64 in chips)
Seat 2: liolilove ($75.64 in chips)
davyyyyyyy: posts small blind $1
liolilove: posts big blind $3
*** HOLE CARDS ***
davyyyyyyy: raises $3 to $6
liolilove: raises $3 to $9
davyyyyyyy: calls $3
*** FLOP *** [Qh Js 2h]
liolilove: bets $3
davyyyyyyy: folds
Uncalled bet ($3) returned to liolilove
liolilove collected $17.64 from pot
liolilove: doesn't show hand
*** SUMMARY ***
Total pot $18 | Rake $0.36
Board [Qh Js 2h]
Seat 1: davyyyyyyy (button) (small blind) folded on the Flop
Seat 2: liolilove (big blind) collected ($17.64)


PokerStars Hand #151752136038:  Hold'em Limit ($3/$6 USD) - 2016/04/11 4:41:59 ET
Table 'Tietjen' 6-max Seat #2 is the button
Seat 1: davyyyyyyy ($112.14 in chips)
Seat 2: liolilove ($73 in chips)
liolilove: posts small blind $1
davyyyyyyy: posts big blind $3
*** HOLE CARDS ***
liolilove: folds
Uncalled bet ($2) returned to davyyyyyyy
davyyyyyyy collected $2 from pot
*** SUMMARY ***
Total pot $2 | Rake $0
Seat 1: davyyyyyyy (big blind) collected ($2)
Seat 2: liolilove (button) (small blind) folded before Flop


PokerStars Hand #151752134491:  Hold'em Limit ($3/$6 USD) - 2016/04/11 4:41:55 ET
Table 'Tietjen' 6-max Seat #1 is the button
Seat 1: davyyyyyyy ($113.14 in chips)
Seat 2: liolilove ($72 in chips)
davyyyyyyy: posts small blind $1
liolilove: posts big blind $3
*** HOLE CARDS ***
davyyyyyyy: folds
Uncalled bet ($2) returned to liolilove
liolilove collected $2 from pot
liolilove: doesn't show hand
*** SUMMARY ***
Total pot $2 | Rake $0
Seat 1: davyyyyyyy (button) (small blind) folded before Flop
Seat 2: liolilove (big blind) collected ($2)


PokerStars Hand #151752137480:  Hold'em Limit ($3/$6 USD) - 2016/04/11 4:42:04 ET
Table 'Tietjen' 6-max Seat #1 is the button
Seat 1: davyyyyyyy ($113.14 in chips)
Seat 2: liolilove ($72 in chips)
davyyyyyyy: posts small blind $1
liolilove: posts big blind $3
*** HOLE CARDS ***
davyyyyyyy: raises $3 to $6
liolilove: calls $3
*** FLOP *** [Ah Ad Jc]
liolilove: checks
davyyyyyyy: checks
*** TURN *** [Ah Ad Jc] [Qh]
liolilove: checks
davyyyyyyy: bets $6
liolilove: calls $6
*** RIVER *** [Ah Ad Jc Qh] [6c]
liolilove: checks
davyyyyyyy: bets $6
liolilove: folds
Uncalled bet ($6) returned to davyyyyyyy
davyyyyyyy collected $23.52 from pot
*** SUMMARY ***
Total pot $24 | Rake $0.48
Board [Ah Ad Jc Qh 6c]
Seat 1: davyyyyyyy (button) (small blind) collected ($23.52)
Seat 2: liolilove (big blind) folded on the River


PokerStars Hand #151752179500:  Hold'em Limit ($3/$6 USD) - 2016/04/11 4:44:10 ET
Table 'Tietjen' 6-max Seat #1 is the button
Seat 1: davyyyyyyy ($106.66 in chips)
Seat 2: liolilove ($89.26 in chips)
davyyyyyyy: posts small blind $1
liolilove: posts big blind $3
*** HOLE CARDS ***
davyyyyyyy: folds
Uncalled bet ($2) returned to liolilove
liolilove collected $2 from pot
liolilove: doesn't show hand
*** SUMMARY ***
Total pot $2 | Rake $0
Seat 1: davyyyyyyy (button) (small blind) folded before Flop
Seat 2: liolilove (big blind) collected ($2)


PokerStars Hand #151752175621:  Hold'em Limit ($3/$6 USD) - 2016/04/11 4:43:59 ET
Table 'Tietjen' 6-max Seat #2 is the button
Seat 1: davyyyyyyy ($112.66 in chips)
Seat 2: liolilove ($83.50 in chips)
liolilove: posts small blind $1
davyyyyyyy: posts big blind $3
*** HOLE CARDS ***
liolilove: raises $3 to $6
davyyyyyyy: calls $3
*** FLOP *** [2h Ac 7c]
davyyyyyyy: checks
liolilove: bets $3
davyyyyyyy: folds
Uncalled bet ($3) returned to liolilove
liolilove collected $11.76 from pot
liolilove: doesn't show hand
*** SUMMARY ***
Total pot $12 | Rake $0.24
Board [2h Ac 7c]
Seat 1: davyyyyyyy (big blind) folded on the Flop
Seat 2: liolilove (button) (small blind) collected ($11.76)


PokerStars Hand #151752181301:  Hold'em Limit ($3/$6 USD) - 2016/04/11 4:44:15 ET
Table 'Tietjen' 6-max Seat #2 is the button
Seat 1: davyyyyyyy ($105.66 in chips)
Seat 2: liolilove ($90.26 in chips)
liolilove: posts small blind $1
davyyyyyyy: posts big blind $3
*** HOLE CARDS ***
liolilove: raises $3 to $6
davyyyyyyy: raises $3 to $9
liolilove: calls $3
*** FLOP *** [7c 8c Ac]
davyyyyyyy: bets $3
liolilove: folds
Uncalled bet ($3) returned to davyyyyyyy
davyyyyyyy collected $17.64 from pot
*** SUMMARY ***
Total pot $18 | Rake $0.36
Board [7c 8c Ac]
Seat 1: davyyyyyyy (big blind) collected ($17.64)
Seat 2: liolilove (button) (small blind) folded on the Flop


PokerStars Hand #151752171990:  Hold'em Limit ($3/$6 USD) - 2016/04/11 4:43:48 ET
Table 'Tietjen' 6-max Seat #1 is the button
Seat 1: davyyyyyyy ($109.66 in chips)
Seat 2: liolilove ($86.50 in chips)
davyyyyyyy: posts small blind $1
liolilove: posts big blind $3
*** HOLE CARDS ***
davyyyyyyy: raises $3 to $6
liolilove: folds
Uncalled bet ($3) returned to davyyyyyyy
davyyyyyyy collected $6 from pot
*** SUMMARY ***
Total pot $6 | Rake $0
Seat 1: davyyyyyyy (button) (small blind) collected ($6)
Seat 2: liolilove (big blind) folded before Flop


PokerStars Hand #151752186415:  Hold'em Limit ($3/$6 USD) - 2016/04/11 4:44:31 ET
Table 'Tietjen' 6-max Seat #1 is the button
Seat 1: davyyyyyyy ($114.30 in chips)
Seat 2: liolilove ($81.26 in chips)
davyyyyyyy: posts small blind $1
liolilove: posts big blind $3
*** HOLE CARDS ***
davyyyyyyy: raises $3 to $6
liolilove: raises $3 to $9
davyyyyyyy: calls $3
*** FLOP *** [8c 3h 6s]
liolilove: bets $3
davyyyyyyy: calls $3
*** TURN *** [8c 3h 6s] [7c]
liolilove: checks
davyyyyyyy: bets $6
liolilove: calls $6
*** RIVER *** [8c 3h 6s 7c] [Kc]
liolilove: checks
davyyyyyyy: bets $6
liolilove: folds
Uncalled bet ($6) returned to davyyyyyyy
davyyyyyyy collected $35.50 from pot
*** SUMMARY ***
Total pot $36 | Rake $0.50
Board [8c 3h 6s 7c Kc]
Seat 1: davyyyyyyy (button) (small blind) collected ($35.50)
Seat 2: liolilove (big blind) folded on the River


PokerStars Hand #151752205078:  Hold'em Limit ($3/$6 USD) - 2016/04/11 4:45:26 ET
Table 'Tietjen' 6-max Seat #1 is the button
Seat 1: davyyyyyyy ($125.80 in chips)
Seat 2: liolilove ($77.76 in chips)
davyyyyyyy: posts small blind $1
liolilove: posts big blind $3
*** HOLE CARDS ***
davyyyyyyy: raises $3 to $6
liolilove: folds
Uncalled bet ($3) returned to davyyyyyyy
davyyyyyyy collected $6 from pot
*** SUMMARY ***
Total pot $6 | Rake $0
Seat 1: davyyyyyyy (button) (small blind) collected ($6)
Seat 2: liolilove (big blind) folded before Flop


PokerStars Hand #151752200818:  Hold'em Limit ($3/$6 USD) - 2016/04/11 4:45:13 ET
Table 'Tietjen' 6-max Seat #2 is the button
Seat 1: davyyyyyyy ($131.80 in chips)
Seat 2: liolilove ($72 in chips)
liolilove: posts small blind $1
davyyyyyyy: posts big blind $3
*** HOLE CARDS ***
liolilove: raises $3 to $6
davyyyyyyy: calls $3
*** FLOP *** [Ks 7c As]
davyyyyyyy: checks
liolilove: bets $3
davyyyyyyy: folds
Uncalled bet ($3) returned to liolilove
liolilove collected $11.76 from pot
liolilove: doesn't show hand
*** SUMMARY ***
Total pot $12 | Rake $0.24
Board [Ks 7c As]
Seat 1: davyyyyyyy (big blind) folded on the Flop
Seat 2: liolilove (button) (small blind) collected ($11.76)


PokerStars Hand #151752207316:  Hold'em Limit ($3/$6 USD) - 2016/04/11 4:45:32 ET
Table 'Tietjen' 6-max Seat #2 is the button
Seat 1: davyyyyyyy ($128.80 in chips)
Seat 2: liolilove ($74.76 in chips)
liolilove: posts small blind $1
davyyyyyyy: posts big blind $3
*** HOLE CARDS ***
liolilove: raises $3 to $6
davyyyyyyy: calls $3
*** FLOP *** [Th 8c 7c]
davyyyyyyy: checks
liolilove: bets $3
davyyyyyyy: raises $3 to $6
liolilove: folds
Uncalled bet ($3) returned to davyyyyyyy
davyyyyyyy collected $17.64 from pot
*** SUMMARY ***
Total pot $18 | Rake $0.36
Board [Th 8c 7c]
Seat 1: davyyyyyyy (big blind) collected ($17.64)
Seat 2: liolilove (button) (small blind) folded on the Flop


PokerStars Hand #151752216480:  Hold'em Limit ($3/$6 USD) - 2016/04/11 4:45:59 ET
Table 'Tietjen' 6-max Seat #2 is the button
Seat 1: davyyyyyyy ($136.44 in chips)
Seat 2: liolilove ($73 in chips)
liolilove: posts small blind $1
davyyyyyyy: posts big blind $3
*** HOLE CARDS ***
liolilove: raises $3 to $6
davyyyyyyy: calls $3
*** FLOP *** [8d 4s 6h]
davyyyyyyy: checks
liolilove: bets $3
davyyyyyyy: calls $3
*** TURN *** [8d 4s 6h] [3s]
davyyyyyyy: checks
liolilove: checks
*** RIVER *** [8d 4s 6h 3s] [2h]
davyyyyyyy: bets $6
liolilove: folds
Uncalled bet ($6) returned to davyyyyyyy
davyyyyyyy collected $17.64 from pot
*** SUMMARY ***
Total pot $18 | Rake $0.36
Board [8d 4s 6h 3s 2h]
Seat 1: davyyyyyyy (big blind) collected ($17.64)
Seat 2: liolilove (button) (small blind) folded on the River


PokerStars Hand #151752224558:  Hold'em Limit ($3/$6 USD) - 2016/04/11 4:46:23 ET
Table 'Tietjen' 6-max Seat #1 is the button
Seat 1: davyyyyyyy ($145.08 in chips)
Seat 2: liolilove ($72 in chips)
davyyyyyyy: posts small blind $1
liolilove: posts big blind $3
*** HOLE CARDS ***
davyyyyyyy: folds
Uncalled bet ($2) returned to liolilove
liolilove collected $2 from pot
liolilove: doesn't show hand
*** SUMMARY ***
Total pot $2 | Rake $0
Seat 1: davyyyyyyy (button) (small blind) folded before Flop
Seat 2: liolilove (big blind) collected ($2)


PokerStars Hand #151752226355:  Hold'em Limit ($3/$6 USD) - 2016/04/11 4:46:28 ET
Table 'Tietjen' 6-max Seat #2 is the button
Seat 1: davyyyyyyy ($144.08 in chips)
Seat 2: liolilove ($73 in chips)
liolilove: posts small blind $1
davyyyyyyy: posts big blind $3
*** HOLE CARDS ***
liolilove: raises $3 to $6
davyyyyyyy: calls $3
*** FLOP *** [7c 6d 8h]
davyyyyyyy: checks
liolilove: bets $3
davyyyyyyy: raises $3 to $6
liolilove: calls $3
*** TURN *** [7c 6d 8h] [As]
davyyyyyyy: checks
liolilove: bets $6
davyyyyyyy: calls $6
*** RIVER *** [7c 6d 8h As] [4c]
davyyyyyyy: checks
liolilove: bets $6
davyyyyyyy: calls $6
*** SHOW DOWN ***
liolilove: shows [5c 4d] (a straight, Four to Eight)
davyyyyyyy: mucks hand
liolilove collected $47.50 from pot
*** SUMMARY ***
Total pot $48 | Rake $0.50
Board [7c 6d 8h As 4c]
Seat 1: davyyyyyyy (big blind) mucked
Seat 2: liolilove (button) (small blind) showed [5c 4d] and won ($47.50) with a straight, Four to Eight


PokerStars Hand #151752214835:  Hold'em Limit ($3/$6 USD) - 2016/04/11 4:45:54 ET
Table 'Tietjen' 6-max Seat #1 is the button
Seat 1: davyyyyyyy ($137.44 in chips)
Seat 2: liolilove ($72 in chips)
davyyyyyyy: posts small blind $1
liolilove: posts big blind $3
*** HOLE CARDS ***
davyyyyyyy: folds
Uncalled bet ($2) returned to liolilove
liolilove collected $2 from pot
liolilove: doesn't show hand
*** SUMMARY ***
Total pot $2 | Rake $0
Seat 1: davyyyyyyy (button) (small blind) folded before Flop
Seat 2: liolilove (big blind) collected ($2)


PokerStars Hand #151752235702:  Hold'em Limit ($3/$6 USD) - 2016/04/11 4:46:55 ET
Table 'Tietjen' 6-max Seat #1 is the button
Seat 1: davyyyyyyy ($120.08 in chips)
Seat 2: liolilove ($96.50 in chips)
davyyyyyyy: posts small blind $1
liolilove: posts big blind $3
*** HOLE CARDS ***
davyyyyyyy: raises $3 to $6
liolilove: calls $3
*** FLOP *** [Td Kd 6c]
liolilove: checks
davyyyyyyy: checks
*** TURN *** [Td Kd 6c] [3h]
liolilove: checks
davyyyyyyy: checks
*** RIVER *** [Td Kd 6c 3h] [Ks]
liolilove: checks
davyyyyyyy: checks
*** SHOW DOWN ***
liolilove: shows [8d Qc] (a pair of Kings)
davyyyyyyy: mucks hand
liolilove collected $11.76 from pot
*** SUMMARY ***
Total pot $12 | Rake $0.24
Board [Td Kd 6c 3h Ks]
Seat 1: davyyyyyyy (button) (small blind) mucked
Seat 2: liolilove (big blind) showed [8d Qc] and won ($11.76) with a pair of Kings


PokerStars Hand #151752248792:  Hold'em Limit ($3/$6 USD) - 2016/04/11 4:47:33 ET
Table 'Tietjen' 6-max Seat #2 is the button
Seat 1: davyyyyyyy ($114.08 in chips)
Seat 2: liolilove ($102.26 in chips)
liolilove: posts small blind $1
davyyyyyyy: posts big blind $3
*** HOLE CARDS ***
liolilove: raises $3 to $6
davyyyyyyy: folds
Uncalled bet ($3) returned to liolilove
liolilove collected $6 from pot
liolilove: doesn't show hand
*** SUMMARY ***
Total pot $6 | Rake $0
Seat 1: davyyyyyyy (big blind) folded before Flop
Seat 2: liolilove (button) (small blind) collected ($6)


PokerStars Hand #151752261093:  Hold'em Limit ($3/$6 USD) - 2016/04/11 4:48:09 ET
Table 'Tietjen' 6-max Seat #2 is the button
Seat 1: davyyyyyyy ($116.84 in chips)
Seat 2: liolilove ($99.26 in chips)
liolilove: posts small blind $1
davyyyyyyy: posts big blind $3
*** HOLE CARDS ***
liolilove: raises $3 to $6
davyyyyyyy: folds
Uncalled bet ($3) returned to liolilove
liolilove collected $6 from pot
liolilove: doesn't show hand
*** SUMMARY ***
Total pot $6 | Rake $0
Seat 1: davyyyyyyy (big blind) folded before Flop
Seat 2: liolilove (button) (small blind) collected ($6)


PokerStars Hand #151752254957:  Hold'em Limit ($3/$6 USD) - 2016/04/11 4:47:51 ET
Table 'Tietjen' 6-max Seat #1 is the button
Seat 1: davyyyyyyy ($111.08 in chips)
Seat 2: liolilove ($105.26 in chips)
davyyyyyyy: posts small blind $1
liolilove: posts big blind $3
*** HOLE CARDS ***
davyyyyyyy: raises $3 to $6
liolilove: calls $3
*** FLOP *** [Qs 2s 7h]
liolilove: checks
davyyyyyyy: bets $3
liolilove: folds
Uncalled bet ($3) returned to davyyyyyyy
davyyyyyyy collected $11.76 from pot
*** SUMMARY ***
Total pot $12 | Rake $0.24
Board [Qs 2s 7h]
Seat 1: davyyyyyyy (button) (small blind) collected ($11.76)
Seat 2: liolilove (big blind) folded on the Flop


PokerStars Hand #151752267226:  Hold'em Limit ($3/$6 USD) - 2016/04/11 4:48:27 ET
Table 'Tietjen' 6-max Seat #2 is the button
Seat 1: davyyyyyyy ($116.84 in chips)
Seat 2: liolilove ($99.26 in chips)
liolilove: posts small blind $1
davyyyyyyy: posts big blind $3
*** HOLE CARDS ***
liolilove: folds
Uncalled bet ($2) returned to davyyyyyyy
davyyyyyyy collected $2 from pot
*** SUMMARY ***
Total pot $2 | Rake $0
Seat 1: davyyyyyyy (big blind) collected ($2)
Seat 2: liolilove (button) (small blind) folded before Flop


PokerStars Hand #151752263103:  Hold'em Limit ($3/$6 USD) - 2016/04/11 4:48:15 ET
Table 'Tietjen' 6-max Seat #1 is the button
Seat 1: davyyyyyyy ($113.84 in chips)
Seat 2: liolilove ($102.26 in chips)
davyyyyyyy: posts small blind $1
liolilove: posts big blind $3
*** HOLE CARDS ***
davyyyyyyy: raises $3 to $6
liolilove: folds
Uncalled bet ($3) returned to davyyyyyyy
davyyyyyyy collected $6 from pot
*** SUMMARY ***
Total pot $6 | Rake $0
Seat 1: davyyyyyyy (button) (small blind) collected ($6)
Seat 2: liolilove (big blind) folded before Flop


PokerStars Hand #151752268849:  Hold'em Limit ($3/$6 USD) - 2016/04/11 4:48:32 ET
Table 'Tietjen' 6-max Seat #1 is the button
Seat 1: davyyyyyyy ($117.84 in chips)
Seat 2: liolilove ($98.26 in chips)
davyyyyyyy: posts small blind $1
liolilove: posts big blind $3
*** HOLE CARDS ***
davyyyyyyy: raises $3 to $6
liolilove: raises $3 to $9
davyyyyyyy: calls $3
*** FLOP *** [5s Qd 9s]
liolilove: bets $3
davyyyyyyy: calls $3
*** TURN *** [5s Qd 9s] [8d]
liolilove: bets $6
davyyyyyyy: raises $6 to $12
liolilove: calls $6
*** RIVER *** [5s Qd 9s 8d] [2d]
liolilove: checks
davyyyyyyy: bets $6
liolilove: calls $6
*** SHOW DOWN ***
davyyyyyyy: shows [Qs 9d] (two pair, Queens and Nines)
liolilove: mucks hand
davyyyyyyy collected $59.50 from pot
*** SUMMARY ***
Total pot $60 | Rake $0.50
Board [5s Qd 9s 8d 2d]
Seat 1: davyyyyyyy (button) (small blind) showed [Qs 9d] and won ($59.50) with two pair, Queens and Nines
Seat 2: liolilove (big blind) mucked


PokerStars Hand #151752285330:  Hold'em Limit ($3/$6 USD) - 2016/04/11 4:49:20 ET
Table 'Tietjen' 6-max Seat #2 is the button
Seat 1: davyyyyyyy ($147.34 in chips)
Seat 2: liolilove ($72 in chips)
liolilove: posts small blind $1
davyyyyyyy: posts big blind $3
*** HOLE CARDS ***
liolilove: raises $3 to $6
davyyyyyyy: folds
Uncalled bet ($3) returned to liolilove
liolilove collected $6 from pot
liolilove: doesn't show hand
*** SUMMARY ***
Total pot $6 | Rake $0
Seat 1: davyyyyyyy (big blind) folded before Flop
Seat 2: liolilove (button) (small blind) collected ($6)


PokerStars Hand #151752288561:  Hold'em Limit ($3/$6 USD) - 2016/04/11 4:49:29 ET
Table 'Tietjen' 6-max Seat #1 is the button
Seat 1: davyyyyyyy ($144.34 in chips)
Seat 2: liolilove ($75 in chips)
davyyyyyyy: posts small blind $1
liolilove: posts big blind $3
*** HOLE CARDS ***
davyyyyyyy: raises $3 to $6
liolilove: calls $3
*** FLOP *** [Ks Ts 3d]
liolilove: checks
davyyyyyyy: checks
*** TURN *** [Ks Ts 3d] [4d]
liolilove: bets $6
davyyyyyyy: calls $6
*** RIVER *** [Ks Ts 3d 4d] [8d]
liolilove: bets $6
davyyyyyyy: folds
Uncalled bet ($6) returned to liolilove
liolilove collected $23.52 from pot
liolilove: doesn't show hand
*** SUMMARY ***
Total pot $24 | Rake $0.48
Board [Ks Ts 3d 4d 8d]
Seat 1: davyyyyyyy (button) (small blind) folded on the River
Seat 2: liolilove (big blind) collected ($23.52)


PokerStars Hand #151752301597:  Hold'em Limit ($3/$6 USD) - 2016/04/11 4:50:07 ET
Table 'Tietjen' 6-max Seat #2 is the button
Seat 1: davyyyyyyy ($132.34 in chips)
Seat 2: liolilove ($86.52 in chips)
liolilove: posts small blind $1
davyyyyyyy: posts big blind $3
*** HOLE CARDS ***
liolilove: raises $3 to $6
davyyyyyyy: calls $3
*** FLOP *** [9d Tc Qc]
davyyyyyyy: checks
liolilove: bets $3
davyyyyyyy: calls $3
*** TURN *** [9d Tc Qc] [8d]
davyyyyyyy: checks
liolilove: bets $6
davyyyyyyy: raises $6 to $12
liolilove: calls $6
*** RIVER *** [9d Tc Qc 8d] [5h]
davyyyyyyy: bets $6
liolilove: calls $6
*** SHOW DOWN ***
davyyyyyyy: shows [Qd 6c] (a pair of Queens)
liolilove: shows [2c Js] (a straight, Eight to Queen)
liolilove collected $53.50 from pot
*** SUMMARY ***
Total pot $54 | Rake $0.50
Board [9d Tc Qc 8d 5h]
Seat 1: davyyyyyyy (big blind) showed [Qd 6c] and lost with a pair of Queens
Seat 2: liolilove (button) (small blind) showed [2c Js] and won ($53.50) with a straight, Eight to Queen


PokerStars Hand #151752312193:  Hold'em Limit ($3/$6 USD) - 2016/04/11 4:50:38 ET
Table 'Tietjen' 6-max Seat #1 is the button
Seat 1: davyyyyyyy ($105.34 in chips)
Seat 2: liolilove ($113.02 in chips)
davyyyyyyy: posts small blind $1
liolilove: posts big blind $3
*** HOLE CARDS ***
davyyyyyyy: raises $3 to $6
liolilove: folds
Uncalled bet ($3) returned to davyyyyyyy
davyyyyyyy collected $6 from pot
*** SUMMARY ***
Total pot $6 | Rake $0
Seat 1: davyyyyyyy (button) (small blind) collected ($6)
Seat 2: liolilove (big blind) folded before Flop


PokerStars Hand #151752319009:  Hold'em Limit ($3/$6 USD) - 2016/04/11 4:50:58 ET
Table 'Tietjen' 6-max Seat #1 is the button
Seat 1: davyyyyyyy ($109.34 in chips)
Seat 2: liolilove ($109.02 in chips)
davyyyyyyy: posts small blind $1
liolilove: posts big blind $3
*** HOLE CARDS ***
davyyyyyyy: folds
Uncalled bet ($2) returned to liolilove
liolilove collected $2 from pot
liolilove: doesn't show hand
*** SUMMARY ***
Total pot $2 | Rake $0
Seat 1: davyyyyyyy (button) (small blind) folded before Flop
Seat 2: liolilove (big blind) collected ($2)


PokerStars Hand #151752317339:  Hold'em Limit ($3/$6 USD) - 2016/04/11 4:50:53 ET
Table 'Tietjen' 6-max Seat #2 is the button
Seat 1: davyyyyyyy ($108.34 in chips)
Seat 2: liolilove ($110.02 in chips)
liolilove: posts small blind $1
davyyyyyyy: posts big blind $3
*** HOLE CARDS ***
liolilove: folds
Uncalled bet ($2) returned to davyyyyyyy
davyyyyyyy collected $2 from pot
*** SUMMARY ***
Total pot $2 | Rake $0
Seat 1: davyyyyyyy (big blind) collected ($2)
Seat 2: liolilove (button) (small blind) folded before Flop


PokerStars Hand #151752329823:  Hold'em Limit ($3/$6 USD) - 2016/04/11 4:51:29 ET
Table 'Tietjen' 6-max Seat #1 is the button
Seat 1: davyyyyyyy ($93.34 in chips)
Seat 2: liolilove ($124.52 in chips)
davyyyyyyy: posts small blind $1
liolilove: posts big blind $3
*** HOLE CARDS ***
davyyyyyyy: folds
Uncalled bet ($2) returned to liolilove
liolilove collected $2 from pot
liolilove: doesn't show hand
*** SUMMARY ***
Total pot $2 | Rake $0
Seat 1: davyyyyyyy (button) (small blind) folded before Flop
Seat 2: liolilove (big blind) collected ($2)


PokerStars Hand #151752320599:  Hold'em Limit ($3/$6 USD) - 2016/04/11 4:51:02 ET
Table 'Tietjen' 6-max Seat #2 is the button
Seat 1: davyyyyyyy ($108.34 in chips)
Seat 2: liolilove ($110.02 in chips)
liolilove: posts small blind $1
davyyyyyyy: posts big blind $3
*** HOLE CARDS ***
liolilove: raises $3 to $6
davyyyyyyy: calls $3
*** FLOP *** [7s Qd 2h]
davyyyyyyy: bets $3
liolilove: calls $3
*** TURN *** [7s Qd 2h] [5d]
davyyyyyyy: bets $6
liolilove: calls $6
*** RIVER *** [7s Qd 2h 5d] [Kh]
davyyyyyyy: checks
liolilove: checks
*** SHOW DOWN ***
davyyyyyyy: shows [9s Ad] (high card Ace)
liolilove: shows [Ac 2s] (a pair of Deuces)
liolilove collected $29.50 from pot
*** SUMMARY ***
Total pot $30 | Rake $0.50
Board [7s Qd 2h 5d Kh]
Seat 1: davyyyyyyy (big blind) showed [9s Ad] and lost with high card Ace
Seat 2: liolilove (button) (small blind) showed [Ac 2s] and won ($29.50) with a pair of Deuces


PokerStars Hand #151752350916:  Hold'em Limit ($3/$6 USD) - 2016/04/11 4:52:30 ET
Table 'Tietjen' 6-max Seat #2 is the button
Seat 1: davyyyyyyy ($95.10 in chips)
Seat 2: liolilove ($122.52 in chips)
liolilove: posts small blind $1
davyyyyyyy: posts big blind $3
*** HOLE CARDS ***
liolilove: raises $3 to $6
davyyyyyyy: calls $3
*** FLOP *** [7h 3d 4c]
davyyyyyyy: checks
liolilove: bets $3
davyyyyyyy: folds
Uncalled bet ($3) returned to liolilove
liolilove collected $11.76 from pot
liolilove: doesn't show hand
*** SUMMARY ***
Total pot $12 | Rake $0.24
Board [7h 3d 4c]
Seat 1: davyyyyyyy (big blind) folded on the Flop
Seat 2: liolilove (button) (small blind) collected ($11.76)


PokerStars Hand #151752336060:  Hold'em Limit ($3/$6 USD) - 2016/04/11 4:51:47 ET
Table 'Tietjen' 6-max Seat #2 is the button
Seat 1: davyyyyyyy ($92.34 in chips)
Seat 2: liolilove ($125.52 in chips)
liolilove: posts small blind $1
davyyyyyyy: posts big blind $3
*** HOLE CARDS ***
liolilove: raises $3 to $6
davyyyyyyy: folds
Uncalled bet ($3) returned to liolilove
liolilove collected $6 from pot
liolilove: doesn't show hand
*** SUMMARY ***
Total pot $6 | Rake $0
Seat 1: davyyyyyyy (big blind) folded before Flop
Seat 2: liolilove (button) (small blind) collected ($6)


PokerStars Hand #151752341844:  Hold'em Limit ($3/$6 USD) - 2016/04/11 4:52:03 ET
Table 'Tietjen' 6-max Seat #1 is the button
Seat 1: davyyyyyyy ($89.34 in chips)
Seat 2: liolilove ($128.52 in chips)
davyyyyyyy: posts small blind $1
liolilove: posts big blind $3
*** HOLE CARDS ***
davyyyyyyy: raises $3 to $6
liolilove: calls $3
*** FLOP *** [9d 2h 5h]
liolilove: checks
davyyyyyyy: checks
*** TURN *** [9d 2h 5h] [2s]
liolilove: checks
davyyyyyyy: checks
*** RIVER *** [9d 2h 5h 2s] [3c]
liolilove: checks
davyyyyyyy: checks
*** SHOW DOWN ***
liolilove: shows [Jh 8h] (a pair of Deuces)
davyyyyyyy: shows [Tc Ks] (a pair of Deuces - King kicker)
davyyyyyyy collected $11.76 from pot
*** SUMMARY ***
Total pot $12 | Rake $0.24
Board [9d 2h 5h 2s 3c]
Seat 1: davyyyyyyy (button) (small blind) showed [Tc Ks] and won ($11.76) with a pair of Deuces
Seat 2: liolilove (big blind) showed [Jh 8h] and lost with a pair of Deuces


PokerStars Hand #151752358409:  Hold'em Limit ($3/$6 USD) - 2016/04/11 4:52:52 ET
Table 'Tietjen' 6-max Seat #1 is the button
Seat 1: davyyyyyyy ($89.10 in chips)
Seat 2: liolilove ($128.28 in chips)
davyyyyyyy: posts small blind $1
liolilove: posts big blind $3
*** HOLE CARDS ***
davyyyyyyy: calls $2
liolilove: checks
*** FLOP *** [3d Ad Kd]
liolilove: bets $3
Zenden28 joins the table at seat #6
davyyyyyyy: raises $3 to $6
liolilove: folds
Uncalled bet ($3) returned to davyyyyyyy
davyyyyyyy collected $11.76 from pot
*** SUMMARY ***
Total pot $12 | Rake $0.24
Board [3d Ad Kd]
Seat 1: davyyyyyyy (button) (small blind) collected ($11.76)
Seat 2: liolilove (big blind) folded on the Flop


PokerStars Hand #151752405988:  Hold'em Limit ($3/$6 USD) - 2016/04/11 4:55:10 ET
Table 'Tietjen' 6-max Seat #6 is the button
Seat 1: davyyyyyyy ($76.86 in chips)
Seat 6: Zenden28 ($48.92 in chips)
Zenden28: posts small blind $1
davyyyyyyy: posts big blind $3
*** HOLE CARDS ***
IkillU2012 joins the table at seat #4
Zenden28: folds
Uncalled bet ($2) returned to davyyyyyyy
HAL9QQQ joins the table at seat #5
davyyyyyyy collected $2 from pot
*** SUMMARY ***
Total pot $2 | Rake $0
Seat 1: davyyyyyyy (big blind) collected ($2)
Seat 6: Zenden28 (button) (small blind) folded before Flop


PokerStars Hand #151752395364:  Hold'em Limit ($3/$6 USD) - 2016/04/11 4:54:39 ET
Table 'Tietjen' 6-max Seat #1 is the button
Seat 1: davyyyyyyy ($85.86 in chips)
Seat 6: Zenden28 ($40.28 in chips)
davyyyyyyy: posts small blind $1
liolilove: is sitting out
Zenden28: posts big blind $3
*** HOLE CARDS ***
davyyyyyyy: raises $3 to $6
krytalex joins the table at seat #3
Zenden28: raises $3 to $9
davyyyyyyy: calls $3
*** FLOP *** [8h Qc 7h]
Zenden28: bets $3
davyyyyyyy: folds
Uncalled bet ($3) returned to Zenden28
Zenden28 collected $17.64 from pot
Zenden28: doesn't show hand
*** SUMMARY ***
Total pot $18 | Rake $0.36
Board [8h Qc 7h]
Seat 1: davyyyyyyy (button) (small blind) folded on the Flop
Seat 6: Zenden28 (big blind) collected ($17.64)


PokerStars Hand #151752578870:  Hold'em Limit ($3/$6 USD) - 2016/04/11 5:03:59 ET
Table 'Tietjen' 6-max Seat #3 is the button
Seat 1: davyyyyyyy ($88.85 in chips)
Seat 3: krytalex ($112 in chips)
krytalex: posts small blind $1
HAL9QQQ: is sitting out
davyyyyyyy: posts big blind $3
*** HOLE CARDS ***
krytalex: folds
Uncalled bet ($2) returned to davyyyyyyy
davyyyyyyy collected $2 from pot
*** SUMMARY ***
Total pot $2 | Rake $0
Seat 1: davyyyyyyy (big blind) collected ($2)
Seat 3: krytalex (button) (small blind) folded before Flop


PokerStars Hand #151752583127:  Hold'em Limit ($3/$6 USD) - 2016/04/11 5:04:11 ET
Table 'Tietjen' 6-max Seat #1 is the button
Seat 1: davyyyyyyy ($89.85 in chips)
Seat 3: krytalex ($111 in chips)
davyyyyyyy: posts small blind $1
krytalex: posts big blind $3
*** HOLE CARDS ***
davyyyyyyy: raises $3 to $6
krytalex: folds
Uncalled bet ($3) returned to davyyyyyyy
davyyyyyyy collected $6 from pot
*** SUMMARY ***
Total pot $6 | Rake $0
Seat 1: davyyyyyyy (button) (small blind) collected ($6)
Seat 3: krytalex (big blind) folded before Flop


PokerStars Hand #151752597380:  Hold'em Limit ($3/$6 USD) - 2016/04/11 5:04:51 ET
Table 'Tietjen' 6-max Seat #1 is the button
Seat 1: davyyyyyyy ($101.49 in chips)
Seat 3: krytalex ($99 in chips)
davyyyyyyy: posts small blind $1
krytalex: posts big blind $3
*** HOLE CARDS ***
davyyyyyyy: folds
Uncalled bet ($2) returned to krytalex
krytalex collected $2 from pot
*** SUMMARY ***
Total pot $2 | Rake $0
Seat 1: davyyyyyyy (button) (small blind) folded before Flop
Seat 3: krytalex (big blind) collected ($2)


PokerStars Hand #151752595263:  Hold'em Limit ($3/$6 USD) - 2016/04/11 5:04:45 ET
Table 'Tietjen' 6-max Seat #3 is the button
Seat 1: davyyyyyyy ($100.49 in chips)
Seat 3: krytalex ($100 in chips)
krytalex: posts small blind $1
davyyyyyyy: posts big blind $3
*** HOLE CARDS ***
krytalex: folds
Uncalled bet ($2) returned to davyyyyyyy
davyyyyyyy collected $2 from pot
*** SUMMARY ***
Total pot $2 | Rake $0
Seat 1: davyyyyyyy (big blind) collected ($2)
Seat 3: krytalex (button) (small blind) folded before Flop


PokerStars Hand #151752593614:  Hold'em Limit ($3/$6 USD) - 2016/04/11 5:04:40 ET
Table 'Tietjen' 6-max Seat #1 is the button
Seat 1: davyyyyyyy ($101.49 in chips)
Seat 3: krytalex ($99 in chips)
davyyyyyyy: posts small blind $1
krytalex: posts big blind $3
*** HOLE CARDS ***
davyyyyyyy: folds
Uncalled bet ($2) returned to krytalex
krytalex collected $2 from pot
*** SUMMARY ***
Total pot $2 | Rake $0
Seat 1: davyyyyyyy (button) (small blind) folded before Flop
Seat 3: krytalex (big blind) collected ($2)


PokerStars Hand #151752586383:  Hold'em Limit ($3/$6 USD) - 2016/04/11 5:04:20 ET
Table 'Tietjen' 6-max Seat #3 is the button
Seat 1: davyyyyyyy ($92.85 in chips)
Seat 3: krytalex ($108 in chips)
krytalex: posts small blind $1
davyyyyyyy: posts big blind $3
*** HOLE CARDS ***
krytalex: raises $3 to $6
davyyyyyyy: raises $3 to $9
krytalex: calls $3
*** FLOP *** [8c Ks 7c]
davyyyyyyy: bets $3
krytalex: folds
Uncalled bet ($3) returned to davyyyyyyy
davyyyyyyy collected $17.64 from pot
*** SUMMARY ***
Total pot $18 | Rake $0.36
Board [8c Ks 7c]
Seat 1: davyyyyyyy (big blind) collected ($17.64)
Seat 3: krytalex (button) (small blind) folded on the Flop


PokerStars Hand #151752610836:  Hold'em Limit ($3/$6 USD) - 2016/04/11 5:05:26 ET
Table 'Tietjen' 6-max Seat #3 is the button
Seat 1: davyyyyyyy ($96.99 in chips)
Seat 3: krytalex ($102.50 in chips)
krytalex: posts small blind $1
davyyyyyyy: posts big blind $3
*** HOLE CARDS ***
krytalex: raises $3 to $6
davyyyyyyy: raises $3 to $9
krytalex: calls $3
*** FLOP *** [Jd Tc 8h]
davyyyyyyy: bets $3
krytalex: calls $3
*** TURN *** [Jd Tc 8h] [8c]
davyyyyyyy: bets $6
krytalex: calls $6
*** RIVER *** [Jd Tc 8h 8c] [9s]
davyyyyyyy: bets $6
krytalex: calls $6
*** SHOW DOWN ***
davyyyyyyy: shows [9d Ts] (two pair, Tens and Nines)
krytalex: mucks hand
davyyyyyyy collected $47.50 from pot
*** SUMMARY ***
Total pot $48 | Rake $0.50
Board [Jd Tc 8h 8c 9s]
Seat 1: davyyyyyyy (big blind) showed [9d Ts] and won ($47.50) with two pair, Tens and Nines
Seat 3: krytalex (button) (small blind) mucked


PokerStars Hand #151752599039:  Hold'em Limit ($3/$6 USD) - 2016/04/11 5:04:55 ET
Table 'Tietjen' 6-max Seat #3 is the button
Seat 1: davyyyyyyy ($100.49 in chips)
Seat 3: krytalex ($100 in chips)
krytalex: posts small blind $1
davyyyyyyy: posts big blind $3
*** HOLE CARDS ***
krytalex: raises $3 to $6
davyyyyyyy: calls $3
*** FLOP *** [3c 7c 8s]
davyyyyyyy: checks
krytalex: bets $3
davyyyyyyy: calls $3
*** TURN *** [3c 7c 8s] [8h]
davyyyyyyy: checks
krytalex: bets $6
davyyyyyyy: calls $6
*** RIVER *** [3c 7c 8s 8h] [2s]
davyyyyyyy: checks
krytalex: bets $6
davyyyyyyy: calls $6
*** SHOW DOWN ***
krytalex: shows [Ks 3h] (two pair, Eights and Threes)
davyyyyyyy: shows [6s 6c] (two pair, Eights and Sixes)
davyyyyyyy collected $41.50 from pot
*** SUMMARY ***
Total pot $42 | Rake $0.50
Board [3c 7c 8s 8h 2s]
Seat 1: davyyyyyyy (big blind) showed [6s 6c] and won ($41.50) with two pair, Eights and Sixes
Seat 3: krytalex (button) (small blind) showed [Ks 3h] and lost with two pair, Eights and Threes


PokerStars Hand #151752605027:  Hold'em Limit ($3/$6 USD) - 2016/04/11 5:05:10 ET
Table 'Tietjen' 6-max Seat #1 is the button
Seat 1: davyyyyyyy ($120.99 in chips)
Seat 3: krytalex ($79 in chips)
davyyyyyyy: posts small blind $1
krytalex: posts big blind $3
*** HOLE CARDS ***
davyyyyyyy: raises $3 to $6
krytalex: raises $3 to $9
davyyyyyyy: calls $3
*** FLOP *** [4h Qd Th]
HAL9QQQ leaves the table
krytalex: bets $3
davyyyyyyy: calls $3
*** TURN *** [4h Qd Th] [Kc]
krytalex: bets $6
davyyyyyyy: calls $6
*** RIVER *** [4h Qd Th Kc] [6s]
krytalex: bets $6
davyyyyyyy: calls $6
*** SHOW DOWN ***
krytalex: shows [9d Jd] (a straight, Nine to King)
davyyyyyyy: mucks hand
krytalex collected $47.50 from pot
*** SUMMARY ***
Total pot $48 | Rake $0.50
Board [4h Qd Th Kc 6s]
Seat 1: davyyyyyyy (button) (small blind) mucked
Seat 3: krytalex (big blind) showed [9d Jd] and won ($47.50) with a straight, Nine to King


PokerStars Hand #151752632432:  Hold'em Limit ($3/$6 USD) - 2016/04/11 5:06:25 ET
Table 'Tietjen' 6-max Seat #3 is the button
Seat 1: davyyyyyyy ($137.99 in chips)
Seat 3: krytalex ($74.76 in chips)
krytalex: posts small blind $1
davyyyyyyy: posts big blind $3
*** HOLE CARDS ***
krytalex: raises $3 to $6
davyyyyyyy: folds
Uncalled bet ($3) returned to krytalex
krytalex collected $6 from pot
*** SUMMARY ***
Total pot $6 | Rake $0
Seat 1: davyyyyyyy (big blind) folded before Flop
Seat 3: krytalex (button) (small blind) collected ($6)


PokerStars Hand #151752640116:  Hold'em Limit ($3/$6 USD) - 2016/04/11 5:06:46 ET
Table 'Tietjen' 6-max Seat #3 is the button
Seat 1: davyyyyyyy ($152.49 in chips)
Seat 3: krytalex ($72 in chips)
krytalex: posts small blind $1
davyyyyyyy: posts big blind $3
*** HOLE CARDS ***
krytalex: folds
Uncalled bet ($2) returned to davyyyyyyy
davyyyyyyy collected $2 from pot
*** SUMMARY ***
Total pot $2 | Rake $0
Seat 1: davyyyyyyy (big blind) collected ($2)
Seat 3: krytalex (button) (small blind) folded before Flop


PokerStars Hand #151752635127:  Hold'em Limit ($3/$6 USD) - 2016/04/11 5:06:32 ET
Table 'Tietjen' 6-max Seat #1 is the button
Seat 1: davyyyyyyy ($134.99 in chips)
Seat 3: krytalex ($77.76 in chips)
davyyyyyyy: posts small blind $1
krytalex: posts big blind $3
*** HOLE CARDS ***
davyyyyyyy: raises $3 to $6
krytalex: calls $3
*** FLOP *** [Jd Ts 2s]
krytalex: checks
davyyyyyyy: checks
*** TURN *** [Jd Ts 2s] [Tc]
krytalex: bets $6
davyyyyyyy: calls $6
*** RIVER *** [Jd Ts 2s Tc] [6d]
krytalex: bets $6
davyyyyyyy: calls $6
*** SHOW DOWN ***
krytalex: shows [Qs 7d] (a pair of Tens)
davyyyyyyy: shows [Ks 9s] (a pair of Tens - King kicker)
davyyyyyyy collected $35.50 from pot
*** SUMMARY ***
Total pot $36 | Rake $0.50
Board [Jd Ts 2s Tc 6d]
Seat 1: davyyyyyyy (button) (small blind) showed [Ks 9s] and won ($35.50) with a pair of Tens
Seat 3: krytalex (big blind) showed [Qs 7d] and lost with a pair of Tens


PokerStars Hand #151752616576:  Hold'em Limit ($3/$6 USD) - 2016/04/11 5:05:42 ET
Table 'Tietjen' 6-max Seat #1 is the button
Seat 1: davyyyyyyy ($120.49 in chips)
Seat 3: krytalex ($78.50 in chips)
davyyyyyyy: posts small blind $1
krytalex: posts big blind $3
*** HOLE CARDS ***
davyyyyyyy: raises $3 to $6
krytalex: calls $3
*** FLOP *** [9c Ad 2c]
krytalex: checks
davyyyyyyy: bets $3
krytalex: calls $3
*** TURN *** [9c Ad 2c] [5d]
krytalex: checks
davyyyyyyy: bets $6
krytalex: calls $6
*** RIVER *** [9c Ad 2c 5d] [Jd]
krytalex: checks
davyyyyyyy: bets $6
krytalex: calls $6
*** SHOW DOWN ***
davyyyyyyy: shows [Jc 9d] (two pair, Jacks and Nines)
krytalex: mucks hand
davyyyyyyy collected $41.50 from pot
*** SUMMARY ***
Total pot $42 | Rake $0.50
Board [9c Ad 2c 5d Jd]
Seat 1: davyyyyyyy (button) (small blind) showed [Jc 9d] and won ($41.50) with two pair, Jacks and Nines
Seat 3: krytalex (big blind) mucked


PokerStars Hand #151752630251:  Hold'em Limit ($3/$6 USD) - 2016/04/11 5:06:19 ET
Table 'Tietjen' 6-max Seat #1 is the button
Seat 1: davyyyyyyy ($134.99 in chips)
Seat 3: krytalex ($77.76 in chips)
davyyyyyyy: posts small blind $1
krytalex: posts big blind $3
*** HOLE CARDS ***
davyyyyyyy: raises $3 to $6
krytalex: folds
Uncalled bet ($3) returned to davyyyyyyy
davyyyyyyy collected $6 from pot
*** SUMMARY ***
Total pot $6 | Rake $0
Seat 1: davyyyyyyy (button) (small blind) collected ($6)
Seat 3: krytalex (big blind) folded before Flop


PokerStars Hand #151752623791:  Hold'em Limit ($3/$6 USD) - 2016/04/11 5:06:02 ET
Table 'Tietjen' 6-max Seat #3 is the button
Seat 1: davyyyyyyy ($140.99 in chips)
Seat 3: krytalex ($72 in chips)
krytalex: posts small blind $1
davyyyyyyy: posts big blind $3
*** HOLE CARDS ***
krytalex: raises $3 to $6
davyyyyyyy: calls $3
*** FLOP *** [As Td 2h]
davyyyyyyy: checks
krytalex: bets $3
davyyyyyyy: folds
Uncalled bet ($3) returned to krytalex
krytalex collected $11.76 from pot
*** SUMMARY ***
Total pot $12 | Rake $0.24
Board [As Td 2h]
Seat 1: davyyyyyyy (big blind) folded on the Flop
Seat 3: krytalex (button) (small blind) collected ($11.76)


PokerStars Hand #151752643296:  Hold'em Limit ($3/$6 USD) - 2016/04/11 5:06:54 ET
Table 'Tietjen' 6-max Seat #1 is the button
Seat 1: davyyyyyyy ($153.49 in chips)
Seat 3: krytalex ($72 in chips)
davyyyyyyy: posts small blind $1
krytalex: posts big blind $3
*** HOLE CARDS ***
davyyyyyyy: raises $3 to $6
krytalex: folds
Uncalled bet ($3) returned to davyyyyyyy
davyyyyyyy collected $6 from pot
*** SUMMARY ***
Total pot $6 | Rake $0
Seat 1: davyyyyyyy (button) (small blind) collected ($6)
Seat 3: krytalex (big blind) folded before Flop


PokerStars Hand #151752655342:  Hold'em Limit ($3/$6 USD) - 2016/04/11 5:07:27 ET
Table 'Tietjen' 6-max Seat #3 is the button
Seat 1: davyyyyyyy ($178.99 in chips)
Seat 3: krytalex ($73 in chips)
krytalex: posts small blind $1
davyyyyyyy: posts big blind $3
*** HOLE CARDS ***
krytalex: raises $3 to $6
davyyyyyyy: calls $3
*** FLOP *** [8c 4s 7h]
davyyyyyyy: checks
krytalex: bets $3
davyyyyyyy: raises $3 to $6
krytalex: calls $3
*** TURN *** [8c 4s 7h] [Ah]
davyyyyyyy: bets $6
krytalex: raises $6 to $12
davyyyyyyy: raises $6 to $18
krytalex: raises $6 to $24
Betting is capped
davyyyyyyy: calls $6
*** RIVER *** [8c 4s 7h Ah] [Qh]
davyyyyyyy: bets $6
krytalex: calls $6
*** SHOW DOWN ***
davyyyyyyy: shows [7s 7d] (three of a kind, Sevens)
krytalex: mucks hand
davyyyyyyy collected $83.50 from pot
*** SUMMARY ***
Total pot $84 | Rake $0.50
Board [8c 4s 7h Ah Qh]
Seat 1: davyyyyyyy (big blind) showed [7s 7d] and won ($83.50) with three of a kind, Sevens
Seat 3: krytalex (button) (small blind) mucked


PokerStars Hand #151752663217:  Hold'em Limit ($3/$6 USD) - 2016/04/11 5:07:48 ET
Table 'Tietjen' 6-max Seat #1 is the button
Seat 1: davyyyyyyy ($220.49 in chips)
Seat 3: krytalex ($72 in chips)
davyyyyyyy: posts small blind $1
krytalex: posts big blind $3
*** HOLE CARDS ***
davyyyyyyy: folds
Uncalled bet ($2) returned to krytalex
krytalex collected $2 from pot
*** SUMMARY ***
Total pot $2 | Rake $0
Seat 1: davyyyyyyy (button) (small blind) folded before Flop
Seat 3: krytalex (big blind) collected ($2)


PokerStars Hand #151752653584:  Hold'em Limit ($3/$6 USD) - 2016/04/11 5:07:22 ET
Table 'Tietjen' 6-max Seat #1 is the button
Seat 1: davyyyyyyy ($179.99 in chips)
Seat 3: krytalex ($72 in chips)
davyyyyyyy: posts small blind $1
krytalex: posts big blind $3
*** HOLE CARDS ***
davyyyyyyy: folds
Uncalled bet ($2) returned to krytalex
krytalex collected $2 from pot
*** SUMMARY ***
Total pot $2 | Rake $0
Seat 1: davyyyyyyy (button) (small blind) folded before Flop
Seat 3: krytalex (big blind) collected ($2)


PokerStars Hand #151752645989:  Hold'em Limit ($3/$6 USD) - 2016/04/11 5:07:02 ET
Table 'Tietjen' 6-max Seat #3 is the button
Seat 1: davyyyyyyy ($156.49 in chips)
Seat 3: krytalex ($72 in chips)
krytalex: posts small blind $1
davyyyyyyy: posts big blind $3
*** HOLE CARDS ***
krytalex: raises $3 to $6
davyyyyyyy: calls $3
*** FLOP *** [Jh 2h Ah]
davyyyyyyy: checks
krytalex: bets $3
davyyyyyyy: raises $3 to $6
krytalex: calls $3
*** TURN *** [Jh 2h Ah] [Ks]
davyyyyyyy: checks
krytalex: bets $6
davyyyyyyy: calls $6
*** RIVER *** [Jh 2h Ah Ks] [Ts]
davyyyyyyy: bets $6
krytalex: calls $6
*** SHOW DOWN ***
davyyyyyyy: shows [Qh Jc] (a straight, Ten to Ace)
krytalex: mucks hand
davyyyyyyy collected $47.50 from pot
*** SUMMARY ***
Total pot $48 | Rake $0.50
Board [Jh 2h Ah Ks Ts]
Seat 1: davyyyyyyy (big blind) showed [Qh Jc] and won ($47.50) with a straight, Ten to Ace
Seat 3: krytalex (button) (small blind) mucked


PokerStars Hand #151752672310:  Hold'em Limit ($3/$6 USD) - 2016/04/11 5:08:13 ET
Table 'Tietjen' 6-max Seat #1 is the button
Seat 1: davyyyyyyy ($213.49 in chips)
Seat 3: krytalex ($78.76 in chips)
davyyyyyyy: posts small blind $1
krytalex: posts big blind $3
*** HOLE CARDS ***
davyyyyyyy: folds
Uncalled bet ($2) returned to krytalex
krytalex collected $2 from pot
*** SUMMARY ***
Total pot $2 | Rake $0
Seat 1: davyyyyyyy (button) (small blind) folded before Flop
Seat 3: krytalex (big blind) collected ($2)


PokerStars Hand #151752666601:  Hold'em Limit ($3/$6 USD) - 2016/04/11 5:07:58 ET
Table 'Tietjen' 6-max Seat #3 is the button
Seat 1: davyyyyyyy ($219.49 in chips)
Seat 3: krytalex ($73 in chips)
krytalex: posts small blind $1
davyyyyyyy: posts big blind $3
*** HOLE CARDS ***
krytalex: raises $3 to $6
davyyyyyyy: calls $3
*** FLOP *** [7c Jh 9c]
davyyyyyyy: checks
krytalex: bets $3
davyyyyyyy: folds
Uncalled bet ($3) returned to krytalex
krytalex collected $11.76 from pot
*** SUMMARY ***
Total pot $12 | Rake $0.24
Board [7c Jh 9c]
Seat 1: davyyyyyyy (big blind) folded on the Flop
Seat 3: krytalex (button) (small blind) collected ($11.76)


