PokerStars Hand #147926368585:  Hold'em Limit ($3/$6 USD) - 2016/01/30 7:39:40 ET
Table 'Tietjen II' 2-max Seat #2 is the button
Seat 1: AAdeninAA ($102.64 in chips)
Seat 2: punkrott ($68.76 in chips)
punkrott: posts small blind $1
AAdeninAA: posts big blind $3
*** HOLE CARDS ***
punkrott: raises $3 to $6
AAdeninAA: calls $3
*** FLOP *** [As Ac Kh]
AAdeninAA: checks
punkrott: bets $3
AAdeninAA: calls $3
*** TURN *** [As Ac Kh] [9s]
AAdeninAA: checks
punkrott: checks
*** RIVER *** [As Ac Kh 9s] [Ad]
AAdeninAA: bets $6
punkrott: calls $6
*** SHOW DOWN ***
AAdeninAA: shows [8d Qh] (three of a kind, Aces)
punkrott: shows [Qc 5c] (three of a kind, Aces)
AAdeninAA collected $14.75 from pot
punkrott collected $14.75 from pot
*** SUMMARY ***
Total pot $30 | Rake $0.50
Board [As Ac Kh 9s Ad]
Seat 1: AAdeninAA (big blind) showed [8d Qh] and won ($14.75) with three of a kind, Aces
Seat 2: punkrott (button) (small blind) showed [Qc 5c] and won ($14.75) with three of a kind, Aces


PokerStars Hand #147926411501:  Hold'em Limit ($3/$6 USD) - 2016/01/30 7:40:44 ET
Table 'Tietjen II' 2-max Seat #1 is the button
Seat 1: AAdeninAA ($76.91 in chips)
Seat 2: punkrott ($92.65 in chips)
AAdeninAA: posts small blind $1
punkrott: posts big blind $3
*** HOLE CARDS ***
AAdeninAA: raises $3 to $6
punkrott: folds
Uncalled bet ($3) returned to AAdeninAA
AAdeninAA collected $6 from pot
AAdeninAA: doesn't show hand
*** SUMMARY ***
Total pot $6 | Rake $0
Seat 1: AAdeninAA (button) (small blind) collected ($6)
Seat 2: punkrott (big blind) folded before Flop


PokerStars Hand #147926406779:  Hold'em Limit ($3/$6 USD) - 2016/01/30 7:40:37 ET
Table 'Tietjen II' 2-max Seat #2 is the button
Seat 1: AAdeninAA ($68.27 in chips)
Seat 2: punkrott ($101.65 in chips)
punkrott: posts small blind $1
AAdeninAA: posts big blind $3
*** HOLE CARDS ***
punkrott: raises $3 to $6
AAdeninAA: raises $3 to $9
punkrott: calls $3
*** FLOP *** [Qs 7c Tc]
AAdeninAA: bets $3
punkrott: folds
Uncalled bet ($3) returned to AAdeninAA
AAdeninAA collected $17.64 from pot
AAdeninAA: doesn't show hand
*** SUMMARY ***
Total pot $18 | Rake $0.36
Board [Qs 7c Tc]
Seat 1: AAdeninAA (big blind) collected ($17.64)
Seat 2: punkrott (button) (small blind) folded on the Flop


PokerStars Hand #147926394681:  Hold'em Limit ($3/$6 USD) - 2016/01/30 7:40:19 ET
Table 'Tietjen II' 2-max Seat #1 is the button
Seat 1: AAdeninAA ($92.27 in chips)
Seat 2: punkrott ($78.15 in chips)
AAdeninAA: posts small blind $1
punkrott: posts big blind $3
*** HOLE CARDS ***
AAdeninAA: raises $3 to $6
punkrott: raises $3 to $9
AAdeninAA: calls $3
*** FLOP *** [8h Ad Ac]
punkrott: bets $3
AAdeninAA: calls $3
*** TURN *** [8h Ad Ac] [9h]
punkrott: bets $6
AAdeninAA: calls $6
*** RIVER *** [8h Ad Ac 9h] [Jd]
punkrott: checks
AAdeninAA: bets $6
punkrott: raises $6 to $12
AAdeninAA: folds
Uncalled bet ($6) returned to punkrott
punkrott collected $47.50 from pot
punkrott: doesn't show hand
*** SUMMARY ***
Total pot $48 | Rake $0.50
Board [8h Ad Ac 9h Jd]
Seat 1: AAdeninAA (button) (small blind) folded on the River
Seat 2: punkrott (big blind) collected ($47.50)


PokerStars Hand #147926391776:  Hold'em Limit ($3/$6 USD) - 2016/01/30 7:40:15 ET
Table 'Tietjen II' 2-max Seat #2 is the button
Seat 1: AAdeninAA ($95.27 in chips)
Seat 2: punkrott ($75.15 in chips)
punkrott: posts small blind $1
AAdeninAA: posts big blind $3
*** HOLE CARDS ***
punkrott: raises $3 to $6
AAdeninAA: folds
Uncalled bet ($3) returned to punkrott
punkrott collected $6 from pot
punkrott: doesn't show hand
*** SUMMARY ***
Total pot $6 | Rake $0
Seat 1: AAdeninAA (big blind) folded before Flop
Seat 2: punkrott (button) (small blind) collected ($6)


PokerStars Hand #147926389372:  Hold'em Limit ($3/$6 USD) - 2016/01/30 7:40:11 ET
Table 'Tietjen II' 2-max Seat #1 is the button
Seat 1: AAdeninAA ($96.27 in chips)
Seat 2: punkrott ($74.15 in chips)
AAdeninAA: posts small blind $1
punkrott: posts big blind $3
*** HOLE CARDS ***
AAdeninAA: folds
Uncalled bet ($2) returned to punkrott
punkrott collected $2 from pot
punkrott: doesn't show hand
*** SUMMARY ***
Total pot $2 | Rake $0
Seat 1: AAdeninAA (button) (small blind) folded before Flop
Seat 2: punkrott (big blind) collected ($2)


PokerStars Hand #147926384000:  Hold'em Limit ($3/$6 USD) - 2016/01/30 7:40:03 ET
Table 'Tietjen II' 2-max Seat #2 is the button
Seat 1: AAdeninAA ($102.27 in chips)
Seat 2: punkrott ($68.39 in chips)
punkrott: posts small blind $1
AAdeninAA: posts big blind $3
*** HOLE CARDS ***
punkrott: raises $3 to $6
AAdeninAA: calls $3
*** FLOP *** [Ac Kd Td]
AAdeninAA: checks
punkrott: bets $3
AAdeninAA: folds
Uncalled bet ($3) returned to punkrott
punkrott collected $11.76 from pot
punkrott: doesn't show hand
*** SUMMARY ***
Total pot $12 | Rake $0.24
Board [Ac Kd Td]
Seat 1: AAdeninAA (big blind) folded on the Flop
Seat 2: punkrott (button) (small blind) collected ($11.76)


PokerStars Hand #147926376301:  Hold'em Limit ($3/$6 USD) - 2016/01/30 7:39:51 ET
Table 'Tietjen II' 2-max Seat #1 is the button
Seat 1: AAdeninAA ($102.39 in chips)
Seat 2: punkrott ($68.51 in chips)
AAdeninAA: posts small blind $1
punkrott: posts big blind $3
*** HOLE CARDS ***
AAdeninAA: raises $3 to $6
punkrott: calls $3
*** FLOP *** [9d 5c Ah]
punkrott: checks
AAdeninAA: checks
*** TURN *** [9d 5c Ah] [9s]
punkrott: checks
AAdeninAA: checks
*** RIVER *** [9d 5c Ah 9s] [7s]
punkrott: checks
AAdeninAA: checks
*** SHOW DOWN ***
punkrott: shows [4s Qs] (a pair of Nines)
AAdeninAA: shows [Qd 6d] (a pair of Nines)
punkrott collected $5.88 from pot
AAdeninAA collected $5.88 from pot
*** SUMMARY ***
Total pot $12 | Rake $0.24
Board [9d 5c Ah 9s 7s]
Seat 1: AAdeninAA (button) (small blind) showed [Qd 6d] and won ($5.88) with a pair of Nines
Seat 2: punkrott (big blind) showed [4s Qs] and won ($5.88) with a pair of Nines


PokerStars Hand #147926454921:  Hold'em Limit ($3/$6 USD) - 2016/01/30 7:41:49 ET
Table 'Tietjen II' 2-max Seat #1 is the button
Seat 1: AAdeninAA ($104.69 in chips)
Seat 2: punkrott ($63.41 in chips)
AAdeninAA: posts small blind $1
punkrott: posts big blind $3
*** HOLE CARDS ***
AAdeninAA: folds
Uncalled bet ($2) returned to punkrott
punkrott collected $2 from pot
punkrott: doesn't show hand
*** SUMMARY ***
Total pot $2 | Rake $0
Seat 1: AAdeninAA (button) (small blind) folded before Flop
Seat 2: punkrott (big blind) collected ($2)


PokerStars Hand #147926451738:  Hold'em Limit ($3/$6 USD) - 2016/01/30 7:41:44 ET
Table 'Tietjen II' 2-max Seat #2 is the button
Seat 1: AAdeninAA ($107.69 in chips)
Seat 2: punkrott ($60.41 in chips)
punkrott: posts small blind $1
AAdeninAA: posts big blind $3
*** HOLE CARDS ***
punkrott: raises $3 to $6
AAdeninAA: folds
Uncalled bet ($3) returned to punkrott
punkrott collected $6 from pot
punkrott: doesn't show hand
*** SUMMARY ***
Total pot $6 | Rake $0
Seat 1: AAdeninAA (big blind) folded before Flop
Seat 2: punkrott (button) (small blind) collected ($6)


PokerStars Hand #147926442899:  Hold'em Limit ($3/$6 USD) - 2016/01/30 7:41:31 ET
Table 'Tietjen II' 2-max Seat #1 is the button
Seat 1: AAdeninAA ($99.05 in chips)
Seat 2: punkrott ($69.41 in chips)
AAdeninAA: posts small blind $1
punkrott: posts big blind $3
*** HOLE CARDS ***
AAdeninAA: raises $3 to $6
punkrott: calls $3
*** FLOP *** [4c 3d 9c]
punkrott: checks
AAdeninAA: bets $3
punkrott: calls $3
*** TURN *** [4c 3d 9c] [9s]
punkrott: checks
AAdeninAA: checks
*** RIVER *** [4c 3d 9c 9s] [5h]
punkrott: checks
AAdeninAA: bets $6
punkrott: folds
Uncalled bet ($6) returned to AAdeninAA
AAdeninAA collected $17.64 from pot
AAdeninAA: doesn't show hand
*** SUMMARY ***
Total pot $18 | Rake $0.36
Board [4c 3d 9c 9s 5h]
Seat 1: AAdeninAA (button) (small blind) collected ($17.64)
Seat 2: punkrott (big blind) folded on the River


PokerStars Hand #147926439992:  Hold'em Limit ($3/$6 USD) - 2016/01/30 7:41:27 ET
Table 'Tietjen II' 2-max Seat #2 is the button
Seat 1: AAdeninAA ($102.05 in chips)
Seat 2: punkrott ($66.41 in chips)
punkrott: posts small blind $1
AAdeninAA: posts big blind $3
*** HOLE CARDS ***
punkrott: raises $3 to $6
AAdeninAA: folds
Uncalled bet ($3) returned to punkrott
punkrott collected $6 from pot
punkrott: doesn't show hand
*** SUMMARY ***
Total pot $6 | Rake $0
Seat 1: AAdeninAA (big blind) folded before Flop
Seat 2: punkrott (button) (small blind) collected ($6)


PokerStars Hand #147926429246:  Hold'em Limit ($3/$6 USD) - 2016/01/30 7:41:11 ET
Table 'Tietjen II' 2-max Seat #1 is the button
Seat 1: AAdeninAA ($81.55 in chips)
Seat 2: punkrott ($87.41 in chips)
AAdeninAA: posts small blind $1
punkrott: posts big blind $3
*** HOLE CARDS ***
AAdeninAA: calls $2
punkrott: raises $3 to $6
AAdeninAA: calls $3
*** FLOP *** [4h Ts 2s]
punkrott: bets $3
AAdeninAA: calls $3
*** TURN *** [4h Ts 2s] [5d]
punkrott: bets $6
AAdeninAA: raises $6 to $12
punkrott: calls $6
*** RIVER *** [4h Ts 2s 5d] [Tc]
punkrott: checks
AAdeninAA: checks
*** SHOW DOWN ***
punkrott: shows [5c 6c] (two pair, Tens and Fives)
AAdeninAA: shows [5s Js] (two pair, Tens and Fives - Jack kicker)
AAdeninAA collected $41.50 from pot
*** SUMMARY ***
Total pot $42 | Rake $0.50
Board [4h Ts 2s 5d Tc]
Seat 1: AAdeninAA (button) (small blind) showed [5s Js] and won ($41.50) with two pair, Tens and Fives
Seat 2: punkrott (big blind) showed [5c 6c] and lost with two pair, Tens and Fives


PokerStars Hand #147926423117:  Hold'em Limit ($3/$6 USD) - 2016/01/30 7:41:02 ET
Table 'Tietjen II' 2-max Seat #2 is the button
Seat 1: AAdeninAA ($72.91 in chips)
Seat 2: punkrott ($96.41 in chips)
punkrott: posts small blind $1
AAdeninAA: posts big blind $3
*** HOLE CARDS ***
punkrott: raises $3 to $6
AAdeninAA: calls $3
*** FLOP *** [2s 5s Kc]
AAdeninAA: checks
punkrott: bets $3
AAdeninAA: raises $3 to $6
punkrott: folds
Uncalled bet ($3) returned to AAdeninAA
AAdeninAA collected $17.64 from pot
AAdeninAA: doesn't show hand
*** SUMMARY ***
Total pot $18 | Rake $0.36
Board [2s 5s Kc]
Seat 1: AAdeninAA (big blind) collected ($17.64)
Seat 2: punkrott (button) (small blind) folded on the Flop


PokerStars Hand #147926419570:  Hold'em Limit ($3/$6 USD) - 2016/01/30 7:40:56 ET
Table 'Tietjen II' 2-max Seat #1 is the button
Seat 1: AAdeninAA ($73.91 in chips)
Seat 2: punkrott ($95.41 in chips)
AAdeninAA: posts small blind $1
punkrott: posts big blind $3
*** HOLE CARDS ***
AAdeninAA: folds
Uncalled bet ($2) returned to punkrott
punkrott collected $2 from pot
punkrott: doesn't show hand
*** SUMMARY ***
Total pot $2 | Rake $0
Seat 1: AAdeninAA (button) (small blind) folded before Flop
Seat 2: punkrott (big blind) collected ($2)


PokerStars Hand #147926414488:  Hold'em Limit ($3/$6 USD) - 2016/01/30 7:40:49 ET
Table 'Tietjen II' 2-max Seat #2 is the button
Seat 1: AAdeninAA ($79.91 in chips)
Seat 2: punkrott ($89.65 in chips)
punkrott: posts small blind $1
AAdeninAA: posts big blind $3
*** HOLE CARDS ***
punkrott: raises $3 to $6
AAdeninAA: calls $3
*** FLOP *** [9d 8h Kh]
AAdeninAA: checks
punkrott: bets $3
AAdeninAA: folds
Uncalled bet ($3) returned to punkrott
punkrott collected $11.76 from pot
punkrott: doesn't show hand
*** SUMMARY ***
Total pot $12 | Rake $0.24
Board [9d 8h Kh]
Seat 1: AAdeninAA (big blind) folded on the Flop
Seat 2: punkrott (button) (small blind) collected ($11.76)


PokerStars Hand #147926495029:  Hold'em Limit ($3/$6 USD) - 2016/01/30 7:42:49 ET
Table 'Tietjen II' 2-max Seat #1 is the button
Seat 1: AAdeninAA ($61.69 in chips)
Seat 2: punkrott ($104.71 in chips)
AAdeninAA: posts small blind $1
punkrott: posts big blind $3
*** HOLE CARDS ***
AAdeninAA: folds
Uncalled bet ($2) returned to punkrott
punkrott collected $2 from pot
punkrott: doesn't show hand
*** SUMMARY ***
Total pot $2 | Rake $0
Seat 1: AAdeninAA (button) (small blind) folded before Flop
Seat 2: punkrott (big blind) collected ($2)


PokerStars Hand #147926489969:  Hold'em Limit ($3/$6 USD) - 2016/01/30 7:42:41 ET
Table 'Tietjen II' 2-max Seat #2 is the button
Seat 1: AAdeninAA ($67.69 in chips)
Seat 2: punkrott ($98.95 in chips)
punkrott: posts small blind $1
AAdeninAA: posts big blind $3
*** HOLE CARDS ***
punkrott: raises $3 to $6
AAdeninAA: calls $3
*** FLOP *** [5d 2c As]
AAdeninAA: checks
punkrott: bets $3
AAdeninAA: folds
Uncalled bet ($3) returned to punkrott
punkrott collected $11.76 from pot
punkrott: doesn't show hand
*** SUMMARY ***
Total pot $12 | Rake $0.24
Board [5d 2c As]
Seat 1: AAdeninAA (big blind) folded on the Flop
Seat 2: punkrott (button) (small blind) collected ($11.76)


PokerStars Hand #147926486935:  Hold'em Limit ($3/$6 USD) - 2016/01/30 7:42:37 ET
Table 'Tietjen II' 2-max Seat #1 is the button
Seat 1: AAdeninAA ($64.69 in chips)
Seat 2: punkrott ($101.95 in chips)
AAdeninAA: posts small blind $1
punkrott: posts big blind $3
*** HOLE CARDS ***
AAdeninAA: raises $3 to $6
punkrott: folds
Uncalled bet ($3) returned to AAdeninAA
AAdeninAA collected $6 from pot
AAdeninAA: doesn't show hand
*** SUMMARY ***
Total pot $6 | Rake $0
Seat 1: AAdeninAA (button) (small blind) collected ($6)
Seat 2: punkrott (big blind) folded before Flop


PokerStars Hand #147926476934:  Hold'em Limit ($3/$6 USD) - 2016/01/30 7:42:22 ET
Table 'Tietjen II' 2-max Seat #2 is the button
Seat 1: AAdeninAA ($76.69 in chips)
Seat 2: punkrott ($90.43 in chips)
punkrott: posts small blind $1
AAdeninAA: posts big blind $3
*** HOLE CARDS ***
punkrott: raises $3 to $6
AAdeninAA: calls $3
*** FLOP *** [7d 2d 5s]
AAdeninAA: checks
punkrott: checks
*** TURN *** [7d 2d 5s] [4s]
AAdeninAA: bets $6
punkrott: calls $6
*** RIVER *** [7d 2d 5s 4s] [6d]
AAdeninAA: checks
punkrott: bets $6
AAdeninAA: folds
Uncalled bet ($6) returned to punkrott
punkrott collected $23.52 from pot
punkrott: doesn't show hand
*** SUMMARY ***
Total pot $24 | Rake $0.48
Board [7d 2d 5s 4s 6d]
Seat 1: AAdeninAA (big blind) folded on the River
Seat 2: punkrott (button) (small blind) collected ($23.52)


PokerStars Hand #147926467843:  Hold'em Limit ($3/$6 USD) - 2016/01/30 7:42:09 ET
Table 'Tietjen II' 2-max Seat #1 is the button
Seat 1: AAdeninAA ($88.69 in chips)
Seat 2: punkrott ($78.91 in chips)
AAdeninAA: posts small blind $1
punkrott: posts big blind $3
*** HOLE CARDS ***
AAdeninAA: raises $3 to $6
punkrott: calls $3
*** FLOP *** [Ts 7c 6s]
punkrott: checks
AAdeninAA: checks
*** TURN *** [Ts 7c 6s] [7d]
punkrott: checks
AAdeninAA: checks
*** RIVER *** [Ts 7c 6s 7d] [9h]
punkrott: bets $6
AAdeninAA: calls $6
*** SHOW DOWN ***
punkrott: shows [8d 5c] (a straight, Six to Ten)
AAdeninAA: mucks hand
punkrott collected $23.52 from pot
*** SUMMARY ***
Total pot $24 | Rake $0.48
Board [Ts 7c 6s 7d 9h]
Seat 1: AAdeninAA (button) (small blind) mucked
Seat 2: punkrott (big blind) showed [8d 5c] and won ($23.52) with a straight, Six to Ten


PokerStars Hand #147926457428:  Hold'em Limit ($3/$6 USD) - 2016/01/30 7:41:53 ET
Table 'Tietjen II' 2-max Seat #2 is the button
Seat 1: AAdeninAA ($103.69 in chips)
Seat 2: punkrott ($64.41 in chips)
punkrott: posts small blind $1
AAdeninAA: posts big blind $3
*** HOLE CARDS ***
punkrott: raises $3 to $6
AAdeninAA: calls $3
*** FLOP *** [4h As Js]
AAdeninAA: checks
punkrott: bets $3
AAdeninAA: calls $3
*** TURN *** [4h As Js] [Th]
AAdeninAA: checks
punkrott: bets $6
AAdeninAA: calls $6
*** RIVER *** [4h As Js Th] [Ac]
AAdeninAA: checks
punkrott: bets $6
AAdeninAA: folds
Uncalled bet ($6) returned to punkrott
punkrott collected $29.50 from pot
punkrott: doesn't show hand
*** SUMMARY ***
Total pot $30 | Rake $0.50
Board [4h As Js Th Ac]
Seat 1: AAdeninAA (big blind) folded on the River
Seat 2: punkrott (button) (small blind) collected ($29.50)


PokerStars Hand #147926526823:  Hold'em Limit ($3/$6 USD) - 2016/01/30 7:43:36 ET
Table 'Tietjen II' 2-max Seat #1 is the button
Seat 1: AAdeninAA ($57.19 in chips)
Seat 2: punkrott ($108.21 in chips)
AAdeninAA: posts small blind $1
punkrott: posts big blind $3
*** HOLE CARDS ***
AAdeninAA: raises $3 to $6
punkrott: calls $3
*** FLOP *** [4s 2h 7d]
punkrott: checks
AAdeninAA: checks
*** TURN *** [4s 2h 7d] [Jc]
punkrott: checks
AAdeninAA: checks
*** RIVER *** [4s 2h 7d Jc] [6d]
punkrott: bets $6
AAdeninAA: folds
Uncalled bet ($6) returned to punkrott
punkrott collected $11.76 from pot
punkrott: doesn't show hand
*** SUMMARY ***
Total pot $12 | Rake $0.24
Board [4s 2h 7d Jc 6d]
Seat 1: AAdeninAA (button) (small blind) folded on the River
Seat 2: punkrott (big blind) collected ($11.76)


PokerStars Hand #147926523885:  Hold'em Limit ($3/$6 USD) - 2016/01/30 7:43:32 ET
Table 'Tietjen II' 2-max Seat #2 is the button
Seat 1: AAdeninAA ($60.19 in chips)
Seat 2: punkrott ($105.21 in chips)
punkrott: posts small blind $1
AAdeninAA: posts big blind $3
*** HOLE CARDS ***
punkrott: raises $3 to $6
AAdeninAA: folds
Uncalled bet ($3) returned to punkrott
punkrott collected $6 from pot
punkrott: doesn't show hand
*** SUMMARY ***
Total pot $6 | Rake $0
Seat 1: AAdeninAA (big blind) folded before Flop
Seat 2: punkrott (button) (small blind) collected ($6)


PokerStars Hand #147926521252:  Hold'em Limit ($3/$6 USD) - 2016/01/30 7:43:28 ET
Table 'Tietjen II' 2-max Seat #1 is the button
Seat 1: AAdeninAA ($61.19 in chips)
Seat 2: punkrott ($104.21 in chips)
AAdeninAA: posts small blind $1
punkrott: posts big blind $3
*** HOLE CARDS ***
AAdeninAA: folds
Uncalled bet ($2) returned to punkrott
punkrott collected $2 from pot
punkrott: doesn't show hand
*** SUMMARY ***
Total pot $2 | Rake $0
Seat 1: AAdeninAA (button) (small blind) folded before Flop
Seat 2: punkrott (big blind) collected ($2)


PokerStars Hand #147926509461:  Hold'em Limit ($3/$6 USD) - 2016/01/30 7:43:10 ET
Table 'Tietjen II' 2-max Seat #2 is the button
Seat 1: AAdeninAA ($76.19 in chips)
Seat 2: punkrott ($89.71 in chips)
punkrott: posts small blind $1
AAdeninAA: posts big blind $3
*** HOLE CARDS ***
punkrott: raises $3 to $6
AAdeninAA: calls $3
*** FLOP *** [3d 2c 7s]
AAdeninAA: checks
punkrott: bets $3
AAdeninAA: calls $3
*** TURN *** [3d 2c 7s] [8c]
AAdeninAA: checks
punkrott: bets $6
AAdeninAA: calls $6
*** RIVER *** [3d 2c 7s 8c] [Js]
AAdeninAA: checks
punkrott: bets $6
AAdeninAA: folds
Uncalled bet ($6) returned to punkrott
punkrott collected $29.50 from pot
punkrott: doesn't show hand
*** SUMMARY ***
Total pot $30 | Rake $0.50
Board [3d 2c 7s 8c Js]
Seat 1: AAdeninAA (big blind) folded on the River
Seat 2: punkrott (button) (small blind) collected ($29.50)


PokerStars Hand #147926500557:  Hold'em Limit ($3/$6 USD) - 2016/01/30 7:42:57 ET
Table 'Tietjen II' 2-max Seat #1 is the button
Seat 1: AAdeninAA ($61.69 in chips)
Seat 2: punkrott ($104.71 in chips)
AAdeninAA: posts small blind $1
punkrott: posts big blind $3
*** HOLE CARDS ***
AAdeninAA: raises $3 to $6
punkrott: calls $3
*** FLOP *** [8d Qh Jh]
punkrott: checks
AAdeninAA: bets $3
punkrott: calls $3
*** TURN *** [8d Qh Jh] [6h]
punkrott: checks
AAdeninAA: checks
*** RIVER *** [8d Qh Jh 6h] [9d]
punkrott: bets $6
AAdeninAA: raises $6 to $12
punkrott: folds
Uncalled bet ($6) returned to AAdeninAA
AAdeninAA collected $29.50 from pot
AAdeninAA: doesn't show hand
*** SUMMARY ***
Total pot $30 | Rake $0.50
Board [8d Qh Jh 6h 9d]
Seat 1: AAdeninAA (button) (small blind) collected ($29.50)
Seat 2: punkrott (big blind) folded on the River


PokerStars Hand #147926497780:  Hold'em Limit ($3/$6 USD) - 2016/01/30 7:42:53 ET
Table 'Tietjen II' 2-max Seat #2 is the button
Seat 1: AAdeninAA ($60.69 in chips)
Seat 2: punkrott ($105.71 in chips)
punkrott: posts small blind $1
AAdeninAA: posts big blind $3
*** HOLE CARDS ***
punkrott: folds
Uncalled bet ($2) returned to AAdeninAA
AAdeninAA collected $2 from pot
AAdeninAA: doesn't show hand
*** SUMMARY ***
Total pot $2 | Rake $0
Seat 1: AAdeninAA (big blind) collected ($2)
Seat 2: punkrott (button) (small blind) folded before Flop


PokerStars Hand #147926565051:  Hold'em Limit ($3/$6 USD) - 2016/01/30 7:44:33 ET
Table 'Tietjen II' 2-max Seat #1 is the button
Seat 1: AAdeninAA ($100 in chips)
Seat 2: punkrott ($164.16 in chips)
AAdeninAA: posts small blind $1
punkrott: posts big blind $3
*** HOLE CARDS ***
AAdeninAA: raises $3 to $6
punkrott: calls $3
*** FLOP *** [7c 3h Qd]
punkrott: checks
AAdeninAA: bets $3
punkrott: calls $3
*** TURN *** [7c 3h Qd] [2h]
punkrott: checks
AAdeninAA: checks
*** RIVER *** [7c 3h Qd 2h] [2d]
punkrott: bets $6
AAdeninAA: folds
Uncalled bet ($6) returned to punkrott
punkrott collected $17.64 from pot
punkrott: doesn't show hand
*** SUMMARY ***
Total pot $18 | Rake $0.36
Board [7c 3h Qd 2h 2d]
Seat 1: AAdeninAA (button) (small blind) folded on the River
Seat 2: punkrott (big blind) collected ($17.64)


PokerStars Hand #147926547768:  Hold'em Limit ($3/$6 USD) - 2016/01/30 7:44:07 ET
Table 'Tietjen II' 2-max Seat #2 is the button
Seat 1: AAdeninAA ($20.19 in chips)
Seat 2: punkrott ($144.47 in chips)
punkrott: posts small blind $1
AAdeninAA: posts big blind $3
*** HOLE CARDS ***
punkrott: raises $3 to $6
AAdeninAA: raises $3 to $9
punkrott: calls $3
*** FLOP *** [Kd 8h 4s]
AAdeninAA: bets $3
punkrott: calls $3
*** TURN *** [Kd 8h 4s] [Td]
AAdeninAA: bets $6
punkrott: raises $6 to $12
AAdeninAA: calls $2.19 and is all-in
Uncalled bet ($3.81) returned to punkrott
*** RIVER *** [Kd 8h 4s Td] [6h]
*** SHOW DOWN ***
AAdeninAA: shows [8c 9d] (a pair of Eights)
punkrott: shows [Kh Qh] (a pair of Kings)
punkrott collected $39.88 from pot
*** SUMMARY ***
Total pot $40.38 | Rake $0.50
Board [Kd 8h 4s Td 6h]
Seat 1: AAdeninAA (big blind) showed [8c 9d] and lost with a pair of Eights
Seat 2: punkrott (button) (small blind) showed [Kh Qh] and won ($39.88) with a pair of Kings


PokerStars Hand #147926544859:  Hold'em Limit ($3/$6 USD) - 2016/01/30 7:44:03 ET
Table 'Tietjen II' 2-max Seat #1 is the button
Seat 1: AAdeninAA ($21.19 in chips)
Seat 2: punkrott ($143.47 in chips)
AAdeninAA: posts small blind $1
punkrott: posts big blind $3
*** HOLE CARDS ***
AAdeninAA: folds
Uncalled bet ($2) returned to punkrott
punkrott collected $2 from pot
punkrott: doesn't show hand
*** SUMMARY ***
Total pot $2 | Rake $0
Seat 1: AAdeninAA (button) (small blind) folded before Flop
Seat 2: punkrott (big blind) collected ($2)


PokerStars Hand #147926534131:  Hold'em Limit ($3/$6 USD) - 2016/01/30 7:43:47 ET
Table 'Tietjen II' 2-max Seat #2 is the button
Seat 1: AAdeninAA ($51.19 in chips)
Seat 2: punkrott ($113.97 in chips)
punkrott: posts small blind $1
AAdeninAA: posts big blind $3
*** HOLE CARDS ***
punkrott: raises $3 to $6
AAdeninAA: raises $3 to $9
punkrott: calls $3
*** FLOP *** [2d Ah 3c]
AAdeninAA: bets $3
punkrott: calls $3
*** TURN *** [2d Ah 3c] [4s]
AAdeninAA: bets $6
punkrott: calls $6
*** RIVER *** [2d Ah 3c 4s] [Ad]
AAdeninAA: bets $6
punkrott: raises $6 to $12
AAdeninAA: calls $6
*** SHOW DOWN ***
punkrott: shows [3s 3h] (a full house, Threes full of Aces)
AAdeninAA: mucks hand
punkrott collected $59.50 from pot
*** SUMMARY ***
Total pot $60 | Rake $0.50
Board [2d Ah 3c 4s Ad]
Seat 1: AAdeninAA (big blind) mucked
Seat 2: punkrott (button) (small blind) showed [3s 3h] and won ($59.50) with a full house, Threes full of Aces


PokerStars Hand #147926607671:  Hold'em Limit ($3/$6 USD) - 2016/01/30 7:45:36 ET
Table 'Tietjen II' 2-max Seat #1 is the button
Seat 1: AAdeninAA ($81.64 in chips)
Seat 2: punkrott ($181.08 in chips)
AAdeninAA: posts small blind $1
punkrott: posts big blind $3
*** HOLE CARDS ***
AAdeninAA: raises $3 to $6
punkrott: calls $3
*** FLOP *** [4d 2d Jd]
punkrott: checks
AAdeninAA: bets $3
punkrott: calls $3
*** TURN *** [4d 2d Jd] [7h]
punkrott: checks
AAdeninAA: checks
*** RIVER *** [4d 2d Jd 7h] [Qd]
punkrott: bets $6
AAdeninAA: folds
Uncalled bet ($6) returned to punkrott
punkrott collected $17.64 from pot
punkrott: doesn't show hand
*** SUMMARY ***
Total pot $18 | Rake $0.36
Board [4d 2d Jd 7h Qd]
Seat 1: AAdeninAA (button) (small blind) folded on the River
Seat 2: punkrott (big blind) collected ($17.64)


PokerStars Hand #147926604990:  Hold'em Limit ($3/$6 USD) - 2016/01/30 7:45:32 ET
Table 'Tietjen II' 2-max Seat #2 is the button
Seat 1: AAdeninAA ($80.64 in chips)
Seat 2: punkrott ($182.08 in chips)
punkrott: posts small blind $1
AAdeninAA: posts big blind $3
*** HOLE CARDS ***
punkrott: folds
Uncalled bet ($2) returned to AAdeninAA
AAdeninAA collected $2 from pot
AAdeninAA: doesn't show hand
*** SUMMARY ***
Total pot $2 | Rake $0
Seat 1: AAdeninAA (big blind) collected ($2)
Seat 2: punkrott (button) (small blind) folded before Flop


PokerStars Hand #147926602047:  Hold'em Limit ($3/$6 USD) - 2016/01/30 7:45:28 ET
Table 'Tietjen II' 2-max Seat #1 is the button
Seat 1: AAdeninAA ($81.64 in chips)
Seat 2: punkrott ($181.08 in chips)
AAdeninAA: posts small blind $1
punkrott: posts big blind $3
*** HOLE CARDS ***
AAdeninAA: folds
Uncalled bet ($2) returned to punkrott
punkrott collected $2 from pot
punkrott: doesn't show hand
*** SUMMARY ***
Total pot $2 | Rake $0
Seat 1: AAdeninAA (button) (small blind) folded before Flop
Seat 2: punkrott (big blind) collected ($2)


PokerStars Hand #147926597378:  Hold'em Limit ($3/$6 USD) - 2016/01/30 7:45:21 ET
Table 'Tietjen II' 2-max Seat #2 is the button
Seat 1: AAdeninAA ($87.64 in chips)
Seat 2: punkrott ($175.32 in chips)
punkrott: posts small blind $1
AAdeninAA: posts big blind $3
*** HOLE CARDS ***
punkrott: raises $3 to $6
AAdeninAA: calls $3
*** FLOP *** [Kc Jh 2h]
AAdeninAA: checks
punkrott: bets $3
AAdeninAA: folds
Uncalled bet ($3) returned to punkrott
punkrott collected $11.76 from pot
punkrott: doesn't show hand
*** SUMMARY ***
Total pot $12 | Rake $0.24
Board [Kc Jh 2h]
Seat 1: AAdeninAA (big blind) folded on the Flop
Seat 2: punkrott (button) (small blind) collected ($11.76)


PokerStars Hand #147926589478:  Hold'em Limit ($3/$6 USD) - 2016/01/30 7:45:09 ET
Table 'Tietjen II' 2-max Seat #1 is the button
Seat 1: AAdeninAA ($79 in chips)
Seat 2: punkrott ($184.32 in chips)
AAdeninAA: posts small blind $1
punkrott: posts big blind $3
*** HOLE CARDS ***
AAdeninAA: raises $3 to $6
punkrott: calls $3
*** FLOP *** [7s 3s 4h]
punkrott: checks
AAdeninAA: bets $3
punkrott: calls $3
*** TURN *** [7s 3s 4h] [6h]
punkrott: checks
AAdeninAA: bets $6
punkrott: folds
Uncalled bet ($6) returned to AAdeninAA
AAdeninAA collected $17.64 from pot
AAdeninAA: doesn't show hand
*** SUMMARY ***
Total pot $18 | Rake $0.36
Board [7s 3s 4h 6h]
Seat 1: AAdeninAA (button) (small blind) collected ($17.64)
Seat 2: punkrott (big blind) folded on the Turn


PokerStars Hand #147926575508:  Hold'em Limit ($3/$6 USD) - 2016/01/30 7:44:48 ET
Table 'Tietjen II' 2-max Seat #2 is the button
Seat 1: AAdeninAA ($91 in chips)
Seat 2: punkrott ($172.80 in chips)
punkrott: posts small blind $1
AAdeninAA: posts big blind $3
*** HOLE CARDS ***
punkrott: raises $3 to $6
AAdeninAA: calls $3
*** FLOP *** [Qs 4s 8h]
AAdeninAA: checks
punkrott: checks
*** TURN *** [Qs 4s 8h] [2c]
AAdeninAA: bets $6
punkrott: calls $6
*** RIVER *** [Qs 4s 8h 2c] [Qd]
AAdeninAA: checks
punkrott: checks
*** SHOW DOWN ***
AAdeninAA: shows [Ks 3s] (a pair of Queens)
punkrott: shows [2s Js] (two pair, Queens and Deuces)
punkrott collected $23.52 from pot
*** SUMMARY ***
Total pot $24 | Rake $0.48
Board [Qs 4s 8h 2c Qd]
Seat 1: AAdeninAA (big blind) showed [Ks 3s] and lost with a pair of Queens
Seat 2: punkrott (button) (small blind) showed [2s Js] and won ($23.52) with two pair, Queens and Deuces


PokerStars Hand #147926652267:  Hold'em Limit ($3/$6 USD) - 2016/01/30 7:46:42 ET
Table 'Tietjen II' 2-max Seat #1 is the button
Seat 1: AAdeninAA ($91.66 in chips)
Seat 2: punkrott ($169.48 in chips)
AAdeninAA: posts small blind $1
punkrott: posts big blind $3
*** HOLE CARDS ***
AAdeninAA: raises $3 to $6
punkrott: calls $3
*** FLOP *** [Tc 8h 9d]
punkrott: checks
AAdeninAA: checks
*** TURN *** [Tc 8h 9d] [Jc]
punkrott: checks
AAdeninAA: checks
*** RIVER *** [Tc 8h 9d Jc] [Ad]
punkrott: checks
AAdeninAA: checks
*** SHOW DOWN ***
punkrott: shows [4h 4d] (a pair of Fours)
AAdeninAA: mucks hand
punkrott collected $11.76 from pot
*** SUMMARY ***
Total pot $12 | Rake $0.24
Board [Tc 8h 9d Jc Ad]
Seat 1: AAdeninAA (button) (small blind) mucked
Seat 2: punkrott (big blind) showed [4h 4d] and won ($11.76) with a pair of Fours


PokerStars Hand #147926640702:  Hold'em Limit ($3/$6 USD) - 2016/01/30 7:46:25 ET
Table 'Tietjen II' 2-max Seat #2 is the button
Seat 1: AAdeninAA ($77.16 in chips)
Seat 2: punkrott ($184.48 in chips)
punkrott: posts small blind $1
AAdeninAA: posts big blind $3
*** HOLE CARDS ***
punkrott: raises $3 to $6
AAdeninAA: calls $3
*** FLOP *** [9h 6d 3c]
AAdeninAA: checks
punkrott: bets $3
AAdeninAA: calls $3
*** TURN *** [9h 6d 3c] [4h]
AAdeninAA: checks
punkrott: checks
*** RIVER *** [9h 6d 3c 4h] [3h]
AAdeninAA: bets $6
punkrott: calls $6
*** SHOW DOWN ***
AAdeninAA: shows [9d 6c] (two pair, Nines and Sixes)
punkrott: mucks hand
AAdeninAA collected $29.50 from pot
*** SUMMARY ***
Total pot $30 | Rake $0.50
Board [9h 6d 3c 4h 3h]
Seat 1: AAdeninAA (big blind) showed [9d 6c] and won ($29.50) with two pair, Nines and Sixes
Seat 2: punkrott (button) (small blind) mucked


PokerStars Hand #147926632649:  Hold'em Limit ($3/$6 USD) - 2016/01/30 7:46:13 ET
Table 'Tietjen II' 2-max Seat #1 is the button
Seat 1: AAdeninAA ($83.16 in chips)
Seat 2: punkrott ($178.72 in chips)
AAdeninAA: posts small blind $1
punkrott: posts big blind $3
*** HOLE CARDS ***
AAdeninAA: raises $3 to $6
punkrott: calls $3
*** FLOP *** [5h 3s 8c]
punkrott: checks
AAdeninAA: checks
*** TURN *** [5h 3s 8c] [Ah]
punkrott: checks
AAdeninAA: checks
*** RIVER *** [5h 3s 8c Ah] [Kh]
punkrott: checks
AAdeninAA: checks
*** SHOW DOWN ***
punkrott: shows [3c Tc] (a pair of Threes)
AAdeninAA: mucks hand
punkrott collected $11.76 from pot
*** SUMMARY ***
Total pot $12 | Rake $0.24
Board [5h 3s 8c Ah Kh]
Seat 1: AAdeninAA (button) (small blind) mucked
Seat 2: punkrott (big blind) showed [3c Tc] and won ($11.76) with a pair of Threes


PokerStars Hand #147926626417:  Hold'em Limit ($3/$6 USD) - 2016/01/30 7:46:04 ET
Table 'Tietjen II' 2-max Seat #2 is the button
Seat 1: AAdeninAA ($77.40 in chips)
Seat 2: punkrott ($184.72 in chips)
punkrott: posts small blind $1
AAdeninAA: posts big blind $3
*** HOLE CARDS ***
punkrott: raises $3 to $6
AAdeninAA: calls $3
*** FLOP *** [Ah 5h Qs]
AAdeninAA: bets $3
punkrott: folds
Uncalled bet ($3) returned to AAdeninAA
AAdeninAA collected $11.76 from pot
AAdeninAA: doesn't show hand
*** SUMMARY ***
Total pot $12 | Rake $0.24
Board [Ah 5h Qs]
Seat 1: AAdeninAA (big blind) collected ($11.76)
Seat 2: punkrott (button) (small blind) folded on the Flop


PokerStars Hand #147926623423:  Hold'em Limit ($3/$6 USD) - 2016/01/30 7:45:59 ET
Table 'Tietjen II' 2-max Seat #1 is the button
Seat 1: AAdeninAA ($78.40 in chips)
Seat 2: punkrott ($183.72 in chips)
AAdeninAA: posts small blind $1
punkrott: posts big blind $3
*** HOLE CARDS ***
AAdeninAA: folds
Uncalled bet ($2) returned to punkrott
punkrott collected $2 from pot
punkrott: doesn't show hand
*** SUMMARY ***
Total pot $2 | Rake $0
Seat 1: AAdeninAA (button) (small blind) folded before Flop
Seat 2: punkrott (big blind) collected ($2)


PokerStars Hand #147926615892:  Hold'em Limit ($3/$6 USD) - 2016/01/30 7:45:48 ET
Table 'Tietjen II' 2-max Seat #2 is the button
Seat 1: AAdeninAA ($72.64 in chips)
Seat 2: punkrott ($189.72 in chips)
punkrott: posts small blind $1
AAdeninAA: posts big blind $3
*** HOLE CARDS ***
punkrott: raises $3 to $6
AAdeninAA: calls $3
*** FLOP *** [As 2s 7h]
AAdeninAA: bets $3
punkrott: folds
Uncalled bet ($3) returned to AAdeninAA
AAdeninAA collected $11.76 from pot
AAdeninAA: doesn't show hand
*** SUMMARY ***
Total pot $12 | Rake $0.24
Board [As 2s 7h]
Seat 1: AAdeninAA (big blind) collected ($11.76)
Seat 2: punkrott (button) (small blind) folded on the Flop


PokerStars Hand #147926693453:  Hold'em Limit ($3/$6 USD) - 2016/01/30 7:47:43 ET
Table 'Tietjen II' 2-max Seat #2 is the button
Seat 1: AAdeninAA ($88.17 in chips)
Seat 2: punkrott ($171.75 in chips)
punkrott: posts small blind $1
AAdeninAA: posts big blind $3
*** HOLE CARDS ***
punkrott: folds
Uncalled bet ($2) returned to AAdeninAA
AAdeninAA collected $2 from pot
AAdeninAA: doesn't show hand
*** SUMMARY ***
Total pot $2 | Rake $0
Seat 1: AAdeninAA (big blind) collected ($2)
Seat 2: punkrott (button) (small blind) folded before Flop


PokerStars Hand #147926690313:  Hold'em Limit ($3/$6 USD) - 2016/01/30 7:47:38 ET
Table 'Tietjen II' 2-max Seat #1 is the button
Seat 1: AAdeninAA ($85.17 in chips)
Seat 2: punkrott ($174.75 in chips)
AAdeninAA: posts small blind $1
punkrott: posts big blind $3
*** HOLE CARDS ***
AAdeninAA: raises $3 to $6
punkrott: folds
Uncalled bet ($3) returned to AAdeninAA
AAdeninAA collected $6 from pot
AAdeninAA: doesn't show hand
*** SUMMARY ***
Total pot $6 | Rake $0
Seat 1: AAdeninAA (button) (small blind) collected ($6)
Seat 2: punkrott (big blind) folded before Flop


PokerStars Hand #147926687564:  Hold'em Limit ($3/$6 USD) - 2016/01/30 7:47:34 ET
Table 'Tietjen II' 2-max Seat #2 is the button
Seat 1: AAdeninAA ($88.17 in chips)
Seat 2: punkrott ($171.75 in chips)
punkrott: posts small blind $1
AAdeninAA: posts big blind $3
*** HOLE CARDS ***
punkrott: raises $3 to $6
AAdeninAA: folds
Uncalled bet ($3) returned to punkrott
punkrott collected $6 from pot
punkrott: doesn't show hand
*** SUMMARY ***
Total pot $6 | Rake $0
Seat 1: AAdeninAA (big blind) folded before Flop
Seat 2: punkrott (button) (small blind) collected ($6)


PokerStars Hand #147926684357:  Hold'em Limit ($3/$6 USD) - 2016/01/30 7:47:29 ET
Table 'Tietjen II' 2-max Seat #1 is the button
Seat 1: AAdeninAA ($85.17 in chips)
Seat 2: punkrott ($174.75 in chips)
AAdeninAA: posts small blind $1
punkrott: posts big blind $3
*** HOLE CARDS ***
AAdeninAA: raises $3 to $6
punkrott: folds
Uncalled bet ($3) returned to AAdeninAA
AAdeninAA collected $6 from pot
AAdeninAA: doesn't show hand
*** SUMMARY ***
Total pot $6 | Rake $0
Seat 1: AAdeninAA (button) (small blind) collected ($6)
Seat 2: punkrott (big blind) folded before Flop


PokerStars Hand #147926671249:  Hold'em Limit ($3/$6 USD) - 2016/01/30 7:47:10 ET
Table 'Tietjen II' 2-max Seat #2 is the button
Seat 1: AAdeninAA ($85.42 in chips)
Seat 2: punkrott ($175 in chips)
punkrott: posts small blind $1
AAdeninAA: posts big blind $3
*** HOLE CARDS ***
punkrott: raises $3 to $6
AAdeninAA: calls $3
*** FLOP *** [2h Ah 5c]
AAdeninAA: bets $3
punkrott: calls $3
*** TURN *** [2h Ah 5c] [Ks]
AAdeninAA: checks
punkrott: bets $6
AAdeninAA: raises $6 to $12
punkrott: calls $6
*** RIVER *** [2h Ah 5c Ks] [Js]
AAdeninAA: bets $6
punkrott: calls $6
*** SHOW DOWN ***
AAdeninAA: shows [Ac 6c] (a pair of Aces)
punkrott: shows [6d As] (a pair of Aces)
AAdeninAA collected $26.75 from pot
punkrott collected $26.75 from pot
*** SUMMARY ***
Total pot $54 | Rake $0.50
Board [2h Ah 5c Ks Js]
Seat 1: AAdeninAA (big blind) showed [Ac 6c] and won ($26.75) with a pair of Aces
Seat 2: punkrott (button) (small blind) showed [6d As] and won ($26.75) with a pair of Aces


PokerStars Hand #147926666155:  Hold'em Limit ($3/$6 USD) - 2016/01/30 7:47:03 ET
Table 'Tietjen II' 2-max Seat #1 is the button
Seat 1: AAdeninAA ($79.66 in chips)
Seat 2: punkrott ($181 in chips)
AAdeninAA: posts small blind $1
punkrott: posts big blind $3
*** HOLE CARDS ***
AAdeninAA: raises $3 to $6
punkrott: calls $3
*** FLOP *** [4d Kd Jc]
punkrott: checks
AAdeninAA: bets $3
punkrott: folds
Uncalled bet ($3) returned to AAdeninAA
AAdeninAA collected $11.76 from pot
AAdeninAA: doesn't show hand
*** SUMMARY ***
Total pot $12 | Rake $0.24
Board [4d Kd Jc]
Seat 1: AAdeninAA (button) (small blind) collected ($11.76)
Seat 2: punkrott (big blind) folded on the Flop


PokerStars Hand #147926661294:  Hold'em Limit ($3/$6 USD) - 2016/01/30 7:46:55 ET
Table 'Tietjen II' 2-max Seat #2 is the button
Seat 1: AAdeninAA ($85.66 in chips)
Seat 2: punkrott ($175.24 in chips)
punkrott: posts small blind $1
AAdeninAA: posts big blind $3
*** HOLE CARDS ***
punkrott: raises $3 to $6
AAdeninAA: calls $3
*** FLOP *** [2d 2s Qh]
AAdeninAA: checks
punkrott: bets $3
AAdeninAA: folds
Uncalled bet ($3) returned to punkrott
punkrott collected $11.76 from pot
punkrott: doesn't show hand
*** SUMMARY ***
Total pot $12 | Rake $0.24
Board [2d 2s Qh]
Seat 1: AAdeninAA (big blind) folded on the Flop
Seat 2: punkrott (button) (small blind) collected ($11.76)


PokerStars Hand #147926735146:  Hold'em Limit ($3/$6 USD) - 2016/01/30 7:48:44 ET
Table 'Tietjen II' 2-max Seat #2 is the button
Seat 1: AAdeninAA ($86.68 in chips)
Seat 2: punkrott ($172 in chips)
punkrott: posts small blind $1
AAdeninAA: posts big blind $3
*** HOLE CARDS ***
punkrott: raises $3 to $6
AAdeninAA: calls $3
*** FLOP *** [Js Jd Ts]
AAdeninAA: checks
punkrott: bets $3
AAdeninAA: folds
Uncalled bet ($3) returned to punkrott
punkrott collected $11.76 from pot
punkrott: doesn't show hand
*** SUMMARY ***
Total pot $12 | Rake $0.24
Board [Js Jd Ts]
Seat 1: AAdeninAA (big blind) folded on the Flop
Seat 2: punkrott (button) (small blind) collected ($11.76)


PokerStars Hand #147926731445:  Hold'em Limit ($3/$6 USD) - 2016/01/30 7:48:39 ET
Table 'Tietjen II' 2-max Seat #1 is the button
Seat 1: AAdeninAA ($83.68 in chips)
Seat 2: punkrott ($175 in chips)
AAdeninAA: posts small blind $1
punkrott: posts big blind $3
*** HOLE CARDS ***
AAdeninAA: raises $3 to $6
punkrott: folds
Uncalled bet ($3) returned to AAdeninAA
AAdeninAA collected $6 from pot
AAdeninAA: doesn't show hand
*** SUMMARY ***
Total pot $6 | Rake $0
Seat 1: AAdeninAA (button) (small blind) collected ($6)
Seat 2: punkrott (big blind) folded before Flop


PokerStars Hand #147926722322:  Hold'em Limit ($3/$6 USD) - 2016/01/30 7:48:25 ET
Table 'Tietjen II' 2-max Seat #2 is the button
Seat 1: AAdeninAA ($83.93 in chips)
Seat 2: punkrott ($175.25 in chips)
punkrott: posts small blind $1
AAdeninAA: posts big blind $3
*** HOLE CARDS ***
punkrott: raises $3 to $6
AAdeninAA: calls $3
*** FLOP *** [3h 4s 4d]
AAdeninAA: checks
punkrott: bets $3
AAdeninAA: calls $3
*** TURN *** [3h 4s 4d] [Ac]
AAdeninAA: checks
punkrott: checks
*** RIVER *** [3h 4s 4d Ac] [Ah]
AAdeninAA: bets $6
punkrott: calls $6
*** SHOW DOWN ***
AAdeninAA: shows [6h Ks] (two pair, Aces and Fours)
punkrott: shows [Kh 8h] (two pair, Aces and Fours)
AAdeninAA collected $14.75 from pot
punkrott collected $14.75 from pot
*** SUMMARY ***
Total pot $30 | Rake $0.50
Board [3h 4s 4d Ac Ah]
Seat 1: AAdeninAA (big blind) showed [6h Ks] and won ($14.75) with two pair, Aces and Fours
Seat 2: punkrott (button) (small blind) showed [Kh 8h] and won ($14.75) with two pair, Aces and Fours


PokerStars Hand #147926719234:  Hold'em Limit ($3/$6 USD) - 2016/01/30 7:48:21 ET
Table 'Tietjen II' 2-max Seat #1 is the button
Seat 1: AAdeninAA ($80.93 in chips)
Seat 2: punkrott ($178.25 in chips)
AAdeninAA: posts small blind $1
punkrott: posts big blind $3
*** HOLE CARDS ***
AAdeninAA: raises $3 to $6
punkrott: folds
Uncalled bet ($3) returned to AAdeninAA
AAdeninAA collected $6 from pot
AAdeninAA: doesn't show hand
*** SUMMARY ***
Total pot $6 | Rake $0
Seat 1: AAdeninAA (button) (small blind) collected ($6)
Seat 2: punkrott (big blind) folded before Flop


PokerStars Hand #147926716369:  Hold'em Limit ($3/$6 USD) - 2016/01/30 7:48:17 ET
Table 'Tietjen II' 2-max Seat #2 is the button
Seat 1: AAdeninAA ($79.93 in chips)
Seat 2: punkrott ($179.25 in chips)
punkrott: posts small blind $1
AAdeninAA: posts big blind $3
*** HOLE CARDS ***
punkrott: folds
Uncalled bet ($2) returned to AAdeninAA
AAdeninAA collected $2 from pot
AAdeninAA: doesn't show hand
*** SUMMARY ***
Total pot $2 | Rake $0
Seat 1: AAdeninAA (big blind) collected ($2)
Seat 2: punkrott (button) (small blind) folded before Flop


PokerStars Hand #147926713032:  Hold'em Limit ($3/$6 USD) - 2016/01/30 7:48:12 ET
Table 'Tietjen II' 2-max Seat #1 is the button
Seat 1: AAdeninAA ($76.93 in chips)
Seat 2: punkrott ($182.25 in chips)
AAdeninAA: posts small blind $1
punkrott: posts big blind $3
*** HOLE CARDS ***
AAdeninAA: raises $3 to $6
punkrott: folds
Uncalled bet ($3) returned to AAdeninAA
AAdeninAA collected $6 from pot
AAdeninAA: doesn't show hand
*** SUMMARY ***
Total pot $6 | Rake $0
Seat 1: AAdeninAA (button) (small blind) collected ($6)
Seat 2: punkrott (big blind) folded before Flop


PokerStars Hand #147926706179:  Hold'em Limit ($3/$6 USD) - 2016/01/30 7:48:01 ET
Table 'Tietjen II' 2-max Seat #2 is the button
Seat 1: AAdeninAA ($71.17 in chips)
Seat 2: punkrott ($188.25 in chips)
punkrott: posts small blind $1
AAdeninAA: posts big blind $3
*** HOLE CARDS ***
punkrott: raises $3 to $6
AAdeninAA: calls $3
*** FLOP *** [3s 2s Jd]
AAdeninAA: checks
punkrott: checks
*** TURN *** [3s 2s Jd] [Td]
AAdeninAA: bets $6
punkrott: folds
Uncalled bet ($6) returned to AAdeninAA
AAdeninAA collected $11.76 from pot
AAdeninAA: doesn't show hand
*** SUMMARY ***
Total pot $12 | Rake $0.24
Board [3s 2s Jd Td]
Seat 1: AAdeninAA (big blind) collected ($11.76)
Seat 2: punkrott (button) (small blind) folded on the Turn


PokerStars Hand #147926696168:  Hold'em Limit ($3/$6 USD) - 2016/01/30 7:47:47 ET
Table 'Tietjen II' 2-max Seat #1 is the button
Seat 1: AAdeninAA ($89.17 in chips)
Seat 2: punkrott ($170.75 in chips)
AAdeninAA: posts small blind $1
punkrott: posts big blind $3
*** HOLE CARDS ***
AAdeninAA: raises $3 to $6
punkrott: calls $3
*** FLOP *** [Kh 6s 5s]
punkrott: checks
AAdeninAA: bets $3
punkrott: raises $3 to $6
AAdeninAA: calls $3
*** TURN *** [Kh 6s 5s] [4s]
punkrott: bets $6
AAdeninAA: calls $6
*** RIVER *** [Kh 6s 5s 4s] [Jh]
punkrott: bets $6
AAdeninAA: folds
Uncalled bet ($6) returned to punkrott
punkrott collected $35.50 from pot
punkrott: doesn't show hand
*** SUMMARY ***
Total pot $36 | Rake $0.50
Board [Kh 6s 5s 4s Jh]
Seat 1: AAdeninAA (button) (small blind) folded on the River
Seat 2: punkrott (big blind) collected ($35.50)


PokerStars Hand #147926766034:  Hold'em Limit ($3/$6 USD) - 2016/01/30 7:49:30 ET
Table 'Tietjen II' 2-max Seat #1 is the button
Seat 1: AAdeninAA ($98.18 in chips)
Seat 2: punkrott ($159.52 in chips)
AAdeninAA: posts small blind $1
punkrott: posts big blind $3
*** HOLE CARDS ***
AAdeninAA: raises $3 to $6
punkrott: calls $3
*** FLOP *** [Js 7c 5h]
punkrott: checks
AAdeninAA: checks
*** TURN *** [Js 7c 5h] [Tc]
punkrott: bets $6
AAdeninAA: calls $6
*** RIVER *** [Js 7c 5h Tc] [Ts]
punkrott: bets $6
AAdeninAA: raises $6 to $12
punkrott: folds
Uncalled bet ($6) returned to AAdeninAA
AAdeninAA collected $35.50 from pot
AAdeninAA: doesn't show hand
*** SUMMARY ***
Total pot $36 | Rake $0.50
Board [Js 7c 5h Tc Ts]
Seat 1: AAdeninAA (button) (small blind) collected ($35.50)
Seat 2: punkrott (big blind) folded on the River


PokerStars Hand #147926759792:  Hold'em Limit ($3/$6 USD) - 2016/01/30 7:49:21 ET
Table 'Tietjen II' 2-max Seat #2 is the button
Seat 1: AAdeninAA ($104.18 in chips)
Seat 2: punkrott ($153.76 in chips)
punkrott: posts small blind $1
AAdeninAA: posts big blind $3
*** HOLE CARDS ***
punkrott: raises $3 to $6
AAdeninAA: calls $3
*** FLOP *** [Kc 5d 5h]
AAdeninAA: checks
punkrott: bets $3
AAdeninAA: folds
Uncalled bet ($3) returned to punkrott
punkrott collected $11.76 from pot
punkrott: doesn't show hand
*** SUMMARY ***
Total pot $12 | Rake $0.24
Board [Kc 5d 5h]
Seat 1: AAdeninAA (big blind) folded on the Flop
Seat 2: punkrott (button) (small blind) collected ($11.76)


PokerStars Hand #147926741228:  Hold'em Limit ($3/$6 USD) - 2016/01/30 7:48:53 ET
Table 'Tietjen II' 2-max Seat #1 is the button
Seat 1: AAdeninAA ($80.68 in chips)
Seat 2: punkrott ($177.76 in chips)
AAdeninAA: posts small blind $1
punkrott: posts big blind $3
*** HOLE CARDS ***
AAdeninAA: raises $3 to $6
punkrott: calls $3
*** FLOP *** [6d Kh 2d]
punkrott: checks
AAdeninAA: bets $3
punkrott: raises $3 to $6
AAdeninAA: calls $3
*** TURN *** [6d Kh 2d] [As]
punkrott: bets $6
AAdeninAA: calls $6
*** RIVER *** [6d Kh 2d As] [Qc]
punkrott: bets $6
AAdeninAA: raises $6 to $12
punkrott: folds
Uncalled bet ($6) returned to AAdeninAA
AAdeninAA collected $47.50 from pot
AAdeninAA: doesn't show hand
*** SUMMARY ***
Total pot $48 | Rake $0.50
Board [6d Kh 2d As Qc]
Seat 1: AAdeninAA (button) (small blind) collected ($47.50)
Seat 2: punkrott (big blind) folded on the River


PokerStars Hand #147926806726:  Hold'em Limit ($3/$6 USD) - 2016/01/30 7:50:30 ET
Table 'Tietjen II' 2-max Seat #2 is the button
Seat 1: AAdeninAA ($101.68 in chips)
Seat 2: punkrott ($155.04 in chips)
punkrott: posts small blind $1
AAdeninAA: posts big blind $3
*** HOLE CARDS ***
punkrott: raises $3 to $6
AAdeninAA: calls $3
*** FLOP *** [5c 9s 2s]
AAdeninAA: checks
punkrott: checks
*** TURN *** [5c 9s 2s] [8s]
AAdeninAA: bets $6
punkrott: calls $6
*** RIVER *** [5c 9s 2s 8s] [Kc]
AAdeninAA: bets $6
punkrott: calls $6
*** SHOW DOWN ***
AAdeninAA: shows [6h 6d] (a pair of Sixes)
punkrott: mucks hand
AAdeninAA collected $35.50 from pot
*** SUMMARY ***
Total pot $36 | Rake $0.50
Board [5c 9s 2s 8s Kc]
Seat 1: AAdeninAA (big blind) showed [6h 6d] and won ($35.50) with a pair of Sixes
Seat 2: punkrott (button) (small blind) mucked


PokerStars Hand #147926804010:  Hold'em Limit ($3/$6 USD) - 2016/01/30 7:50:26 ET
Table 'Tietjen II' 2-max Seat #1 is the button
Seat 1: AAdeninAA ($102.68 in chips)
Seat 2: punkrott ($154.04 in chips)
AAdeninAA: posts small blind $1
punkrott: posts big blind $3
*** HOLE CARDS ***
AAdeninAA: folds
Uncalled bet ($2) returned to punkrott
punkrott collected $2 from pot
punkrott: doesn't show hand
*** SUMMARY ***
Total pot $2 | Rake $0
Seat 1: AAdeninAA (button) (small blind) folded before Flop
Seat 2: punkrott (big blind) collected ($2)


PokerStars Hand #147926798731:  Hold'em Limit ($3/$6 USD) - 2016/01/30 7:50:18 ET
Table 'Tietjen II' 2-max Seat #2 is the button
Seat 1: AAdeninAA ($108.68 in chips)
Seat 2: punkrott ($148.28 in chips)
punkrott: posts small blind $1
AAdeninAA: posts big blind $3
*** HOLE CARDS ***
punkrott: raises $3 to $6
AAdeninAA: calls $3
*** FLOP *** [8d Ah 9c]
AAdeninAA: checks
punkrott: bets $3
AAdeninAA: folds
Uncalled bet ($3) returned to punkrott
punkrott collected $11.76 from pot
punkrott: doesn't show hand
*** SUMMARY ***
Total pot $12 | Rake $0.24
Board [8d Ah 9c]
Seat 1: AAdeninAA (big blind) folded on the Flop
Seat 2: punkrott (button) (small blind) collected ($11.76)


PokerStars Hand #147926796115:  Hold'em Limit ($3/$6 USD) - 2016/01/30 7:50:14 ET
Table 'Tietjen II' 2-max Seat #1 is the button
Seat 1: AAdeninAA ($109.68 in chips)
Seat 2: punkrott ($147.28 in chips)
AAdeninAA: posts small blind $1
punkrott: posts big blind $3
*** HOLE CARDS ***
AAdeninAA: folds
Uncalled bet ($2) returned to punkrott
punkrott collected $2 from pot
punkrott: doesn't show hand
*** SUMMARY ***
Total pot $2 | Rake $0
Seat 1: AAdeninAA (button) (small blind) folded before Flop
Seat 2: punkrott (big blind) collected ($2)


PokerStars Hand #147926781948:  Hold'em Limit ($3/$6 USD) - 2016/01/30 7:49:53 ET
Table 'Tietjen II' 2-max Seat #2 is the button
Seat 1: AAdeninAA ($115.68 in chips)
Seat 2: punkrott ($141.52 in chips)
punkrott: posts small blind $1
AAdeninAA: posts big blind $3
*** HOLE CARDS ***
punkrott: raises $3 to $6
AAdeninAA: calls $3
*** FLOP *** [8s Js 6h]
AAdeninAA: checks
punkrott: checks
*** TURN *** [8s Js 6h] [Jd]
AAdeninAA: checks
punkrott: bets $6
AAdeninAA: folds
Uncalled bet ($6) returned to punkrott
punkrott collected $11.76 from pot
punkrott: doesn't show hand
*** SUMMARY ***
Total pot $12 | Rake $0.24
Board [8s Js 6h Jd]
Seat 1: AAdeninAA (big blind) folded on the Turn
Seat 2: punkrott (button) (small blind) collected ($11.76)


PokerStars Hand #147926860802:  Hold'em Limit ($3/$6 USD) - 2016/01/30 7:51:50 ET
Table 'Tietjen II' 2-max Seat #2 is the button
Seat 1: AAdeninAA ($93.93 in chips)
Seat 2: punkrott ($160.95 in chips)
punkrott: posts small blind $1
AAdeninAA: posts big blind $3
*** HOLE CARDS ***
punkrott: raises $3 to $6
AAdeninAA: folds
Uncalled bet ($3) returned to punkrott
punkrott collected $6 from pot
punkrott: doesn't show hand
*** SUMMARY ***
Total pot $6 | Rake $0
Seat 1: AAdeninAA (big blind) folded before Flop
Seat 2: punkrott (button) (small blind) collected ($6)


PokerStars Hand #147926851301:  Hold'em Limit ($3/$6 USD) - 2016/01/30 7:51:36 ET
Table 'Tietjen II' 2-max Seat #1 is the button
Seat 1: AAdeninAA ($105.93 in chips)
Seat 2: punkrott ($149.43 in chips)
AAdeninAA: posts small blind $1
punkrott: posts big blind $3
*** HOLE CARDS ***
AAdeninAA: raises $3 to $6
punkrott: calls $3
*** FLOP *** [Ts 5c Td]
punkrott: checks
AAdeninAA: checks
*** TURN *** [Ts 5c Td] [5s]
punkrott: checks
AAdeninAA: bets $6
punkrott: raises $6 to $12
AAdeninAA: folds
Uncalled bet ($6) returned to punkrott
punkrott collected $23.52 from pot
punkrott: doesn't show hand
*** SUMMARY ***
Total pot $24 | Rake $0.48
Board [Ts 5c Td 5s]
Seat 1: AAdeninAA (button) (small blind) folded on the Turn
Seat 2: punkrott (big blind) collected ($23.52)


PokerStars Hand #147926841987:  Hold'em Limit ($3/$6 USD) - 2016/01/30 7:51:22 ET
Table 'Tietjen II' 2-max Seat #2 is the button
Seat 1: AAdeninAA ($114.93 in chips)
Seat 2: punkrott ($140.79 in chips)
punkrott: posts small blind $1
AAdeninAA: posts big blind $3
*** HOLE CARDS ***
punkrott: raises $3 to $6
AAdeninAA: calls $3
*** FLOP *** [Qh Ts 9s]
AAdeninAA: checks
punkrott: bets $3
AAdeninAA: calls $3
*** TURN *** [Qh Ts 9s] [2c]
AAdeninAA: checks
punkrott: bets $6
AAdeninAA: folds
Uncalled bet ($6) returned to punkrott
punkrott collected $17.64 from pot
punkrott: doesn't show hand
*** SUMMARY ***
Total pot $18 | Rake $0.36
Board [Qh Ts 9s 2c]
Seat 1: AAdeninAA (big blind) folded on the Turn
Seat 2: punkrott (button) (small blind) collected ($17.64)


PokerStars Hand #147926830466:  Hold'em Limit ($3/$6 USD) - 2016/01/30 7:51:05 ET
Table 'Tietjen II' 2-max Seat #1 is the button
Seat 1: AAdeninAA ($115.18 in chips)
Seat 2: punkrott ($141.04 in chips)
AAdeninAA: posts small blind $1
punkrott: posts big blind $3
*** HOLE CARDS ***
AAdeninAA: raises $3 to $6
punkrott: calls $3
*** FLOP *** [5c Ks Kc]
punkrott: checks
AAdeninAA: bets $3
punkrott: raises $3 to $6
AAdeninAA: calls $3
*** TURN *** [5c Ks Kc] [Ts]
punkrott: bets $6
AAdeninAA: calls $6
*** RIVER *** [5c Ks Kc Ts] [Js]
punkrott: bets $6
AAdeninAA: raises $6 to $12
punkrott: calls $6
*** SHOW DOWN ***
AAdeninAA: shows [Kh 6h] (three of a kind, Kings)
punkrott: shows [Kd 3s] (three of a kind, Kings)
punkrott collected $29.75 from pot
AAdeninAA collected $29.75 from pot
*** SUMMARY ***
Total pot $60 | Rake $0.50
Board [5c Ks Kc Ts Js]
Seat 1: AAdeninAA (button) (small blind) showed [Kh 6h] and won ($29.75) with three of a kind, Kings
Seat 2: punkrott (big blind) showed [Kd 3s] and won ($29.75) with three of a kind, Kings


PokerStars Hand #147926826576:  Hold'em Limit ($3/$6 USD) - 2016/01/30 7:51:00 ET
Table 'Tietjen II' 2-max Seat #2 is the button
Seat 1: AAdeninAA ($118.18 in chips)
Seat 2: punkrott ($138.04 in chips)
punkrott: posts small blind $1
AAdeninAA: posts big blind $3
*** HOLE CARDS ***
punkrott: raises $3 to $6
AAdeninAA: folds
Uncalled bet ($3) returned to punkrott
punkrott collected $6 from pot
punkrott: doesn't show hand
*** SUMMARY ***
Total pot $6 | Rake $0
Seat 1: AAdeninAA (big blind) folded before Flop
Seat 2: punkrott (button) (small blind) collected ($6)


PokerStars Hand #147926823815:  Hold'em Limit ($3/$6 USD) - 2016/01/30 7:50:56 ET
Table 'Tietjen II' 2-max Seat #1 is the button
Seat 1: AAdeninAA ($119.18 in chips)
Seat 2: punkrott ($137.04 in chips)
AAdeninAA: posts small blind $1
punkrott: posts big blind $3
*** HOLE CARDS ***
AAdeninAA: folds
Uncalled bet ($2) returned to punkrott
punkrott collected $2 from pot
punkrott: doesn't show hand
*** SUMMARY ***
Total pot $2 | Rake $0
Seat 1: AAdeninAA (button) (small blind) folded before Flop
Seat 2: punkrott (big blind) collected ($2)


PokerStars Hand #147926873538:  Hold'em Limit ($3/$6 USD) - 2016/01/30 7:52:09 ET
Table 'Tietjen II' 2-max Seat #2 is the button
Seat 1: AAdeninAA ($93.93 in chips)
Seat 2: punkrott ($160.95 in chips)
punkrott: posts small blind $1
AAdeninAA: posts big blind $3
*** HOLE CARDS ***
punkrott: raises $3 to $6
AAdeninAA: raises $3 to $9
punkrott: calls $3
*** FLOP *** [7c 2h 3c]
AAdeninAA: bets $3
punkrott: calls $3
*** TURN *** [7c 2h 3c] [Tc]
AAdeninAA: bets $6
punkrott: calls $6
*** RIVER *** [7c 2h 3c Tc] [Kc]
AAdeninAA: bets $6
punkrott: calls $6
*** SHOW DOWN ***
AAdeninAA: shows [3s Ah] (a pair of Threes)
punkrott: shows [7d 6d] (a pair of Sevens)
punkrott collected $47.50 from pot
*** SUMMARY ***
Total pot $48 | Rake $0.50
Board [7c 2h 3c Tc Kc]
Seat 1: AAdeninAA (big blind) showed [3s Ah] and lost with a pair of Threes
Seat 2: punkrott (button) (small blind) showed [7d 6d] and won ($47.50) with a pair of Sevens


PokerStars Hand #147926869648:  Hold'em Limit ($3/$6 USD) - 2016/01/30 7:52:03 ET
Table 'Tietjen II' 2-max Seat #1 is the button
Seat 1: AAdeninAA ($90.93 in chips)
Seat 2: punkrott ($163.95 in chips)
AAdeninAA: posts small blind $1
punkrott: posts big blind $3
*** HOLE CARDS ***
AAdeninAA: raises $3 to $6
punkrott: folds
Uncalled bet ($3) returned to AAdeninAA
AAdeninAA collected $6 from pot
AAdeninAA: doesn't show hand
*** SUMMARY ***
Total pot $6 | Rake $0
Seat 1: AAdeninAA (button) (small blind) collected ($6)
Seat 2: punkrott (big blind) folded before Flop


PokerStars Hand #147926866530:  Hold'em Limit ($3/$6 USD) - 2016/01/30 7:51:59 ET
Table 'Tietjen II' 2-max Seat #2 is the button
Seat 1: AAdeninAA ($93.93 in chips)
Seat 2: punkrott ($160.95 in chips)
punkrott: posts small blind $1
AAdeninAA: posts big blind $3
*** HOLE CARDS ***
punkrott: raises $3 to $6
AAdeninAA: folds
Uncalled bet ($3) returned to punkrott
punkrott collected $6 from pot
punkrott: doesn't show hand
*** SUMMARY ***
Total pot $6 | Rake $0
Seat 1: AAdeninAA (big blind) folded before Flop
Seat 2: punkrott (button) (small blind) collected ($6)


PokerStars Hand #147926863667:  Hold'em Limit ($3/$6 USD) - 2016/01/30 7:51:54 ET
Table 'Tietjen II' 2-max Seat #1 is the button
Seat 1: AAdeninAA ($90.93 in chips)
Seat 2: punkrott ($163.95 in chips)
AAdeninAA: posts small blind $1
punkrott: posts big blind $3
*** HOLE CARDS ***
AAdeninAA: raises $3 to $6
punkrott: folds
Uncalled bet ($3) returned to AAdeninAA
AAdeninAA collected $6 from pot
AAdeninAA: doesn't show hand
*** SUMMARY ***
Total pot $6 | Rake $0
Seat 1: AAdeninAA (button) (small blind) collected ($6)
Seat 2: punkrott (big blind) folded before Flop


PokerStars Hand #147926931872:  Hold'em Limit ($3/$6 USD) - 2016/01/30 7:53:35 ET
Table 'Tietjen II' 2-max Seat #1 is the button
Seat 1: AAdeninAA ($21.93 in chips)
Seat 2: punkrott ($231.45 in chips)
AAdeninAA: posts small blind $1
punkrott: posts big blind $3
*** HOLE CARDS ***
AAdeninAA: raises $3 to $6
punkrott: folds
Uncalled bet ($3) returned to AAdeninAA
AAdeninAA collected $6 from pot
AAdeninAA: doesn't show hand
*** SUMMARY ***
Total pot $6 | Rake $0
Seat 1: AAdeninAA (button) (small blind) collected ($6)
Seat 2: punkrott (big blind) folded before Flop


PokerStars Hand #147926919651:  Hold'em Limit ($3/$6 USD) - 2016/01/30 7:53:17 ET
Table 'Tietjen II' 2-max Seat #2 is the button
Seat 1: AAdeninAA ($39.93 in chips)
Seat 2: punkrott ($213.95 in chips)
punkrott: posts small blind $1
AAdeninAA: posts big blind $3
*** HOLE CARDS ***
punkrott: raises $3 to $6
AAdeninAA: raises $3 to $9
punkrott: calls $3
*** FLOP *** [Ah 9c 8d]
AAdeninAA: bets $3
punkrott: calls $3
*** TURN *** [Ah 9c 8d] [2d]
AAdeninAA: bets $6
punkrott: raises $6 to $12
AAdeninAA: folds
Uncalled bet ($6) returned to punkrott
punkrott collected $35.50 from pot
punkrott: doesn't show hand
*** SUMMARY ***
Total pot $36 | Rake $0.50
Board [Ah 9c 8d 2d]
Seat 1: AAdeninAA (big blind) folded on the Turn
Seat 2: punkrott (button) (small blind) collected ($35.50)


PokerStars Hand #147926899156:  Hold'em Limit ($3/$6 USD) - 2016/01/30 7:52:47 ET
Table 'Tietjen II' 2-max Seat #1 is the button
Seat 1: AAdeninAA ($69.93 in chips)
Seat 2: punkrott ($184.45 in chips)
AAdeninAA: posts small blind $1
punkrott: posts big blind $3
*** HOLE CARDS ***
AAdeninAA: raises $3 to $6
punkrott: raises $3 to $9
AAdeninAA: calls $3
*** FLOP *** [Ah Ts 2s]
punkrott: bets $3
AAdeninAA: calls $3
*** TURN *** [Ah Ts 2s] [Tc]
punkrott: bets $6
AAdeninAA: raises $6 to $12
punkrott: calls $6
*** RIVER *** [Ah Ts 2s Tc] [4d]
punkrott: checks
AAdeninAA: bets $6
punkrott: calls $6
*** SHOW DOWN ***
AAdeninAA: shows [Js Qh] (a pair of Tens)
punkrott: shows [8d 8h] (two pair, Tens and Eights)
punkrott collected $59.50 from pot
*** SUMMARY ***
Total pot $60 | Rake $0.50
Board [Ah Ts 2s Tc 4d]
Seat 1: AAdeninAA (button) (small blind) showed [Js Qh] and lost with a pair of Tens
Seat 2: punkrott (big blind) showed [8d 8h] and won ($59.50) with two pair, Tens and Eights


PokerStars Hand #147926934876:  Hold'em Limit ($3/$6 USD) - 2016/01/30 7:53:40 ET
Table 'Tietjen II' 2-max Seat #2 is the button
Seat 1: AAdeninAA ($24.93 in chips)
Seat 2: punkrott ($228.45 in chips)
punkrott: posts small blind $1
AAdeninAA: posts big blind $3
*** HOLE CARDS ***
punkrott: raises $3 to $6
AAdeninAA: calls $3
*** FLOP *** [Ad 4s As]
AAdeninAA: checks
punkrott: bets $3
AAdeninAA: raises $3 to $6
punkrott: calls $3
*** TURN *** [Ad 4s As] [Ts]
AAdeninAA: bets $6
punkrott: calls $6
*** RIVER *** [Ad 4s As Ts] [4h]
AAdeninAA: bets $6
punkrott: calls $6
*** SHOW DOWN ***
AAdeninAA: shows [Kd 6c] (two pair, Aces and Fours)
punkrott: shows [9s 9c] (two pair, Aces and Nines)
punkrott collected $47.50 from pot
*** SUMMARY ***
Total pot $48 | Rake $0.50
Board [Ad 4s As Ts 4h]
Seat 1: AAdeninAA (big blind) showed [Kd 6c] and lost with two pair, Aces and Fours
Seat 2: punkrott (button) (small blind) showed [9s 9c] and won ($47.50) with two pair, Aces and Nines


PokerStars Hand #147927925886:  Hold'em Limit ($3/$6 USD) - 2016/01/30 8:17:25 ET
Table 'Tietjen II' 2-max Seat #2 is the button
Seat 1: gaary10 ($5.30 in chips)
Seat 2: elifnur2008 ($125.26 in chips)
elifnur2008: posts small blind $1
gaary10: posts big blind $3
*** HOLE CARDS ***
elifnur2008: folds
Uncalled bet ($2) returned to gaary10
gaary10 collected $2 from pot
gaary10: doesn't show hand
*** SUMMARY ***
Total pot $2 | Rake $0
Seat 1: gaary10 (big blind) collected ($2)
Seat 2: elifnur2008 (button) (small blind) folded before Flop


PokerStars Hand #147927910152:  Hold'em Limit ($3/$6 USD) - 2016/01/30 8:17:04 ET
Table 'Tietjen II' 2-max Seat #1 is the button
Seat 1: gaary10 ($35.30 in chips)
Seat 2: elifnur2008 ($95.76 in chips)
gaary10: posts small blind $1
elifnur2008: posts big blind $3
*** HOLE CARDS ***
gaary10: raises $3 to $6
elifnur2008: raises $3 to $9
gaary10: calls $3
*** FLOP *** [Ac Jh 7s]
elifnur2008: bets $3
gaary10: calls $3
*** TURN *** [Ac Jh 7s] [5d]
elifnur2008: bets $6
gaary10: raises $6 to $12
elifnur2008: calls $6
*** RIVER *** [Ac Jh 7s 5d] [4h]
elifnur2008: checks
gaary10: bets $6
elifnur2008: calls $6
*** SHOW DOWN ***
gaary10: shows [6h Ks] (high card Ace)
elifnur2008: shows [8s 8c] (a pair of Eights)
elifnur2008 collected $59.50 from pot
*** SUMMARY ***
Total pot $60 | Rake $0.50
Board [Ac Jh 7s 5d 4h]
Seat 1: gaary10 (button) (small blind) showed [6h Ks] and lost with high card Ace
Seat 2: elifnur2008 (big blind) showed [8s 8c] and won ($59.50) with a pair of Eights


PokerStars Hand #147927930292:  Hold'em Limit ($3/$6 USD) - 2016/01/30 8:17:31 ET
Table 'Tietjen II' 2-max Seat #1 is the button
Seat 1: gaary10 ($6.30 in chips)
Seat 2: elifnur2008 ($124.26 in chips)
gaary10: posts small blind $1
elifnur2008: posts big blind $3
*** HOLE CARDS ***
gaary10: raises $3 to $6
elifnur2008: calls $3
*** FLOP *** [7s 3c As]
elifnur2008: checks
gaary10: bets $0.30 and is all-in
elifnur2008: calls $0.30
*** TURN *** [7s 3c As] [3d]
*** RIVER *** [7s 3c As 3d] [8h]
*** SHOW DOWN ***
elifnur2008: shows [Js 8d] (two pair, Eights and Threes)
gaary10: shows [Jd 6s] (a pair of Threes)
elifnur2008 collected $12.35 from pot
*** SUMMARY ***
Total pot $12.60 | Rake $0.25
Board [7s 3c As 3d 8h]
Seat 1: gaary10 (button) (small blind) showed [Jd 6s] and lost with a pair of Threes
Seat 2: elifnur2008 (big blind) showed [Js 8d] and won ($12.35) with two pair, Eights and Threes


