PokerStars Hand #161995899160:  Hold'em Limit ($3/$6 USD) - 2016/11/26 13:01:33 ET
Table 'Tietjen III' 10-max Seat #9 is the button
Seat 5: 35Front9 ($65.76 in chips)
Seat 9: LifeisagameX ($54 in chips)
LifeisagameX: posts small blind $1
35Front9: posts big blind $3
*** HOLE CARDS ***
LifeisagameX: raises $3 to $6
35Front9: calls $3
*** FLOP *** [4d Kd 9c]
35Front9: checks
LifeisagameX: checks
*** TURN *** [4d Kd 9c] [2h]
35Front9: checks
LifeisagameX: checks
*** RIVER *** [4d Kd 9c 2h] [Ah]
35Front9: checks
LifeisagameX: checks
*** SHOW DOWN ***
35Front9: shows [6d 7c] (high card Ace)
LifeisagameX: shows [Qh 5d] (high card Ace - King+Queen kicker)
LifeisagameX collected $11.76 from pot
*** SUMMARY ***
Total pot $12 | Rake $0.24
Board [4d Kd 9c 2h Ah]
Seat 5: 35Front9 (big blind) showed [6d 7c] and lost with high card Ace
Seat 9: LifeisagameX (button) (small blind) showed [Qh 5d] and won ($11.76) with high card Ace


PokerStars Hand #161995931099:  Hold'em Limit ($3/$6 USD) - 2016/11/26 13:02:13 ET
Table 'Tietjen III' 10-max Seat #5 is the button
Seat 5: 35Front9 ($59.76 in chips)
Seat 9: LifeisagameX ($59.76 in chips)
35Front9: posts small blind $1
LifeisagameX: posts big blind $3
*** HOLE CARDS ***
35Front9: raises $3 to $6
LifeisagameX: raises $3 to $9
35Front9: raises $3 to $12
Betting is capped
LifeisagameX: calls $3
*** FLOP *** [7d 8d Kh]
LifeisagameX: checks
35Front9: bets $3
LifeisagameX: calls $3
*** TURN *** [7d 8d Kh] [5d]
LifeisagameX: checks
35Front9: bets $6
LifeisagameX: folds
Uncalled bet ($6) returned to 35Front9
35Front9 collected $29.50 from pot
35Front9: doesn't show hand
*** SUMMARY ***
Total pot $30 | Rake $0.50
Board [7d 8d Kh 5d]
Seat 5: 35Front9 (button) (small blind) collected ($29.50)
Seat 9: LifeisagameX (big blind) folded on the Turn


PokerStars Hand #161995990391:  Hold'em Limit ($3/$6 USD) - 2016/11/26 13:03:22 ET
Table 'Tietjen III' 10-max Seat #9 is the button
Seat 5: 35Front9 ($74.26 in chips)
Seat 9: LifeisagameX ($44.76 in chips)
LifeisagameX: posts small blind $1
35Front9: posts big blind $3
*** HOLE CARDS ***
LifeisagameX: raises $3 to $6
35Front9: calls $3
*** FLOP *** [Js 7s 6c]
35Front9: checks
LifeisagameX: bets $3
35Front9: raises $3 to $6
LifeisagameX: calls $3
*** TURN *** [Js 7s 6c] [6d]
35Front9: checks
LifeisagameX: checks
*** RIVER *** [Js 7s 6c 6d] [Kc]
35Front9: checks
LifeisagameX: bets $6
35Front9: calls $6
*** SHOW DOWN ***
LifeisagameX: shows [8s Kh] (two pair, Kings and Sixes)
35Front9: mucks hand
LifeisagameX collected $35.50 from pot
*** SUMMARY ***
Total pot $36 | Rake $0.50
Board [Js 7s 6c 6d Kc]
Seat 5: 35Front9 (big blind) mucked
Seat 9: LifeisagameX (button) (small blind) showed [8s Kh] and won ($35.50) with two pair, Kings and Sixes


PokerStars Hand #161996043816:  Hold'em Limit ($3/$6 USD) - 2016/11/26 13:04:18 ET
Table 'Tietjen III' 10-max Seat #5 is the button
Seat 5: 35Front9 ($56.26 in chips)
Seat 9: LifeisagameX ($62.26 in chips)
35Front9: posts small blind $1
LifeisagameX: posts big blind $3
*** HOLE CARDS ***
35Front9: raises $3 to $6
LifeisagameX: calls $3
*** FLOP *** [9s Jd Ts]
titze_second joins the table at seat #2
LifeisagameX: checks
35Front9: bets $3
LifeisagameX: raises $3 to $6
35Front9: raises $3 to $9
LifeisagameX: calls $3
*** TURN *** [9s Jd Ts] [9c]
LifeisagameX: checks
35Front9: bets $6
LifeisagameX: raises $6 to $12
35Front9: raises $6 to $18
LifeisagameX: raises $6 to $24
Betting is capped
35Front9: calls $6
*** RIVER *** [9s Jd Ts 9c] [7d]
LifeisagameX: bets $6
35Front9: calls $6
*** SHOW DOWN ***
LifeisagameX: shows [Td 9h] (a full house, Nines full of Tens)
35Front9: mucks hand
LifeisagameX collected $89.50 from pot
*** SUMMARY ***
Total pot $90 | Rake $0.50
Board [9s Jd Ts 9c 7d]
Seat 5: 35Front9 (button) (small blind) mucked
Seat 9: LifeisagameX (big blind) showed [Td 9h] and won ($89.50) with a full house, Nines full of Tens


PokerStars Hand #161996104741:  Hold'em Limit ($3/$6 USD) - 2016/11/26 13:05:22 ET
Table 'Tietjen III' 10-max Seat #9 is the button
Seat 5: 35Front9 ($11.26 in chips)
Seat 9: LifeisagameX ($106.76 in chips)
LifeisagameX: posts small blind $1
35Front9: posts big blind $3
*** HOLE CARDS ***
LifeisagameX: raises $3 to $6
35Front9: calls $3
*** FLOP *** [5h Jd Jc]
35Front9: bets $3
LifeisagameX: calls $3
*** TURN *** [5h Jd Jc] [8c]
35Front9: bets $2.26 and is all-in
LifeisagameX: calls $2.26
*** RIVER *** [5h Jd Jc 8c] [5s]
*** SHOW DOWN ***
35Front9: shows [Kd 3d] (two pair, Jacks and Fives)
LifeisagameX: shows [Qs 5d] (a full house, Fives full of Jacks)
LifeisagameX collected $22.07 from pot
*** SUMMARY ***
Total pot $22.52 | Rake $0.45
Board [5h Jd Jc 8c 5s]
Seat 5: 35Front9 (big blind) showed [Kd 3d] and lost with two pair, Jacks and Fives
Seat 9: LifeisagameX (button) (small blind) showed [Qs 5d] and won ($22.07) with a full house, Fives full of Jacks


PokerStars Hand #161996176615:  Hold'em Limit ($3/$6 USD) - 2016/11/26 13:06:36 ET
Table 'Tietjen III' 10-max Seat #9 is the button
Seat 5: 35Front9 ($64.98 in chips)
Seat 9: LifeisagameX ($123.33 in chips)
LifeisagameX: posts small blind $1
35Front9: posts big blind $3
*** HOLE CARDS ***
LifeisagameX: raises $3 to $6
35Front9: calls $3
*** FLOP *** [8d Qc 7d]
35Front9: checks
LifeisagameX: bets $3
35Front9: calls $3
*** TURN *** [8d Qc 7d] [Jd]
35Front9: checks
LifeisagameX: bets $6
35Front9: calls $6
*** RIVER *** [8d Qc 7d Jd] [9h]
35Front9: checks
LifeisagameX: bets $6
35Front9: raises $6 to $12
LifeisagameX: calls $6
*** SHOW DOWN ***
35Front9: shows [5h Ad] (high card Ace)
LifeisagameX: shows [Ts Qd] (a straight, Eight to Queen)
LifeisagameX collected $53.50 from pot
*** SUMMARY ***
Total pot $54 | Rake $0.50
Board [8d Qc 7d Jd 9h]
Seat 5: 35Front9 (big blind) showed [5h Ad] and lost with high card Ace
Seat 9: LifeisagameX (button) (small blind) showed [Ts Qd] and won ($53.50) with a straight, Eight to Queen


PokerStars Hand #161996137927:  Hold'em Limit ($3/$6 USD) - 2016/11/26 13:05:56 ET
Table 'Tietjen III' 10-max Seat #5 is the button
Seat 5: 35Front9 ($70.98 in chips)
Seat 9: LifeisagameX ($117.57 in chips)
35Front9: posts small blind $1
LifeisagameX: posts big blind $3
*** HOLE CARDS ***
35Front9: raises $3 to $6
LifeisagameX: calls $3
*** FLOP *** [9h 6s Th]
LifeisagameX: checks
35Front9: checks
*** TURN *** [9h 6s Th] [3d]
LifeisagameX: checks
35Front9: checks
*** RIVER *** [9h 6s Th 3d] [8d]
LifeisagameX: bets $6
35Front9: folds
Uncalled bet ($6) returned to LifeisagameX
LifeisagameX collected $11.76 from pot
LifeisagameX: doesn't show hand
*** SUMMARY ***
Total pot $12 | Rake $0.24
Board [9h 6s Th 3d 8d]
Seat 5: 35Front9 (button) (small blind) folded on the River
Seat 9: LifeisagameX (big blind) collected ($11.76)


PokerStars Hand #161996224368:  Hold'em Limit ($3/$6 USD) - 2016/11/26 13:07:25 ET
Table 'Tietjen III' 10-max Seat #5 is the button
Seat 5: 35Front9 ($37.98 in chips)
Seat 9: LifeisagameX ($149.83 in chips)
35Front9: posts small blind $1
LifeisagameX: posts big blind $3
*** HOLE CARDS ***
35Front9: raises $3 to $6
LifeisagameX: raises $3 to $9
35Front9: raises $3 to $12
Betting is capped
LifeisagameX: calls $3
*** FLOP *** [5s Td 7d]
LifeisagameX: checks
35Front9: bets $3
LifeisagameX: calls $3
*** TURN *** [5s Td 7d] [8h]
LifeisagameX: checks
35Front9: bets $6
LifeisagameX: calls $6
*** RIVER *** [5s Td 7d 8h] [3d]
LifeisagameX: checks
35Front9: bets $6
LifeisagameX: folds
Uncalled bet ($6) returned to 35Front9
35Front9 collected $41.50 from pot
35Front9: doesn't show hand
*** SUMMARY ***
Total pot $42 | Rake $0.50
Board [5s Td 7d 8h 3d]
Seat 5: 35Front9 (button) (small blind) collected ($41.50)
Seat 9: LifeisagameX (big blind) folded on the River


PokerStars Hand #161996319042:  Hold'em Limit ($3/$6 USD) - 2016/11/26 13:09:03 ET
Table 'Tietjen III' 10-max Seat #9 is the button
Seat 5: 35Front9 ($58.48 in chips)
Seat 9: LifeisagameX ($128.83 in chips)
LifeisagameX: posts small blind $1
35Front9: posts big blind $3
*** HOLE CARDS ***
LifeisagameX: raises $3 to $6
35Front9: calls $3
*** FLOP *** [2s Ts Ks]
35Front9: bets $3
LifeisagameX: calls $3
*** TURN *** [2s Ts Ks] [4c]
35Front9: checks
LifeisagameX: bets $6
35Front9: calls $6
*** RIVER *** [2s Ts Ks 4c] [2h]
35Front9: checks
LifeisagameX: bets $6
35Front9: folds
Uncalled bet ($6) returned to LifeisagameX
LifeisagameX collected $29.50 from pot
LifeisagameX: doesn't show hand
*** SUMMARY ***
Total pot $30 | Rake $0.50
Board [2s Ts Ks 4c 2h]
Seat 5: 35Front9 (big blind) folded on the River
Seat 9: LifeisagameX (button) (small blind) collected ($29.50)


PokerStars Hand #161996366569:  Hold'em Limit ($3/$6 USD) - 2016/11/26 13:09:53 ET
Table 'Tietjen III' 10-max Seat #5 is the button
Seat 5: 35Front9 ($43.48 in chips)
Seat 9: LifeisagameX ($143.33 in chips)
35Front9: posts small blind $1
LifeisagameX: posts big blind $3
*** HOLE CARDS ***
35Front9: raises $3 to $6
LifeisagameX: calls $3
*** FLOP *** [6d Ts Qh]
LifeisagameX: checks
35Front9: bets $3
LifeisagameX: calls $3
*** TURN *** [6d Ts Qh] [9c]
LifeisagameX: checks
35Front9: checks
*** RIVER *** [6d Ts Qh 9c] [Qd]
LifeisagameX: bets $6
35Front9: calls $6
*** SHOW DOWN ***
LifeisagameX: shows [Th 4h] (two pair, Queens and Tens)
35Front9: mucks hand
LifeisagameX collected $29.50 from pot
*** SUMMARY ***
Total pot $30 | Rake $0.50
Board [6d Ts Qh 9c Qd]
Seat 5: 35Front9 (button) (small blind) mucked
Seat 9: LifeisagameX (big blind) showed [Th 4h] and won ($29.50) with two pair, Queens and Tens


PokerStars Hand #161996443287:  Hold'em Limit ($3/$6 USD) - 2016/11/26 13:11:13 ET
Table 'Tietjen III' 10-max Seat #9 is the button
Seat 5: 35Front9 ($28.48 in chips)
Seat 9: LifeisagameX ($157.83 in chips)
LifeisagameX: posts small blind $1
35Front9: posts big blind $3
*** HOLE CARDS ***
LifeisagameX: raises $3 to $6
35Front9: raises $3 to $9
LifeisagameX: calls $3
*** FLOP *** [3c 8d Jd]
35Front9: checks
LifeisagameX: bets $3
35Front9: calls $3
*** TURN *** [3c 8d Jd] [2s]
35Front9: checks
LifeisagameX: bets $6
35Front9: calls $6
*** RIVER *** [3c 8d Jd 2s] [2d]
35Front9: checks
LifeisagameX: bets $6
35Front9: folds
Uncalled bet ($6) returned to LifeisagameX
LifeisagameX collected $35.50 from pot
LifeisagameX: doesn't show hand
*** SUMMARY ***
Total pot $36 | Rake $0.50
Board [3c 8d Jd 2s 2d]
Seat 5: 35Front9 (big blind) folded on the River
Seat 9: LifeisagameX (button) (small blind) collected ($35.50)


PokerStars Hand #161996485554:  Hold'em Limit ($3/$6 USD) - 2016/11/26 13:11:58 ET
Table 'Tietjen III' 10-max Seat #5 is the button
Seat 5: 35Front9 ($10.48 in chips)
Seat 9: LifeisagameX ($175.33 in chips)
35Front9: posts small blind $1
LifeisagameX: posts big blind $3
*** HOLE CARDS ***
35Front9: raises $3 to $6
LifeisagameX: raises $3 to $9
35Front9: raises $1.48 to $10.48 and is all-in
Betting is capped
LifeisagameX: calls $1.48
*** FLOP *** [Ks 3c Jc]
*** TURN *** [Ks 3c Jc] [4s]
*** RIVER *** [Ks 3c Jc 4s] [6s]
*** SHOW DOWN ***
LifeisagameX: shows [6c 7c] (a pair of Sixes)
35Front9: shows [8h 8c] (a pair of Eights)
35Front9 collected $20.54 from pot
*** SUMMARY ***
Total pot $20.96 | Rake $0.42
Board [Ks 3c Jc 4s 6s]
Seat 5: 35Front9 (button) (small blind) showed [8h 8c] and won ($20.54) with a pair of Eights
Seat 9: LifeisagameX (big blind) showed [6c 7c] and lost with a pair of Sixes


PokerStars Hand #161996507549:  Hold'em Limit ($3/$6 USD) - 2016/11/26 13:12:21 ET
Table 'Tietjen III' 10-max Seat #9 is the button
Seat 5: 35Front9 ($20.54 in chips)
Seat 9: LifeisagameX ($164.85 in chips)
LifeisagameX: posts small blind $1
35Front9: posts big blind $3
*** HOLE CARDS ***
LifeisagameX: raises $3 to $6
35Front9: calls $3
*** FLOP *** [Qh Kd 3s]
35Front9: checks
LifeisagameX: bets $3
35Front9: raises $3 to $6
LifeisagameX: calls $3
*** TURN *** [Qh Kd 3s] [5h]
35Front9: bets $6
LifeisagameX: calls $6
*** RIVER *** [Qh Kd 3s 5h] [2d]
35Front9: bets $2.54 and is all-in
LifeisagameX: calls $2.54
*** SHOW DOWN ***
35Front9: shows [7c Qs] (a pair of Queens)
LifeisagameX: shows [Kc 9s] (a pair of Kings)
LifeisagameX collected $40.58 from pot
*** SUMMARY ***
Total pot $41.08 | Rake $0.50
Board [Qh Kd 3s 5h 2d]
Seat 5: 35Front9 (big blind) showed [7c Qs] and lost with a pair of Queens
Seat 9: LifeisagameX (button) (small blind) showed [Kc 9s] and won ($40.58) with a pair of Kings


