PokerStars Hand #163568697956:  Hold'em Limit ($3/$6 USD) - 2016/12/26 16:06:27 ET
Table 'Tietjen' 6-max Seat #1 is the button
Seat 1: ToDaFelt ($120 in chips)
Seat 3: Artachok ($100 in chips)
ToDaFelt: posts small blind $1
Artachok: posts big blind $3
*** HOLE CARDS ***
ToDaFelt: raises $3 to $6
Artachok: calls $3
*** FLOP *** [Ks 3h 7d]
Artachok: checks
ToDaFelt: bets $3
Artachok: folds
Uncalled bet ($3) returned to ToDaFelt
ToDaFelt collected $11.76 from pot
ToDaFelt: doesn't show hand
*** SUMMARY ***
Total pot $12 | Rake $0.24
Board [Ks 3h 7d]
Seat 1: ToDaFelt (button) (small blind) collected ($11.76)
Seat 3: Artachok (big blind) folded on the Flop


PokerStars Hand #163568762562:  Hold'em Limit ($3/$6 USD) - 2016/12/26 16:07:24 ET
Table 'Tietjen' 6-max Seat #1 is the button
Seat 1: ToDaFelt ($140.26 in chips)
Seat 3: Artachok ($79 in chips)
ToDaFelt: posts small blind $1
Artachok: posts big blind $3
*** HOLE CARDS ***
ToDaFelt: folds
Uncalled bet ($2) returned to Artachok
Artachok collected $2 from pot
Artachok: doesn't show hand
*** SUMMARY ***
Total pot $2 | Rake $0
Seat 1: ToDaFelt (button) (small blind) folded before Flop
Seat 3: Artachok (big blind) collected ($2)


PokerStars Hand #163568733183:  Hold'em Limit ($3/$6 USD) - 2016/12/26 16:06:58 ET
Table 'Tietjen' 6-max Seat #3 is the button
Seat 1: ToDaFelt ($125.76 in chips)
Seat 3: Artachok ($94 in chips)
Artachok: posts small blind $1
ToDaFelt: posts big blind $3
*** HOLE CARDS ***
Artachok: raises $3 to $6
ToDaFelt: raises $3 to $9
Artachok: raises $3 to $12
Betting is capped
ToDaFelt: calls $3
*** FLOP *** [6h 4h Qh]
ToDaFelt: checks
Artachok: bets $3
ToDaFelt: raises $3 to $6
Artachok: folds
Uncalled bet ($3) returned to ToDaFelt
ToDaFelt collected $29.50 from pot
ToDaFelt: doesn't show hand
*** SUMMARY ***
Total pot $30 | Rake $0.50
Board [6h 4h Qh]
Seat 1: ToDaFelt (big blind) collected ($29.50)
Seat 3: Artachok (button) (small blind) folded on the Flop


PokerStars Hand #163568769588:  Hold'em Limit ($3/$6 USD) - 2016/12/26 16:07:31 ET
Table 'Tietjen' 6-max Seat #3 is the button
Seat 1: ToDaFelt ($139.26 in chips)
Seat 3: Artachok ($80 in chips)
Artachok: posts small blind $1
ToDaFelt: posts big blind $3
*** HOLE CARDS ***
Artachok: raises $3 to $6
Chessnok joins the table at seat #4
ToDaFelt: calls $3
*** FLOP *** [8s Jd 5d]
ToDaFelt: checks
Artachok: checks
*** TURN *** [8s Jd 5d] [Qd]
ToDaFelt: bets $6
Artachok: folds
Uncalled bet ($6) returned to ToDaFelt
ToDaFelt collected $11.76 from pot
ToDaFelt: doesn't show hand
*** SUMMARY ***
Total pot $12 | Rake $0.24
Board [8s Jd 5d Qd]
Seat 1: ToDaFelt (big blind) collected ($11.76)
Seat 3: Artachok (button) (small blind) folded on the Turn


PokerStars Hand #163568815781:  Hold'em Limit ($3/$6 USD) - 2016/12/26 16:08:05 ET
Table 'Tietjen' 6-max Seat #1 is the button
Seat 1: ToDaFelt ($145.02 in chips)
Seat 3: Artachok ($74 in chips)
ToDaFelt: posts small blind $1
Artachok: posts big blind $3
*** HOLE CARDS ***
ToDaFelt: raises $3 to $6
Artachok: folds
Uncalled bet ($3) returned to ToDaFelt
ToDaFelt collected $6 from pot
ToDaFelt: doesn't show hand
*** SUMMARY ***
Total pot $6 | Rake $0
Seat 1: ToDaFelt (button) (small blind) collected ($6)
Seat 3: Artachok (big blind) folded before Flop


PokerStars Hand #163570604367:  Hold'em Limit ($3/$6 USD) - 2016/12/26 16:35:11 ET
Table 'Tietjen' 6-max Seat #4 is the button
Seat 1: ToDaFelt ($99.11 in chips)
Seat 4: Chessnok ($121.92 in chips)
Chessnok: posts small blind $1
ToDaFelt: posts big blind $3
*** HOLE CARDS ***
Chessnok: raises $3 to $6
ToDaFelt: raises $3 to $9
Chessnok: calls $3
*** FLOP *** [2h Qd 5h]
ToDaFelt: bets $3
Chessnok: calls $3
*** TURN *** [2h Qd 5h] [4c]
ToDaFelt: bets $6
Chessnok: calls $6
*** RIVER *** [2h Qd 5h 4c] [7c]
ToDaFelt: bets $6
Chessnok: calls $6
*** SHOW DOWN ***
ToDaFelt: shows [Js Td] (high card Queen)
Chessnok: shows [Tc 2c] (a pair of Deuces)
Chessnok collected $47.50 from pot
*** SUMMARY ***
Total pot $48 | Rake $0.50
Board [2h Qd 5h 4c 7c]
Seat 1: ToDaFelt (big blind) showed [Js Td] and lost with high card Queen
Seat 4: Chessnok (button) (small blind) showed [Tc 2c] and won ($47.50) with a pair of Deuces


