PokerStars Hand #168521171603:  Hold'em Limit ($3/$6 USD) - 2017/04/03 11:45:04 ET
Table 'Tietjen II' 6-max Seat #3 is the button
Seat 3: poohy cards ($60.04 in chips)
Seat 4: Agrotait ($72 in chips)
poohy cards: posts small blind $1
Agrotait: posts big blind $3
*** HOLE CARDS ***
poohy cards: calls $2
Agrotait: checks
*** FLOP *** [Jh As Qs]
nimzon joins the table at seat #5
Agrotait: checks
tttzzz joins the table at seat #2
poohy cards: bets $3
Agrotait: folds
Uncalled bet ($3) returned to poohy cards
nimzon leaves the table
poohy cards collected $5.88 from pot
poohy cards: doesn't show hand
*** SUMMARY ***
Total pot $6 | Rake $0.12
Board [Jh As Qs]
Seat 3: poohy cards (button) (small blind) collected ($5.88)
Seat 4: Agrotait (big blind) folded on the Flop


PokerStars Hand #168522711332:  Hold'em Limit ($3/$6 USD) - 2017/04/03 12:23:03 ET
Table 'Tietjen II' 6-max Seat #3 is the button
Seat 3: Mordnilap ($100.10 in chips)
Seat 6: B_loJkl ($219.48 in chips)
Mordnilap: posts small blind $1
B_loJkl: posts big blind $3
*** HOLE CARDS ***
Mordnilap: raises $3 to $6
B_loJkl: raises $3 to $9
Mordnilap: calls $3
*** FLOP *** [8d 3h 6s]
B_loJkl: bets $3
Mordnilap: folds
Uncalled bet ($3) returned to B_loJkl
B_loJkl collected $17.64 from pot
B_loJkl: doesn't show hand
*** SUMMARY ***
Total pot $18 | Rake $0.36
Board [8d 3h 6s]
Seat 3: Mordnilap (button) (small blind) folded on the Flop
Seat 6: B_loJkl (big blind) collected ($17.64)


PokerStars Hand #168522743373:  Hold'em Limit ($3/$6 USD) - 2017/04/03 12:23:49 ET
Table 'Tietjen II' 6-max Seat #6 is the button
Seat 1: oliwan ($100 in chips)
Seat 6: B_loJkl ($228.12 in chips)
B_loJkl: posts small blind $1
oliwan: posts big blind $3
*** HOLE CARDS ***
B_loJkl: raises $3 to $6
oliwan: raises $3 to $9
B_loJkl: calls $3
*** FLOP *** [Ac 6c 4d]
oliwan: bets $3
B_loJkl: calls $3
*** TURN *** [Ac 6c 4d] [Ts]
oliwan: bets $6
B_loJkl: folds
Uncalled bet ($6) returned to oliwan
oliwan collected $23.52 from pot
oliwan: doesn't show hand
*** SUMMARY ***
Total pot $24 | Rake $0.48
Board [Ac 6c 4d Ts]
Seat 1: oliwan (big blind) collected ($23.52)
Seat 6: B_loJkl (button) (small blind) folded on the Turn


PokerStars Hand #168522770484:  Hold'em Limit ($3/$6 USD) - 2017/04/03 12:24:27 ET
Table 'Tietjen II' 6-max Seat #6 is the button
Seat 1: oliwan ($102.52 in chips)
Seat 6: B_loJkl ($224.76 in chips)
B_loJkl: posts small blind $1
oliwan: posts big blind $3
*** HOLE CARDS ***
B_loJkl: raises $3 to $6
oliwan: folds
Uncalled bet ($3) returned to B_loJkl
B_loJkl collected $6 from pot
B_loJkl: doesn't show hand
*** SUMMARY ***
Total pot $6 | Rake $0
Seat 1: oliwan (big blind) folded before Flop
Seat 6: B_loJkl (button) (small blind) collected ($6)


PokerStars Hand #168522757681:  Hold'em Limit ($3/$6 USD) - 2017/04/03 12:24:09 ET
Table 'Tietjen II' 6-max Seat #1 is the button
Seat 1: oliwan ($111.52 in chips)
Seat 6: B_loJkl ($216.12 in chips)
oliwan: posts small blind $1
B_loJkl: posts big blind $3
*** HOLE CARDS ***
oliwan: raises $3 to $6
B_loJkl: calls $3
*** FLOP *** [9c Jd 8h]
B_loJkl: checks
oliwan: bets $3
B_loJkl: calls $3
*** TURN *** [9c Jd 8h] [Ac]
B_loJkl: checks
oliwan: checks
*** RIVER *** [9c Jd 8h Ac] [8c]
B_loJkl: bets $6
oliwan: folds
Uncalled bet ($6) returned to B_loJkl
B_loJkl collected $17.64 from pot
B_loJkl: doesn't show hand
*** SUMMARY ***
Total pot $18 | Rake $0.36
Board [9c Jd 8h Ac 8c]
Seat 1: oliwan (button) (small blind) folded on the River
Seat 6: B_loJkl (big blind) collected ($17.64)


PokerStars Hand #168522774673:  Hold'em Limit ($3/$6 USD) - 2017/04/03 12:24:33 ET
Table 'Tietjen II' 6-max Seat #1 is the button
Seat 1: oliwan ($117.03 in chips)
Seat 6: B_loJkl ($227.76 in chips)
oliwan: posts small blind $1
B_loJkl: posts big blind $3
*** HOLE CARDS ***
oliwan: raises $3 to $6
B_loJkl: calls $3
*** FLOP *** [Js 6c 4s]
B_loJkl: checks
oliwan: bets $3
B_loJkl: calls $3
*** TURN *** [Js 6c 4s] [8c]
B_loJkl: checks
oliwan: bets $6
B_loJkl: calls $6
*** RIVER *** [Js 6c 4s 8c] [2h]
B_loJkl: checks
oliwan: checks
*** SHOW DOWN ***
B_loJkl: shows [Tc Ah] (high card Ace)
oliwan: mucks hand
B_loJkl collected $29.50 from pot
*** SUMMARY ***
Total pot $30 | Rake $0.50
Board [Js 6c 4s 8c 2h]
Seat 1: oliwan (button) (small blind) mucked
Seat 6: B_loJkl (big blind) showed [Tc Ah] and won ($29.50) with high card Ace


PokerStars Hand #168522786994:  Hold'em Limit ($3/$6 USD) - 2017/04/03 12:24:50 ET
Table 'Tietjen II' 6-max Seat #6 is the button
Seat 1: oliwan ($102.03 in chips)
Seat 6: B_loJkl ($242.26 in chips)
B_loJkl: posts small blind $1
oliwan: posts big blind $3
*** HOLE CARDS ***
B_loJkl: raises $3 to $6
oliwan: calls $3
*** FLOP *** [Th 3s Tc]
oliwan: checks
B_loJkl: bets $3
oliwan: folds
Uncalled bet ($3) returned to B_loJkl
B_loJkl collected $11.76 from pot
B_loJkl: doesn't show hand
*** SUMMARY ***
Total pot $12 | Rake $0.24
Board [Th 3s Tc]
Seat 1: oliwan (big blind) folded on the Flop
Seat 6: B_loJkl (button) (small blind) collected ($11.76)


PokerStars Hand #168522804752:  Hold'em Limit ($3/$6 USD) - 2017/04/03 12:25:15 ET
Table 'Tietjen II' 6-max Seat #1 is the button
Seat 1: oliwan ($96.03 in chips)
Seat 2: B_loJkl ($150 in chips)
oliwan: posts small blind $1
B_loJkl: posts big blind $3
*** HOLE CARDS ***
oliwan: raises $3 to $6
B_loJkl: folds
Uncalled bet ($3) returned to oliwan
oliwan collected $6 from pot
oliwan: doesn't show hand
*** SUMMARY ***
Total pot $6 | Rake $0
Seat 1: oliwan (button) (small blind) collected ($6)
Seat 2: B_loJkl (big blind) folded before Flop


PokerStars Hand #168522811379:  Hold'em Limit ($3/$6 USD) - 2017/04/03 12:25:24 ET
Table 'Tietjen II' 6-max Seat #2 is the button
Seat 1: oliwan ($99.03 in chips)
Seat 2: B_loJkl ($147 in chips)
B_loJkl: posts small blind $1
oliwan: posts big blind $3
*** HOLE CARDS ***
B_loJkl: raises $3 to $6
oliwan: folds
Uncalled bet ($3) returned to B_loJkl
B_loJkl collected $6 from pot
B_loJkl: doesn't show hand
*** SUMMARY ***
Total pot $6 | Rake $0
Seat 1: oliwan (big blind) folded before Flop
Seat 2: B_loJkl (button) (small blind) collected ($6)


PokerStars Hand #168522816101:  Hold'em Limit ($3/$6 USD) - 2017/04/03 12:25:30 ET
Table 'Tietjen II' 6-max Seat #1 is the button
Seat 1: oliwan ($96.03 in chips)
Seat 2: B_loJkl ($150 in chips)
oliwan: posts small blind $1
B_loJkl: posts big blind $3
*** HOLE CARDS ***
oliwan: raises $3 to $6
B_loJkl: calls $3
*** FLOP *** [9h 5h 7c]
B_loJkl: checks
oliwan: bets $3
B_loJkl: calls $3
*** TURN *** [9h 5h 7c] [Ah]
B_loJkl: checks
oliwan: bets $6
B_loJkl: raises $6 to $12
oliwan: raises $6 to $18
B_loJkl: raises $6 to $24
Betting is capped
oliwan: calls $6
*** RIVER *** [9h 5h 7c Ah] [Qh]
B_loJkl: bets $6
oliwan: calls $6
*** SHOW DOWN ***
B_loJkl: shows [Jh 4h] (a flush, Ace high)
oliwan: mucks hand
B_loJkl collected $77.50 from pot
*** SUMMARY ***
Total pot $78 | Rake $0.50
Board [9h 5h 7c Ah Qh]
Seat 1: oliwan (button) (small blind) mucked
Seat 2: B_loJkl (big blind) showed [Jh 4h] and won ($77.50) with a flush, Ace high


PokerStars Hand #168522831732:  Hold'em Limit ($3/$6 USD) - 2017/04/03 12:25:52 ET
Table 'Tietjen II' 6-max Seat #2 is the button
Seat 1: oliwan ($57.03 in chips)
Seat 2: B_loJkl ($188.50 in chips)
B_loJkl: posts small blind $1
oliwan: posts big blind $3
*** HOLE CARDS ***
B_loJkl: raises $3 to $6
oliwan: folds
Uncalled bet ($3) returned to B_loJkl
oliwan leaves the table
B_loJkl collected $6 from pot
B_loJkl: doesn't show hand
*** SUMMARY ***
Total pot $6 | Rake $0
Seat 1: oliwan (big blind) folded before Flop
Seat 2: B_loJkl (button) (small blind) collected ($6)


