PokerStars Hand #164696281659:  Hold'em Limit ($3/$6 USD) - 2017/01/16 18:38:55 ET
Table 'Tiflis' 6-max Seat #1 is the button
Seat 1: Chessnok ($513 in chips)
Seat 6: kaart1 ($124.35 in chips)
Chessnok: posts small blind $1
kaart1: posts big blind $3
*** HOLE CARDS ***
Chessnok: raises $3 to $6
kaart1: folds
Uncalled bet ($3) returned to Chessnok
Chessnok collected $6 from pot
Chessnok: doesn't show hand
*** SUMMARY ***
Total pot $6 | Rake $0
Seat 1: Chessnok (button) (small blind) collected ($6)
Seat 6: kaart1 (big blind) folded before Flop


PokerStars Hand #164696287432:  Hold'em Limit ($3/$6 USD) - 2017/01/16 18:39:02 ET
Table 'Tiflis' 6-max Seat #6 is the button
Seat 1: Chessnok ($516 in chips)
Seat 6: kaart1 ($121.35 in chips)
kaart1: posts small blind $1
Chessnok: posts big blind $3
*** HOLE CARDS ***
kaart1: raises $3 to $6
Chessnok: calls $3
*** FLOP *** [3s Ad 9d]
Chessnok: checks
kaart1: bets $3
Chessnok: raises $3 to $6
kaart1: calls $3
*** TURN *** [3s Ad 9d] [7h]
Chessnok: bets $6
kaart1: folds
Uncalled bet ($6) returned to Chessnok
Chessnok collected $23.52 from pot
Chessnok: doesn't show hand
*** SUMMARY ***
Total pot $24 | Rake $0.48
Board [3s Ad 9d 7h]
Seat 1: Chessnok (big blind) collected ($23.52)
Seat 6: kaart1 (button) (small blind) folded on the Turn


PokerStars Hand #164696667713:  Hold'em Limit ($3/$6 USD) - 2017/01/16 18:47:06 ET
Table 'Tiflis' 6-max Seat #3 is the button
Seat 1: Chessnok ($545.44 in chips)
Seat 3: 181385 ($124.47 in chips)
181385: posts small blind $1
kaart1: is sitting out
Chessnok: posts big blind $3
*** HOLE CARDS ***
181385: folds
Uncalled bet ($2) returned to Chessnok
Chessnok collected $2 from pot
Chessnok: doesn't show hand
*** SUMMARY ***
Total pot $2 | Rake $0
Seat 1: Chessnok (big blind) collected ($2)
Seat 3: 181385 (button) (small blind) folded before Flop


PokerStars Hand #164696671163:  Hold'em Limit ($3/$6 USD) - 2017/01/16 18:47:11 ET
Table 'Tiflis' 6-max Seat #1 is the button
Seat 1: Chessnok ($546.44 in chips)
Seat 3: 181385 ($123.47 in chips)
Chessnok: posts small blind $1
181385: posts big blind $3
*** HOLE CARDS ***
kaart1 leaves the table
Chessnok: raises $3 to $6
181385: calls $3
*** FLOP *** [Ad Td 3s]
181385: checks
Chessnok: bets $3
181385: calls $3
*** TURN *** [Ad Td 3s] [9d]
181385: checks
Chessnok: bets $6
181385: calls $6
*** RIVER *** [Ad Td 3s 9d] [Js]
181385: checks
Chessnok: bets $6
181385: calls $6
*** SHOW DOWN ***
Chessnok: shows [2d 6d] (a flush, Ace high)
181385: mucks hand
Chessnok collected $41.50 from pot
*** SUMMARY ***
Total pot $42 | Rake $0.50
Board [Ad Td 3s 9d Js]
Seat 1: Chessnok (button) (small blind) showed [2d 6d] and won ($41.50) with a flush, Ace high
Seat 3: 181385 (big blind) mucked


