PokerStars Hand #165591262006:  Hold'em Limit ($3/$6 USD) - 2017/02/02 21:08:57 ET
Table 'Tiflis' 6-max Seat #1 is the button
Seat 1: Velbor107 ($300 in chips)
Seat 3: gsb92 ($120 in chips)
Velbor107: posts small blind $1
gsb92: posts big blind $3
*** HOLE CARDS ***
Velbor107: raises $3 to $6
gsb92: raises $3 to $9
Velbor107: calls $3
*** FLOP *** [3h 4s Qh]
gsb92: bets $3
Velbor107: calls $3
*** TURN *** [3h 4s Qh] [Ad]
gsb92: bets $6
Velbor107: raises $6 to $12
gsb92: raises $6 to $18
Velbor107: calls $6
*** RIVER *** [3h 4s Qh Ad] [7d]
gsb92: bets $6
Velbor107: calls $6
*** SHOW DOWN ***
gsb92: shows [4h 3c] (two pair, Fours and Threes)
Velbor107: mucks hand
gsb92 collected $71.50 from pot
*** SUMMARY ***
Total pot $72 | Rake $0.50
Board [3h 4s Qh Ad 7d]
Seat 1: Velbor107 (button) (small blind) mucked
Seat 3: gsb92 (big blind) showed [4h 3c] and won ($71.50) with two pair, Fours and Threes


PokerStars Hand #165591385485:  Hold'em Limit ($3/$6 USD) - 2017/02/02 21:13:13 ET
Table 'Tiflis' 6-max Seat #3 is the button
Seat 1: Velbor107 ($264 in chips)
Seat 3: gsb92 ($120 in chips)
gsb92: posts small blind $1
Velbor107: posts big blind $3
*** HOLE CARDS ***
gsb92: raises $3 to $6
Velbor107: folds
Uncalled bet ($3) returned to gsb92
gsb92 collected $6 from pot
*** SUMMARY ***
Total pot $6 | Rake $0
Seat 1: Velbor107 (big blind) folded before Flop
Seat 3: gsb92 (button) (small blind) collected ($6)


PokerStars Hand #165591390253:  Hold'em Limit ($3/$6 USD) - 2017/02/02 21:13:23 ET
Table 'Tiflis' 6-max Seat #1 is the button
Seat 1: Velbor107 ($261 in chips)
Seat 3: gsb92 ($123 in chips)
Velbor107: posts small blind $1
gsb92: posts big blind $3
*** HOLE CARDS ***
Velbor107: raises $3 to $6
gsb92: calls $3
*** FLOP *** [8s 6d Kd]
gsb92: checks
Velbor107: bets $3
gsb92: calls $3
*** TURN *** [8s 6d Kd] [Kh]
gsb92: checks
Velbor107: checks
*** RIVER *** [8s 6d Kd Kh] [9s]
gsb92: checks
Velbor107: bets $6
gsb92: calls $6
*** SHOW DOWN ***
Velbor107: shows [9c Js] (two pair, Kings and Nines)
gsb92: mucks hand
Velbor107 collected $29.50 from pot
*** SUMMARY ***
Total pot $30 | Rake $0.50
Board [8s 6d Kd Kh 9s]
Seat 1: Velbor107 (button) (small blind) showed [9c Js] and won ($29.50) with two pair, Kings and Nines
Seat 3: gsb92 (big blind) mucked


PokerStars Hand #165591403629:  Hold'em Limit ($3/$6 USD) - 2017/02/02 21:13:51 ET
Table 'Tiflis' 6-max Seat #3 is the button
Seat 1: Velbor107 ($275.50 in chips)
Seat 3: gsb92 ($108 in chips)
gsb92: posts small blind $1
Velbor107: posts big blind $3
*** HOLE CARDS ***
gsb92: folds
Uncalled bet ($2) returned to Velbor107
Velbor107 collected $2 from pot
*** SUMMARY ***
Total pot $2 | Rake $0
Seat 1: Velbor107 (big blind) collected ($2)
Seat 3: gsb92 (button) (small blind) folded before Flop


PokerStars Hand #165591406134:  Hold'em Limit ($3/$6 USD) - 2017/02/02 21:13:57 ET
Table 'Tiflis' 6-max Seat #1 is the button
Seat 1: Velbor107 ($276.50 in chips)
Seat 3: gsb92 ($107 in chips)
Velbor107: posts small blind $1
gsb92: posts big blind $3
*** HOLE CARDS ***
Velbor107: raises $3 to $6
gsb92: raises $3 to $9
Velbor107: calls $3
*** FLOP *** [7h 3h Qc]
gsb92: bets $3
Velbor107: calls $3
*** TURN *** [7h 3h Qc] [3d]
gsb92: bets $6
Velbor107: calls $6
*** RIVER *** [7h 3h Qc 3d] [5c]
gsb92: bets $6
Velbor107: calls $6
*** SHOW DOWN ***
gsb92: shows [Qd Tc] (two pair, Queens and Threes)
Velbor107: mucks hand
gsb92 collected $47.50 from pot
*** SUMMARY ***
Total pot $48 | Rake $0.50
Board [7h 3h Qc 3d 5c]
Seat 1: Velbor107 (button) (small blind) mucked
Seat 3: gsb92 (big blind) showed [Qd Tc] and won ($47.50) with two pair, Queens and Threes


PokerStars Hand #165591459722:  Hold'em Limit ($3/$6 USD) - 2017/02/02 21:15:50 ET
Table 'Tiflis' 6-max Seat #3 is the button
Seat 1: Velbor107 ($284.50 in chips)
Seat 3: gsb92 ($97.50 in chips)
gsb92: posts small blind $1
Velbor107: posts big blind $3
*** HOLE CARDS ***
gsb92: raises $3 to $6
Velbor107: folds
Uncalled bet ($3) returned to gsb92
gsb92 collected $6 from pot
*** SUMMARY ***
Total pot $6 | Rake $0
Seat 1: Velbor107 (big blind) folded before Flop
Seat 3: gsb92 (button) (small blind) collected ($6)


PokerStars Hand #165591443256:  Hold'em Limit ($3/$6 USD) - 2017/02/02 21:15:15 ET
Table 'Tiflis' 6-max Seat #1 is the button
Seat 1: Velbor107 ($270 in chips)
Seat 3: gsb92 ($112.50 in chips)
Velbor107: posts small blind $1
gsb92: posts big blind $3
*** HOLE CARDS ***
Velbor107: raises $3 to $6
gsb92: raises $3 to $9
Velbor107: calls $3
*** FLOP *** [6d Jc 9d]
gsb92: bets $3
Velbor107: raises $3 to $6
gsb92: calls $3
*** TURN *** [6d Jc 9d] [Jh]
gsb92: checks
Velbor107: bets $6
gsb92: folds
Uncalled bet ($6) returned to Velbor107
Velbor107 collected $29.50 from pot
*** SUMMARY ***
Total pot $30 | Rake $0.50
Board [6d Jc 9d Jh]
Seat 1: Velbor107 (button) (small blind) collected ($29.50)
Seat 3: gsb92 (big blind) folded on the Turn


PokerStars Hand #165591424117:  Hold'em Limit ($3/$6 USD) - 2017/02/02 21:14:35 ET
Table 'Tiflis' 6-max Seat #3 is the button
Seat 1: Velbor107 ($252.50 in chips)
Seat 3: gsb92 ($130.50 in chips)
gsb92: posts small blind $1
Velbor107: posts big blind $3
*** HOLE CARDS ***
gsb92: raises $3 to $6
Velbor107: calls $3
*** FLOP *** [5h 7h Td]
Velbor107: checks
gsb92: bets $3
Velbor107: raises $3 to $6
gsb92: calls $3
*** TURN *** [5h 7h Td] [4s]
Velbor107: bets $6
gsb92: calls $6
*** RIVER *** [5h 7h Td 4s] [8s]
Velbor107: checks
gsb92: checks
*** SHOW DOWN ***
Velbor107: shows [Kh 4h] (a pair of Fours)
gsb92: mucks hand
Velbor107 collected $35.50 from pot
*** SUMMARY ***
Total pot $36 | Rake $0.50
Board [5h 7h Td 4s 8s]
Seat 1: Velbor107 (big blind) showed [Kh 4h] and won ($35.50) with a pair of Fours
Seat 3: gsb92 (button) (small blind) mucked


PokerStars Hand #165591476226:  Hold'em Limit ($3/$6 USD) - 2017/02/02 21:16:25 ET
Table 'Tiflis' 6-max Seat #3 is the button
Seat 1: Velbor107 ($269.50 in chips)
Seat 3: gsb92 ($112.02 in chips)
gsb92: posts small blind $1
Velbor107: posts big blind $3
*** HOLE CARDS ***
gsb92: raises $3 to $6
Velbor107: raises $3 to $9
gsb92: calls $3
*** FLOP *** [Jd 4c 9h]
Velbor107: bets $3
gsb92: raises $3 to $6
Velbor107: folds
Uncalled bet ($3) returned to gsb92
gsb92 collected $23.52 from pot
*** SUMMARY ***
Total pot $24 | Rake $0.48
Board [Jd 4c 9h]
Seat 1: Velbor107 (big blind) folded on the Flop
Seat 3: gsb92 (button) (small blind) collected ($23.52)


PokerStars Hand #165591463191:  Hold'em Limit ($3/$6 USD) - 2017/02/02 21:15:57 ET
Table 'Tiflis' 6-max Seat #1 is the button
Seat 1: Velbor107 ($281.50 in chips)
Seat 3: gsb92 ($100.50 in chips)
Velbor107: posts small blind $1
gsb92: posts big blind $3
*** HOLE CARDS ***
Velbor107: raises $3 to $6
gsb92: raises $3 to $9
Velbor107: calls $3
*** FLOP *** [Tc 3s 7c]
gsb92: bets $3
Velbor107: calls $3
*** TURN *** [Tc 3s 7c] [Ah]
gsb92: bets $6
Velbor107: folds
Uncalled bet ($6) returned to gsb92
gsb92 collected $23.52 from pot
*** SUMMARY ***
Total pot $24 | Rake $0.48
Board [Tc 3s 7c Ah]
Seat 1: Velbor107 (button) (small blind) folded on the Turn
Seat 3: gsb92 (big blind) collected ($23.52)


PokerStars Hand #165591487253:  Hold'em Limit ($3/$6 USD) - 2017/02/02 21:16:48 ET
Table 'Tiflis' 6-max Seat #1 is the button
Seat 1: Velbor107 ($257.50 in chips)
Seat 3: gsb92 ($123.54 in chips)
Velbor107: posts small blind $1
gsb92: posts big blind $3
*** HOLE CARDS ***
Velbor107: folds
Uncalled bet ($2) returned to gsb92
gsb92 collected $2 from pot
*** SUMMARY ***
Total pot $2 | Rake $0
Seat 1: Velbor107 (button) (small blind) folded before Flop
Seat 3: gsb92 (big blind) collected ($2)


PokerStars Hand #165591824734:  Hold'em Limit ($3/$6 USD) - 2017/02/02 21:28:30 ET
Table 'Tiflis' 6-max Seat #1 is the button
Seat 1: Velbor107 ($217.50 in chips)
Seat 3: gsb92 ($120 in chips)
Velbor107: posts small blind $1
gsb92: posts big blind $3
*** HOLE CARDS ***
Velbor107: raises $3 to $6
gsb92: calls $3
*** FLOP *** [6d Qc 6c]
gsb92: checks
Velbor107: bets $3
gsb92: calls $3
*** TURN *** [6d Qc 6c] [8d]
gsb92: checks
Velbor107: bets $6
gsb92: raises $6 to $12
Velbor107: folds
Uncalled bet ($6) returned to gsb92
gsb92 collected $29.50 from pot
*** SUMMARY ***
Total pot $30 | Rake $0.50
Board [6d Qc 6c 8d]
Seat 1: Velbor107 (button) (small blind) folded on the Turn
Seat 3: gsb92 (big blind) collected ($29.50)


PokerStars Hand #165592031780:  Hold'em Limit ($3/$6 USD) - 2017/02/02 21:36:03 ET
Table 'Tiflis' 6-max Seat #1 is the button
Seat 1: Velbor107 ($142.50 in chips)
Seat 3: gsb92 ($161.50 in chips)
Velbor107: posts small blind $1
gsb92: posts big blind $3
*** HOLE CARDS ***
Velbor107: raises $3 to $6
gsb92: calls $3
*** FLOP *** [Jh 3s 5c]
gsb92: checks
Velbor107: bets $3
gsb92: raises $3 to $6
Velbor107: calls $3
*** TURN *** [Jh 3s 5c] [Kh]
gsb92: checks
Velbor107: checks
*** RIVER *** [Jh 3s 5c Kh] [3d]
gsb92: bets $6
Velbor107: folds
Uncalled bet ($6) returned to gsb92
gsb92 collected $23.52 from pot
*** SUMMARY ***
Total pot $24 | Rake $0.48
Board [Jh 3s 5c Kh 3d]
Seat 1: Velbor107 (button) (small blind) folded on the River
Seat 3: gsb92 (big blind) collected ($23.52)


PokerStars Hand #165592013111:  Hold'em Limit ($3/$6 USD) - 2017/02/02 21:35:22 ET
Table 'Tiflis' 6-max Seat #3 is the button
Seat 1: Velbor107 ($184.50 in chips)
Seat 3: gsb92 ($120 in chips)
gsb92: posts small blind $1
Velbor107: posts big blind $3
*** HOLE CARDS ***
gsb92: raises $3 to $6
Velbor107: raises $3 to $9
gsb92: calls $3
*** FLOP *** [9s 9c Tc]
Velbor107: bets $3
gsb92: calls $3
*** TURN *** [9s 9c Tc] [9d]
Velbor107: bets $6
gsb92: raises $6 to $12
Velbor107: raises $6 to $18
gsb92: raises $6 to $24
Betting is capped
Velbor107: calls $6
*** RIVER *** [9s 9c Tc 9d] [3c]
Velbor107: checks
gsb92: bets $6
Velbor107: calls $6
*** SHOW DOWN ***
gsb92: shows [9h 8d] (four of a kind, Nines)
Velbor107: mucks hand
gsb92 collected $83.50 from pot
*** SUMMARY ***
Total pot $84 | Rake $0.50
Board [9s 9c Tc 9d 3c]
Seat 1: Velbor107 (big blind) mucked
Seat 3: gsb92 (button) (small blind) showed [9h 8d] and won ($83.50) with four of a kind, Nines


PokerStars Hand #165592291304:  Hold'em Limit ($3/$6 USD) - 2017/02/02 21:45:28 ET
Table 'Tiflis' 6-max Seat #5 is the button
Seat 1: Velbor107 ($130.50 in chips)
Seat 5: Icecold ($34.36 in chips)
Icecold: posts small blind $1
Velbor107: posts big blind $3
*** HOLE CARDS ***
Icecold: folds
Uncalled bet ($2) returned to Velbor107
Velbor107 collected $2 from pot
*** SUMMARY ***
Total pot $2 | Rake $0
Seat 1: Velbor107 (big blind) collected ($2)
Seat 5: Icecold (button) (small blind) folded before Flop


PokerStars Hand #165592307380:  Hold'em Limit ($3/$6 USD) - 2017/02/02 21:46:05 ET
Table 'Tiflis' 6-max Seat #5 is the button
Seat 1: Velbor107 ($146 in chips)
Seat 5: Icecold ($18.36 in chips)
Icecold: posts small blind $1
Velbor107: posts big blind $3
*** HOLE CARDS ***
Icecold: raises $3 to $6
Velbor107: calls $3
*** FLOP *** [Js 9d Ks]
Velbor107: bets $3
Icecold: calls $3
*** TURN *** [Js 9d Ks] [Ac]
Velbor107: checks
Icecold: bets $6
Velbor107: raises $6 to $12
Icecold: calls $3.36 and is all-in
Uncalled bet ($2.64) returned to Velbor107
*** RIVER *** [Js 9d Ks Ac] [6d]
*** SHOW DOWN ***
Velbor107: shows [2s Kc] (a pair of Kings)
Icecold: shows [Jh Jd] (three of a kind, Jacks)
Icecold collected $36.22 from pot
*** SUMMARY ***
Total pot $36.72 | Rake $0.50
Board [Js 9d Ks Ac 6d]
Seat 1: Velbor107 (big blind) showed [2s Kc] and lost with a pair of Kings
Seat 5: Icecold (button) (small blind) showed [Jh Jd] and won ($36.22) with three of a kind, Jacks


PokerStars Hand #165592294611:  Hold'em Limit ($3/$6 USD) - 2017/02/02 21:45:36 ET
Table 'Tiflis' 6-max Seat #1 is the button
Seat 1: Velbor107 ($131.50 in chips)
Seat 5: Icecold ($33.36 in chips)
Velbor107: posts small blind $1
Icecold: posts big blind $3
*** HOLE CARDS ***
Velbor107: raises $3 to $6
Icecold: calls $3
*** FLOP *** [Kd 9s Ks]
Icecold: checks
Velbor107: bets $3
Icecold: calls $3
*** TURN *** [Kd 9s Ks] [5h]
Icecold: checks
Velbor107: bets $6
Icecold: calls $6
*** RIVER *** [Kd 9s Ks 5h] [Kh]
Icecold: checks
Velbor107: checks
*** SHOW DOWN ***
Icecold: shows [Qc Jd] (three of a kind, Kings)
Velbor107: shows [5d Ts] (a full house, Kings full of Fives)
Velbor107 collected $29.50 from pot
*** SUMMARY ***
Total pot $30 | Rake $0.50
Board [Kd 9s Ks 5h Kh]
Seat 1: Velbor107 (button) (small blind) showed [5d Ts] and won ($29.50) with a full house, Kings full of Fives
Seat 5: Icecold (big blind) showed [Qc Jd] and lost with three of a kind, Kings


PokerStars Hand #165592332095:  Hold'em Limit ($3/$6 USD) - 2017/02/02 21:47:02 ET
Table 'Tiflis' 6-max Seat #1 is the button
Seat 1: Velbor107 ($121 in chips)
Seat 5: Icecold ($49.72 in chips)
Velbor107: posts small blind $1
Icecold: posts big blind $3
*** HOLE CARDS ***
Velbor107: raises $3 to $6
Icecold: calls $3
*** FLOP *** [Kd 8s Jh]
Icecold: checks
Velbor107: bets $3
Icecold: folds
Uncalled bet ($3) returned to Velbor107
Velbor107 collected $11.76 from pot
*** SUMMARY ***
Total pot $12 | Rake $0.24
Board [Kd 8s Jh]
Seat 1: Velbor107 (button) (small blind) collected ($11.76)
Seat 5: Icecold (big blind) folded on the Flop


PokerStars Hand #165592338039:  Hold'em Limit ($3/$6 USD) - 2017/02/02 21:47:16 ET
Table 'Tiflis' 6-max Seat #5 is the button
Seat 1: Velbor107 ($126.76 in chips)
Seat 5: Icecold ($43.72 in chips)
Icecold: posts small blind $1
Velbor107: posts big blind $3
*** HOLE CARDS ***
Icecold: raises $3 to $6
Velbor107: calls $3
*** FLOP *** [Ts Qs 7c]
Velbor107: checks
Icecold: bets $3
Velbor107: folds
Uncalled bet ($3) returned to Icecold
Icecold collected $11.76 from pot
*** SUMMARY ***
Total pot $12 | Rake $0.24
Board [Ts Qs 7c]
Seat 1: Velbor107 (big blind) folded on the Flop
Seat 5: Icecold (button) (small blind) collected ($11.76)


PokerStars Hand #165592329725:  Hold'em Limit ($3/$6 USD) - 2017/02/02 21:46:57 ET
Table 'Tiflis' 6-max Seat #5 is the button
Seat 1: Velbor107 ($120 in chips)
Seat 5: Icecold ($50.72 in chips)
Icecold: posts small blind $1
Velbor107: posts big blind $3
*** HOLE CARDS ***
Icecold: folds
Uncalled bet ($2) returned to Velbor107
Velbor107 collected $2 from pot
*** SUMMARY ***
Total pot $2 | Rake $0
Seat 1: Velbor107 (big blind) collected ($2)
Seat 5: Icecold (button) (small blind) folded before Flop


PokerStars Hand #165592320622:  Hold'em Limit ($3/$6 USD) - 2017/02/02 21:46:36 ET
Table 'Tiflis' 6-max Seat #1 is the button
Seat 1: Velbor107 ($127.64 in chips)
Seat 5: Icecold ($36.22 in chips)
Velbor107: posts small blind $1
Icecold: posts big blind $3
*** HOLE CARDS ***
Velbor107: raises $3 to $6
Icecold: calls $3
*** FLOP *** [4h 2h Qd]
Icecold: checks
Velbor107: bets $3
Icecold: calls $3
*** TURN *** [4h 2h Qd] [6c]
Icecold: checks
Velbor107: bets $6
Icecold: raises $6 to $12
Velbor107: folds
Uncalled bet ($6) returned to Icecold
Icecold collected $29.50 from pot
*** SUMMARY ***
Total pot $30 | Rake $0.50
Board [4h 2h Qd 6c]
Seat 1: Velbor107 (button) (small blind) folded on the Turn
Seat 5: Icecold (big blind) collected ($29.50)


PokerStars Hand #165592345812:  Hold'em Limit ($3/$6 USD) - 2017/02/02 21:47:34 ET
Table 'Tiflis' 6-max Seat #1 is the button
Seat 1: Velbor107 ($120.76 in chips)
Seat 5: Icecold ($49.48 in chips)
Velbor107: posts small blind $1
Icecold: posts big blind $3
*** HOLE CARDS ***
Velbor107: raises $3 to $6
Icecold: calls $3
*** FLOP *** [9c As 5h]
Icecold: checks
Velbor107: bets $3
Icecold: calls $3
*** TURN *** [9c As 5h] [8c]
Icecold: checks
Velbor107: bets $6
Icecold: calls $6
*** RIVER *** [9c As 5h 8c] [6h]
Icecold: checks
Velbor107: bets $6
Icecold: calls $6
*** SHOW DOWN ***
Velbor107: shows [8d Ac] (two pair, Aces and Eights)
Icecold: mucks hand
Velbor107 collected $41.50 from pot
*** SUMMARY ***
Total pot $42 | Rake $0.50
Board [9c As 5h 8c 6h]
Seat 1: Velbor107 (button) (small blind) showed [8d Ac] and won ($41.50) with two pair, Aces and Eights
Seat 5: Icecold (big blind) mucked


PokerStars Hand #165592357803:  Hold'em Limit ($3/$6 USD) - 2017/02/02 21:48:01 ET
Table 'Tiflis' 6-max Seat #5 is the button
Seat 1: Velbor107 ($141.26 in chips)
Seat 5: Icecold ($28.48 in chips)
Icecold: posts small blind $1
Velbor107: posts big blind $3
*** HOLE CARDS ***
Icecold: raises $3 to $6
Velbor107: calls $3
*** FLOP *** [7d 9d 4d]
Velbor107: checks
Icecold: bets $3
Velbor107: folds
Uncalled bet ($3) returned to Icecold
Icecold collected $11.76 from pot
*** SUMMARY ***
Total pot $12 | Rake $0.24
Board [7d 9d 4d]
Seat 1: Velbor107 (big blind) folded on the Flop
Seat 5: Icecold (button) (small blind) collected ($11.76)


PokerStars Hand #165592388618:  Hold'em Limit ($3/$6 USD) - 2017/02/02 21:49:12 ET
Table 'Tiflis' 6-max Seat #1 is the button
Seat 1: Velbor107 ($142.02 in chips)
Seat 5: Icecold ($27.24 in chips)
Velbor107: posts small blind $1
Icecold: posts big blind $3
*** HOLE CARDS ***
Velbor107: raises $3 to $6
Icecold: calls $3
*** FLOP *** [2c Ah Kh]
Icecold: checks
Velbor107: bets $3
Icecold: folds
Uncalled bet ($3) returned to Velbor107
Velbor107 collected $11.76 from pot
*** SUMMARY ***
Total pot $12 | Rake $0.24
Board [2c Ah Kh]
Seat 1: Velbor107 (button) (small blind) collected ($11.76)
Seat 5: Icecold (big blind) folded on the Flop


PokerStars Hand #165592386520:  Hold'em Limit ($3/$6 USD) - 2017/02/02 21:49:07 ET
Table 'Tiflis' 6-max Seat #5 is the button
Seat 1: Velbor107 ($141.02 in chips)
Seat 5: Icecold ($28.24 in chips)
Icecold: posts small blind $1
Velbor107: posts big blind $3
*** HOLE CARDS ***
Icecold: folds
Uncalled bet ($2) returned to Velbor107
Velbor107 collected $2 from pot
*** SUMMARY ***
Total pot $2 | Rake $0
Seat 1: Velbor107 (big blind) collected ($2)
Seat 5: Icecold (button) (small blind) folded before Flop


PokerStars Hand #165592376099:  Hold'em Limit ($3/$6 USD) - 2017/02/02 21:48:43 ET
Table 'Tiflis' 6-max Seat #1 is the button
Seat 1: Velbor107 ($135.26 in chips)
Seat 5: Icecold ($34.24 in chips)
Velbor107: posts small blind $1
Icecold: posts big blind $3
*** HOLE CARDS ***
Velbor107: raises $3 to $6
Icecold: calls $3
*** FLOP *** [8h 5s 8d]
Icecold: checks
Velbor107: checks
*** TURN *** [8h 5s 8d] [3h]
Icecold: checks
Velbor107: checks
*** RIVER *** [8h 5s 8d 3h] [4h]
Icecold: checks
Velbor107: bets $6
Icecold: folds
Uncalled bet ($6) returned to Velbor107
Velbor107 collected $11.76 from pot
*** SUMMARY ***
Total pot $12 | Rake $0.24
Board [8h 5s 8d 3h 4h]
Seat 1: Velbor107 (button) (small blind) collected ($11.76)
Seat 5: Icecold (big blind) folded on the River


PokerStars Hand #165592392790:  Hold'em Limit ($3/$6 USD) - 2017/02/02 21:49:22 ET
Table 'Tiflis' 6-max Seat #5 is the button
Seat 1: Velbor107 ($147.78 in chips)
Seat 5: Icecold ($21.24 in chips)
Icecold: posts small blind $1
Velbor107: posts big blind $3
*** HOLE CARDS ***
Icecold: raises $3 to $6
Velbor107: folds
Uncalled bet ($3) returned to Icecold
Icecold collected $6 from pot
*** SUMMARY ***
Total pot $6 | Rake $0
Seat 1: Velbor107 (big blind) folded before Flop
Seat 5: Icecold (button) (small blind) collected ($6)


PokerStars Hand #165592404255:  Hold'em Limit ($3/$6 USD) - 2017/02/02 21:49:48 ET
Table 'Tiflis' 6-max Seat #5 is the button
Seat 1: Velbor107 ($135.78 in chips)
Seat 5: Icecold ($32.88 in chips)
Icecold: posts small blind $1
Velbor107: posts big blind $3
*** HOLE CARDS ***
Icecold: raises $3 to $6
Velbor107: folds
Uncalled bet ($3) returned to Icecold
Icecold collected $6 from pot
*** SUMMARY ***
Total pot $6 | Rake $0
Seat 1: Velbor107 (big blind) folded before Flop
Seat 5: Icecold (button) (small blind) collected ($6)


PokerStars Hand #165592396393:  Hold'em Limit ($3/$6 USD) - 2017/02/02 21:49:30 ET
Table 'Tiflis' 6-max Seat #1 is the button
Seat 1: Velbor107 ($144.78 in chips)
Seat 5: Icecold ($24.24 in chips)
Velbor107: posts small blind $1
Icecold: posts big blind $3
*** HOLE CARDS ***
Velbor107: raises $3 to $6
Icecold: calls $3
*** FLOP *** [Kh 9h Jh]
Icecold: checks
Velbor107: bets $3
Icecold: calls $3
*** TURN *** [Kh 9h Jh] [Tc]
Icecold: checks
Velbor107: checks
*** RIVER *** [Kh 9h Jh Tc] [2c]
Icecold: bets $6
Velbor107: folds
Uncalled bet ($6) returned to Icecold
Icecold collected $17.64 from pot
*** SUMMARY ***
Total pot $18 | Rake $0.36
Board [Kh 9h Jh Tc 2c]
Seat 1: Velbor107 (button) (small blind) folded on the River
Seat 5: Icecold (big blind) collected ($17.64)


PokerStars Hand #165592425538:  Hold'em Limit ($3/$6 USD) - 2017/02/02 21:50:38 ET
Table 'Tiflis' 6-max Seat #1 is the button
Seat 1: Velbor107 ($150.28 in chips)
Seat 5: Icecold ($17.88 in chips)
Velbor107: posts small blind $1
Icecold: posts big blind $3
*** HOLE CARDS ***
Velbor107: raises $3 to $6
Icecold: calls $3
*** FLOP *** [4c 5c Js]
Icecold: checks
Velbor107: bets $3
Icecold: folds
Uncalled bet ($3) returned to Velbor107
Velbor107 collected $11.76 from pot
*** SUMMARY ***
Total pot $12 | Rake $0.24
Board [4c 5c Js]
Seat 1: Velbor107 (button) (small blind) collected ($11.76)
Seat 5: Icecold (big blind) folded on the Flop


PokerStars Hand #165592417803:  Hold'em Limit ($3/$6 USD) - 2017/02/02 21:50:20 ET
Table 'Tiflis' 6-max Seat #5 is the button
Seat 1: Velbor107 ($153.28 in chips)
Seat 5: Icecold ($14.88 in chips)
Icecold: posts small blind $1
Velbor107: posts big blind $3
*** HOLE CARDS ***
Icecold: raises $3 to $6
Velbor107: folds
Uncalled bet ($3) returned to Icecold
Icecold collected $6 from pot
*** SUMMARY ***
Total pot $6 | Rake $0
Seat 1: Velbor107 (big blind) folded before Flop
Seat 5: Icecold (button) (small blind) collected ($6)


PokerStars Hand #165592406796:  Hold'em Limit ($3/$6 USD) - 2017/02/02 21:49:54 ET
Table 'Tiflis' 6-max Seat #1 is the button
Seat 1: Velbor107 ($132.78 in chips)
Seat 5: Icecold ($35.88 in chips)
Velbor107: posts small blind $1
Icecold: posts big blind $3
*** HOLE CARDS ***
Velbor107: raises $3 to $6
Icecold: calls $3
*** FLOP *** [9d 2d 4c]
Icecold: checks
Velbor107: bets $3
Icecold: calls $3
*** TURN *** [9d 2d 4c] [Kc]
Icecold: checks
Velbor107: bets $6
Icecold: calls $6
*** RIVER *** [9d 2d 4c Kc] [As]
Icecold: checks
Velbor107: bets $6
Icecold: calls $6
*** SHOW DOWN ***
Velbor107: shows [2c Ah] (two pair, Aces and Deuces)
Icecold: mucks hand
Velbor107 collected $41.50 from pot
*** SUMMARY ***
Total pot $42 | Rake $0.50
Board [9d 2d 4c Kc As]
Seat 1: Velbor107 (button) (small blind) showed [2c Ah] and won ($41.50) with two pair, Aces and Deuces
Seat 5: Icecold (big blind) mucked


PokerStars Hand #165592420819:  Hold'em Limit ($3/$6 USD) - 2017/02/02 21:50:27 ET
Table 'Tiflis' 6-max Seat #1 is the button
Seat 1: Velbor107 ($150.28 in chips)
Seat 5: Icecold ($17.88 in chips)
Velbor107: posts small blind $1
Icecold: posts big blind $3
*** HOLE CARDS ***
Velbor107: folds
Uncalled bet ($2) returned to Icecold
Icecold collected $2 from pot
*** SUMMARY ***
Total pot $2 | Rake $0
Seat 1: Velbor107 (button) (small blind) folded before Flop
Seat 5: Icecold (big blind) collected ($2)


PokerStars Hand #165592423550:  Hold'em Limit ($3/$6 USD) - 2017/02/02 21:50:33 ET
Table 'Tiflis' 6-max Seat #5 is the button
Seat 1: Velbor107 ($149.28 in chips)
Seat 5: Icecold ($18.88 in chips)
Icecold: posts small blind $1
Velbor107: posts big blind $3
*** HOLE CARDS ***
Icecold: folds
Uncalled bet ($2) returned to Velbor107
Velbor107 collected $2 from pot
*** SUMMARY ***
Total pot $2 | Rake $0
Seat 1: Velbor107 (big blind) collected ($2)
Seat 5: Icecold (button) (small blind) folded before Flop


PokerStars Hand #165592429472:  Hold'em Limit ($3/$6 USD) - 2017/02/02 21:50:47 ET
Table 'Tiflis' 6-max Seat #5 is the button
Seat 1: Velbor107 ($156.04 in chips)
Seat 5: Icecold ($11.88 in chips)
Icecold: posts small blind $1
Velbor107: posts big blind $3
*** HOLE CARDS ***
Icecold: raises $3 to $6
Velbor107: raises $3 to $9
Icecold: calls $3
*** FLOP *** [3h 5s Jc]
Velbor107: bets $3
Icecold: calls $2.88 and is all-in
Uncalled bet ($0.12) returned to Velbor107
*** TURN *** [3h 5s Jc] [Ks]
*** RIVER *** [3h 5s Jc Ks] [9c]
*** SHOW DOWN ***
Velbor107: shows [Tc Ac] (high card Ace)
Icecold: shows [7c Qs] (high card King)
Velbor107 collected $23.28 from pot
*** SUMMARY ***
Total pot $23.76 | Rake $0.48
Board [3h 5s Jc Ks 9c]
Seat 1: Velbor107 (big blind) showed [Tc Ac] and won ($23.28) with high card Ace
Seat 5: Icecold (button) (small blind) showed [7c Qs] and lost with high card King


PokerStars Hand #165592467753:  Hold'em Limit ($3/$6 USD) - 2017/02/02 21:52:17 ET
Table 'Tiflis' 6-max Seat #5 is the button
Seat 1: Velbor107 ($158.44 in chips)
Seat 5: Icecold ($40.10 in chips)
Icecold: posts small blind $1
Velbor107: posts big blind $3
*** HOLE CARDS ***
Icecold: raises $3 to $6
Velbor107: folds
Uncalled bet ($3) returned to Icecold
Icecold collected $6 from pot
*** SUMMARY ***
Total pot $6 | Rake $0
Seat 1: Velbor107 (big blind) folded before Flop
Seat 5: Icecold (button) (small blind) collected ($6)


PokerStars Hand #165592473062:  Hold'em Limit ($3/$6 USD) - 2017/02/02 21:52:29 ET
Table 'Tiflis' 6-max Seat #1 is the button
Seat 1: Velbor107 ($155.44 in chips)
Seat 5: Icecold ($43.10 in chips)
Velbor107: posts small blind $1
Icecold: posts big blind $3
*** HOLE CARDS ***
Velbor107: raises $3 to $6
Icecold: calls $3
*** FLOP *** [5d 3h 8d]
Icecold: checks
Velbor107: bets $3
Icecold: folds
Uncalled bet ($3) returned to Velbor107
Velbor107 collected $11.76 from pot
*** SUMMARY ***
Total pot $12 | Rake $0.24
Board [5d 3h 8d]
Seat 1: Velbor107 (button) (small blind) collected ($11.76)
Seat 5: Icecold (big blind) folded on the Flop


PokerStars Hand #165592450814:  Hold'em Limit ($3/$6 USD) - 2017/02/02 21:51:37 ET
Table 'Tiflis' 6-max Seat #1 is the button
Seat 1: Velbor107 ($167.44 in chips)
Seat 5: Icecold ($31.46 in chips)
Velbor107: posts small blind $1
Icecold: posts big blind $3
*** HOLE CARDS ***
Velbor107: raises $3 to $6
Icecold: raises $3 to $9
Velbor107: calls $3
*** FLOP *** [3h 2h As]
Icecold: bets $3
Velbor107: folds
Uncalled bet ($3) returned to Icecold
Icecold collected $17.64 from pot
*** SUMMARY ***
Total pot $18 | Rake $0.36
Board [3h 2h As]
Seat 1: Velbor107 (button) (small blind) folded on the Flop
Seat 5: Icecold (big blind) collected ($17.64)


PokerStars Hand #165592501678:  Hold'em Limit ($3/$6 USD) - 2017/02/02 21:53:37 ET
Table 'Tiflis' 6-max Seat #1 is the button
Seat 1: Velbor107 ($143.20 in chips)
Seat 5: Icecold ($54.60 in chips)
Velbor107: posts small blind $1
Icecold: posts big blind $3
*** HOLE CARDS ***
Velbor107: raises $3 to $6
Icecold: calls $3
*** FLOP *** [Ac Jh 8s]
Icecold: checks
Velbor107: bets $3
Icecold: folds
Uncalled bet ($3) returned to Velbor107
Velbor107 collected $11.76 from pot
*** SUMMARY ***
Total pot $12 | Rake $0.24
Board [Ac Jh 8s]
Seat 1: Velbor107 (button) (small blind) collected ($11.76)
Seat 5: Icecold (big blind) folded on the Flop


PokerStars Hand #165592482619:  Hold'em Limit ($3/$6 USD) - 2017/02/02 21:52:52 ET
Table 'Tiflis' 6-max Seat #5 is the button
Seat 1: Velbor107 ($161.20 in chips)
Seat 5: Icecold ($37.10 in chips)
Icecold: posts small blind $1
Velbor107: posts big blind $3
*** HOLE CARDS ***
Icecold: raises $3 to $6
Velbor107: raises $3 to $9
Icecold: calls $3
*** FLOP *** [Kd 9c 5c]
Velbor107: bets $3
Icecold: calls $3
*** TURN *** [Kd 9c 5c] [5h]
Velbor107: bets $6
Icecold: raises $6 to $12
Velbor107: folds
Uncalled bet ($6) returned to Icecold
Icecold collected $35.50 from pot
*** SUMMARY ***
Total pot $36 | Rake $0.50
Board [Kd 9c 5c 5h]
Seat 1: Velbor107 (big blind) folded on the Turn
Seat 5: Icecold (button) (small blind) collected ($35.50)


PokerStars Hand #165592507216:  Hold'em Limit ($3/$6 USD) - 2017/02/02 21:53:49 ET
Table 'Tiflis' 6-max Seat #5 is the button
Seat 1: Velbor107 ($148.96 in chips)
Seat 5: Icecold ($48.60 in chips)
Icecold: posts small blind $1
Velbor107: posts big blind $3
*** HOLE CARDS ***
Icecold: raises $3 to $6
Velbor107: calls $3
*** FLOP *** [Kc 6s 4s]
Velbor107: checks
Icecold: bets $3
Velbor107: folds
Uncalled bet ($3) returned to Icecold
Icecold collected $11.76 from pot
*** SUMMARY ***
Total pot $12 | Rake $0.24
Board [Kc 6s 4s]
Seat 1: Velbor107 (big blind) folded on the Flop
Seat 5: Icecold (button) (small blind) collected ($11.76)


PokerStars Hand #165592511621:  Hold'em Limit ($3/$6 USD) - 2017/02/02 21:54:00 ET
Table 'Tiflis' 6-max Seat #1 is the button
Seat 1: Velbor107 ($142.96 in chips)
Seat 5: Icecold ($54.36 in chips)
Velbor107: posts small blind $1
Icecold: posts big blind $3
*** HOLE CARDS ***
Velbor107: raises $3 to $6
Icecold: calls $3
*** FLOP *** [9s 3c Qh]
Icecold: checks
Velbor107: bets $3
Icecold: raises $3 to $6
Velbor107: calls $3
*** TURN *** [9s 3c Qh] [4h]
Icecold: bets $6
Velbor107: raises $6 to $12
Icecold: calls $6
*** RIVER *** [9s 3c Qh 4h] [4s]
Icecold: checks
Velbor107: bets $6
Icecold: calls $6
*** SHOW DOWN ***
Velbor107: shows [Kd Kc] (two pair, Kings and Fours)
Icecold: mucks hand
Velbor107 collected $59.50 from pot
*** SUMMARY ***
Total pot $60 | Rake $0.50
Board [9s 3c Qh 4h 4s]
Seat 1: Velbor107 (button) (small blind) showed [Kd Kc] and won ($59.50) with two pair, Kings and Fours
Seat 5: Icecold (big blind) mucked


PokerStars Hand #165592528449:  Hold'em Limit ($3/$6 USD) - 2017/02/02 21:54:40 ET
Table 'Tiflis' 6-max Seat #1 is the button
Seat 1: Velbor107 ($169.46 in chips)
Seat 5: Icecold ($27.36 in chips)
Velbor107: posts small blind $1
Icecold: posts big blind $3
*** HOLE CARDS ***
Velbor107: raises $3 to $6
Icecold: calls $3
*** FLOP *** [4c Ks 5d]
Icecold: checks
Velbor107: bets $3
Icecold: raises $3 to $6
Velbor107: calls $3
*** TURN *** [4c Ks 5d] [9h]
Icecold: bets $6
Velbor107: folds
Uncalled bet ($6) returned to Icecold
Icecold collected $23.52 from pot
*** SUMMARY ***
Total pot $24 | Rake $0.48
Board [4c Ks 5d 9h]
Seat 1: Velbor107 (button) (small blind) folded on the Turn
Seat 5: Icecold (big blind) collected ($23.52)


PokerStars Hand #165592525769:  Hold'em Limit ($3/$6 USD) - 2017/02/02 21:54:33 ET
Table 'Tiflis' 6-max Seat #5 is the button
Seat 1: Velbor107 ($172.46 in chips)
Seat 5: Icecold ($24.36 in chips)
Icecold: posts small blind $1
Velbor107: posts big blind $3
*** HOLE CARDS ***
Icecold: raises $3 to $6
Velbor107: folds
Uncalled bet ($3) returned to Icecold
Icecold collected $6 from pot
*** SUMMARY ***
Total pot $6 | Rake $0
Seat 1: Velbor107 (big blind) folded before Flop
Seat 5: Icecold (button) (small blind) collected ($6)


PokerStars Hand #165592535196:  Hold'em Limit ($3/$6 USD) - 2017/02/02 21:54:55 ET
Table 'Tiflis' 6-max Seat #5 is the button
Seat 1: Velbor107 ($157.46 in chips)
Seat 5: Icecold ($38.88 in chips)
Icecold: posts small blind $1
Velbor107: posts big blind $3
*** HOLE CARDS ***
Icecold: raises $3 to $6
Velbor107: folds
Uncalled bet ($3) returned to Icecold
Icecold collected $6 from pot
*** SUMMARY ***
Total pot $6 | Rake $0
Seat 1: Velbor107 (big blind) folded before Flop
Seat 5: Icecold (button) (small blind) collected ($6)


PokerStars Hand #165592540384:  Hold'em Limit ($3/$6 USD) - 2017/02/02 21:55:08 ET
Table 'Tiflis' 6-max Seat #1 is the button
Seat 1: Velbor107 ($154.46 in chips)
Seat 5: Icecold ($41.88 in chips)
Velbor107: posts small blind $1
Icecold: posts big blind $3
*** HOLE CARDS ***
Velbor107: raises $3 to $6
Icecold: calls $3
*** FLOP *** [3s 5h Tc]
Icecold: checks
Velbor107: checks
*** TURN *** [3s 5h Tc] [Qh]
Icecold: checks
Velbor107: checks
*** RIVER *** [3s 5h Tc Qh] [Ah]
Icecold: bets $6
Velbor107: folds
Uncalled bet ($6) returned to Icecold
Icecold collected $11.76 from pot
*** SUMMARY ***
Total pot $12 | Rake $0.24
Board [3s 5h Tc Qh Ah]
Seat 1: Velbor107 (button) (small blind) folded on the River
Seat 5: Icecold (big blind) collected ($11.76)


PokerStars Hand #165592570054:  Hold'em Limit ($3/$6 USD) - 2017/02/02 21:56:28 ET
Table 'Tiflis' 6-max Seat #5 is the button
Seat 1: Velbor107 ($174.72 in chips)
Seat 5: Icecold ($20.64 in chips)
Icecold: posts small blind $1
Velbor107: posts big blind $3
*** HOLE CARDS ***
Icecold: raises $3 to $6
Velbor107: folds
Uncalled bet ($3) returned to Icecold
Icecold collected $6 from pot
*** SUMMARY ***
Total pot $6 | Rake $0
Seat 1: Velbor107 (big blind) folded before Flop
Seat 5: Icecold (button) (small blind) collected ($6)


PokerStars Hand #165592559991:  Hold'em Limit ($3/$6 USD) - 2017/02/02 21:56:01 ET
Table 'Tiflis' 6-max Seat #1 is the button
Seat 1: Velbor107 ($154.22 in chips)
Seat 5: Icecold ($41.64 in chips)
Velbor107: posts small blind $1
Icecold: posts big blind $3
*** HOLE CARDS ***
Velbor107: raises $3 to $6
Icecold: calls $3
*** FLOP *** [Jd 3h Tc]
Icecold: checks
Velbor107: bets $3
Icecold: calls $3
*** TURN *** [Jd 3h Tc] [6s]
Icecold: checks
Velbor107: bets $6
Icecold: calls $6
*** RIVER *** [Jd 3h Tc 6s] [4h]
Icecold: checks
Velbor107: bets $6
Icecold: calls $6
*** SHOW DOWN ***
Velbor107: shows [Ah 6c] (a pair of Sixes)
Icecold: mucks hand
Velbor107 collected $41.50 from pot
*** SUMMARY ***
Total pot $42 | Rake $0.50
Board [Jd 3h Tc 6s 4h]
Seat 1: Velbor107 (button) (small blind) showed [Ah 6c] and won ($41.50) with a pair of Sixes
Seat 5: Icecold (big blind) mucked


PokerStars Hand #165592551061:  Hold'em Limit ($3/$6 USD) - 2017/02/02 21:55:37 ET
Table 'Tiflis' 6-max Seat #5 is the button
Seat 1: Velbor107 ($148.46 in chips)
Seat 5: Icecold ($47.64 in chips)
Icecold: posts small blind $1
Velbor107: posts big blind $3
*** HOLE CARDS ***
Icecold: raises $3 to $6
Velbor107: calls $3
*** FLOP *** [5c 2c 5h]
Velbor107: checks
Icecold: checks
*** TURN *** [5c 2c 5h] [Kd]
Velbor107: bets $6
Icecold: folds
Uncalled bet ($6) returned to Velbor107
Velbor107 collected $11.76 from pot
*** SUMMARY ***
Total pot $12 | Rake $0.24
Board [5c 2c 5h Kd]
Seat 1: Velbor107 (big blind) collected ($11.76)
Seat 5: Icecold (button) (small blind) folded on the Turn


PokerStars Hand #165592573044:  Hold'em Limit ($3/$6 USD) - 2017/02/02 21:56:36 ET
Table 'Tiflis' 6-max Seat #1 is the button
Seat 1: Velbor107 ($171.72 in chips)
Seat 5: Icecold ($23.64 in chips)
Velbor107: posts small blind $1
Icecold: posts big blind $3
*** HOLE CARDS ***
Velbor107: raises $3 to $6
Icecold: calls $3
*** FLOP *** [2c 3d Td]
Icecold: checks
Velbor107: bets $3
Icecold: folds
Uncalled bet ($3) returned to Velbor107
Velbor107 collected $11.76 from pot
*** SUMMARY ***
Total pot $12 | Rake $0.24
Board [2c 3d Td]
Seat 1: Velbor107 (button) (small blind) collected ($11.76)
Seat 5: Icecold (big blind) folded on the Flop


PokerStars Hand #165592583725:  Hold'em Limit ($3/$6 USD) - 2017/02/02 21:57:05 ET
Table 'Tiflis' 6-max Seat #5 is the button
Seat 1: Velbor107 ($177.48 in chips)
Seat 5: Icecold ($17.64 in chips)
Icecold: posts small blind $1
Velbor107: posts big blind $3
*** HOLE CARDS ***
Icecold: raises $3 to $6
Velbor107: calls $3
*** FLOP *** [4c 9d 7h]
Velbor107: bets $3
Icecold: raises $3 to $6
Zooshark joins the table at seat #3
Zooshark leaves the table
Velbor107: raises $3 to $9
Icecold: calls $3
*** TURN *** [4c 9d 7h] [6c]
Velbor107: bets $6
Icecold: calls $2.64 and is all-in
Uncalled bet ($3.36) returned to Velbor107
*** RIVER *** [4c 9d 7h 6c] [5d]
*** SHOW DOWN ***
Velbor107: shows [9s 8h] (a straight, Five to Nine)
Icecold: shows [Jd 4h] (a pair of Fours)
Velbor107 collected $34.78 from pot
*** SUMMARY ***
Total pot $35.28 | Rake $0.50
Board [4c 9d 7h 6c 5d]
Seat 1: Velbor107 (big blind) showed [9s 8h] and won ($34.78) with a straight, Five to Nine
Seat 5: Icecold (button) (small blind) showed [Jd 4h] and lost with a pair of Fours


PokerStars Hand #165592615181:  Hold'em Limit ($3/$6 USD) - 2017/02/02 21:58:28 ET
Table 'Tiflis' 6-max Seat #1 is the button
Seat 1: Velbor107 ($194.62 in chips)
Seat 5: Icecold ($31.46 in chips)
Velbor107: posts small blind $1
Icecold: posts big blind $3
*** HOLE CARDS ***
Velbor107: raises $3 to $6
Icecold: calls $3
*** FLOP *** [Jh Kd 9s]
Icecold: checks
Velbor107: bets $3
Icecold: folds
Uncalled bet ($3) returned to Velbor107
Velbor107 collected $11.76 from pot
*** SUMMARY ***
Total pot $12 | Rake $0.24
Board [Jh Kd 9s]
Seat 1: Velbor107 (button) (small blind) collected ($11.76)
Seat 5: Icecold (big blind) folded on the Flop


PokerStars Hand #165592613346:  Hold'em Limit ($3/$6 USD) - 2017/02/02 21:58:24 ET
Table 'Tiflis' 6-max Seat #5 is the button
Seat 1: Velbor107 ($193.62 in chips)
Seat 5: Icecold ($32.46 in chips)
Icecold: posts small blind $1
Velbor107: posts big blind $3
*** HOLE CARDS ***
Icecold: folds
Uncalled bet ($2) returned to Velbor107
Velbor107 collected $2 from pot
*** SUMMARY ***
Total pot $2 | Rake $0
Seat 1: Velbor107 (big blind) collected ($2)
Seat 5: Icecold (button) (small blind) folded before Flop


PokerStars Hand #165592609567:  Hold'em Limit ($3/$6 USD) - 2017/02/02 21:58:14 ET
Table 'Tiflis' 6-max Seat #1 is the button
Seat 1: Velbor107 ($194.62 in chips)
Seat 5: Icecold ($31.46 in chips)
Velbor107: posts small blind $1
Icecold: posts big blind $3
*** HOLE CARDS ***
Velbor107: folds
Uncalled bet ($2) returned to Icecold
Icecold collected $2 from pot
*** SUMMARY ***
Total pot $2 | Rake $0
Seat 1: Velbor107 (button) (small blind) folded before Flop
Seat 5: Icecold (big blind) collected ($2)


PokerStars Hand #165592620517:  Hold'em Limit ($3/$6 USD) - 2017/02/02 21:58:43 ET
Table 'Tiflis' 6-max Seat #5 is the button
Seat 1: Velbor107 ($200.38 in chips)
Seat 5: Icecold ($25.46 in chips)
Icecold: posts small blind $1
Velbor107: posts big blind $3
*** HOLE CARDS ***
Icecold: raises $3 to $6
Velbor107: raises $3 to $9
Icecold: raises $3 to $12
Betting is capped
Velbor107: calls $3
*** FLOP *** [2s Qc 9c]
Velbor107: checks
Icecold: bets $3
Velbor107: calls $3
*** TURN *** [2s Qc 9c] [8h]
Velbor107: checks
Icecold: bets $6
Velbor107: calls $6
*** RIVER *** [2s Qc 9c 8h] [Qs]
Velbor107: checks
Icecold: bets $4.46 and is all-in
Velbor107: folds
Uncalled bet ($4.46) returned to Icecold
Icecold collected $41.50 from pot
*** SUMMARY ***
Total pot $42 | Rake $0.50
Board [2s Qc 9c 8h Qs]
Seat 1: Velbor107 (big blind) folded on the River
Seat 5: Icecold (button) (small blind) collected ($41.50)


PokerStars Hand #165592662118:  Hold'em Limit ($3/$6 USD) - 2017/02/02 22:00:35 ET
Table 'Tiflis' 6-max Seat #1 is the button
Seat 1: Velbor107 ($163.90 in chips)
Seat 5: Icecold ($60.46 in chips)
Velbor107: posts small blind $1
Icecold: posts big blind $3
*** HOLE CARDS ***
Velbor107: folds
Uncalled bet ($2) returned to Icecold
Icecold collected $2 from pot
*** SUMMARY ***
Total pot $2 | Rake $0
Seat 1: Velbor107 (button) (small blind) folded before Flop
Seat 5: Icecold (big blind) collected ($2)


PokerStars Hand #165592637413:  Hold'em Limit ($3/$6 USD) - 2017/02/02 21:59:29 ET
Table 'Tiflis' 6-max Seat #1 is the button
Seat 1: Velbor107 ($179.38 in chips)
Seat 5: Icecold ($45.96 in chips)
Velbor107: posts small blind $1
Icecold: posts big blind $3
*** HOLE CARDS ***
Velbor107: raises $3 to $6
Icecold: calls $3
*** FLOP *** [8s 7d 8d]
Icecold: checks
Velbor107: bets $3
Icecold: calls $3
*** TURN *** [8s 7d 8d] [3c]
Icecold: checks
Velbor107: bets $6
Icecold: raises $6 to $12
Velbor107: calls $6
*** RIVER *** [8s 7d 8d 3c] [Kc]
Icecold: bets $6
Velbor107: calls $6
*** SHOW DOWN ***
Icecold: shows [8h 6h] (three of a kind, Eights)
Velbor107: mucks hand
Icecold collected $53.50 from pot
*** SUMMARY ***
Total pot $54 | Rake $0.50
Board [8s 7d 8d 3c Kc]
Seat 1: Velbor107 (button) (small blind) mucked
Seat 5: Icecold (big blind) showed [8h 6h] and won ($53.50) with three of a kind, Eights


PokerStars Hand #165592651777:  Hold'em Limit ($3/$6 USD) - 2017/02/02 22:00:08 ET
Table 'Tiflis' 6-max Seat #5 is the button
Seat 1: Velbor107 ($152.38 in chips)
Seat 5: Icecold ($72.46 in chips)
Icecold: posts small blind $1
Velbor107: posts big blind $3
*** HOLE CARDS ***
Icecold: raises $3 to $6
Velbor107: raises $3 to $9
Icecold: calls $3
*** FLOP *** [Ac 4d 2d]
Velbor107: bets $3
Icecold: calls $3
*** TURN *** [Ac 4d 2d] [6s]
Velbor107: bets $6
Icecold: folds
Uncalled bet ($6) returned to Velbor107
Velbor107 collected $23.52 from pot
*** SUMMARY ***
Total pot $24 | Rake $0.48
Board [Ac 4d 2d 6s]
Seat 1: Velbor107 (big blind) collected ($23.52)
Seat 5: Icecold (button) (small blind) folded on the Turn


PokerStars Hand #165592665015:  Hold'em Limit ($3/$6 USD) - 2017/02/02 22:00:43 ET
Table 'Tiflis' 6-max Seat #5 is the button
Seat 1: Velbor107 ($162.90 in chips)
Seat 5: Icecold ($61.46 in chips)
Icecold: posts small blind $1
Velbor107: posts big blind $3
*** HOLE CARDS ***
Icecold: raises $3 to $6
Velbor107: raises $3 to $9
Icecold: calls $3
*** FLOP *** [7h Tc 9d]
Velbor107: bets $3
Icecold: folds
Uncalled bet ($3) returned to Velbor107
Velbor107 collected $17.64 from pot
*** SUMMARY ***
Total pot $18 | Rake $0.36
Board [7h Tc 9d]
Seat 1: Velbor107 (big blind) collected ($17.64)
Seat 5: Icecold (button) (small blind) folded on the Flop


PokerStars Hand #165592671274:  Hold'em Limit ($3/$6 USD) - 2017/02/02 22:00:59 ET
Table 'Tiflis' 6-max Seat #1 is the button
Seat 1: Velbor107 ($171.54 in chips)
Seat 5: Icecold ($52.46 in chips)
Velbor107: posts small blind $1
Icecold: posts big blind $3
*** HOLE CARDS ***
Velbor107: raises $3 to $6
Icecold: calls $3
*** FLOP *** [3h 2s 7h]
Icecold: checks
Velbor107: checks
*** TURN *** [3h 2s 7h] [5h]
Icecold: bets $6
Velbor107: folds
Uncalled bet ($6) returned to Icecold
Icecold collected $11.76 from pot
*** SUMMARY ***
Total pot $12 | Rake $0.24
Board [3h 2s 7h 5h]
Seat 1: Velbor107 (button) (small blind) folded on the Turn
Seat 5: Icecold (big blind) collected ($11.76)


PokerStars Hand #165592677233:  Hold'em Limit ($3/$6 USD) - 2017/02/02 22:01:13 ET
Table 'Tiflis' 6-max Seat #5 is the button
Seat 1: Velbor107 ($165.54 in chips)
Seat 5: Icecold ($58.22 in chips)
Icecold: posts small blind $1
Velbor107: posts big blind $3
*** HOLE CARDS ***
Icecold: raises $3 to $6
Velbor107: calls $3
*** FLOP *** [8s Jh 9s]
Velbor107: checks
Icecold: bets $3
Velbor107: folds
Uncalled bet ($3) returned to Icecold
Icecold collected $11.76 from pot
*** SUMMARY ***
Total pot $12 | Rake $0.24
Board [8s Jh 9s]
Seat 1: Velbor107 (big blind) folded on the Flop
Seat 5: Icecold (button) (small blind) collected ($11.76)


PokerStars Hand #165592706266:  Hold'em Limit ($3/$6 USD) - 2017/02/02 22:02:25 ET
Table 'Tiflis' 6-max Seat #5 is the button
Seat 1: Velbor107 ($150.54 in chips)
Seat 5: Icecold ($72.62 in chips)
Icecold: posts small blind $1
Velbor107: posts big blind $3
*** HOLE CARDS ***
Icecold: raises $3 to $6
Velbor107: calls $3
*** FLOP *** [5h 9s 2s]
Velbor107: checks
Icecold: bets $3
Velbor107: folds
Uncalled bet ($3) returned to Icecold
Icecold collected $11.76 from pot
*** SUMMARY ***
Total pot $12 | Rake $0.24
Board [5h 9s 2s]
Seat 1: Velbor107 (big blind) folded on the Flop
Seat 5: Icecold (button) (small blind) collected ($11.76)


PokerStars Hand #165592693349:  Hold'em Limit ($3/$6 USD) - 2017/02/02 22:01:53 ET
Table 'Tiflis' 6-max Seat #1 is the button
Seat 1: Velbor107 ($159.54 in chips)
Seat 5: Icecold ($63.98 in chips)
Velbor107: posts small blind $1
Icecold: posts big blind $3
*** HOLE CARDS ***
Velbor107: raises $3 to $6
Icecold: calls $3
*** FLOP *** [5h 5s Kc]
Icecold: checks
Velbor107: bets $3
Icecold: calls $3
*** TURN *** [5h 5s Kc] [Tc]
Icecold: checks
Velbor107: checks
*** RIVER *** [5h 5s Kc Tc] [2c]
Icecold: checks
Velbor107: checks
*** SHOW DOWN ***
Icecold: shows [Ac 9d] (a pair of Fives)
Velbor107: mucks hand
Icecold collected $17.64 from pot
*** SUMMARY ***
Total pot $18 | Rake $0.36
Board [5h 5s Kc Tc 2c]
Seat 1: Velbor107 (button) (small blind) mucked
Seat 5: Icecold (big blind) showed [Ac 9d] and won ($17.64) with a pair of Fives


PokerStars Hand #165592712403:  Hold'em Limit ($3/$6 USD) - 2017/02/02 22:02:40 ET
Table 'Tiflis' 6-max Seat #1 is the button
Seat 1: Velbor107 ($144.54 in chips)
Seat 5: Icecold ($78.38 in chips)
Velbor107: posts small blind $1
Icecold: posts big blind $3
*** HOLE CARDS ***
Velbor107: raises $3 to $6
Icecold: calls $3
*** FLOP *** [6s 9c Ac]
Icecold: checks
Velbor107: bets $3
Icecold: folds
Uncalled bet ($3) returned to Velbor107
Velbor107 collected $11.76 from pot
*** SUMMARY ***
Total pot $12 | Rake $0.24
Board [6s 9c Ac]
Seat 1: Velbor107 (button) (small blind) collected ($11.76)
Seat 5: Icecold (big blind) folded on the Flop


PokerStars Hand #165592737502:  Hold'em Limit ($3/$6 USD) - 2017/02/02 22:03:42 ET
Table 'Tiflis' 6-max Seat #1 is the button
Seat 1: Velbor107 ($147.30 in chips)
Seat 5: Icecold ($75.38 in chips)
Velbor107: posts small blind $1
Icecold: posts big blind $3
*** HOLE CARDS ***
Velbor107: raises $3 to $6
Icecold: calls $3
*** FLOP *** [3d Ad Kc]
Icecold: checks
Velbor107: bets $3
Icecold: folds
Uncalled bet ($3) returned to Velbor107
Velbor107 collected $11.76 from pot
*** SUMMARY ***
Total pot $12 | Rake $0.24
Board [3d Ad Kc]
Seat 1: Velbor107 (button) (small blind) collected ($11.76)
Seat 5: Icecold (big blind) folded on the Flop


PokerStars Hand #165592728814:  Hold'em Limit ($3/$6 USD) - 2017/02/02 22:03:20 ET
Table 'Tiflis' 6-max Seat #5 is the button
Seat 1: Velbor107 ($150.30 in chips)
Seat 5: Icecold ($72.38 in chips)
Icecold: posts small blind $1
Velbor107: posts big blind $3
*** HOLE CARDS ***
Icecold: raises $3 to $6
Velbor107: folds
Uncalled bet ($3) returned to Icecold
Icecold collected $6 from pot
*** SUMMARY ***
Total pot $6 | Rake $0
Seat 1: Velbor107 (big blind) folded before Flop
Seat 5: Icecold (button) (small blind) collected ($6)


PokerStars Hand #165592725128:  Hold'em Limit ($3/$6 USD) - 2017/02/02 22:03:12 ET
Table 'Tiflis' 6-max Seat #1 is the button
Seat 1: Velbor107 ($151.30 in chips)
Seat 5: Icecold ($71.38 in chips)
Velbor107: posts small blind $1
Icecold: posts big blind $3
*** HOLE CARDS ***
Velbor107: folds
Uncalled bet ($2) returned to Icecold
Icecold collected $2 from pot
*** SUMMARY ***
Total pot $2 | Rake $0
Seat 1: Velbor107 (button) (small blind) folded before Flop
Seat 5: Icecold (big blind) collected ($2)


PokerStars Hand #165592722968:  Hold'em Limit ($3/$6 USD) - 2017/02/02 22:03:06 ET
Table 'Tiflis' 6-max Seat #5 is the button
Seat 1: Velbor107 ($150.30 in chips)
Seat 5: Icecold ($72.38 in chips)
Icecold: posts small blind $1
Velbor107: posts big blind $3
*** HOLE CARDS ***
Icecold: folds
Uncalled bet ($2) returned to Velbor107
Velbor107 collected $2 from pot
*** SUMMARY ***
Total pot $2 | Rake $0
Seat 1: Velbor107 (big blind) collected ($2)
Seat 5: Icecold (button) (small blind) folded before Flop


PokerStars Hand #165592742672:  Hold'em Limit ($3/$6 USD) - 2017/02/02 22:03:55 ET
Table 'Tiflis' 6-max Seat #5 is the button
Seat 1: Velbor107 ($153.06 in chips)
Seat 5: Icecold ($69.38 in chips)
Icecold: posts small blind $1
Velbor107: posts big blind $3
*** HOLE CARDS ***
Icecold: raises $3 to $6
Velbor107: raises $3 to $9
Icecold: calls $3
*** FLOP *** [2d 5s 8d]
Velbor107: bets $3
Icecold: raises $3 to $6
Velbor107: calls $3
*** TURN *** [2d 5s 8d] [8s]
Velbor107: checks
Icecold: bets $6
Velbor107: calls $6
*** RIVER *** [2d 5s 8d 8s] [3c]
Velbor107: checks
Icecold: bets $6
Velbor107: folds
Uncalled bet ($6) returned to Icecold
Icecold collected $41.50 from pot
*** SUMMARY ***
Total pot $42 | Rake $0.50
Board [2d 5s 8d 8s 3c]
Seat 1: Velbor107 (big blind) folded on the River
Seat 5: Icecold (button) (small blind) collected ($41.50)


