PokerStars Hand #157302853136:  Hold'em Limit ($3/$6 USD) - 2016/08/15 9:11:05 ET
Table 'Tilia' 6-max Seat #3 is the button
Seat 3: LikeLenz ($42 in chips)
Seat 5: Ag3r0n ($72 in chips)
Agrotait has timed out
Agrotait: is sitting out
LikeLenz: posts small blind $1
Ag3r0n: posts big blind $3
*** HOLE CARDS ***
LikeLenz: calls $2
Ag3r0n: raises $3 to $6
LikeLenz: calls $3
*** FLOP *** [Ah 9h 8d]
Ag3r0n: bets $3
LikeLenz: raises $3 to $6
Ag3r0n: calls $3
*** TURN *** [Ah 9h 8d] [4c]
Ag3r0n: checks
LikeLenz: bets $6
Ag3r0n: calls $6
*** RIVER *** [Ah 9h 8d 4c] [4d]
Ag3r0n: checks
LikeLenz: bets $6
Ag3r0n: calls $6
*** SHOW DOWN ***
LikeLenz: shows [Qd 8c] (two pair, Eights and Fours)
Ag3r0n: mucks hand
LikeLenz collected $47.50 from pot
*** SUMMARY ***
Total pot $48 | Rake $0.50
Board [Ah 9h 8d 4c 4d]
Seat 3: LikeLenz (button) (small blind) showed [Qd 8c] and won ($47.50) with two pair, Eights and Fours
Seat 5: Ag3r0n (big blind) mucked


PokerStars Hand #157302883403:  Hold'em Limit ($3/$6 USD) - 2016/08/15 9:12:05 ET
Table 'Tilia' 6-max Seat #5 is the button
Seat 3: LikeLenz ($65.50 in chips)
Seat 5: Ag3r0n ($72 in chips)
Ag3r0n: posts small blind $1
LikeLenz: posts big blind $3
*** HOLE CARDS ***
Ag3r0n: raises $3 to $6
LikeLenz: calls $3
*** FLOP *** [Qh 5d 3c]
LikeLenz: checks
Ag3r0n: bets $3
LikeLenz: calls $3
*** TURN *** [Qh 5d 3c] [2h]
LikeLenz: checks
Ag3r0n: bets $6
LikeLenz: folds
Uncalled bet ($6) returned to Ag3r0n
Ag3r0n collected $17.64 from pot
*** SUMMARY ***
Total pot $18 | Rake $0.36
Board [Qh 5d 3c 2h]
Seat 3: LikeLenz (big blind) folded on the Turn
Seat 5: Ag3r0n (button) (small blind) collected ($17.64)


PokerStars Hand #157303153090:  Hold'em Limit ($3/$6 USD) - 2016/08/15 9:20:59 ET
Table 'Tilia' 6-max Seat #1 is the button
Seat 1: TbIP-TbIP 88 ($144.15 in chips)
Seat 5: Ag3r0n ($83.83 in chips)
Pele24 will be allowed to play after the button
TbIP-TbIP 88: posts small blind $1
Agrotait: is sitting out
Ag3r0n: posts big blind $3
*** HOLE CARDS ***
TbIP-TbIP 88: folds
Uncalled bet ($2) returned to Ag3r0n
Agrotait leaves the table
Ag3r0n collected $2 from pot
*** SUMMARY ***
Total pot $2 | Rake $0
Seat 1: TbIP-TbIP 88 (button) (small blind) folded before Flop
Seat 5: Ag3r0n (big blind) collected ($2)


PokerStars Hand #157303828236:  Hold'em Limit ($3/$6 USD) - 2016/08/15 9:42:56 ET
Table 'Tilia' 6-max Seat #5 is the button
Seat 2: $polu4atel*$ ($199.68 in chips)
Seat 5: Ag3r0n ($122.17 in chips)
Ag3r0n: posts small blind $1
TbIP-TbIP 88: is sitting out
$polu4atel*$: posts big blind $3
*** HOLE CARDS ***
Ag3r0n: raises $3 to $6
TbIP-TbIP 88 leaves the table
$polu4atel*$: calls $3
*** FLOP *** [4h 6h Qc]
$polu4atel*$: checks
Ag3r0n: bets $3
$polu4atel*$: folds
Uncalled bet ($3) returned to Ag3r0n
Ag3r0n collected $11.76 from pot
*** SUMMARY ***
Total pot $12 | Rake $0.24
Board [4h 6h Qc]
Seat 2: $polu4atel*$ (big blind) folded on the Flop
Seat 5: Ag3r0n (button) (small blind) collected ($11.76)


PokerStars Hand #157303833248:  Hold'em Limit ($3/$6 USD) - 2016/08/15 9:43:06 ET
Table 'Tilia' 6-max Seat #2 is the button
Seat 2: $polu4atel*$ ($193.68 in chips)
Seat 5: Ag3r0n ($127.93 in chips)
$polu4atel*$: posts small blind $1
Ag3r0n: posts big blind $3
*** HOLE CARDS ***
$polu4atel*$: calls $2
Ag3r0n: raises $3 to $6
$polu4atel*$: calls $3
*** FLOP *** [3h 4c Td]
Ag3r0n: bets $3
$polu4atel*$: calls $3
*** TURN *** [3h 4c Td] [3s]
Ag3r0n: bets $6
$polu4atel*$: raises $6 to $12
Ag3r0n: folds
Uncalled bet ($6) returned to $polu4atel*$
$polu4atel*$ collected $29.50 from pot
$polu4atel*$: doesn't show hand
*** SUMMARY ***
Total pot $30 | Rake $0.50
Board [3h 4c Td 3s]
Seat 2: $polu4atel*$ (button) (small blind) collected ($29.50)
Seat 5: Ag3r0n (big blind) folded on the Turn


PokerStars Hand #157303846856:  Hold'em Limit ($3/$6 USD) - 2016/08/15 9:43:32 ET
Table 'Tilia' 6-max Seat #5 is the button
Seat 2: $polu4atel*$ ($208.18 in chips)
Seat 5: Ag3r0n ($112.93 in chips)
Ag3r0n: posts small blind $1
$polu4atel*$: posts big blind $3
*** HOLE CARDS ***
Ag3r0n: raises $3 to $6
$polu4atel*$: calls $3
*** FLOP *** [6c 6s Qd]
$polu4atel*$: checks
Ag3r0n: bets $3
$polu4atel*$: folds
Uncalled bet ($3) returned to Ag3r0n
Ag3r0n collected $11.76 from pot
*** SUMMARY ***
Total pot $12 | Rake $0.24
Board [6c 6s Qd]
Seat 2: $polu4atel*$ (big blind) folded on the Flop
Seat 5: Ag3r0n (button) (small blind) collected ($11.76)


PokerStars Hand #157303851661:  Hold'em Limit ($3/$6 USD) - 2016/08/15 9:43:42 ET
Table 'Tilia' 6-max Seat #2 is the button
Seat 2: $polu4atel*$ ($202.18 in chips)
Seat 5: Ag3r0n ($118.69 in chips)
$polu4atel*$: posts small blind $1
Ag3r0n: posts big blind $3
*** HOLE CARDS ***
$polu4atel*$: calls $2
Ag3r0n: raises $3 to $6
$polu4atel*$: calls $3
*** FLOP *** [8d 4d Ks]
Ag3r0n: bets $3
$polu4atel*$: calls $3
*** TURN *** [8d 4d Ks] [7d]
Ag3r0n: bets $6
$polu4atel*$: calls $6
*** RIVER *** [8d 4d Ks 7d] [3c]
Ag3r0n: bets $6
$polu4atel*$: raises $6 to $12
Ag3r0n: calls $6
*** SHOW DOWN ***
$polu4atel*$: shows [6d Kc] (a pair of Kings)
Ag3r0n: mucks hand
$polu4atel*$ collected $53.50 from pot
*** SUMMARY ***
Total pot $54 | Rake $0.50
Board [8d 4d Ks 7d 3c]
Seat 2: $polu4atel*$ (button) (small blind) showed [6d Kc] and won ($53.50) with a pair of Kings
Seat 5: Ag3r0n (big blind) mucked


PokerStars Hand #157303893493:  Hold'em Limit ($3/$6 USD) - 2016/08/15 9:45:04 ET
Table 'Tilia' 6-max Seat #2 is the button
Seat 2: $polu4atel*$ ($237.20 in chips)
Seat 5: Ag3r0n ($82.57 in chips)
$polu4atel*$: posts small blind $1
Ag3r0n: posts big blind $3
*** HOLE CARDS ***
$polu4atel*$: folds
Uncalled bet ($2) returned to Ag3r0n
Ag3r0n collected $2 from pot
*** SUMMARY ***
Total pot $2 | Rake $0
Seat 2: $polu4atel*$ (button) (small blind) folded before Flop
Seat 5: Ag3r0n (big blind) collected ($2)


PokerStars Hand #157303883326:  Hold'em Limit ($3/$6 USD) - 2016/08/15 9:44:44 ET
Table 'Tilia' 6-max Seat #5 is the button
Seat 2: $polu4atel*$ ($231.44 in chips)
Seat 5: Ag3r0n ($88.57 in chips)
Ag3r0n: posts small blind $1
$polu4atel*$: posts big blind $3
*** HOLE CARDS ***
Ag3r0n: raises $3 to $6
$polu4atel*$: calls $3
*** FLOP *** [As 2h 4h]
$polu4atel*$: bets $3
Ag3r0n: folds
Uncalled bet ($3) returned to $polu4atel*$
$polu4atel*$ collected $11.76 from pot
$polu4atel*$: doesn't show hand
*** SUMMARY ***
Total pot $12 | Rake $0.24
Board [As 2h 4h]
Seat 2: $polu4atel*$ (big blind) collected ($11.76)
Seat 5: Ag3r0n (button) (small blind) folded on the Flop


PokerStars Hand #157303895769:  Hold'em Limit ($3/$6 USD) - 2016/08/15 9:45:08 ET
Table 'Tilia' 6-max Seat #5 is the button
Seat 2: $polu4atel*$ ($236.20 in chips)
Seat 5: Ag3r0n ($83.57 in chips)
Ag3r0n: posts small blind $1
$polu4atel*$: posts big blind $3
*** HOLE CARDS ***
Ag3r0n: raises $3 to $6
$polu4atel*$: calls $3
*** FLOP *** [8c 7c 9s]
$polu4atel*$: checks
Ag3r0n: bets $3
$polu4atel*$: calls $3
*** TURN *** [8c 7c 9s] [2h]
$polu4atel*$: checks
Ag3r0n: bets $6
$polu4atel*$: calls $6
*** RIVER *** [8c 7c 9s 2h] [Kc]
$polu4atel*$: checks
Ag3r0n: bets $6
$polu4atel*$: folds
Uncalled bet ($6) returned to Ag3r0n
Ag3r0n collected $29.50 from pot
*** SUMMARY ***
Total pot $30 | Rake $0.50
Board [8c 7c 9s 2h Kc]
Seat 2: $polu4atel*$ (big blind) folded on the River
Seat 5: Ag3r0n (button) (small blind) collected ($29.50)


PokerStars Hand #157303863942:  Hold'em Limit ($3/$6 USD) - 2016/08/15 9:44:06 ET
Table 'Tilia' 6-max Seat #5 is the button
Seat 2: $polu4atel*$ ($228.68 in chips)
Seat 5: Ag3r0n ($91.69 in chips)
Ag3r0n: posts small blind $1
$polu4atel*$: posts big blind $3
*** HOLE CARDS ***
Ag3r0n: raises $3 to $6
$polu4atel*$: calls $3
*** FLOP *** [8s Qh Qs]
$polu4atel*$: checks
Ag3r0n: checks
*** TURN *** [8s Qh Qs] [4d]
$polu4atel*$: checks
Ag3r0n: checks
*** RIVER *** [8s Qh Qs 4d] [2h]
$polu4atel*$: checks
Ag3r0n: checks
*** SHOW DOWN ***
$polu4atel*$: shows [5c Ad] (a pair of Queens)
Ag3r0n: mucks hand
$polu4atel*$ collected $11.76 from pot
*** SUMMARY ***
Total pot $12 | Rake $0.24
Board [8s Qh Qs 4d 2h]
Seat 2: $polu4atel*$ (big blind) showed [5c Ad] and won ($11.76) with a pair of Queens
Seat 5: Ag3r0n (button) (small blind) mucked


PokerStars Hand #157303876241:  Hold'em Limit ($3/$6 USD) - 2016/08/15 9:44:30 ET
Table 'Tilia' 6-max Seat #2 is the button
Seat 2: $polu4atel*$ ($234.44 in chips)
Seat 5: Ag3r0n ($85.69 in chips)
$polu4atel*$: posts small blind $1
Ag3r0n: posts big blind $3
*** HOLE CARDS ***
$polu4atel*$: calls $2
Ag3r0n: checks
*** FLOP *** [Kd Qc 2s]
Ag3r0n: bets $3
$polu4atel*$: folds
Uncalled bet ($3) returned to Ag3r0n
Ag3r0n collected $5.88 from pot
*** SUMMARY ***
Total pot $6 | Rake $0.12
Board [Kd Qc 2s]
Seat 2: $polu4atel*$ (button) (small blind) folded on the Flop
Seat 5: Ag3r0n (big blind) collected ($5.88)


PokerStars Hand #157303910143:  Hold'em Limit ($3/$6 USD) - 2016/08/15 9:45:36 ET
Table 'Tilia' 6-max Seat #2 is the button
Seat 2: $polu4atel*$ ($221.20 in chips)
Seat 5: Ag3r0n ($98.07 in chips)
$polu4atel*$: posts small blind $1
Ag3r0n: posts big blind $3
*** HOLE CARDS ***
$polu4atel*$: calls $2
Ag3r0n: checks
*** FLOP *** [5d Ks Jh]
Ag3r0n: checks
$polu4atel*$: checks
*** TURN *** [5d Ks Jh] [8s]
Ag3r0n: checks
$polu4atel*$: checks
*** RIVER *** [5d Ks Jh 8s] [9h]
Ag3r0n: checks
$polu4atel*$: bets $6
Ag3r0n: folds
Uncalled bet ($6) returned to $polu4atel*$
$polu4atel*$ collected $5.88 from pot
$polu4atel*$: doesn't show hand
*** SUMMARY ***
Total pot $6 | Rake $0.12
Board [5d Ks Jh 8s 9h]
Seat 2: $polu4atel*$ (button) (small blind) collected ($5.88)
Seat 5: Ag3r0n (big blind) folded on the River


PokerStars Hand #157303921728:  Hold'em Limit ($3/$6 USD) - 2016/08/15 9:45:59 ET
Table 'Tilia' 6-max Seat #5 is the button
Seat 2: $polu4atel*$ ($224.08 in chips)
Seat 5: Ag3r0n ($95.07 in chips)
Ag3r0n: posts small blind $1
$polu4atel*$: posts big blind $3
*** HOLE CARDS ***
Ag3r0n: raises $3 to $6
$polu4atel*$: calls $3
*** FLOP *** [3h Td Kc]
$polu4atel*$: checks
Ag3r0n: bets $3
$polu4atel*$: calls $3
*** TURN *** [3h Td Kc] [3d]
$polu4atel*$: checks
Ag3r0n: checks
*** RIVER *** [3h Td Kc 3d] [6c]
$polu4atel*$: bets $6
Ag3r0n: calls $6
*** SHOW DOWN ***
$polu4atel*$: shows [Kh Ks] (a full house, Kings full of Threes)
Ag3r0n: mucks hand
$polu4atel*$ collected $29.50 from pot
*** SUMMARY ***
Total pot $30 | Rake $0.50
Board [3h Td Kc 3d 6c]
Seat 2: $polu4atel*$ (big blind) showed [Kh Ks] and won ($29.50) with a full house, Kings full of Threes
Seat 5: Ag3r0n (button) (small blind) mucked


PokerStars Hand #157303929556:  Hold'em Limit ($3/$6 USD) - 2016/08/15 9:46:15 ET
Table 'Tilia' 6-max Seat #2 is the button
Seat 2: $polu4atel*$ ($238.58 in chips)
Seat 5: Ag3r0n ($80.07 in chips)
$polu4atel*$: posts small blind $1
Ag3r0n: posts big blind $3
*** HOLE CARDS ***
$polu4atel*$: calls $2
Ag3r0n: checks
*** FLOP *** [Ks 3h Qs]
Ag3r0n: checks
$polu4atel*$: checks
*** TURN *** [Ks 3h Qs] [Kc]
Ag3r0n: checks
$polu4atel*$: bets $6
Ag3r0n: folds
Uncalled bet ($6) returned to $polu4atel*$
$polu4atel*$ collected $5.88 from pot
$polu4atel*$: doesn't show hand
*** SUMMARY ***
Total pot $6 | Rake $0.12
Board [Ks 3h Qs Kc]
Seat 2: $polu4atel*$ (button) (small blind) collected ($5.88)
Seat 5: Ag3r0n (big blind) folded on the Turn


PokerStars Hand #157303936076:  Hold'em Limit ($3/$6 USD) - 2016/08/15 9:46:27 ET
Table 'Tilia' 6-max Seat #5 is the button
Seat 2: $polu4atel*$ ($241.46 in chips)
Seat 5: Ag3r0n ($77.07 in chips)
Ag3r0n: posts small blind $1
$polu4atel*$: posts big blind $3
*** HOLE CARDS ***
Ag3r0n: raises $3 to $6
$polu4atel*$: calls $3
*** FLOP *** [9s 8s 9h]
$polu4atel*$: checks
Ag3r0n: checks
*** TURN *** [9s 8s 9h] [7c]
SilaSoNi joins the table at seat #3
$polu4atel*$: bets $6
Ag3r0n: calls $6
*** RIVER *** [9s 8s 9h 7c] [9c]
Mordnilap joins the table at seat #4
$polu4atel*$: bets $6
Ag3r0n: calls $6
*** SHOW DOWN ***
$polu4atel*$: shows [3h 7h] (a full house, Nines full of Sevens)
Ag3r0n: mucks hand
$polu4atel*$ collected $35.50 from pot
*** SUMMARY ***
Total pot $36 | Rake $0.50
Board [9s 8s 9h 7c 9c]
Seat 2: $polu4atel*$ (big blind) showed [3h 7h] and won ($35.50) with a full house, Nines full of Sevens
Seat 5: Ag3r0n (button) (small blind) mucked


PokerStars Hand #157309458265:  Hold'em Limit ($3/$6 USD) - 2016/08/15 12:25:00 ET
Table 'Tilia' 6-max Seat #1 is the button
Seat 1: GRAILKO ($72.40 in chips)
Seat 5: Ag3r0n ($329.33 in chips)
GRAILKO: posts small blind $1
Airbag999: is sitting out
Ag3r0n: posts big blind $3
*** HOLE CARDS ***
GRAILKO: raises $3 to $6
Ag3r0n: folds
Uncalled bet ($3) returned to GRAILKO
Airbag999 leaves the table
GRAILKO collected $6 from pot
GRAILKO: doesn't show hand
*** SUMMARY ***
Total pot $6 | Rake $0
Seat 1: GRAILKO (button) (small blind) collected ($6)
Seat 5: Ag3r0n (big blind) folded before Flop


PokerStars Hand #157309554638:  Hold'em Limit ($3/$6 USD) - 2016/08/15 12:27:27 ET
Table 'Tilia' 6-max Seat #5 is the button
Seat 1: GRAILKO ($75.40 in chips)
Seat 5: krossguard ($120 in chips)
krossguard: posts small blind $1
GRAILKO: posts big blind $3
*** HOLE CARDS ***
krossguard: raises $3 to $6
GRAILKO: calls $3
*** FLOP *** [9h Kd 6c]
GRAILKO: checks
krossguard: bets $3
GRAILKO: raises $3 to $6
krossguard: calls $3
*** TURN *** [9h Kd 6c] [Js]
GRAILKO: bets $6
krossguard: calls $6
*** RIVER *** [9h Kd 6c Js] [5s]
GRAILKO: bets $6
krossguard: calls $6
*** SHOW DOWN ***
GRAILKO: shows [7s 8d] (a straight, Five to Nine)
krossguard: mucks hand
GRAILKO collected $47.50 from pot
*** SUMMARY ***
Total pot $48 | Rake $0.50
Board [9h Kd 6c Js 5s]
Seat 1: GRAILKO (big blind) showed [7s 8d] and won ($47.50) with a straight, Five to Nine
Seat 5: krossguard (button) (small blind) mucked


PokerStars Hand #157309546706:  Hold'em Limit ($3/$6 USD) - 2016/08/15 12:27:15 ET
Table 'Tilia' 6-max Seat #5 is the button
Seat 1: GRAILKO ($75.40 in chips)
Seat 5: krossguard ($120 in chips)
krossguard: posts small blind $1
GRAILKO: posts big blind $3
*** HOLE CARDS ***
krossguard: folds
Uncalled bet ($2) returned to GRAILKO
GRAILKO collected $2 from pot
GRAILKO: doesn't show hand
*** SUMMARY ***
Total pot $2 | Rake $0
Seat 1: GRAILKO (big blind) collected ($2)
Seat 5: krossguard (button) (small blind) folded before Flop


PokerStars Hand #157309568988:  Hold'em Limit ($3/$6 USD) - 2016/08/15 12:27:49 ET
Table 'Tilia' 6-max Seat #1 is the button
Seat 1: GRAILKO ($98.90 in chips)
Seat 5: krossguard ($96 in chips)
GRAILKO: posts small blind $1
krossguard: posts big blind $3
*** HOLE CARDS ***
GRAILKO: raises $3 to $6
krossguard: folds
Uncalled bet ($3) returned to GRAILKO
GRAILKO collected $6 from pot
GRAILKO: doesn't show hand
*** SUMMARY ***
Total pot $6 | Rake $0
Seat 1: GRAILKO (button) (small blind) collected ($6)
Seat 5: krossguard (big blind) folded before Flop


PokerStars Hand #157309608762:  Hold'em Limit ($3/$6 USD) - 2016/08/15 12:28:49 ET
Table 'Tilia' 6-max Seat #1 is the button
Seat 1: GRAILKO ($101.30 in chips)
Seat 5: krossguard ($92.50 in chips)
GRAILKO: posts small blind $1
krossguard: posts big blind $3
*** HOLE CARDS ***
GRAILKO: raises $3 to $6
krossguard: calls $3
*** FLOP *** [Ks 3d Qc]
krossguard: checks
GRAILKO: bets $3
krossguard: folds
Uncalled bet ($3) returned to GRAILKO
GRAILKO collected $11.76 from pot
GRAILKO: doesn't show hand
*** SUMMARY ***
Total pot $12 | Rake $0.24
Board [Ks 3d Qc]
Seat 1: GRAILKO (button) (small blind) collected ($11.76)
Seat 5: krossguard (big blind) folded on the Flop


PokerStars Hand #157309587480:  Hold'em Limit ($3/$6 USD) - 2016/08/15 12:28:17 ET
Table 'Tilia' 6-max Seat #1 is the button
Seat 1: GRAILKO ($110.54 in chips)
Seat 5: krossguard ($84 in chips)
GRAILKO: posts small blind $1
krossguard: posts big blind $3
*** HOLE CARDS ***
GRAILKO: raises $3 to $6
krossguard: calls $3
*** FLOP *** [2s 8c Ts]
krossguard: bets $3
GRAILKO: calls $3
*** TURN *** [2s 8c Ts] [2h]
krossguard: bets $6
GRAILKO: calls $6
*** RIVER *** [2s 8c Ts 2h] [9s]
krossguard: bets $6
GRAILKO: folds
Uncalled bet ($6) returned to krossguard
krossguard collected $29.50 from pot
krossguard: doesn't show hand
*** SUMMARY ***
Total pot $30 | Rake $0.50
Board [2s 8c Ts 2h 9s]
Seat 1: GRAILKO (button) (small blind) folded on the River
Seat 5: krossguard (big blind) collected ($29.50)


PokerStars Hand #157309600201:  Hold'em Limit ($3/$6 USD) - 2016/08/15 12:28:36 ET
Table 'Tilia' 6-max Seat #5 is the button
Seat 1: GRAILKO ($95.54 in chips)
Seat 5: krossguard ($98.50 in chips)
krossguard: posts small blind $1
GRAILKO: posts big blind $3
*** HOLE CARDS ***
krossguard: raises $3 to $6
GRAILKO: calls $3
*** FLOP *** [6c 5s Qd]
GRAILKO: checks
krossguard: checks
*** TURN *** [6c 5s Qd] [3s]
GRAILKO: bets $6
krossguard: folds
Uncalled bet ($6) returned to GRAILKO
GRAILKO collected $11.76 from pot
GRAILKO: doesn't show hand
*** SUMMARY ***
Total pot $12 | Rake $0.24
Board [6c 5s Qd 3s]
Seat 1: GRAILKO (big blind) collected ($11.76)
Seat 5: krossguard (button) (small blind) folded on the Turn


PokerStars Hand #157309573550:  Hold'em Limit ($3/$6 USD) - 2016/08/15 12:27:56 ET
Table 'Tilia' 6-max Seat #5 is the button
Seat 1: GRAILKO ($101.90 in chips)
Seat 5: krossguard ($93 in chips)
krossguard: posts small blind $1
GRAILKO: posts big blind $3
*** HOLE CARDS ***
krossguard: raises $3 to $6
GRAILKO: calls $3
*** FLOP *** [Ks Jc 2d]
GRAILKO: checks
krossguard: bets $3
GRAILKO: calls $3
*** TURN *** [Ks Jc 2d] [9s]
GRAILKO: checks
krossguard: checks
*** RIVER *** [Ks Jc 2d 9s] [9d]
GRAILKO: bets $6
krossguard: folds
Uncalled bet ($6) returned to GRAILKO
GRAILKO collected $17.64 from pot
GRAILKO: doesn't show hand
*** SUMMARY ***
Total pot $18 | Rake $0.36
Board [Ks Jc 2d 9s 9d]
Seat 1: GRAILKO (big blind) collected ($17.64)
Seat 5: krossguard (button) (small blind) folded on the River


PokerStars Hand #157309617030:  Hold'em Limit ($3/$6 USD) - 2016/08/15 12:29:02 ET
Table 'Tilia' 6-max Seat #5 is the button
Seat 1: GRAILKO ($107.06 in chips)
Seat 5: krossguard ($86.50 in chips)
krossguard: posts small blind $1
GRAILKO: posts big blind $3
*** HOLE CARDS ***
krossguard: raises $3 to $6
GRAILKO: folds
Uncalled bet ($3) returned to krossguard
krossguard collected $6 from pot
krossguard: doesn't show hand
*** SUMMARY ***
Total pot $6 | Rake $0
Seat 1: GRAILKO (big blind) folded before Flop
Seat 5: krossguard (button) (small blind) collected ($6)


PokerStars Hand #157309625083:  Hold'em Limit ($3/$6 USD) - 2016/08/15 12:29:14 ET
Table 'Tilia' 6-max Seat #5 is the button
Seat 1: GRAILKO ($103.06 in chips)
Seat 5: krossguard ($90.50 in chips)
krossguard: posts small blind $1
GRAILKO: posts big blind $3
*** HOLE CARDS ***
krossguard: raises $3 to $6
GRAILKO: raises $3 to $9
krossguard: calls $3
*** FLOP *** [2h Jd 5h]
GRAILKO: bets $3
krossguard: folds
Uncalled bet ($3) returned to GRAILKO
GRAILKO collected $17.64 from pot
GRAILKO: doesn't show hand
*** SUMMARY ***
Total pot $18 | Rake $0.36
Board [2h Jd 5h]
Seat 1: GRAILKO (big blind) collected ($17.64)
Seat 5: krossguard (button) (small blind) folded on the Flop


