PokerStars Hand #145279948549:  Hold'em Limit ($3/$6 USD) - 2015/12/13 10:58:02 ET
Table 'Tilia II' 6-max Seat #5 is the button
Seat 5: ctinee ($47 in chips)
Seat 6: scorpio04 ($75 in chips)
ctinee: posts small blind $1
scorpio04: posts big blind $3
*** HOLE CARDS ***
ctinee: raises $3 to $6
scorpio04: raises $3 to $9
ctinee: calls $3
*** FLOP *** [Tc 9h 6c]
scorpio04: bets $3
ctinee: calls $3
*** TURN *** [Tc 9h 6c] [2s]
scorpio04: bets $6
ctinee: calls $6
*** RIVER *** [Tc 9h 6c 2s] [As]
scorpio04: bets $6
ctinee: calls $6
*** SHOW DOWN ***
scorpio04: shows [4s 5s] (high card Ace)
ctinee: shows [3h 6h] (a pair of Sixes)
ctinee collected $47.50 from pot
*** SUMMARY ***
Total pot $48 | Rake $0.50
Board [Tc 9h 6c 2s As]
Seat 5: ctinee (button) (small blind) showed [3h 6h] and won ($47.50) with a pair of Sixes
Seat 6: scorpio04 (big blind) showed [4s 5s] and lost with high card Ace


PokerStars Hand #145280001217:  Hold'em Limit ($3/$6 USD) - 2015/12/13 10:59:22 ET
Table 'Tilia II' 6-max Seat #5 is the button
Seat 5: ctinee ($82.02 in chips)
Seat 6: scorpio04 ($72 in chips)
ctinee: posts small blind $1
scorpio04: posts big blind $3
*** HOLE CARDS ***
ctinee: folds
Uncalled bet ($2) returned to scorpio04
scorpio04 collected $2 from pot
scorpio04: doesn't show hand
*** SUMMARY ***
Total pot $2 | Rake $0
Seat 5: ctinee (button) (small blind) folded before Flop
Seat 6: scorpio04 (big blind) collected ($2)


PokerStars Hand #145279975250:  Hold'em Limit ($3/$6 USD) - 2015/12/13 10:58:43 ET
Table 'Tilia II' 6-max Seat #6 is the button
Seat 5: ctinee ($70.50 in chips)
Seat 6: scorpio04 ($72 in chips)
scorpio04: posts small blind $1
ctinee: posts big blind $3
*** HOLE CARDS ***
scorpio04: raises $3 to $6
ctinee: raises $3 to $9
scorpio04: calls $3
*** FLOP *** [4d 4c 9d]
ctinee: bets $3
scorpio04: calls $3
*** TURN *** [4d 4c 9d] [Td]
ctinee: bets $6
scorpio04: folds
Uncalled bet ($6) returned to ctinee
ctinee collected $23.52 from pot
ctinee: doesn't show hand
*** SUMMARY ***
Total pot $24 | Rake $0.48
Board [4d 4c 9d Td]
Seat 5: ctinee (big blind) collected ($23.52)
Seat 6: scorpio04 (button) (small blind) folded on the Turn


PokerStars Hand #145280004290:  Hold'em Limit ($3/$6 USD) - 2015/12/13 10:59:27 ET
Table 'Tilia II' 6-max Seat #6 is the button
Seat 5: ctinee ($81.02 in chips)
Seat 6: scorpio04 ($73 in chips)
scorpio04: posts small blind $1
ctinee: posts big blind $3
*** HOLE CARDS ***
scorpio04: raises $3 to $6
ctinee: calls $3
*** FLOP *** [Kc Qc 8d]
ctinee: checks
scorpio04: bets $3
ctinee: folds
Uncalled bet ($3) returned to scorpio04
scorpio04 collected $11.76 from pot
scorpio04: doesn't show hand
*** SUMMARY ***
Total pot $12 | Rake $0.24
Board [Kc Qc 8d]
Seat 5: ctinee (big blind) folded on the Flop
Seat 6: scorpio04 (button) (small blind) collected ($11.76)


PokerStars Hand #145280012980:  Hold'em Limit ($3/$6 USD) - 2015/12/13 10:59:40 ET
Table 'Tilia II' 6-max Seat #5 is the button
Seat 5: ctinee ($75.02 in chips)
Seat 6: scorpio04 ($78.76 in chips)
ctinee: posts small blind $1
scorpio04: posts big blind $3
*** HOLE CARDS ***
ctinee: raises $3 to $6
scorpio04: calls $3
*** FLOP *** [Qs 7d 3d]
scorpio04: checks
ctinee: checks
*** TURN *** [Qs 7d 3d] [Ac]
scorpio04: checks
ctinee: bets $6
scorpio04: folds
Uncalled bet ($6) returned to ctinee
ctinee collected $11.76 from pot
ctinee: doesn't show hand
*** SUMMARY ***
Total pot $12 | Rake $0.24
Board [Qs 7d 3d Ac]
Seat 5: ctinee (button) (small blind) collected ($11.76)
Seat 6: scorpio04 (big blind) folded on the Turn


PokerStars Hand #145280040170:  Hold'em Limit ($3/$6 USD) - 2015/12/13 11:00:19 ET
Table 'Tilia II' 6-max Seat #6 is the button
Seat 5: ctinee ($80.78 in chips)
Seat 6: scorpio04 ($72.76 in chips)
scorpio04: posts small blind $1
ctinee: posts big blind $3
*** HOLE CARDS ***
scorpio04: folds
Uncalled bet ($2) returned to ctinee
ctinee collected $2 from pot
ctinee: doesn't show hand
*** SUMMARY ***
Total pot $2 | Rake $0
Seat 5: ctinee (big blind) collected ($2)
Seat 6: scorpio04 (button) (small blind) folded before Flop


PokerStars Hand #145280045663:  Hold'em Limit ($3/$6 USD) - 2015/12/13 11:00:26 ET
Table 'Tilia II' 6-max Seat #5 is the button
Seat 5: ctinee ($81.78 in chips)
Seat 6: scorpio04 ($72 in chips)
ctinee: posts small blind $1
scorpio04: posts big blind $3
*** HOLE CARDS ***
ctinee: raises $3 to $6
scorpio04: calls $3
*** FLOP *** [6s Qh 3d]
scorpio04: checks
ctinee: bets $3
scorpio04: folds
Uncalled bet ($3) returned to ctinee
ctinee collected $11.76 from pot
ctinee: doesn't show hand
*** SUMMARY ***
Total pot $12 | Rake $0.24
Board [6s Qh 3d]
Seat 5: ctinee (button) (small blind) collected ($11.76)
Seat 6: scorpio04 (big blind) folded on the Flop


PokerStars Hand #145280064548:  Hold'em Limit ($3/$6 USD) - 2015/12/13 11:00:53 ET
Table 'Tilia II' 6-max Seat #6 is the button
Seat 5: ctinee ($87.54 in chips)
Seat 6: scorpio04 ($72 in chips)
scorpio04: posts small blind $1
ctinee: posts big blind $3
*** HOLE CARDS ***
CoachMcA joins the table at seat #1
scorpio04: raises $3 to $6
ctinee: raises $3 to $9
scorpio04: calls $3
*** FLOP *** [3c 6h 3d]
ctinee: bets $3
scorpio04: raises $3 to $6
ctinee: calls $3
*** TURN *** [3c 6h 3d] [6s]
ctinee: checks
scorpio04: bets $6
ctinee: calls $6
*** RIVER *** [3c 6h 3d 6s] [5c]
ctinee: checks
scorpio04: bets $6
ctinee: calls $6
*** SHOW DOWN ***
scorpio04: shows [Qc 6d] (a full house, Sixes full of Threes)
ctinee: mucks hand
scorpio04 collected $53.50 from pot
*** SUMMARY ***
Total pot $54 | Rake $0.50
Board [3c 6h 3d 6s 5c]
Seat 5: ctinee (big blind) mucked
Seat 6: scorpio04 (button) (small blind) showed [Qc 6d] and won ($53.50) with a full house, Sixes full of Threes


PokerStars Hand #145280096601:  Hold'em Limit ($3/$6 USD) - 2015/12/13 11:01:34 ET
Table 'Tilia II' 6-max Seat #5 is the button
Seat 5: ctinee ($60.54 in chips)
Seat 6: scorpio04 ($98.50 in chips)
ctinee: posts small blind $1
scorpio04: posts big blind $3
*** HOLE CARDS ***
ctinee: raises $3 to $6
scorpio04: folds
Uncalled bet ($3) returned to ctinee
ctinee collected $6 from pot
ctinee: doesn't show hand
*** SUMMARY ***
Total pot $6 | Rake $0
Seat 5: ctinee (button) (small blind) collected ($6)
Seat 6: scorpio04 (big blind) folded before Flop


PokerStars Hand #145280936809:  Hold'em Limit ($3/$6 USD) - 2015/12/13 11:17:30 ET
Table 'Tilia II' 6-max Seat #6 is the button
Seat 1: CoachMcA ($196.60 in chips)
Seat 6: scorpio04 ($72 in chips)
scorpio04: posts small blind $1
CoachMcA: posts big blind $3
*** HOLE CARDS ***
scorpio04: raises $3 to $6
CoachMcA: calls $3
*** FLOP *** [Jc Kc Kh]
CoachMcA: checks
scorpio04: bets $3
CoachMcA: raises $3 to $6
scorpio04: calls $3
*** TURN *** [Jc Kc Kh] [5d]
CoachMcA: bets $6
scorpio04: calls $6
*** RIVER *** [Jc Kc Kh 5d] [6d]
CoachMcA: bets $6
scorpio04: calls $6
*** SHOW DOWN ***
CoachMcA: shows [Kd 4s] (three of a kind, Kings)
scorpio04: mucks hand
CoachMcA collected $47.50 from pot
*** SUMMARY ***
Total pot $48 | Rake $0.50
Board [Jc Kc Kh 5d 6d]
Seat 1: CoachMcA (big blind) showed [Kd 4s] and won ($47.50) with three of a kind, Kings
Seat 6: scorpio04 (button) (small blind) mucked


PokerStars Hand #145280919401:  Hold'em Limit ($3/$6 USD) - 2015/12/13 11:17:11 ET
Table 'Tilia II' 6-max Seat #1 is the button
Seat 1: CoachMcA ($185.08 in chips)
Seat 6: scorpio04 ($77.64 in chips)
CoachMcA: posts small blind $1
TinaTurner72: is sitting out
scorpio04: posts big blind $3
*** HOLE CARDS ***
CoachMcA: raises $3 to $6
scorpio04: calls $3
*** FLOP *** [8c 7c Js]
scorpio04: checks
TinaTurner72 leaves the table
CoachMcA: checks
*** TURN *** [8c 7c Js] [5d]
scorpio04: bets $6
CoachMcA: raises $6 to $12
scorpio04: folds
Uncalled bet ($6) returned to CoachMcA
CoachMcA collected $23.52 from pot
CoachMcA: doesn't show hand
*** SUMMARY ***
Total pot $24 | Rake $0.48
Board [8c 7c Js 5d]
Seat 1: CoachMcA (button) (small blind) collected ($23.52)
Seat 6: scorpio04 (big blind) folded on the Turn


PokerStars Hand #145280986466:  Hold'em Limit ($3/$6 USD) - 2015/12/13 11:18:26 ET
Table 'Tilia II' 6-max Seat #6 is the button
Seat 3: julenchu ($200 in chips)
Seat 6: scorpio04 ($73 in chips)
scorpio04: posts small blind $1
julenchu: posts big blind $3
*** HOLE CARDS ***
scorpio04: raises $3 to $6
julenchu: calls $3
*** FLOP *** [Qd 4s Th]
julenchu: checks
scorpio04: bets $3
julenchu: calls $3
*** TURN *** [Qd 4s Th] [2d]
julenchu: checks
scorpio04: bets $6
julenchu: calls $6
*** RIVER *** [Qd 4s Th 2d] [4d]
julenchu: bets $6
nevwon joins the table at seat #2
scorpio04: calls $6
*** SHOW DOWN ***
julenchu: shows [Td 6d] (a flush, Queen high)
scorpio04: mucks hand
Karpik09 joins the table at seat #4
julenchu collected $41.50 from pot
*** SUMMARY ***
Total pot $42 | Rake $0.50
Board [Qd 4s Th 2d 4d]
Seat 3: julenchu (big blind) showed [Td 6d] and won ($41.50) with a flush, Queen high
Seat 6: scorpio04 (button) (small blind) mucked


PokerStars Hand #145280963320:  Hold'em Limit ($3/$6 USD) - 2015/12/13 11:18:00 ET
Table 'Tilia II' 6-max Seat #1 is the button
Seat 1: CoachMcA ($220.10 in chips)
Seat 6: scorpio04 ($72 in chips)
CoachMcA: posts small blind $1
scorpio04: posts big blind $3
*** HOLE CARDS ***
CoachMcA: folds
Uncalled bet ($2) returned to scorpio04
scorpio04 collected $2 from pot
scorpio04: doesn't show hand
*** SUMMARY ***
Total pot $2 | Rake $0
Seat 1: CoachMcA (button) (small blind) folded before Flop
Seat 6: scorpio04 (big blind) collected ($2)


PokerStars Hand #145282132183:  Hold'em Limit ($3/$6 USD) - 2015/12/13 11:40:01 ET
Table 'Tilia II' 6-max Seat #3 is the button
Seat 3: julenchu ($235.90 in chips)
Seat 6: scorpio04 ($72 in chips)
julenchu: posts small blind $1
Karpik09: is sitting out
TinaTurner72: is sitting out
scorpio04: posts big blind $3
*** HOLE CARDS ***
Karpik09 leaves the table
julenchu: calls $2
scorpio04: checks
*** FLOP *** [7s Tc 2h]
scorpio04: bets $3
julenchu: folds
Uncalled bet ($3) returned to scorpio04
scorpio04 collected $5.88 from pot
scorpio04: doesn't show hand
*** SUMMARY ***
Total pot $6 | Rake $0.12
Board [7s Tc 2h]
Seat 3: julenchu (button) (small blind) folded on the Flop
Seat 6: scorpio04 (big blind) collected ($5.88)


