PokerStars Hand #146567431323:  Hold'em Limit ($3/$6 USD) - 2016/01/06 10:29:15 ET
Table 'Tilia II' 6-max Seat #1 is the button
Seat 1: scorpio04 ($239.49 in chips)
Seat 4: color casino ($113.57 in chips)
grabaz will be allowed to play after the button
scorpio04: posts small blind $1
artiZzt: is sitting out
color casino: posts big blind $3
*** HOLE CARDS ***
scorpio04: folds
Uncalled bet ($2) returned to color casino
color casino collected $2 from pot
color casino: doesn't show hand
*** SUMMARY ***
Total pot $2 | Rake $0
Seat 1: scorpio04 (button) (small blind) folded before Flop
Seat 4: color casino (big blind) collected ($2)


PokerStars Hand #146575169028:  Hold'em Limit ($3/$6 USD) - 2016/01/06 12:56:59 ET
Table 'Tilia II' 6-max Seat #3 is the button
Seat 2: vovojc ($167.28 in chips)
Seat 3: Frank2Neue ($252.54 in chips)
Frank2Neue: posts small blind $1
stasschi: is sitting out
vovojc: posts big blind $3
*** HOLE CARDS ***
Frank2Neue: raises $3 to $6
vovojc: folds
Uncalled bet ($3) returned to Frank2Neue
Frank2Neue collected $6 from pot
Frank2Neue: doesn't show hand
*** SUMMARY ***
Total pot $6 | Rake $0
Seat 2: vovojc (big blind) folded before Flop
Seat 3: Frank2Neue (button) (small blind) collected ($6)


PokerStars Hand #146575175746:  Hold'em Limit ($3/$6 USD) - 2016/01/06 12:57:07 ET
Table 'Tilia II' 6-max Seat #2 is the button
Seat 2: vovojc ($164.28 in chips)
Seat 3: Frank2Neue ($255.54 in chips)
vovojc: posts small blind $1
Frank2Neue: posts big blind $3
*** HOLE CARDS ***
vovojc: raises $3 to $6
stasschi leaves the table
Frank2Neue: calls $3
*** FLOP *** [8h Jc Kd]
Frank2Neue: bets $3
vovojc: calls $3
*** TURN *** [8h Jc Kd] [3h]
Frank2Neue: bets $6
vovojc: calls $6
*** RIVER *** [8h Jc Kd 3h] [9c]
Frank2Neue: bets $6
vovojc: folds
Uncalled bet ($6) returned to Frank2Neue
Frank2Neue collected $29.50 from pot
Frank2Neue: doesn't show hand
*** SUMMARY ***
Total pot $30 | Rake $0.50
Board [8h Jc Kd 3h 9c]
Seat 2: vovojc (button) (small blind) folded on the River
Seat 3: Frank2Neue (big blind) collected ($29.50)


