PokerStars Hand #171217120649:  Hold'em Limit ($3/$6 USD) - 2017/06/01 17:12:52 ET
Table 'Tilia' 6-max Seat #6 is the button
Seat 3: pompier40 ($117.26 in chips)
Seat 6: pdsnr ($56.62 in chips)
pdsnr: posts small blind $1
pompier40: posts big blind $3
*** HOLE CARDS ***
pdsnr: raises $3 to $6
pompier40: raises $3 to $9
pdsnr: calls $3
*** FLOP *** [5s Ad Qh]
pompier40: bets $3
pdsnr: folds
Uncalled bet ($3) returned to pompier40
pompier40 collected $17.64 from pot
*** SUMMARY ***
Total pot $18 | Rake $0.36
Board [5s Ad Qh]
Seat 3: pompier40 (big blind) collected ($17.64)
Seat 6: pdsnr (button) (small blind) folded on the Flop


PokerStars Hand #171217116682:  Hold'em Limit ($3/$6 USD) - 2017/06/01 17:12:47 ET
Table 'Tilia' 6-max Seat #3 is the button
Seat 3: pompier40 ($118.26 in chips)
Seat 6: pdsnr ($55.62 in chips)
pompier40: posts small blind $1
pdsnr: posts big blind $3
*** HOLE CARDS ***
pompier40: folds
Uncalled bet ($2) returned to pdsnr
pdsnr collected $2 from pot
*** SUMMARY ***
Total pot $2 | Rake $0
Seat 3: pompier40 (button) (small blind) folded before Flop
Seat 6: pdsnr (big blind) collected ($2)


PokerStars Hand #171217112957:  Hold'em Limit ($3/$6 USD) - 2017/06/01 17:12:42 ET
Table 'Tilia' 6-max Seat #6 is the button
Seat 3: pompier40 ($117.26 in chips)
Seat 6: pdsnr ($56.62 in chips)
pdsnr: posts small blind $1
pompier40: posts big blind $3
*** HOLE CARDS ***
pdsnr: folds
Uncalled bet ($2) returned to pompier40
pompier40 collected $2 from pot
*** SUMMARY ***
Total pot $2 | Rake $0
Seat 3: pompier40 (big blind) collected ($2)
Seat 6: pdsnr (button) (small blind) folded before Flop


PokerStars Hand #171217129413:  Hold'em Limit ($3/$6 USD) - 2017/06/01 17:13:02 ET
Table 'Tilia' 6-max Seat #3 is the button
Seat 3: pompier40 ($125.90 in chips)
Seat 6: pdsnr ($47.62 in chips)
pompier40: posts small blind $1
pdsnr: posts big blind $3
*** HOLE CARDS ***
pompier40: raises $3 to $6
pdsnr: calls $3
*** FLOP *** [Ks 9c Jc]
pdsnr: checks
pompier40: bets $3
pdsnr: raises $3 to $6
pompier40: calls $3
*** TURN *** [Ks 9c Jc] [7d]
pdsnr: bets $6
pompier40: calls $6
*** RIVER *** [Ks 9c Jc 7d] [3c]
pdsnr: bets $6
xxPSRxx joins the table at seat #1
pompier40: calls $6
*** SHOW DOWN ***
pdsnr: shows [8d Qc] (high card King)
pompier40: shows [Jd Ts] (a pair of Jacks)
pompier40 collected $47.50 from pot
*** SUMMARY ***
Total pot $48 | Rake $0.50
Board [Ks 9c Jc 7d 3c]
Seat 3: pompier40 (button) (small blind) showed [Jd Ts] and won ($47.50) with a pair of Jacks
Seat 6: pdsnr (big blind) showed [8d Qc] and lost with high card King


PokerStars Hand #171217440364:  Hold'em Limit ($3/$6 USD) - 2017/06/01 17:19:29 ET
Table 'Tilia' 6-max Seat #3 is the button
Seat 3: pompier40 ($90.51 in chips)
Seat 6: pdsnr ($240.79 in chips)
pompier40: posts small blind $1
pdsnr: posts big blind $3
*** HOLE CARDS ***
pompier40: folds
Uncalled bet ($2) returned to pdsnr
pdsnr collected $2 from pot
*** SUMMARY ***
Total pot $2 | Rake $0
Seat 3: pompier40 (button) (small blind) folded before Flop
Seat 6: pdsnr (big blind) collected ($2)


PokerStars Hand #171217424480:  Hold'em Limit ($3/$6 USD) - 2017/06/01 17:19:09 ET
Table 'Tilia' 6-max Seat #6 is the button
Seat 3: pompier40 ($111.51 in chips)
Seat 6: pdsnr ($220.29 in chips)
pdsnr: posts small blind $1
pompier40: posts big blind $3
*** HOLE CARDS ***
pdsnr: raises $3 to $6
pompier40: calls $3
*** FLOP *** [As 6c 4s]
pompier40: checks
pdsnr: bets $3
pompier40: calls $3
*** TURN *** [As 6c 4s] [5d]
pompier40: checks
pdsnr: checks
*** RIVER *** [As 6c 4s 5d] [5c]
pompier40: bets $6
pdsnr: raises $6 to $12
pompier40: calls $6
*** SHOW DOWN ***
pdsnr: shows [8h 5h] (three of a kind, Fives)
pompier40: mucks hand
pdsnr collected $41.50 from pot
*** SUMMARY ***
Total pot $42 | Rake $0.50
Board [As 6c 4s 5d 5c]
Seat 3: pompier40 (big blind) mucked
Seat 6: pdsnr (button) (small blind) showed [8h 5h] and won ($41.50) with three of a kind, Fives


PokerStars Hand #171217444335:  Hold'em Limit ($3/$6 USD) - 2017/06/01 17:19:34 ET
Table 'Tilia' 6-max Seat #6 is the button
Seat 3: pompier40 ($89.51 in chips)
Seat 6: pdsnr ($241.79 in chips)
pdsnr: posts small blind $1
pompier40: posts big blind $3
*** HOLE CARDS ***
pdsnr: raises $3 to $6
pompier40: calls $3
*** FLOP *** [2s Tc 7s]
pompier40: bets $3
pdsnr: calls $3
*** TURN *** [2s Tc 7s] [5s]
pompier40: bets $6
pdsnr: calls $6
*** RIVER *** [2s Tc 7s 5s] [8s]
pompier40: bets $6
pdsnr: calls $6
*** SHOW DOWN ***
pompier40: shows [7d 2d] (two pair, Sevens and Deuces)
pdsnr: mucks hand
pompier40 collected $41.50 from pot
*** SUMMARY ***
Total pot $42 | Rake $0.50
Board [2s Tc 7s 5s 8s]
Seat 3: pompier40 (big blind) showed [7d 2d] and won ($41.50) with two pair, Sevens and Deuces
Seat 6: pdsnr (button) (small blind) mucked


PokerStars Hand #171217459082:  Hold'em Limit ($3/$6 USD) - 2017/06/01 17:19:53 ET
Table 'Tilia' 6-max Seat #3 is the button
Seat 3: pompier40 ($110.01 in chips)
Seat 6: pdsnr ($220.79 in chips)
pompier40: posts small blind $1
pdsnr: posts big blind $3
*** HOLE CARDS ***
pompier40: raises $3 to $6
pdsnr: calls $3
*** FLOP *** [Th 8c Ac]
pdsnr: checks
pompier40: bets $3
pdsnr: folds
Uncalled bet ($3) returned to pompier40
pompier40 collected $11.76 from pot
*** SUMMARY ***
Total pot $12 | Rake $0.24
Board [Th 8c Ac]
Seat 3: pompier40 (button) (small blind) collected ($11.76)
Seat 6: pdsnr (big blind) folded on the Flop


PokerStars Hand #171217405808:  Hold'em Limit ($3/$6 USD) - 2017/06/01 17:18:46 ET
Table 'Tilia' 6-max Seat #3 is the button
Seat 3: pompier40 ($138.51 in chips)
Seat 6: pdsnr ($193.79 in chips)
pompier40: posts small blind $1
pdsnr: posts big blind $3
*** HOLE CARDS ***
pompier40: raises $3 to $6
pdsnr: calls $3
*** FLOP *** [Qh Qs 5c]
pdsnr: checks
xxPSRxx leaves the table
pompier40: bets $3
pdsnr: calls $3
*** TURN *** [Qh Qs 5c] [Qd]
pdsnr: checks
pompier40: bets $6
pdsnr: raises $6 to $12
pompier40: calls $6
*** RIVER *** [Qh Qs 5c Qd] [4d]
pdsnr: bets $6
pompier40: calls $6
*** SHOW DOWN ***
pdsnr: shows [Qc 3h] (four of a kind, Queens)
pompier40: mucks hand
pdsnr collected $53.50 from pot
*** SUMMARY ***
Total pot $54 | Rake $0.50
Board [Qh Qs 5c Qd 4d]
Seat 3: pompier40 (button) (small blind) mucked
Seat 6: pdsnr (big blind) showed [Qc 3h] and won ($53.50) with four of a kind, Queens


PokerStars Hand #171217480519:  Hold'em Limit ($3/$6 USD) - 2017/06/01 17:20:19 ET
Table 'Tilia' 6-max Seat #3 is the button
Seat 3: pompier40 ($116.77 in chips)
Seat 6: pdsnr ($213.79 in chips)
pompier40: posts small blind $1
pdsnr: posts big blind $3
*** HOLE CARDS ***
pompier40: raises $3 to $6
pdsnr: calls $3
*** FLOP *** [4d Jc 6c]
pdsnr: checks
pompier40: checks
*** TURN *** [4d Jc 6c] [6s]
pdsnr: bets $6
pompier40: calls $6
*** RIVER *** [4d Jc 6c 6s] [5c]
pdsnr: bets $6
pompier40: calls $6
*** SHOW DOWN ***
pdsnr: shows [5s 2s] (two pair, Sixes and Fives)
pompier40: mucks hand
pdsnr collected $35.50 from pot
*** SUMMARY ***
Total pot $36 | Rake $0.50
Board [4d Jc 6c 6s 5c]
Seat 3: pompier40 (button) (small blind) mucked
Seat 6: pdsnr (big blind) showed [5s 2s] and won ($35.50) with two pair, Sixes and Fives


PokerStars Hand #171217498141:  Hold'em Limit ($3/$6 USD) - 2017/06/01 17:20:41 ET
Table 'Tilia' 6-max Seat #6 is the button
Seat 3: pompier40 ($98.77 in chips)
Seat 6: pdsnr ($231.29 in chips)
pdsnr: posts small blind $1
pompier40: posts big blind $3
*** HOLE CARDS ***
pdsnr: raises $3 to $6
pompier40: calls $3
*** FLOP *** [6c 5s 9h]
pompier40: bets $3
pdsnr: calls $3
*** TURN *** [6c 5s 9h] [Kh]
pompier40: bets $6
pdsnr: raises $6 to $12
pompier40: calls $6
*** RIVER *** [6c 5s 9h Kh] [3h]
pompier40: checks
pdsnr: bets $6
pompier40: raises $6 to $12
pdsnr: calls $6
*** SHOW DOWN ***
pompier40: shows [Th 6h] (a flush, King high)
pdsnr: mucks hand
pompier40 collected $65.50 from pot
*** SUMMARY ***
Total pot $66 | Rake $0.50
Board [6c 5s 9h Kh 3h]
Seat 3: pompier40 (big blind) showed [Th 6h] and won ($65.50) with a flush, King high
Seat 6: pdsnr (button) (small blind) mucked


PokerStars Hand #171217472525:  Hold'em Limit ($3/$6 USD) - 2017/06/01 17:20:10 ET
Table 'Tilia' 6-max Seat #3 is the button
Seat 3: pompier40 ($116.77 in chips)
Seat 6: pdsnr ($213.79 in chips)
pompier40: posts small blind $1
pdsnr: posts big blind $3
*** HOLE CARDS ***
pompier40: folds
Uncalled bet ($2) returned to pdsnr
pdsnr collected $2 from pot
*** SUMMARY ***
Total pot $2 | Rake $0
Seat 3: pompier40 (button) (small blind) folded before Flop
Seat 6: pdsnr (big blind) collected ($2)


PokerStars Hand #171217468741:  Hold'em Limit ($3/$6 USD) - 2017/06/01 17:20:05 ET
Table 'Tilia' 6-max Seat #6 is the button
Seat 3: pompier40 ($115.77 in chips)
Seat 6: pdsnr ($214.79 in chips)
pdsnr: posts small blind $1
pompier40: posts big blind $3
*** HOLE CARDS ***
pdsnr: folds
Uncalled bet ($2) returned to pompier40
pompier40 collected $2 from pot
*** SUMMARY ***
Total pot $2 | Rake $0
Seat 3: pompier40 (big blind) collected ($2)
Seat 6: pdsnr (button) (small blind) folded before Flop


PokerStars Hand #171218768737:  Hold'em Limit ($3/$6 USD) - 2017/06/01 17:47:46 ET
Table 'Tilia' 6-max Seat #5 is the button
Seat 4: harbour ($66.50 in chips)
Seat 5: TinaTurner72 ($90 in chips)
TinaTurner72: posts small blind $1
harbour: posts big blind $3
*** HOLE CARDS ***
TinaTurner72: raises $3 to $6
harbour: calls $3
*** FLOP *** [4s Ah 9c]
harbour: checks
TinaTurner72: bets $3
harbour: folds
Uncalled bet ($3) returned to TinaTurner72
TinaTurner72 collected $11.76 from pot
TinaTurner72: doesn't show hand
*** SUMMARY ***
Total pot $12 | Rake $0.24
Board [4s Ah 9c]
Seat 4: harbour (big blind) folded on the Flop
Seat 5: TinaTurner72 (button) (small blind) collected ($11.76)


PokerStars Hand #171219564208:  Hold'em Limit ($3/$6 USD) - 2017/06/01 18:06:12 ET
Table 'Tilia' 6-max Seat #5 is the button
Seat 5: TinaTurner72 ($96.76 in chips)
Seat 6: rhubarb62 ($163.73 in chips)
TinaTurner72: posts small blind $1
rhubarb62: posts big blind $3
*** HOLE CARDS ***
TinaTurner72: raises $3 to $6
rhubarb62: calls $3
*** FLOP *** [4d Qd 2c]
rhubarb62: checks
TinaTurner72: bets $3
rhubarb62: calls $3
*** TURN *** [4d Qd 2c] [Tc]
rhubarb62: checks
TinaTurner72: bets $6
rhubarb62: calls $6
*** RIVER *** [4d Qd 2c Tc] [7c]
rhubarb62: checks
TinaTurner72: bets $6
rhubarb62: raises $6 to $12
TinaTurner72: calls $6
*** SHOW DOWN ***
rhubarb62: shows [Qc 5c] (a flush, Queen high)
TinaTurner72: mucks hand
rhubarb62 collected $53.50 from pot
*** SUMMARY ***
Total pot $54 | Rake $0.50
Board [4d Qd 2c Tc 7c]
Seat 5: TinaTurner72 (button) (small blind) mucked
Seat 6: rhubarb62 (big blind) showed [Qc 5c] and won ($53.50) with a flush, Queen high


PokerStars Hand #171219619028:  Hold'em Limit ($3/$6 USD) - 2017/06/01 18:07:27 ET
Table 'Tilia' 6-max Seat #5 is the button
Seat 5: TinaTurner72 ($103.76 in chips)
Seat 6: rhubarb62 ($215.73 in chips)
TinaTurner72: posts small blind $1
rhubarb62: posts big blind $3
*** HOLE CARDS ***
TinaTurner72: raises $3 to $6
rhubarb62: raises $3 to $9
TinaTurner72: calls $3
*** FLOP *** [Kc Qh 2d]
rhubarb62: bets $3
TinaTurner72: folds
Uncalled bet ($3) returned to rhubarb62
rhubarb62 collected $17.64 from pot
rhubarb62: doesn't show hand
*** SUMMARY ***
Total pot $18 | Rake $0.36
Board [Kc Qh 2d]
Seat 5: TinaTurner72 (button) (small blind) folded on the Flop
Seat 6: rhubarb62 (big blind) collected ($17.64)


PokerStars Hand #171219614477:  Hold'em Limit ($3/$6 USD) - 2017/06/01 18:07:20 ET
Table 'Tilia' 6-max Seat #6 is the button
Seat 5: TinaTurner72 ($102.76 in chips)
Seat 6: rhubarb62 ($216.73 in chips)
rhubarb62: posts small blind $1
TinaTurner72: posts big blind $3
*** HOLE CARDS ***
rhubarb62: folds
Uncalled bet ($2) returned to TinaTurner72
TinaTurner72 collected $2 from pot
TinaTurner72: doesn't show hand
*** SUMMARY ***
Total pot $2 | Rake $0
Seat 5: TinaTurner72 (big blind) collected ($2)
Seat 6: rhubarb62 (button) (small blind) folded before Flop


PokerStars Hand #171219610251:  Hold'em Limit ($3/$6 USD) - 2017/06/01 18:07:15 ET
Table 'Tilia' 6-max Seat #5 is the button
Seat 5: TinaTurner72 ($39.76 in chips)
Seat 6: rhubarb62 ($219.73 in chips)
TinaTurner72: posts small blind $1
rhubarb62: posts big blind $3
*** HOLE CARDS ***
TinaTurner72: raises $3 to $6
rhubarb62: folds
Uncalled bet ($3) returned to TinaTurner72
TinaTurner72 collected $6 from pot
TinaTurner72: doesn't show hand
*** SUMMARY ***
Total pot $6 | Rake $0
Seat 5: TinaTurner72 (button) (small blind) collected ($6)
Seat 6: rhubarb62 (big blind) folded before Flop


PokerStars Hand #171219593509:  Hold'em Limit ($3/$6 USD) - 2017/06/01 18:06:52 ET
Table 'Tilia' 6-max Seat #6 is the button
Seat 5: TinaTurner72 ($69.76 in chips)
Seat 6: rhubarb62 ($190.23 in chips)
rhubarb62: posts small blind $1
TinaTurner72: posts big blind $3
*** HOLE CARDS ***
rhubarb62: raises $3 to $6
TinaTurner72: calls $3
*** FLOP *** [3s Ts Qd]
TinaTurner72: checks
rhubarb62: bets $3
TinaTurner72: raises $3 to $6
rhubarb62: calls $3
*** TURN *** [3s Ts Qd] [Ks]
TinaTurner72: bets $6
rhubarb62: calls $6
*** RIVER *** [3s Ts Qd Ks] [2c]
TinaTurner72: bets $6
rhubarb62: raises $6 to $12
TinaTurner72: calls $6
*** SHOW DOWN ***
rhubarb62: shows [7s 5s] (a flush, King high)
TinaTurner72: mucks hand
rhubarb62 collected $59.50 from pot
*** SUMMARY ***
Total pot $60 | Rake $0.50
Board [3s Ts Qd Ks 2c]
Seat 5: TinaTurner72 (big blind) mucked
Seat 6: rhubarb62 (button) (small blind) showed [7s 5s] and won ($59.50) with a flush, King high


PokerStars Hand #171219650223:  Hold'em Limit ($3/$6 USD) - 2017/06/01 18:08:09 ET
Table 'Tilia' 6-max Seat #6 is the button
Seat 5: TinaTurner72 ($106.40 in chips)
Seat 6: rhubarb62 ($212.37 in chips)
rhubarb62: posts small blind $1
TinaTurner72: posts big blind $3
*** HOLE CARDS ***
rhubarb62: raises $3 to $6
TinaTurner72: calls $3
*** FLOP *** [3s 4c 9c]
TinaTurner72: checks
rhubarb62: bets $3
TinaTurner72: folds
Uncalled bet ($3) returned to rhubarb62
rhubarb62 collected $11.76 from pot
rhubarb62: doesn't show hand
*** SUMMARY ***
Total pot $12 | Rake $0.24
Board [3s 4c 9c]
Seat 5: TinaTurner72 (big blind) folded on the Flop
Seat 6: rhubarb62 (button) (small blind) collected ($11.76)


PokerStars Hand #171219644251:  Hold'em Limit ($3/$6 USD) - 2017/06/01 18:08:01 ET
Table 'Tilia' 6-max Seat #5 is the button
Seat 5: TinaTurner72 ($103.40 in chips)
Seat 6: rhubarb62 ($215.37 in chips)
TinaTurner72: posts small blind $1
rhubarb62: posts big blind $3
*** HOLE CARDS ***
TinaTurner72: raises $3 to $6
rhubarb62: folds
Uncalled bet ($3) returned to TinaTurner72
TinaTurner72 collected $6 from pot
TinaTurner72: doesn't show hand
*** SUMMARY ***
Total pot $6 | Rake $0
Seat 5: TinaTurner72 (button) (small blind) collected ($6)
Seat 6: rhubarb62 (big blind) folded before Flop


PokerStars Hand #171219631678:  Hold'em Limit ($3/$6 USD) - 2017/06/01 18:07:44 ET
Table 'Tilia' 6-max Seat #6 is the button
Seat 5: TinaTurner72 ($94.76 in chips)
Seat 6: rhubarb62 ($224.37 in chips)
rhubarb62: posts small blind $1
TinaTurner72: posts big blind $3
*** HOLE CARDS ***
rhubarb62: raises $3 to $6
TinaTurner72: raises $3 to $9
rhubarb62: calls $3
*** FLOP *** [9h Qd As]
TinaTurner72: bets $3
rhubarb62: folds
Uncalled bet ($3) returned to TinaTurner72
TinaTurner72 collected $17.64 from pot
TinaTurner72: doesn't show hand
*** SUMMARY ***
Total pot $18 | Rake $0.36
Board [9h Qd As]
Seat 5: TinaTurner72 (big blind) collected ($17.64)
Seat 6: rhubarb62 (button) (small blind) folded on the Flop


PokerStars Hand #171219702709:  Hold'em Limit ($3/$6 USD) - 2017/06/01 18:09:22 ET
Table 'Tilia' 6-max Seat #5 is the button
Seat 5: TinaTurner72 ($107.90 in chips)
Seat 6: rhubarb62 ($209.77 in chips)
TinaTurner72: posts small blind $1
rhubarb62: posts big blind $3
*** HOLE CARDS ***
belik555 joins the table at seat #1
TinaTurner72: raises $3 to $6
rhubarb62: calls $3
*** FLOP *** [Ts 5c 2s]
rhubarb62: checks
TinaTurner72: bets $3
rhubarb62: folds
Uncalled bet ($3) returned to TinaTurner72
TinaTurner72 collected $11.76 from pot
TinaTurner72: doesn't show hand
*** SUMMARY ***
Total pot $12 | Rake $0.24
Board [Ts 5c 2s]
Seat 5: TinaTurner72 (button) (small blind) collected ($11.76)
Seat 6: rhubarb62 (big blind) folded on the Flop


PokerStars Hand #171219698919:  Hold'em Limit ($3/$6 USD) - 2017/06/01 18:09:16 ET
Table 'Tilia' 6-max Seat #6 is the button
Seat 5: TinaTurner72 ($106.90 in chips)
Seat 6: rhubarb62 ($210.77 in chips)
rhubarb62: posts small blind $1
TinaTurner72: posts big blind $3
*** HOLE CARDS ***
rhubarb62: folds
Uncalled bet ($2) returned to TinaTurner72
TinaTurner72 collected $2 from pot
TinaTurner72: doesn't show hand
*** SUMMARY ***
Total pot $2 | Rake $0
Seat 5: TinaTurner72 (big blind) collected ($2)
Seat 6: rhubarb62 (button) (small blind) folded before Flop


PokerStars Hand #171219689669:  Hold'em Limit ($3/$6 USD) - 2017/06/01 18:09:03 ET
Table 'Tilia' 6-max Seat #5 is the button
Seat 5: TinaTurner72 ($115.90 in chips)
Seat 6: rhubarb62 ($202.13 in chips)
TinaTurner72: posts small blind $1
rhubarb62: posts big blind $3
*** HOLE CARDS ***
TinaTurner72: raises $3 to $6
rhubarb62: raises $3 to $9
TinaTurner72: calls $3
*** FLOP *** [8s Ah 5h]
rhubarb62: bets $3
TinaTurner72: folds
Uncalled bet ($3) returned to rhubarb62
rhubarb62 collected $17.64 from pot
rhubarb62: doesn't show hand
*** SUMMARY ***
Total pot $18 | Rake $0.36
Board [8s Ah 5h]
Seat 5: TinaTurner72 (button) (small blind) folded on the Flop
Seat 6: rhubarb62 (big blind) collected ($17.64)


PokerStars Hand #171219685064:  Hold'em Limit ($3/$6 USD) - 2017/06/01 18:08:57 ET
Table 'Tilia' 6-max Seat #6 is the button
Seat 5: TinaTurner72 ($114.90 in chips)
Seat 6: rhubarb62 ($203.13 in chips)
rhubarb62: posts small blind $1
TinaTurner72: posts big blind $3
*** HOLE CARDS ***
rhubarb62: folds
Uncalled bet ($2) returned to TinaTurner72
TinaTurner72 collected $2 from pot
TinaTurner72: doesn't show hand
*** SUMMARY ***
Total pot $2 | Rake $0
Seat 5: TinaTurner72 (big blind) collected ($2)
Seat 6: rhubarb62 (button) (small blind) folded before Flop


PokerStars Hand #171219660933:  Hold'em Limit ($3/$6 USD) - 2017/06/01 18:08:24 ET
Table 'Tilia' 6-max Seat #5 is the button
Seat 5: TinaTurner72 ($100.40 in chips)
Seat 6: rhubarb62 ($218.13 in chips)
TinaTurner72: posts small blind $1
rhubarb62: posts big blind $3
*** HOLE CARDS ***
TinaTurner72: raises $3 to $6
rhubarb62: raises $3 to $9
TinaTurner72: calls $3
*** FLOP *** [7c 9d Tc]
rhubarb62: bets $3
TinaTurner72: raises $3 to $6
rhubarb62: calls $3
*** TURN *** [7c 9d Tc] [7s]
rhubarb62: checks
TinaTurner72: bets $6
rhubarb62: folds
Uncalled bet ($6) returned to TinaTurner72
TinaTurner72 collected $29.50 from pot
TinaTurner72: doesn't show hand
*** SUMMARY ***
Total pot $30 | Rake $0.50
Board [7c 9d Tc 7s]
Seat 5: TinaTurner72 (button) (small blind) collected ($29.50)
Seat 6: rhubarb62 (big blind) folded on the Turn


PokerStars Hand #171220523895:  Hold'em Limit ($3/$6 USD) - 2017/06/01 18:28:40 ET
Table 'Tilia' 6-max Seat #1 is the button
Seat 1: belik555 ($186.67 in chips)
Seat 2: babyblue115 ($120 in chips)
belik555: posts small blind $1
babyblue115: posts big blind $3
*** HOLE CARDS ***
belik555: raises $3 to $6
babyblue115: folds
Uncalled bet ($3) returned to belik555
belik555 collected $6 from pot
belik555: doesn't show hand
*** SUMMARY ***
Total pot $6 | Rake $0
Seat 1: belik555 (button) (small blind) collected ($6)
Seat 2: babyblue115 (big blind) folded before Flop


PokerStars Hand #171220519418:  Hold'em Limit ($3/$6 USD) - 2017/06/01 18:28:33 ET
Table 'Tilia' 6-max Seat #2 is the button
Seat 1: belik555 ($189.67 in chips)
Seat 2: babyblue115 ($117 in chips)
babyblue115: posts small blind $1
belik555: posts big blind $3
*** HOLE CARDS ***
babyblue115: raises $3 to $6
belik555: folds
Uncalled bet ($3) returned to babyblue115
babyblue115 collected $6 from pot
*** SUMMARY ***
Total pot $6 | Rake $0
Seat 1: belik555 (big blind) folded before Flop
Seat 2: babyblue115 (button) (small blind) collected ($6)


PokerStars Hand #171220514018:  Hold'em Limit ($3/$6 USD) - 2017/06/01 18:28:25 ET
Table 'Tilia' 6-max Seat #1 is the button
Seat 1: belik555 ($186.67 in chips)
Seat 2: babyblue115 ($120 in chips)
belik555: posts small blind $1
babyblue115: posts big blind $3
*** HOLE CARDS ***
belik555: raises $3 to $6
babyblue115: folds
Uncalled bet ($3) returned to belik555
belik555 collected $6 from pot
belik555: doesn't show hand
*** SUMMARY ***
Total pot $6 | Rake $0
Seat 1: belik555 (button) (small blind) collected ($6)
Seat 2: babyblue115 (big blind) folded before Flop


