PokerStars Hand #173934298998:  Hold'em Limit ($3/$6 USD) - 2017/08/04 22:28:29 ET
Table 'Timandra' 6-max Seat #3 is the button
Seat 1: belik555 ($160.74 in chips)
Seat 3: even98 ($209.54 in chips)
even98: posts small blind $1
ToDaFelt: is sitting out
belik555: posts big blind $3
*** HOLE CARDS ***
even98: folds
Uncalled bet ($2) returned to belik555
belik555 collected $2 from pot
belik555: doesn't show hand
*** SUMMARY ***
Total pot $2 | Rake $0
Seat 1: belik555 (big blind) collected ($2)
Seat 3: even98 (button) (small blind) folded before Flop


PokerStars Hand #173934300739:  Hold'em Limit ($3/$6 USD) - 2017/08/04 22:28:34 ET
Table 'Timandra' 6-max Seat #1 is the button
Seat 1: belik555 ($161.74 in chips)
Seat 3: even98 ($208.54 in chips)
belik555: posts small blind $1
even98: posts big blind $3
ToDaFelt leaves the table
*** HOLE CARDS ***
belik555: raises $3 to $6
even98: calls $3
*** FLOP *** [4c Qh Ac]
even98: checks
belik555: bets $3
even98: folds
Uncalled bet ($3) returned to belik555
belik555 collected $11.76 from pot
belik555: doesn't show hand
*** SUMMARY ***
Total pot $12 | Rake $0.24
Board [4c Qh Ac]
Seat 1: belik555 (button) (small blind) collected ($11.76)
Seat 3: even98 (big blind) folded on the Flop


PokerStars Hand #173934308660:  Hold'em Limit ($3/$6 USD) - 2017/08/04 22:28:56 ET
Table 'Timandra' 6-max Seat #3 is the button
Seat 1: belik555 ($167.50 in chips)
Seat 3: even98 ($202.54 in chips)
even98: posts small blind $1
belik555: posts big blind $3
*** HOLE CARDS ***
even98: raises $3 to $6
belik555: calls $3
*** FLOP *** [8s 7s 3h]
belik555: bets $3
even98: calls $3
*** TURN *** [8s 7s 3h] [Js]
belik555: checks
even98: bets $6
belik555: calls $6
*** RIVER *** [8s 7s 3h Js] [7c]
belik555: checks
even98: bets $6
belik555: raises $6 to $12
even98: folds
Uncalled bet ($6) returned to belik555
belik555 collected $41.50 from pot
belik555: doesn't show hand
*** SUMMARY ***
Total pot $42 | Rake $0.50
Board [8s 7s 3h Js 7c]
Seat 1: belik555 (big blind) collected ($41.50)
Seat 3: even98 (button) (small blind) folded on the River


PokerStars Hand #173934811123:  Hold'em Limit ($3/$6 USD) - 2017/08/04 22:52:38 ET
Table 'Timandra' 6-max Seat #6 is the button
Seat 1: belik555 ($191 in chips)
Seat 6: Pepperlina ($117 in chips)
Pepperlina: posts small blind $1
belik555: posts big blind $3
*** HOLE CARDS ***
Pepperlina: raises $3 to $6
belik555: calls $3
*** FLOP *** [9h 9s 2s]
belik555: checks
Pepperlina: checks
*** TURN *** [9h 9s 2s] [Ks]
belik555: bets $6
Pepperlina: raises $6 to $12
belik555: folds
Uncalled bet ($6) returned to Pepperlina
Pepperlina collected $23.52 from pot
Pepperlina: doesn't show hand
*** SUMMARY ***
Total pot $24 | Rake $0.48
Board [9h 9s 2s Ks]
Seat 1: belik555 (big blind) folded on the Turn
Seat 6: Pepperlina (button) (small blind) collected ($23.52)


PokerStars Hand #173934806945:  Hold'em Limit ($3/$6 USD) - 2017/08/04 22:52:26 ET
Table 'Timandra' 6-max Seat #1 is the button
Seat 1: belik555 ($188 in chips)
Seat 6: Pepperlina ($120 in chips)
belik555: posts small blind $1
Pepperlina: posts big blind $3
*** HOLE CARDS ***
belik555: raises $3 to $6
Pepperlina: folds
Uncalled bet ($3) returned to belik555
belik555 collected $6 from pot
belik555: doesn't show hand
*** SUMMARY ***
Total pot $6 | Rake $0
Seat 1: belik555 (button) (small blind) collected ($6)
Seat 6: Pepperlina (big blind) folded before Flop


PokerStars Hand #173934820175:  Hold'em Limit ($3/$6 USD) - 2017/08/04 22:53:05 ET
Table 'Timandra' 6-max Seat #1 is the button
Seat 1: belik555 ($179 in chips)
Seat 6: Pepperlina ($128.52 in chips)
belik555: posts small blind $1
Pepperlina: posts big blind $3
*** HOLE CARDS ***
belik555: raises $3 to $6
Pepperlina: calls $3
*** FLOP *** [Td Jc 5c]
Pepperlina: checks
belik555: bets $3
Pepperlina: raises $3 to $6
belik555: calls $3
*** TURN *** [Td Jc 5c] [9c]
Pepperlina: bets $6
belik555: calls $6
*** RIVER *** [Td Jc 5c 9c] [3c]
Pepperlina: bets $6
belik555: calls $6
*** SHOW DOWN ***
Pepperlina: shows [7h Js] (a pair of Jacks)
belik555: shows [9d Tc] (a flush, Jack high)
belik555 collected $47.50 from pot
*** SUMMARY ***
Total pot $48 | Rake $0.50
Board [Td Jc 5c 9c 3c]
Seat 1: belik555 (button) (small blind) showed [9d Tc] and won ($47.50) with a flush, Jack high
Seat 6: Pepperlina (big blind) showed [7h Js] and lost with a pair of Jacks


PokerStars Hand #173934828473:  Hold'em Limit ($3/$6 USD) - 2017/08/04 22:53:30 ET
Table 'Timandra' 6-max Seat #6 is the button
Seat 1: belik555 ($202.50 in chips)
Seat 6: Pepperlina ($104.52 in chips)
Pepperlina: posts small blind $1
belik555: posts big blind $3
*** HOLE CARDS ***
Pepperlina: raises $3 to $6
belik555: raises $3 to $9
Pepperlina: calls $3
*** FLOP *** [9h Th 8h]
belik555: bets $3
Pepperlina: folds
Uncalled bet ($3) returned to belik555
belik555 collected $17.64 from pot
belik555: doesn't show hand
*** SUMMARY ***
Total pot $18 | Rake $0.36
Board [9h Th 8h]
Seat 1: belik555 (big blind) collected ($17.64)
Seat 6: Pepperlina (button) (small blind) folded on the Flop


PokerStars Hand #173934832705:  Hold'em Limit ($3/$6 USD) - 2017/08/04 22:53:42 ET
Table 'Timandra' 6-max Seat #1 is the button
Seat 1: belik555 ($211.14 in chips)
Seat 6: Pepperlina ($95.52 in chips)
belik555: posts small blind $1
Pepperlina: posts big blind $3
*** HOLE CARDS ***
belik555: raises $3 to $6
Pepperlina: calls $3
*** FLOP *** [Qs 4s 3c]
Pepperlina: checks
belik555: bets $3
Pepperlina: calls $3
*** TURN *** [Qs 4s 3c] [2s]
Pepperlina: checks
belik555: checks
*** RIVER *** [Qs 4s 3c 2s] [5h]
Pepperlina: checks
belik555: bets $6
Pepperlina: raises $6 to $12
belik555: folds
Uncalled bet ($6) returned to Pepperlina
Pepperlina collected $29.50 from pot
Pepperlina: doesn't show hand
*** SUMMARY ***
Total pot $30 | Rake $0.50
Board [Qs 4s 3c 2s 5h]
Seat 1: belik555 (button) (small blind) folded on the River
Seat 6: Pepperlina (big blind) collected ($29.50)


PokerStars Hand #173934842444:  Hold'em Limit ($3/$6 USD) - 2017/08/04 22:54:11 ET
Table 'Timandra' 6-max Seat #6 is the button
Seat 1: belik555 ($196.14 in chips)
Seat 6: Pepperlina ($110.02 in chips)
Pepperlina: posts small blind $1
belik555: posts big blind $3
*** HOLE CARDS ***
Pepperlina: raises $3 to $6
belik555: raises $3 to $9
Pepperlina: calls $3
*** FLOP *** [4c Th 2h]
belik555: bets $3
Pepperlina: raises $3 to $6
belik555: calls $3
*** TURN *** [4c Th 2h] [2d]
belik555: checks
Pepperlina: bets $6
belik555: folds
Uncalled bet ($6) returned to Pepperlina
Pepperlina collected $29.50 from pot
Pepperlina: doesn't show hand
*** SUMMARY ***
Total pot $30 | Rake $0.50
Board [4c Th 2h 2d]
Seat 1: belik555 (big blind) folded on the Turn
Seat 6: Pepperlina (button) (small blind) collected ($29.50)


PokerStars Hand #173934863407:  Hold'em Limit ($3/$6 USD) - 2017/08/04 22:55:10 ET
Table 'Timandra' 6-max Seat #6 is the button
Seat 1: belik555 ($157.14 in chips)
Seat 6: Pepperlina ($148.02 in chips)
Pepperlina: posts small blind $1
belik555: posts big blind $3
*** HOLE CARDS ***
Pepperlina: raises $3 to $6
belik555: folds
Uncalled bet ($3) returned to Pepperlina
Pepperlina collected $6 from pot
Pepperlina: doesn't show hand
*** SUMMARY ***
Total pot $6 | Rake $0
Seat 1: belik555 (big blind) folded before Flop
Seat 6: Pepperlina (button) (small blind) collected ($6)


PokerStars Hand #173934850489:  Hold'em Limit ($3/$6 USD) - 2017/08/04 22:54:35 ET
Table 'Timandra' 6-max Seat #1 is the button
Seat 1: belik555 ($181.14 in chips)
Seat 6: Pepperlina ($124.52 in chips)
belik555: posts small blind $1
Pepperlina: posts big blind $3
*** HOLE CARDS ***
belik555: raises $3 to $6
Pepperlina: raises $3 to $9
belik555: calls $3
*** FLOP *** [9c 3c Jc]
Pepperlina: bets $3
belik555: calls $3
*** TURN *** [9c 3c Jc] [6d]
Pepperlina: bets $6
belik555: calls $6
*** RIVER *** [9c 3c Jc 6d] [Kh]
Pepperlina: bets $6
belik555: calls $6
*** SHOW DOWN ***
Pepperlina: shows [Js 3h] (two pair, Jacks and Threes)
belik555: mucks hand
Pepperlina collected $47.50 from pot
*** SUMMARY ***
Total pot $48 | Rake $0.50
Board [9c 3c Jc 6d Kh]
Seat 1: belik555 (button) (small blind) mucked
Seat 6: Pepperlina (big blind) showed [Js 3h] and won ($47.50) with two pair, Jacks and Threes


PokerStars Hand #173934865668:  Hold'em Limit ($3/$6 USD) - 2017/08/04 22:55:17 ET
Table 'Timandra' 6-max Seat #1 is the button
Seat 1: belik555 ($154.14 in chips)
Seat 6: Pepperlina ($151.02 in chips)
belik555: posts small blind $1
Pepperlina: posts big blind $3
*** HOLE CARDS ***
belik555: raises $3 to $6
Pepperlina: calls $3
*** FLOP *** [Ks 8h 3d]
Pepperlina: checks
belik555: bets $3
Pepperlina: calls $3
*** TURN *** [Ks 8h 3d] [Ac]
Pepperlina: checks
belik555: bets $6
Pepperlina: folds
Uncalled bet ($6) returned to belik555
belik555 collected $17.64 from pot
belik555: doesn't show hand
*** SUMMARY ***
Total pot $18 | Rake $0.36
Board [Ks 8h 3d Ac]
Seat 1: belik555 (button) (small blind) collected ($17.64)
Seat 6: Pepperlina (big blind) folded on the Turn


PokerStars Hand #173934873954:  Hold'em Limit ($3/$6 USD) - 2017/08/04 22:55:45 ET
Table 'Timandra' 6-max Seat #6 is the button
Seat 1: belik555 ($162.78 in chips)
Seat 6: Pepperlina ($142.02 in chips)
Pepperlina: posts small blind $1
belik555: posts big blind $3
*** HOLE CARDS ***
Pepperlina: raises $3 to $6
belik555: raises $3 to $9
Pepperlina: calls $3
*** FLOP *** [Th Ts Kd]
belik555: bets $3
Pepperlina: calls $3
*** TURN *** [Th Ts Kd] [Js]
belik555: bets $6
Pepperlina: raises $6 to $12
belik555: calls $6
*** RIVER *** [Th Ts Kd Js] [2s]
belik555: checks
Pepperlina: bets $6
belik555: raises $6 to $12
Pepperlina: raises $6 to $18
belik555: calls $6
*** SHOW DOWN ***
Pepperlina: shows [Kh Tc] (a full house, Tens full of Kings)
belik555: mucks hand
Pepperlina collected $83.50 from pot
*** SUMMARY ***
Total pot $84 | Rake $0.50
Board [Th Ts Kd Js 2s]
Seat 1: belik555 (big blind) mucked
Seat 6: Pepperlina (button) (small blind) showed [Kh Tc] and won ($83.50) with a full house, Tens full of Kings


PokerStars Hand #173934893628:  Hold'em Limit ($3/$6 USD) - 2017/08/04 22:56:52 ET
Table 'Timandra' 6-max Seat #1 is the button
Seat 1: belik555 ($107.78 in chips)
Seat 6: Pepperlina ($196.04 in chips)
belik555: posts small blind $1
Pepperlina: posts big blind $3
*** HOLE CARDS ***
belik555: raises $3 to $6
Pepperlina: calls $3
*** FLOP *** [Kd 6s Ad]
Pepperlina: checks
belik555: bets $3
Pepperlina: raises $3 to $6
belik555: folds
Uncalled bet ($3) returned to Pepperlina
Pepperlina collected $17.64 from pot
Pepperlina: doesn't show hand
*** SUMMARY ***
Total pot $18 | Rake $0.36
Board [Kd 6s Ad]
Seat 1: belik555 (button) (small blind) folded on the Flop
Seat 6: Pepperlina (big blind) collected ($17.64)


PokerStars Hand #173934889241:  Hold'em Limit ($3/$6 USD) - 2017/08/04 22:56:37 ET
Table 'Timandra' 6-max Seat #6 is the button
Seat 1: belik555 ($119.78 in chips)
Seat 6: Pepperlina ($184.52 in chips)
Pepperlina: posts small blind $1
belik555: posts big blind $3
*** HOLE CARDS ***
Pepperlina: raises $3 to $6
belik555: raises $3 to $9
Pepperlina: calls $3
*** FLOP *** [Td Kh 7d]
belik555: bets $3
Pepperlina: raises $3 to $6
belik555: folds
Uncalled bet ($3) returned to Pepperlina
Pepperlina collected $23.52 from pot
Pepperlina: doesn't show hand
*** SUMMARY ***
Total pot $24 | Rake $0.48
Board [Td Kh 7d]
Seat 1: belik555 (big blind) folded on the Flop
Seat 6: Pepperlina (button) (small blind) collected ($23.52)


PokerStars Hand #173934886041:  Hold'em Limit ($3/$6 USD) - 2017/08/04 22:56:26 ET
Table 'Timandra' 6-max Seat #1 is the button
Seat 1: belik555 ($120.78 in chips)
Seat 6: Pepperlina ($183.52 in chips)
belik555: posts small blind $1
Pepperlina: posts big blind $3
*** HOLE CARDS ***
belik555: folds
Uncalled bet ($2) returned to Pepperlina
Pepperlina collected $2 from pot
Pepperlina: doesn't show hand
*** SUMMARY ***
Total pot $2 | Rake $0
Seat 1: belik555 (button) (small blind) folded before Flop
Seat 6: Pepperlina (big blind) collected ($2)


PokerStars Hand #173934912033:  Hold'em Limit ($3/$6 USD) - 2017/08/04 22:57:53 ET
Table 'Timandra' 6-max Seat #6 is the button
Seat 1: belik555 ($116.28 in chips)
Seat 6: Pepperlina ($186.68 in chips)
Pepperlina: posts small blind $1
belik555: posts big blind $3
*** HOLE CARDS ***
Pepperlina: calls $2
belik555: checks
*** FLOP *** [Td Jc Ad]
belik555: checks
Pepperlina: bets $3
belik555: calls $3
*** TURN *** [Td Jc Ad] [Jd]
belik555: checks
Pepperlina: checks
*** RIVER *** [Td Jc Ad Jd] [2c]
belik555: bets $6
Pepperlina: folds
Uncalled bet ($6) returned to belik555
belik555 collected $11.76 from pot
belik555: doesn't show hand
*** SUMMARY ***
Total pot $12 | Rake $0.24
Board [Td Jc Ad Jd 2c]
Seat 1: belik555 (big blind) collected ($11.76)
Seat 6: Pepperlina (button) (small blind) folded on the River


PokerStars Hand #173934909927:  Hold'em Limit ($3/$6 USD) - 2017/08/04 22:57:46 ET
Table 'Timandra' 6-max Seat #1 is the button
Seat 1: belik555 ($113.28 in chips)
Seat 6: Pepperlina ($189.68 in chips)
belik555: posts small blind $1
Pepperlina: posts big blind $3
*** HOLE CARDS ***
belik555: raises $3 to $6
Pepperlina: folds
Uncalled bet ($3) returned to belik555
belik555 collected $6 from pot
belik555: doesn't show hand
*** SUMMARY ***
Total pot $6 | Rake $0
Seat 1: belik555 (button) (small blind) collected ($6)
Seat 6: Pepperlina (big blind) folded before Flop


PokerStars Hand #173934903245:  Hold'em Limit ($3/$6 USD) - 2017/08/04 22:57:24 ET
Table 'Timandra' 6-max Seat #6 is the button
Seat 1: belik555 ($98.78 in chips)
Seat 6: Pepperlina ($204.68 in chips)
Pepperlina: posts small blind $1
belik555: posts big blind $3
*** HOLE CARDS ***
Pepperlina: raises $3 to $6
belik555: calls $3
*** FLOP *** [Td Ac 7s]
belik555: checks
Pepperlina: bets $3
belik555: calls $3
*** TURN *** [Td Ac 7s] [Qh]
belik555: checks
Pepperlina: bets $6
belik555: calls $6
*** RIVER *** [Td Ac 7s Qh] [7h]
belik555: checks
Pepperlina: checks
*** SHOW DOWN ***
belik555: shows [Ts 5s] (two pair, Tens and Sevens)
Pepperlina: mucks hand
belik555 collected $29.50 from pot
*** SUMMARY ***
Total pot $30 | Rake $0.50
Board [Td Ac 7s Qh 7h]
Seat 1: belik555 (big blind) showed [Ts 5s] and won ($29.50) with two pair, Tens and Sevens
Seat 6: Pepperlina (button) (small blind) mucked


PokerStars Hand #173934925999:  Hold'em Limit ($3/$6 USD) - 2017/08/04 22:58:40 ET
Table 'Timandra' 6-max Seat #6 is the button
Seat 1: belik555 ($113.04 in chips)
Seat 6: Pepperlina ($189.32 in chips)
Pepperlina: posts small blind $1
belik555: posts big blind $3
*** HOLE CARDS ***
Pepperlina: raises $3 to $6
belik555: calls $3
*** FLOP *** [5h 5d Jh]
belik555: checks
Pepperlina: bets $3
belik555: calls $3
*** TURN *** [5h 5d Jh] [Th]
belik555: checks
Pepperlina: bets $6
belik555: folds
Uncalled bet ($6) returned to Pepperlina
Pepperlina collected $17.64 from pot
Pepperlina: doesn't show hand
*** SUMMARY ***
Total pot $18 | Rake $0.36
Board [5h 5d Jh Th]
Seat 1: belik555 (big blind) folded on the Turn
Seat 6: Pepperlina (button) (small blind) collected ($17.64)


PokerStars Hand #173934920788:  Hold'em Limit ($3/$6 USD) - 2017/08/04 22:58:22 ET
Table 'Timandra' 6-max Seat #1 is the button
Seat 1: belik555 ($122.04 in chips)
Seat 6: Pepperlina ($180.68 in chips)
belik555: posts small blind $1
Pepperlina: posts big blind $3
*** HOLE CARDS ***
belik555: raises $3 to $6
Pepperlina: calls $3
*** FLOP *** [As 4s Ac]
Pepperlina: checks
belik555: bets $3
Pepperlina: calls $3
*** TURN *** [As 4s Ac] [2s]
Pepperlina: bets $6
belik555: folds
Uncalled bet ($6) returned to Pepperlina
Pepperlina collected $17.64 from pot
Pepperlina: doesn't show hand
*** SUMMARY ***
Total pot $18 | Rake $0.36
Board [As 4s Ac 2s]
Seat 1: belik555 (button) (small blind) folded on the Turn
Seat 6: Pepperlina (big blind) collected ($17.64)


PokerStars Hand #173934931850:  Hold'em Limit ($3/$6 USD) - 2017/08/04 22:59:00 ET
Table 'Timandra' 6-max Seat #1 is the button
Seat 1: belik555 ($104.04 in chips)
Seat 6: Pepperlina ($197.96 in chips)
belik555: posts small blind $1
Pepperlina: posts big blind $3
*** HOLE CARDS ***
belik555: raises $3 to $6
Pepperlina: calls $3
*** FLOP *** [2c Ac 6c]
Pepperlina: checks
belik555: bets $3
Pepperlina: folds
Uncalled bet ($3) returned to belik555
belik555 collected $11.76 from pot
belik555: doesn't show hand
*** SUMMARY ***
Total pot $12 | Rake $0.24
Board [2c Ac 6c]
Seat 1: belik555 (button) (small blind) collected ($11.76)
Seat 6: Pepperlina (big blind) folded on the Flop


PokerStars Hand #173934935960:  Hold'em Limit ($3/$6 USD) - 2017/08/04 22:59:13 ET
Table 'Timandra' 6-max Seat #6 is the button
Seat 1: belik555 ($109.80 in chips)
Seat 6: Pepperlina ($191.96 in chips)
Pepperlina: posts small blind $1
belik555: posts big blind $3
*** HOLE CARDS ***
Pepperlina: raises $3 to $6
belik555: calls $3
*** FLOP *** [Qh Kd 5h]
belik555: checks
Pepperlina: bets $3
belik555: calls $3
*** TURN *** [Qh Kd 5h] [Ks]
belik555: checks
Pepperlina: bets $6
belik555: calls $6
*** RIVER *** [Qh Kd 5h Ks] [5c]
belik555: checks
Pepperlina: bets $6
belik555: calls $6
*** SHOW DOWN ***
Pepperlina: shows [5s 3s] (a full house, Fives full of Kings)
belik555: mucks hand
Pepperlina collected $41.50 from pot
*** SUMMARY ***
Total pot $42 | Rake $0.50
Board [Qh Kd 5h Ks 5c]
Seat 1: belik555 (big blind) mucked
Seat 6: Pepperlina (button) (small blind) showed [5s 3s] and won ($41.50) with a full house, Fives full of Kings


PokerStars Hand #173934944701:  Hold'em Limit ($3/$6 USD) - 2017/08/04 22:59:43 ET
Table 'Timandra' 6-max Seat #1 is the button
Seat 1: belik555 ($90 in chips)
Seat 6: Pepperlina ($212.46 in chips)
belik555: posts small blind $1
Pepperlina: posts big blind $3
*** HOLE CARDS ***
belik555: raises $3 to $6
Pepperlina: calls $3
*** FLOP *** [4c Ac 8c]
Pepperlina: bets $3
belik555: calls $3
*** TURN *** [4c Ac 8c] [5h]
Pepperlina: bets $6
belik555: calls $6
*** RIVER *** [4c Ac 8c 5h] [4s]
Pepperlina: bets $6
belik555: folds
Uncalled bet ($6) returned to Pepperlina
Pepperlina collected $29.50 from pot
Pepperlina: doesn't show hand
*** SUMMARY ***
Total pot $30 | Rake $0.50
Board [4c Ac 8c 5h 4s]
Seat 1: belik555 (button) (small blind) folded on the River
Seat 6: Pepperlina (big blind) collected ($29.50)


PokerStars Hand #173934965544:  Hold'em Limit ($3/$6 USD) - 2017/08/04 23:00:51 ET
Table 'Timandra' 6-max Seat #6 is the button
Seat 1: belik555 ($95.76 in chips)
Seat 6: Pepperlina ($241.46 in chips)
Pepperlina: posts small blind $1
belik555: posts big blind $3
*** HOLE CARDS ***
Pepperlina: raises $3 to $6
belik555: calls $3
*** FLOP *** [Jc 4s Qc]
belik555: checks
Pepperlina: bets $3
belik555: calls $3
*** TURN *** [Jc 4s Qc] [4h]
belik555: checks
Pepperlina: bets $6
belik555: folds
Uncalled bet ($6) returned to Pepperlina
Pepperlina collected $17.64 from pot
Pepperlina: doesn't show hand
*** SUMMARY ***
Total pot $18 | Rake $0.36
Board [Jc 4s Qc 4h]
Seat 1: belik555 (big blind) folded on the Turn
Seat 6: Pepperlina (button) (small blind) collected ($17.64)


PokerStars Hand #173934960483:  Hold'em Limit ($3/$6 USD) - 2017/08/04 23:00:35 ET
Table 'Timandra' 6-max Seat #1 is the button
Seat 1: belik555 ($90 in chips)
Seat 6: Pepperlina ($247.46 in chips)
belik555: posts small blind $1
Pepperlina: posts big blind $3
*** HOLE CARDS ***
belik555: raises $3 to $6
Pepperlina: calls $3
*** FLOP *** [Qd 6s 8d]
Pepperlina: checks
belik555: bets $3
Pepperlina: folds
Uncalled bet ($3) returned to belik555
belik555 collected $11.76 from pot
belik555: doesn't show hand
*** SUMMARY ***
Total pot $12 | Rake $0.24
Board [Qd 6s 8d]
Seat 1: belik555 (button) (small blind) collected ($11.76)
Seat 6: Pepperlina (big blind) folded on the Flop


PokerStars Hand #173934950969:  Hold'em Limit ($3/$6 USD) - 2017/08/04 23:00:04 ET
Table 'Timandra' 6-max Seat #6 is the button
Seat 1: belik555 ($90 in chips)
Seat 6: Pepperlina ($226.96 in chips)
Pepperlina: posts small blind $1
belik555: posts big blind $3
*** HOLE CARDS ***
Pepperlina: raises $3 to $6
belik555: calls $3
*** FLOP *** [5s 7c 7s]
belik555: checks
Pepperlina: bets $3
belik555: calls $3
*** TURN *** [5s 7c 7s] [Ac]
belik555: checks
Pepperlina: bets $6
belik555: calls $6
*** RIVER *** [5s 7c 7s Ac] [6h]
belik555: checks
Pepperlina: bets $6
belik555: calls $6
*** SHOW DOWN ***
Pepperlina: shows [Jh Jc] (two pair, Jacks and Sevens)
belik555: mucks hand
Pepperlina collected $41.50 from pot
*** SUMMARY ***
Total pot $42 | Rake $0.50
Board [5s 7c 7s Ac 6h]
Seat 1: belik555 (big blind) mucked
Seat 6: Pepperlina (button) (small blind) showed [Jh Jc] and won ($41.50) with two pair, Jacks and Sevens


PokerStars Hand #173934975698:  Hold'em Limit ($3/$6 USD) - 2017/08/04 23:01:17 ET
Table 'Timandra' 6-max Seat #6 is the button
Seat 1: belik555 ($93 in chips)
Seat 6: Pepperlina ($247.10 in chips)
Pepperlina: posts small blind $1
belik555: posts big blind $3
*** HOLE CARDS ***
Pepperlina: raises $3 to $6
belik555: calls $3
*** FLOP *** [9d 8d Js]
belik555: checks
Pepperlina: checks
*** TURN *** [9d 8d Js] [8s]
belik555: checks
Pepperlina: bets $6
belik555: folds
Uncalled bet ($6) returned to Pepperlina
Pepperlina collected $11.76 from pot
Pepperlina: doesn't show hand
*** SUMMARY ***
Total pot $12 | Rake $0.24
Board [9d 8d Js 8s]
Seat 1: belik555 (big blind) folded on the Turn
Seat 6: Pepperlina (button) (small blind) collected ($11.76)


PokerStars Hand #173934981297:  Hold'em Limit ($3/$6 USD) - 2017/08/04 23:01:34 ET
Table 'Timandra' 6-max Seat #1 is the button
Seat 1: belik555 ($90 in chips)
Seat 6: Pepperlina ($252.86 in chips)
belik555: posts small blind $1
Pepperlina: posts big blind $3
*** HOLE CARDS ***
belik555: raises $3 to $6
Pepperlina: raises $3 to $9
belik555: raises $3 to $12
Betting is capped
Pepperlina: calls $3
*** FLOP *** [3s 5d Ad]
Pepperlina: checks
belik555: bets $3
Pepperlina: folds
Uncalled bet ($3) returned to belik555
belik555 collected $23.52 from pot
belik555: doesn't show hand
*** SUMMARY ***
Total pot $24 | Rake $0.48
Board [3s 5d Ad]
Seat 1: belik555 (button) (small blind) collected ($23.52)
Seat 6: Pepperlina (big blind) folded on the Flop


PokerStars Hand #173934986654:  Hold'em Limit ($3/$6 USD) - 2017/08/04 23:01:50 ET
Table 'Timandra' 6-max Seat #6 is the button
Seat 1: belik555 ($101.52 in chips)
Seat 6: Pepperlina ($240.86 in chips)
Pepperlina: posts small blind $1
belik555: posts big blind $3
*** HOLE CARDS ***
Pepperlina: raises $3 to $6
belik555: calls $3
*** FLOP *** [Kd 3c Kh]
belik555: checks
Pepperlina: bets $3
belik555: folds
Uncalled bet ($3) returned to Pepperlina
Pepperlina collected $11.76 from pot
Pepperlina: doesn't show hand
*** SUMMARY ***
Total pot $12 | Rake $0.24
Board [Kd 3c Kh]
Seat 1: belik555 (big blind) folded on the Flop
Seat 6: Pepperlina (button) (small blind) collected ($11.76)


PokerStars Hand #173934990176:  Hold'em Limit ($3/$6 USD) - 2017/08/04 23:02:01 ET
Table 'Timandra' 6-max Seat #1 is the button
Seat 1: belik555 ($95.52 in chips)
Seat 6: Pepperlina ($246.62 in chips)
belik555: posts small blind $1
Pepperlina: posts big blind $3
*** HOLE CARDS ***
belik555: raises $3 to $6
Pepperlina: calls $3
*** FLOP *** [Kd Jc 2s]
Pepperlina: checks
belik555: bets $3
Pepperlina: calls $3
*** TURN *** [Kd Jc 2s] [4s]
Pepperlina: checks
belik555: checks
*** RIVER *** [Kd Jc 2s 4s] [Ks]
Pepperlina: bets $6
belik555: folds
Uncalled bet ($6) returned to Pepperlina
Pepperlina collected $17.64 from pot
Pepperlina: doesn't show hand
*** SUMMARY ***
Total pot $18 | Rake $0.36
Board [Kd Jc 2s 4s Ks]
Seat 1: belik555 (button) (small blind) folded on the River
Seat 6: Pepperlina (big blind) collected ($17.64)


PokerStars Hand #173934996587:  Hold'em Limit ($3/$6 USD) - 2017/08/04 23:02:21 ET
Table 'Timandra' 6-max Seat #6 is the button
Seat 1: belik555 ($90 in chips)
Seat 6: Pepperlina ($255.26 in chips)
Pepperlina: posts small blind $1
belik555: posts big blind $3
*** HOLE CARDS ***
Pepperlina: raises $3 to $6
belik555: calls $3
*** FLOP *** [Qh 7h Td]
belik555: checks
Pepperlina: bets $3
belik555: raises $3 to $6
Pepperlina: calls $3
*** TURN *** [Qh 7h Td] [9s]
belik555: checks
Pepperlina: checks
*** RIVER *** [Qh 7h Td 9s] [Kh]
belik555: bets $6
Pepperlina: raises $6 to $12
belik555: calls $6
*** SHOW DOWN ***
Pepperlina: shows [Jc 7d] (a straight, Nine to King)
belik555: shows [Jd 9c] (a straight, Nine to King)
belik555 collected $23.75 from pot
Pepperlina collected $23.75 from pot
*** SUMMARY ***
Total pot $48 | Rake $0.50
Board [Qh 7h Td 9s Kh]
Seat 1: belik555 (big blind) showed [Jd 9c] and won ($23.75) with a straight, Nine to King
Seat 6: Pepperlina (button) (small blind) showed [Jc 7d] and won ($23.75) with a straight, Nine to King


PokerStars Hand #173935005132:  Hold'em Limit ($3/$6 USD) - 2017/08/04 23:02:47 ET
Table 'Timandra' 6-max Seat #1 is the button
Seat 1: belik555 ($90 in chips)
Seat 6: Pepperlina ($255.01 in chips)
belik555: posts small blind $1
Pepperlina: posts big blind $3
*** HOLE CARDS ***
belik555: raises $3 to $6
Pepperlina: calls $3
*** FLOP *** [8d Jd Qd]
Pepperlina: checks
belik555: checks
*** TURN *** [8d Jd Qd] [Jc]
Pepperlina: bets $6
belik555: calls $6
*** RIVER *** [8d Jd Qd Jc] [3s]
Pepperlina: checks
belik555: bets $6
Pepperlina: folds
Uncalled bet ($6) returned to belik555
belik555 collected $23.52 from pot
belik555: doesn't show hand
*** SUMMARY ***
Total pot $24 | Rake $0.48
Board [8d Jd Qd Jc 3s]
Seat 1: belik555 (button) (small blind) collected ($23.52)
Seat 6: Pepperlina (big blind) folded on the River


PokerStars Hand #173935012651:  Hold'em Limit ($3/$6 USD) - 2017/08/04 23:03:10 ET
Table 'Timandra' 6-max Seat #6 is the button
Seat 1: belik555 ($101.52 in chips)
Seat 6: Pepperlina ($243.01 in chips)
Pepperlina: posts small blind $1
belik555: posts big blind $3
*** HOLE CARDS ***
Pepperlina: raises $3 to $6
belik555: calls $3
*** FLOP *** [9s 4s Jd]
belik555: checks
Pepperlina: bets $3
belik555: folds
Uncalled bet ($3) returned to Pepperlina
Pepperlina collected $11.76 from pot
Pepperlina: doesn't show hand
*** SUMMARY ***
Total pot $12 | Rake $0.24
Board [9s 4s Jd]
Seat 1: belik555 (big blind) folded on the Flop
Seat 6: Pepperlina (button) (small blind) collected ($11.76)


PokerStars Hand #173935016575:  Hold'em Limit ($3/$6 USD) - 2017/08/04 23:03:21 ET
Table 'Timandra' 6-max Seat #1 is the button
Seat 1: belik555 ($95.52 in chips)
Seat 6: Pepperlina ($248.77 in chips)
belik555: posts small blind $1
Pepperlina: posts big blind $3
*** HOLE CARDS ***
belik555: folds
Uncalled bet ($2) returned to Pepperlina
Pepperlina collected $2 from pot
Pepperlina: doesn't show hand
*** SUMMARY ***
Total pot $2 | Rake $0
Seat 1: belik555 (button) (small blind) folded before Flop
Seat 6: Pepperlina (big blind) collected ($2)


PokerStars Hand #173935022177:  Hold'em Limit ($3/$6 USD) - 2017/08/04 23:03:38 ET
Table 'Timandra' 6-max Seat #1 is the button
Seat 1: belik555 ($90 in chips)
Seat 6: Pepperlina ($255.53 in chips)
belik555: posts small blind $1
Pepperlina: posts big blind $3
*** HOLE CARDS ***
belik555: raises $3 to $6
Pepperlina: raises $3 to $9
belik555: raises $3 to $12
Betting is capped
Pepperlina: calls $3
*** FLOP *** [5c 5s 3d]
Pepperlina: checks
belik555: bets $3
Pepperlina: calls $3
*** TURN *** [5c 5s 3d] [9d]
Pepperlina: checks
belik555: bets $6
Pepperlina: folds
Uncalled bet ($6) returned to belik555
belik555 collected $29.50 from pot
belik555: doesn't show hand
*** SUMMARY ***
Total pot $30 | Rake $0.50
Board [5c 5s 3d 9d]
Seat 1: belik555 (button) (small blind) collected ($29.50)
Seat 6: Pepperlina (big blind) folded on the Turn


PokerStars Hand #173935030594:  Hold'em Limit ($3/$6 USD) - 2017/08/04 23:04:04 ET
Table 'Timandra' 6-max Seat #6 is the button
Seat 1: belik555 ($104.50 in chips)
Seat 6: Pepperlina ($240.53 in chips)
Pepperlina: posts small blind $1
belik555: posts big blind $3
*** HOLE CARDS ***
Pepperlina: raises $3 to $6
belik555: raises $3 to $9
Pepperlina: calls $3
*** FLOP *** [Qh Kd 5h]
belik555: bets $3
Pepperlina: folds
Uncalled bet ($3) returned to belik555
belik555 collected $17.64 from pot
belik555: doesn't show hand
*** SUMMARY ***
Total pot $18 | Rake $0.36
Board [Qh Kd 5h]
Seat 1: belik555 (big blind) collected ($17.64)
Seat 6: Pepperlina (button) (small blind) folded on the Flop


PokerStars Hand #173935018353:  Hold'em Limit ($3/$6 USD) - 2017/08/04 23:03:26 ET
Table 'Timandra' 6-max Seat #6 is the button
Seat 1: belik555 ($94.52 in chips)
Seat 6: Pepperlina ($249.77 in chips)
Pepperlina: posts small blind $1
belik555: posts big blind $3
*** HOLE CARDS ***
Pepperlina: raises $3 to $6
belik555: calls $3
*** FLOP *** [6c 8s Ac]
belik555: checks
Pepperlina: bets $3
belik555: folds
Uncalled bet ($3) returned to Pepperlina
Pepperlina collected $11.76 from pot
Pepperlina: doesn't show hand
*** SUMMARY ***
Total pot $12 | Rake $0.24
Board [6c 8s Ac]
Seat 1: belik555 (big blind) folded on the Flop
Seat 6: Pepperlina (button) (small blind) collected ($11.76)


PokerStars Hand #173935042510:  Hold'em Limit ($3/$6 USD) - 2017/08/04 23:04:40 ET
Table 'Timandra' 6-max Seat #6 is the button
Seat 1: belik555 ($112.14 in chips)
Seat 6: Pepperlina ($232.53 in chips)
Pepperlina: posts small blind $1
belik555: posts big blind $3
*** HOLE CARDS ***
Pepperlina: raises $3 to $6
belik555: raises $3 to $9
Pepperlina: calls $3
*** FLOP *** [9c 6c Ac]
belik555: bets $3
Pepperlina: folds
Uncalled bet ($3) returned to belik555
belik555 collected $17.64 from pot
belik555: doesn't show hand
*** SUMMARY ***
Total pot $18 | Rake $0.36
Board [9c 6c Ac]
Seat 1: belik555 (big blind) collected ($17.64)
Seat 6: Pepperlina (button) (small blind) folded on the Flop


PokerStars Hand #173935040760:  Hold'em Limit ($3/$6 USD) - 2017/08/04 23:04:35 ET
Table 'Timandra' 6-max Seat #1 is the button
Seat 1: belik555 ($113.14 in chips)
Seat 6: Pepperlina ($231.53 in chips)
belik555: posts small blind $1
Pepperlina: posts big blind $3
*** HOLE CARDS ***
belik555: folds
Uncalled bet ($2) returned to Pepperlina
Pepperlina collected $2 from pot
Pepperlina: doesn't show hand
*** SUMMARY ***
Total pot $2 | Rake $0
Seat 1: belik555 (button) (small blind) folded before Flop
Seat 6: Pepperlina (big blind) collected ($2)


PokerStars Hand #173935039306:  Hold'em Limit ($3/$6 USD) - 2017/08/04 23:04:31 ET
Table 'Timandra' 6-max Seat #6 is the button
Seat 1: belik555 ($112.14 in chips)
Seat 6: Pepperlina ($232.53 in chips)
Pepperlina: posts small blind $1
belik555: posts big blind $3
*** HOLE CARDS ***
Pepperlina: folds
Uncalled bet ($2) returned to belik555
belik555 collected $2 from pot
belik555: doesn't show hand
*** SUMMARY ***
Total pot $2 | Rake $0
Seat 1: belik555 (big blind) collected ($2)
Seat 6: Pepperlina (button) (small blind) folded before Flop


PokerStars Hand #173935037256:  Hold'em Limit ($3/$6 USD) - 2017/08/04 23:04:24 ET
Table 'Timandra' 6-max Seat #1 is the button
Seat 1: belik555 ($113.14 in chips)
Seat 6: Pepperlina ($231.53 in chips)
belik555: posts small blind $1
Pepperlina: posts big blind $3
*** HOLE CARDS ***
belik555: folds
Uncalled bet ($2) returned to Pepperlina
Pepperlina collected $2 from pot
Pepperlina: doesn't show hand
*** SUMMARY ***
Total pot $2 | Rake $0
Seat 1: belik555 (button) (small blind) folded before Flop
Seat 6: Pepperlina (big blind) collected ($2)


PokerStars Hand #173935048577:  Hold'em Limit ($3/$6 USD) - 2017/08/04 23:04:59 ET
Table 'Timandra' 6-max Seat #1 is the button
Seat 1: belik555 ($120.78 in chips)
Seat 6: Pepperlina ($223.53 in chips)
belik555: posts small blind $1
Pepperlina: posts big blind $3
*** HOLE CARDS ***
belik555: raises $3 to $6
Pepperlina: calls $3
*** FLOP *** [Jc 8d 5d]
Pepperlina: checks
belik555: bets $3
Pepperlina: calls $3
*** TURN *** [Jc 8d 5d] [3c]
Pepperlina: checks
belik555: checks
*** RIVER *** [Jc 8d 5d 3c] [7c]
Pepperlina: bets $6
belik555: calls $6
*** SHOW DOWN ***
Pepperlina: shows [5c Qh] (a pair of Fives)
belik555: mucks hand
Pepperlina collected $29.50 from pot
*** SUMMARY ***
Total pot $30 | Rake $0.50
Board [Jc 8d 5d 3c 7c]
Seat 1: belik555 (button) (small blind) mucked
Seat 6: Pepperlina (big blind) showed [5c Qh] and won ($29.50) with a pair of Fives


PokerStars Hand #173935058398:  Hold'em Limit ($3/$6 USD) - 2017/08/04 23:05:28 ET
Table 'Timandra' 6-max Seat #6 is the button
Seat 1: belik555 ($105.78 in chips)
Seat 6: Pepperlina ($238.03 in chips)
Pepperlina: posts small blind $1
belik555: posts big blind $3
*** HOLE CARDS ***
Pepperlina: raises $3 to $6
belik555: calls $3
*** FLOP *** [7h 7c Ad]
belik555: checks
Pepperlina: bets $3
belik555: raises $3 to $6
Pepperlina: calls $3
*** TURN *** [7h 7c Ad] [Qs]
belik555: bets $6
Pepperlina: calls $6
*** RIVER *** [7h 7c Ad Qs] [8d]
belik555: bets $6
Pepperlina: raises $6 to $12
belik555: folds
Uncalled bet ($6) returned to Pepperlina
Pepperlina collected $47.50 from pot
Pepperlina: doesn't show hand
*** SUMMARY ***
Total pot $48 | Rake $0.50
Board [7h 7c Ad Qs 8d]
Seat 1: belik555 (big blind) folded on the River
Seat 6: Pepperlina (button) (small blind) collected ($47.50)


PokerStars Hand #173935086065:  Hold'em Limit ($3/$6 USD) - 2017/08/04 23:06:52 ET
Table 'Timandra' 6-max Seat #6 is the button
Seat 1: belik555 ($90 in chips)
Seat 6: Pepperlina ($285.03 in chips)
Pepperlina: posts small blind $1
belik555: posts big blind $3
*** HOLE CARDS ***
Pepperlina: raises $3 to $6
belik555: folds
Uncalled bet ($3) returned to Pepperlina
Pepperlina collected $6 from pot
Pepperlina: doesn't show hand
*** SUMMARY ***
Total pot $6 | Rake $0
Seat 1: belik555 (big blind) folded before Flop
Seat 6: Pepperlina (button) (small blind) collected ($6)


PokerStars Hand #173935088075:  Hold'em Limit ($3/$6 USD) - 2017/08/04 23:06:59 ET
Table 'Timandra' 6-max Seat #1 is the button
Seat 1: belik555 ($90 in chips)
Seat 6: Pepperlina ($288.03 in chips)
belik555: posts small blind $1
Pepperlina: posts big blind $3
*** HOLE CARDS ***
belik555: raises $3 to $6
Pepperlina: raises $3 to $9
belik555: calls $3
*** FLOP *** [7s Ks 8d]
Pepperlina: bets $3
belik555: raises $3 to $6
Pepperlina: calls $3
*** TURN *** [7s Ks 8d] [9h]
Pepperlina: checks
belik555: checks
*** RIVER *** [7s Ks 8d 9h] [2d]
Pepperlina: bets $6
belik555: calls $6
*** SHOW DOWN ***
Pepperlina: shows [8h 6s] (a pair of Eights)
belik555: shows [9d 6d] (a pair of Nines)
belik555 collected $41.50 from pot
*** SUMMARY ***
Total pot $42 | Rake $0.50
Board [7s Ks 8d 9h 2d]
Seat 1: belik555 (button) (small blind) showed [9d 6d] and won ($41.50) with a pair of Nines
Seat 6: Pepperlina (big blind) showed [8h 6s] and lost with a pair of Eights


PokerStars Hand #173935076449:  Hold'em Limit ($3/$6 USD) - 2017/08/04 23:06:23 ET
Table 'Timandra' 6-max Seat #1 is the button
Seat 1: belik555 ($90 in chips)
Seat 6: Pepperlina ($261.53 in chips)
belik555: posts small blind $1
Pepperlina: posts big blind $3
*** HOLE CARDS ***
belik555: raises $3 to $6
Pepperlina: calls $3
*** FLOP *** [7c 8h 2d]
Pepperlina: checks
belik555: checks
*** TURN *** [7c 8h 2d] [6c]
Pepperlina: bets $6
belik555: calls $6
*** RIVER *** [7c 8h 2d 6c] [3s]
Pepperlina: bets $6
belik555: raises $6 to $12
Pepperlina: calls $6
*** SHOW DOWN ***
belik555: shows [3d 6d] (two pair, Sixes and Threes)
Pepperlina: shows [7h 6s] (two pair, Sevens and Sixes)
Pepperlina collected $47.50 from pot
*** SUMMARY ***
Total pot $48 | Rake $0.50
Board [7c 8h 2d 6c 3s]
Seat 1: belik555 (button) (small blind) showed [3d 6d] and lost with two pair, Sixes and Threes
Seat 6: Pepperlina (big blind) showed [7h 6s] and won ($47.50) with two pair, Sevens and Sixes


PokerStars Hand #173935095306:  Hold'em Limit ($3/$6 USD) - 2017/08/04 23:07:20 ET
Table 'Timandra' 6-max Seat #6 is the button
Seat 1: belik555 ($110.50 in chips)
Seat 6: Pepperlina ($267.03 in chips)
Pepperlina: posts small blind $1
belik555: posts big blind $3
*** HOLE CARDS ***
Pepperlina: raises $3 to $6
belik555: calls $3
*** FLOP *** [6d 4s 6h]
belik555: checks
Pepperlina: bets $3
belik555: raises $3 to $6
Pepperlina: calls $3
*** TURN *** [6d 4s 6h] [Qd]
belik555: checks
Pepperlina: checks
*** RIVER *** [6d 4s 6h Qd] [7h]
belik555: bets $6
Pepperlina: folds
Uncalled bet ($6) returned to belik555
belik555 collected $23.52 from pot
belik555: doesn't show hand
*** SUMMARY ***
Total pot $24 | Rake $0.48
Board [6d 4s 6h Qd 7h]
Seat 1: belik555 (big blind) collected ($23.52)
Seat 6: Pepperlina (button) (small blind) folded on the River


PokerStars Hand #173935111852:  Hold'em Limit ($3/$6 USD) - 2017/08/04 23:08:11 ET
Table 'Timandra' 6-max Seat #6 is the button
Seat 1: belik555 ($113.02 in chips)
Seat 6: Pepperlina ($263.67 in chips)
Pepperlina: posts small blind $1
belik555: posts big blind $3
*** HOLE CARDS ***
Pepperlina: folds
Uncalled bet ($2) returned to belik555
belik555 collected $2 from pot
belik555: doesn't show hand
*** SUMMARY ***
Total pot $2 | Rake $0
Seat 1: belik555 (big blind) collected ($2)
Seat 6: Pepperlina (button) (small blind) folded before Flop


PokerStars Hand #173935105518:  Hold'em Limit ($3/$6 USD) - 2017/08/04 23:07:52 ET
Table 'Timandra' 6-max Seat #1 is the button
Seat 1: belik555 ($122.02 in chips)
Seat 6: Pepperlina ($255.03 in chips)
belik555: posts small blind $1
Pepperlina: posts big blind $3
*** HOLE CARDS ***
belik555: raises $3 to $6
Pepperlina: calls $3
*** FLOP *** [5c Qs Jc]
Pepperlina: checks
belik555: bets $3
Pepperlina: calls $3
*** TURN *** [5c Qs Jc] [7c]
Pepperlina: checks
belik555: checks
*** RIVER *** [5c Qs Jc 7c] [As]
Pepperlina: checks
belik555: checks
*** SHOW DOWN ***
Pepperlina: shows [7d Jd] (two pair, Jacks and Sevens)
belik555: mucks hand
Pepperlina collected $17.64 from pot
*** SUMMARY ***
Total pot $18 | Rake $0.36
Board [5c Qs Jc 7c As]
Seat 1: belik555 (button) (small blind) mucked
Seat 6: Pepperlina (big blind) showed [7d Jd] and won ($17.64) with two pair, Jacks and Sevens


PokerStars Hand #173935134441:  Hold'em Limit ($3/$6 USD) - 2017/08/04 23:08:59 ET
Table 'Timandra' 6-max Seat #6 is the button
Seat 1: belik555 ($90.02 in chips)
Seat 6: Pepperlina ($286.17 in chips)
Pepperlina: posts small blind $1
belik555: posts big blind $3
*** HOLE CARDS ***
Pepperlina: folds
Uncalled bet ($2) returned to belik555
belik555 collected $2 from pot
belik555: doesn't show hand
*** SUMMARY ***
Total pot $2 | Rake $0
Seat 1: belik555 (big blind) collected ($2)
Seat 6: Pepperlina (button) (small blind) folded before Flop


PokerStars Hand #173935113667:  Hold'em Limit ($3/$6 USD) - 2017/08/04 23:08:17 ET
Table 'Timandra' 6-max Seat #1 is the button
Seat 1: belik555 ($114.02 in chips)
Seat 6: Pepperlina ($262.67 in chips)
belik555: posts small blind $1
Pepperlina: posts big blind $3
*** HOLE CARDS ***
belik555: raises $3 to $6
Pepperlina: raises $3 to $9
belik555: raises $3 to $12
Betting is capped
Pepperlina: calls $3
*** FLOP *** [Qh Jh Ac]
Pepperlina: checks
belik555: checks
*** TURN *** [Qh Jh Ac] [2c]
Pepperlina: bets $6
belik555: calls $6
*** RIVER *** [Qh Jh Ac 2c] [5d]
Pepperlina: checks
belik555: bets $6
Pepperlina: raises $6 to $12
belik555: folds
Uncalled bet ($6) returned to Pepperlina
Pepperlina collected $47.50 from pot
Pepperlina: doesn't show hand
*** SUMMARY ***
Total pot $48 | Rake $0.50
Board [Qh Jh Ac 2c 5d]
Seat 1: belik555 (button) (small blind) folded on the River
Seat 6: Pepperlina (big blind) collected ($47.50)


PokerStars Hand #173935151953:  Hold'em Limit ($3/$6 USD) - 2017/08/04 23:09:53 ET
Table 'Timandra' 6-max Seat #1 is the button
Seat 1: belik555 ($90 in chips)
Seat 6: Pepperlina ($320.17 in chips)
belik555: posts small blind $1
Pepperlina: posts big blind $3
*** HOLE CARDS ***
belik555: raises $3 to $6
Pepperlina: raises $3 to $9
belik555: raises $3 to $12
Betting is capped
Pepperlina: calls $3
*** FLOP *** [Kd As 6s]
Pepperlina: checks
belik555: checks
*** TURN *** [Kd As 6s] [4c]
Pepperlina: bets $6
belik555: folds
Uncalled bet ($6) returned to Pepperlina
Pepperlina collected $23.52 from pot
Pepperlina: doesn't show hand
*** SUMMARY ***
Total pot $24 | Rake $0.48
Board [Kd As 6s 4c]
Seat 1: belik555 (button) (small blind) folded on the Turn
Seat 6: Pepperlina (big blind) collected ($23.52)


PokerStars Hand #173935143743:  Hold'em Limit ($3/$6 USD) - 2017/08/04 23:09:27 ET
Table 'Timandra' 6-max Seat #6 is the button
Seat 1: belik555 ($90 in chips)
Seat 6: Pepperlina ($302.67 in chips)
Pepperlina: posts small blind $1
belik555: posts big blind $3
*** HOLE CARDS ***
Pepperlina: raises $3 to $6
belik555: raises $3 to $9
Pepperlina: calls $3
*** FLOP *** [3c 5s 3s]
belik555: bets $3
Pepperlina: calls $3
*** TURN *** [3c 5s 3s] [4h]
belik555: checks
Pepperlina: bets $6
belik555: calls $6
*** RIVER *** [3c 5s 3s 4h] [5d]
belik555: checks
Pepperlina: bets $6
belik555: folds
Uncalled bet ($6) returned to Pepperlina
Pepperlina collected $35.50 from pot
Pepperlina: doesn't show hand
*** SUMMARY ***
Total pot $36 | Rake $0.50
Board [3c 5s 3s 4h 5d]
Seat 1: belik555 (big blind) folded on the River
Seat 6: Pepperlina (button) (small blind) collected ($35.50)


PokerStars Hand #173935135939:  Hold'em Limit ($3/$6 USD) - 2017/08/04 23:09:04 ET
Table 'Timandra' 6-max Seat #1 is the button
Seat 1: belik555 ($91.02 in chips)
Seat 6: Pepperlina ($285.17 in chips)
belik555: posts small blind $1
Pepperlina: posts big blind $3
*** HOLE CARDS ***
belik555: raises $3 to $6
Pepperlina: calls $3
*** FLOP *** [2d 9c 6s]
Pepperlina: checks
belik555: bets $3
Pepperlina: raises $3 to $6
belik555: calls $3
*** TURN *** [2d 9c 6s] [Jc]
Pepperlina: bets $6
belik555: calls $6
*** RIVER *** [2d 9c 6s Jc] [3c]
Pepperlina: bets $6
belik555: folds
Uncalled bet ($6) returned to Pepperlina
Pepperlina collected $35.50 from pot
Pepperlina: doesn't show hand
*** SUMMARY ***
Total pot $36 | Rake $0.50
Board [2d 9c 6s Jc 3c]
Seat 1: belik555 (button) (small blind) folded on the River
Seat 6: Pepperlina (big blind) collected ($35.50)


PokerStars Hand #173935168659:  Hold'em Limit ($3/$6 USD) - 2017/08/04 23:10:45 ET
Table 'Timandra' 6-max Seat #1 is the button
Seat 1: belik555 ($104.50 in chips)
Seat 6: Pepperlina ($316.69 in chips)
belik555: posts small blind $1
Pepperlina: posts big blind $3
*** HOLE CARDS ***
belik555: folds
Uncalled bet ($2) returned to Pepperlina
Pepperlina collected $2 from pot
Pepperlina: doesn't show hand
*** SUMMARY ***
Total pot $2 | Rake $0
Seat 1: belik555 (button) (small blind) folded before Flop
Seat 6: Pepperlina (big blind) collected ($2)


PokerStars Hand #173935158268:  Hold'em Limit ($3/$6 USD) - 2017/08/04 23:10:13 ET
Table 'Timandra' 6-max Seat #6 is the button
Seat 1: belik555 ($90 in chips)
Seat 6: Pepperlina ($331.69 in chips)
Pepperlina: posts small blind $1
belik555: posts big blind $3
*** HOLE CARDS ***
Pepperlina: raises $3 to $6
belik555: calls $3
*** FLOP *** [As Ac Td]
belik555: bets $3
Pepperlina: calls $3
*** TURN *** [As Ac Td] [7c]
belik555: bets $6
Pepperlina: calls $6
*** RIVER *** [As Ac Td 7c] [7s]
belik555: bets $6
Pepperlina: folds
Uncalled bet ($6) returned to belik555
belik555 collected $29.50 from pot
belik555: doesn't show hand
*** SUMMARY ***
Total pot $30 | Rake $0.50
Board [As Ac Td 7c 7s]
Seat 1: belik555 (big blind) collected ($29.50)
Seat 6: Pepperlina (button) (small blind) folded on the River


PokerStars Hand #173935170597:  Hold'em Limit ($3/$6 USD) - 2017/08/04 23:10:51 ET
Table 'Timandra' 6-max Seat #6 is the button
Seat 1: belik555 ($103.50 in chips)
Seat 6: Pepperlina ($317.69 in chips)
Pepperlina: posts small blind $1
belik555: posts big blind $3
*** HOLE CARDS ***
Pepperlina: raises $3 to $6
belik555: calls $3
*** FLOP *** [6h 2d 2s]
belik555: checks
Pepperlina: bets $3
belik555: calls $3
*** TURN *** [6h 2d 2s] [Jc]
belik555: checks
Pepperlina: bets $6
belik555: folds
Uncalled bet ($6) returned to Pepperlina
Pepperlina collected $17.64 from pot
Pepperlina: doesn't show hand
*** SUMMARY ***
Total pot $18 | Rake $0.36
Board [6h 2d 2s Jc]
Seat 1: belik555 (big blind) folded on the Turn
Seat 6: Pepperlina (button) (small blind) collected ($17.64)


PokerStars Hand #173935180869:  Hold'em Limit ($3/$6 USD) - 2017/08/04 23:11:23 ET
Table 'Timandra' 6-max Seat #1 is the button
Seat 1: belik555 ($94.50 in chips)
Seat 6: Pepperlina ($326.33 in chips)
belik555: posts small blind $1
Pepperlina: posts big blind $3
*** HOLE CARDS ***
belik555: raises $3 to $6
Pepperlina: raises $3 to $9
belik555: calls $3
*** FLOP *** [Jh Qd As]
Pepperlina: bets $3
belik555: calls $3
*** TURN *** [Jh Qd As] [3h]
Pepperlina: bets $6
belik555: calls $6
*** RIVER *** [Jh Qd As 3h] [2s]
Pepperlina: checks
belik555: bets $6
Pepperlina: folds
Uncalled bet ($6) returned to belik555
belik555 collected $35.50 from pot
belik555: doesn't show hand
*** SUMMARY ***
Total pot $36 | Rake $0.50
Board [Jh Qd As 3h 2s]
Seat 1: belik555 (button) (small blind) collected ($35.50)
Seat 6: Pepperlina (big blind) folded on the River


PokerStars Hand #173935188977:  Hold'em Limit ($3/$6 USD) - 2017/08/04 23:11:49 ET
Table 'Timandra' 6-max Seat #6 is the button
Seat 1: belik555 ($112 in chips)
Seat 6: Pepperlina ($308.33 in chips)
Pepperlina: posts small blind $1
belik555: posts big blind $3
*** HOLE CARDS ***
Pepperlina: raises $3 to $6
belik555: calls $3
*** FLOP *** [5h Ks 9c]
belik555: checks
Pepperlina: bets $3
belik555: raises $3 to $6
Pepperlina: calls $3
*** TURN *** [5h Ks 9c] [2d]
belik555: bets $6
Pepperlina: calls $6
*** RIVER *** [5h Ks 9c 2d] [5c]
belik555: checks
Pepperlina: checks
*** SHOW DOWN ***
belik555: shows [6c 7d] (a pair of Fives)
Pepperlina: shows [Ad 2h] (two pair, Fives and Deuces)
Pepperlina collected $35.50 from pot
*** SUMMARY ***
Total pot $36 | Rake $0.50
Board [5h Ks 9c 2d 5c]
Seat 1: belik555 (big blind) showed [6c 7d] and lost with a pair of Fives
Seat 6: Pepperlina (button) (small blind) showed [Ad 2h] and won ($35.50) with two pair, Fives and Deuces


PokerStars Hand #173935196193:  Hold'em Limit ($3/$6 USD) - 2017/08/04 23:12:11 ET
Table 'Timandra' 6-max Seat #1 is the button
Seat 1: belik555 ($94 in chips)
Seat 6: Pepperlina ($325.83 in chips)
belik555: posts small blind $1
Pepperlina: posts big blind $3
*** HOLE CARDS ***
belik555: raises $3 to $6
Pepperlina: raises $3 to $9
belik555: calls $3
*** FLOP *** [Jh Kd 4h]
Pepperlina: bets $3
belik555: calls $3
*** TURN *** [Jh Kd 4h] [Jc]
Pepperlina: bets $6
belik555 is connected
belik555: calls $6
*** RIVER *** [Jh Kd 4h Jc] [9h]
Pepperlina: bets $6
belik555: calls $6
*** SHOW DOWN ***
Pepperlina: shows [Td 5h] (a pair of Jacks)
belik555: shows [8s Kc] (two pair, Kings and Jacks)
belik555 collected $47.50 from pot
*** SUMMARY ***
Total pot $48 | Rake $0.50
Board [Jh Kd 4h Jc 9h]
Seat 1: belik555 (button) (small blind) showed [8s Kc] and won ($47.50) with two pair, Kings and Jacks
Seat 6: Pepperlina (big blind) showed [Td 5h] and lost with a pair of Jacks


PokerStars Hand #173935205580:  Hold'em Limit ($3/$6 USD) - 2017/08/04 23:12:42 ET
Table 'Timandra' 6-max Seat #6 is the button
Seat 1: belik555 ($117.50 in chips)
Seat 6: Pepperlina ($301.83 in chips)
Pepperlina: posts small blind $1
belik555: posts big blind $3
*** HOLE CARDS ***
Pepperlina: raises $3 to $6
belik555: calls $3
*** FLOP *** [Th 5d 4c]
belik555: checks
Pepperlina: bets $3
belik555: calls $3
*** TURN *** [Th 5d 4c] [2d]
belik555: checks
Pepperlina: checks
*** RIVER *** [Th 5d 4c 2d] [Ah]
belik555: checks
Pepperlina: bets $6
belik555: calls $6
*** SHOW DOWN ***
Pepperlina: shows [Kh 8c] (high card Ace)
belik555: mucks hand
Pepperlina collected $29.50 from pot
*** SUMMARY ***
Total pot $30 | Rake $0.50
Board [Th 5d 4c 2d Ah]
Seat 1: belik555 (big blind) mucked
Seat 6: Pepperlina (button) (small blind) showed [Kh 8c] and won ($29.50) with high card Ace


PokerStars Hand #173935223858:  Hold'em Limit ($3/$6 USD) - 2017/08/04 23:13:40 ET
Table 'Timandra' 6-max Seat #1 is the button
Seat 1: belik555 ($96.50 in chips)
Seat 6: Pepperlina ($321.97 in chips)
belik555: posts small blind $1
Pepperlina: posts big blind $3
*** HOLE CARDS ***
belik555: raises $3 to $6
Pepperlina: calls $3
*** FLOP *** [8d 4d 6c]
Pepperlina: bets $3
belik555: calls $3
*** TURN *** [8d 4d 6c] [9d]
Pepperlina: bets $6
belik555: calls $6
*** RIVER *** [8d 4d 6c 9d] [Kh]
Pepperlina: checks
belik555: checks
*** SHOW DOWN ***
Pepperlina: shows [6s Js] (a pair of Sixes)
belik555: mucks hand
Pepperlina collected $29.50 from pot
*** SUMMARY ***
Total pot $30 | Rake $0.50
Board [8d 4d 6c 9d Kh]
Seat 1: belik555 (button) (small blind) mucked
Seat 6: Pepperlina (big blind) showed [6s Js] and won ($29.50) with a pair of Sixes


PokerStars Hand #173935228466:  Hold'em Limit ($3/$6 USD) - 2017/08/04 23:13:54 ET
Table 'Timandra' 6-max Seat #6 is the button
Seat 1: belik555 ($90 in chips)
Seat 6: Pepperlina ($336.47 in chips)
Pepperlina: posts small blind $1
belik555: posts big blind $3
*** HOLE CARDS ***
Pepperlina: raises $3 to $6
belik555: folds
Uncalled bet ($3) returned to Pepperlina
Pepperlina collected $6 from pot
Pepperlina: doesn't show hand
*** SUMMARY ***
Total pot $6 | Rake $0
Seat 1: belik555 (big blind) folded before Flop
Seat 6: Pepperlina (button) (small blind) collected ($6)


PokerStars Hand #173935230299:  Hold'em Limit ($3/$6 USD) - 2017/08/04 23:14:00 ET
Table 'Timandra' 6-max Seat #1 is the button
Seat 1: belik555 ($90 in chips)
Seat 6: Pepperlina ($339.47 in chips)
belik555: posts small blind $1
Pepperlina: posts big blind $3
*** HOLE CARDS ***
belik555: raises $3 to $6
Pepperlina: raises $3 to $9
belik555: raises $3 to $12
Betting is capped
Pepperlina: calls $3
*** FLOP *** [Kc Td 9c]
Pepperlina: checks
belik555: bets $3
Pepperlina: calls $3
*** TURN *** [Kc Td 9c] [As]
Pepperlina: checks
belik555: checks
*** RIVER *** [Kc Td 9c As] [7c]
Pepperlina: bets $6
belik555: folds
Uncalled bet ($6) returned to Pepperlina
Pepperlina collected $29.50 from pot
Pepperlina: doesn't show hand
*** SUMMARY ***
Total pot $30 | Rake $0.50
Board [Kc Td 9c As 7c]
Seat 1: belik555 (button) (small blind) folded on the River
Seat 6: Pepperlina (big blind) collected ($29.50)


PokerStars Hand #173935215459:  Hold'em Limit ($3/$6 USD) - 2017/08/04 23:13:13 ET
Table 'Timandra' 6-max Seat #6 is the button
Seat 1: belik555 ($105.50 in chips)
Seat 6: Pepperlina ($313.33 in chips)
Pepperlina: posts small blind $1
belik555: posts big blind $3
*** HOLE CARDS ***
Pepperlina: raises $3 to $6
belik555: calls $3
*** FLOP *** [6h 4c Tc]
belik555: checks
Pepperlina: bets $3
belik555: calls $3
*** TURN *** [6h 4c Tc] [8s]
belik555: checks
Pepperlina: bets $6
belik555: folds
Uncalled bet ($6) returned to Pepperlina
Pepperlina collected $17.64 from pot
Pepperlina: doesn't show hand
*** SUMMARY ***
Total pot $18 | Rake $0.36
Board [6h 4c Tc 8s]
Seat 1: belik555 (big blind) folded on the Turn
Seat 6: Pepperlina (button) (small blind) collected ($17.64)


PokerStars Hand #173935236231:  Hold'em Limit ($3/$6 USD) - 2017/08/04 23:14:19 ET
Table 'Timandra' 6-max Seat #6 is the button
Seat 1: belik555 ($90 in chips)
Seat 6: Pepperlina ($353.97 in chips)
Pepperlina: posts small blind $1
belik555: posts big blind $3
*** HOLE CARDS ***
Pepperlina: raises $3 to $6
belik555: calls $3
*** FLOP *** [4c Jd 7h]
belik555: checks
Pepperlina: bets $3
belik555: calls $3
*** TURN *** [4c Jd 7h] [6h]
belik555: checks
Pepperlina: bets $6
belik555: calls $6
*** RIVER *** [4c Jd 7h 6h] [Jh]
belik555: checks
Pepperlina: bets $6
belik555: folds
Uncalled bet ($6) returned to Pepperlina
Pepperlina collected $29.50 from pot
Pepperlina: doesn't show hand
*** SUMMARY ***
Total pot $30 | Rake $0.50
Board [4c Jd 7h 6h Jh]
Seat 1: belik555 (big blind) folded on the River
Seat 6: Pepperlina (button) (small blind) collected ($29.50)


PokerStars Hand #173935251997:  Hold'em Limit ($3/$6 USD) - 2017/08/04 23:15:09 ET
Table 'Timandra' 6-max Seat #6 is the button
Seat 1: belik555 ($113.50 in chips)
Seat 6: Pepperlina ($344.47 in chips)
Pepperlina: posts small blind $1
belik555: posts big blind $3
*** HOLE CARDS ***
Pepperlina: folds
Uncalled bet ($2) returned to belik555
belik555 collected $2 from pot
belik555: doesn't show hand
*** SUMMARY ***
Total pot $2 | Rake $0
Seat 1: belik555 (big blind) collected ($2)
Seat 6: Pepperlina (button) (small blind) folded before Flop


PokerStars Hand #173935241378:  Hold'em Limit ($3/$6 USD) - 2017/08/04 23:14:35 ET
Table 'Timandra' 6-max Seat #1 is the button
Seat 1: belik555 ($90 in chips)
Seat 6: Pepperlina ($368.47 in chips)
belik555: posts small blind $1
Pepperlina: posts big blind $3
*** HOLE CARDS ***
belik555: raises $3 to $6
Pepperlina: raises $3 to $9
belik555: calls $3
*** FLOP *** [9c 2d 4c]
Pepperlina: bets $3
belik555: calls $3
*** TURN *** [9c 2d 4c] [9d]
Pepperlina: bets $6
belik555: calls $6
*** RIVER *** [9c 2d 4c 9d] [3s]
Pepperlina: checks
belik555: bets $6
Pepperlina: calls $6
*** SHOW DOWN ***
belik555: shows [Ts 4h] (two pair, Nines and Fours)
Pepperlina: mucks hand
belik555 collected $47.50 from pot
*** SUMMARY ***
Total pot $48 | Rake $0.50
Board [9c 2d 4c 9d 3s]
Seat 1: belik555 (button) (small blind) showed [Ts 4h] and won ($47.50) with two pair, Nines and Fours
Seat 6: Pepperlina (big blind) mucked


PokerStars Hand #173935253397:  Hold'em Limit ($3/$6 USD) - 2017/08/04 23:15:13 ET
Table 'Timandra' 6-max Seat #1 is the button
Seat 1: belik555 ($114.50 in chips)
Seat 6: Pepperlina ($343.47 in chips)
belik555: posts small blind $1
Pepperlina: posts big blind $3
*** HOLE CARDS ***
belik555: folds
Uncalled bet ($2) returned to Pepperlina
Pepperlina collected $2 from pot
Pepperlina: doesn't show hand
*** SUMMARY ***
Total pot $2 | Rake $0
Seat 1: belik555 (button) (small blind) folded before Flop
Seat 6: Pepperlina (big blind) collected ($2)


PokerStars Hand #173935261541:  Hold'em Limit ($3/$6 USD) - 2017/08/04 23:15:40 ET
Table 'Timandra' 6-max Seat #1 is the button
Seat 1: belik555 ($98.50 in chips)
Seat 6: Pepperlina ($358.97 in chips)
belik555: posts small blind $1
Pepperlina: posts big blind $3
*** HOLE CARDS ***
belik555: raises $3 to $6
Pepperlina: raises $3 to $9
belik555: calls $3
*** FLOP *** [6d Qd 2s]
Pepperlina: checks
belik555: checks
*** TURN *** [6d Qd 2s] [9h]
Pepperlina: bets $6
belik555: folds
Uncalled bet ($6) returned to Pepperlina
Pepperlina collected $17.64 from pot
Pepperlina: doesn't show hand
*** SUMMARY ***
Total pot $18 | Rake $0.36
Board [6d Qd 2s 9h]
Seat 1: belik555 (button) (small blind) folded on the Turn
Seat 6: Pepperlina (big blind) collected ($17.64)


PokerStars Hand #173935255181:  Hold'em Limit ($3/$6 USD) - 2017/08/04 23:15:19 ET
Table 'Timandra' 6-max Seat #6 is the button
Seat 1: belik555 ($113.50 in chips)
Seat 6: Pepperlina ($344.47 in chips)
Pepperlina: posts small blind $1
belik555: posts big blind $3
*** HOLE CARDS ***
Pepperlina: raises $3 to $6
belik555: calls $3
*** FLOP *** [Ah As 7h]
belik555: checks
Pepperlina: bets $3
belik555: calls $3
*** TURN *** [Ah As 7h] [Ad]
belik555: checks
Pepperlina: bets $6
belik555: calls $6
*** RIVER *** [Ah As 7h Ad] [8h]
belik555: checks
Pepperlina: checks
*** SHOW DOWN ***
belik555: shows [Qd 2s] (three of a kind, Aces)
Pepperlina: shows [Kh 3d] (three of a kind, Aces - King kicker)
Pepperlina collected $29.50 from pot
*** SUMMARY ***
Total pot $30 | Rake $0.50
Board [Ah As 7h Ad 8h]
Seat 1: belik555 (big blind) showed [Qd 2s] and lost with three of a kind, Aces
Seat 6: Pepperlina (button) (small blind) showed [Kh 3d] and won ($29.50) with three of a kind, Aces


PokerStars Hand #173935267074:  Hold'em Limit ($3/$6 USD) - 2017/08/04 23:15:58 ET
Table 'Timandra' 6-max Seat #6 is the button
Seat 1: belik555 ($90 in chips)
Seat 6: Pepperlina ($367.61 in chips)
Pepperlina: posts small blind $1
belik555: posts big blind $3
*** HOLE CARDS ***
Pepperlina: folds
Uncalled bet ($2) returned to belik555
belik555 collected $2 from pot
belik555: doesn't show hand
*** SUMMARY ***
Total pot $2 | Rake $0
Seat 1: belik555 (big blind) collected ($2)
Seat 6: Pepperlina (button) (small blind) folded before Flop


PokerStars Hand #173935268419:  Hold'em Limit ($3/$6 USD) - 2017/08/04 23:16:02 ET
Table 'Timandra' 6-max Seat #1 is the button
Seat 1: belik555 ($91 in chips)
Seat 6: Pepperlina ($366.61 in chips)
belik555: posts small blind $1
Pepperlina: posts big blind $3
*** HOLE CARDS ***
belik555: folds
Uncalled bet ($2) returned to Pepperlina
Pepperlina collected $2 from pot
Pepperlina: doesn't show hand
*** SUMMARY ***
Total pot $2 | Rake $0
Seat 1: belik555 (button) (small blind) folded before Flop
Seat 6: Pepperlina (big blind) collected ($2)


PokerStars Hand #173935289661:  Hold'em Limit ($3/$6 USD) - 2017/08/04 23:17:09 ET
Table 'Timandra' 6-max Seat #1 is the button
Seat 1: belik555 ($96.76 in chips)
Seat 6: Pepperlina ($378.89 in chips)
belik555: posts small blind $1
Pepperlina: posts big blind $3
*** HOLE CARDS ***
belik555: raises $3 to $6
Pepperlina: calls $3
*** FLOP *** [Ad Kh 6d]
Pepperlina: checks
belik555: bets $3
Pepperlina: folds
Uncalled bet ($3) returned to belik555
belik555 collected $11.76 from pot
belik555: doesn't show hand
*** SUMMARY ***
Total pot $12 | Rake $0.24
Board [Ad Kh 6d]
Seat 1: belik555 (button) (small blind) collected ($11.76)
Seat 6: Pepperlina (big blind) folded on the Flop


PokerStars Hand #173935288234:  Hold'em Limit ($3/$6 USD) - 2017/08/04 23:17:05 ET
Table 'Timandra' 6-max Seat #6 is the button
Seat 1: belik555 ($95.76 in chips)
Seat 6: Pepperlina ($379.89 in chips)
Pepperlina: posts small blind $1
belik555: posts big blind $3
*** HOLE CARDS ***
Pepperlina: folds
Uncalled bet ($2) returned to belik555
belik555 collected $2 from pot
belik555: doesn't show hand
*** SUMMARY ***
Total pot $2 | Rake $0
Seat 1: belik555 (big blind) collected ($2)
Seat 6: Pepperlina (button) (small blind) folded before Flop


PokerStars Hand #173935278387:  Hold'em Limit ($3/$6 USD) - 2017/08/04 23:16:34 ET
Table 'Timandra' 6-max Seat #1 is the button
Seat 1: belik555 ($90 in chips)
Seat 6: Pepperlina ($379.13 in chips)
belik555: posts small blind $1
Pepperlina: posts big blind $3
*** HOLE CARDS ***
belik555: folds
Uncalled bet ($2) returned to Pepperlina
Pepperlina collected $2 from pot
Pepperlina: doesn't show hand
*** SUMMARY ***
Total pot $2 | Rake $0
Seat 1: belik555 (button) (small blind) folded before Flop
Seat 6: Pepperlina (big blind) collected ($2)


PokerStars Hand #173935284172:  Hold'em Limit ($3/$6 USD) - 2017/08/04 23:16:52 ET
Table 'Timandra' 6-max Seat #1 is the button
Seat 1: belik555 ($90 in chips)
Seat 6: Pepperlina ($385.89 in chips)
belik555: posts small blind $1
Pepperlina: posts big blind $3
*** HOLE CARDS ***
belik555: raises $3 to $6
Pepperlina: calls $3
*** FLOP *** [3d 7s Ah]
Pepperlina: checks
belik555: bets $3
Pepperlina: folds
Uncalled bet ($3) returned to belik555
belik555 collected $11.76 from pot
belik555: doesn't show hand
*** SUMMARY ***
Total pot $12 | Rake $0.24
Board [3d 7s Ah]
Seat 1: belik555 (button) (small blind) collected ($11.76)
Seat 6: Pepperlina (big blind) folded on the Flop


PokerStars Hand #173935280549:  Hold'em Limit ($3/$6 USD) - 2017/08/04 23:16:40 ET
Table 'Timandra' 6-max Seat #6 is the button
Seat 1: belik555 ($90 in chips)
Seat 6: Pepperlina ($380.13 in chips)
Pepperlina: posts small blind $1
belik555: posts big blind $3
*** HOLE CARDS ***
Pepperlina: raises $3 to $6
belik555: calls $3
*** FLOP *** [5h Jc 7h]
belik555: checks
Pepperlina: bets $3
belik555: folds
Uncalled bet ($3) returned to Pepperlina
Pepperlina collected $11.76 from pot
Pepperlina: doesn't show hand
*** SUMMARY ***
Total pot $12 | Rake $0.24
Board [5h Jc 7h]
Seat 1: belik555 (big blind) folded on the Flop
Seat 6: Pepperlina (button) (small blind) collected ($11.76)


PokerStars Hand #173935270679:  Hold'em Limit ($3/$6 USD) - 2017/08/04 23:16:09 ET
Table 'Timandra' 6-max Seat #6 is the button
Seat 1: belik555 ($90 in chips)
Seat 6: Pepperlina ($367.61 in chips)
Pepperlina: posts small blind $1
belik555: posts big blind $3
*** HOLE CARDS ***
Pepperlina: raises $3 to $6
belik555: raises $3 to $9
Pepperlina: calls $3
*** FLOP *** [Qh 7d Ad]
belik555: bets $3
Pepperlina: calls $3
*** TURN *** [Qh 7d Ad] [Ac]
belik555: checks
Pepperlina: checks
*** RIVER *** [Qh 7d Ad Ac] [6c]
belik555: checks
Pepperlina: bets $6
belik555: folds
Uncalled bet ($6) returned to Pepperlina
Pepperlina collected $23.52 from pot
Pepperlina: doesn't show hand
*** SUMMARY ***
Total pot $24 | Rake $0.48
Board [Qh 7d Ad Ac 6c]
Seat 1: belik555 (big blind) folded on the River
Seat 6: Pepperlina (button) (small blind) collected ($23.52)


PokerStars Hand #173935294309:  Hold'em Limit ($3/$6 USD) - 2017/08/04 23:17:24 ET
Table 'Timandra' 6-max Seat #6 is the button
Seat 1: belik555 ($102.52 in chips)
Seat 6: Pepperlina ($372.89 in chips)
Pepperlina: posts small blind $1
belik555: posts big blind $3
*** HOLE CARDS ***
Pepperlina: raises $3 to $6
belik555: calls $3
*** FLOP *** [Kh Ah 2h]
belik555: bets $3
Pepperlina: calls $3
*** TURN *** [Kh Ah 2h] [6s]
belik555: bets $6
Pepperlina: calls $6
*** RIVER *** [Kh Ah 2h 6s] [Qh]
belik555: bets $6
Pepperlina: calls $6
*** SHOW DOWN ***
belik555: shows [Ac 6d] (two pair, Aces and Sixes)
Pepperlina: mucks hand
belik555 collected $41.50 from pot
*** SUMMARY ***
Total pot $42 | Rake $0.50
Board [Kh Ah 2h 6s Qh]
Seat 1: belik555 (big blind) showed [Ac 6d] and won ($41.50) with two pair, Aces and Sixes
Seat 6: Pepperlina (button) (small blind) mucked


PokerStars Hand #173935302638:  Hold'em Limit ($3/$6 USD) - 2017/08/04 23:17:50 ET
Table 'Timandra' 6-max Seat #1 is the button
Seat 1: belik555 ($123.02 in chips)
Seat 6: Pepperlina ($351.89 in chips)
belik555: posts small blind $1
Pepperlina: posts big blind $3
*** HOLE CARDS ***
belik555: raises $3 to $6
Pepperlina: raises $3 to $9
belik555: calls $3
*** FLOP *** [6s 6c 3d]
Pepperlina: bets $3
belik555: calls $3
*** TURN *** [6s 6c 3d] [3h]
Pepperlina: bets $6
belik555: calls $6
*** RIVER *** [6s 6c 3d 3h] [Qd]
Pepperlina: bets $6
belik555: calls $6
*** SHOW DOWN ***
Pepperlina: shows [9d As] (two pair, Sixes and Threes)
belik555: mucks hand
Pepperlina collected $47.50 from pot
*** SUMMARY ***
Total pot $48 | Rake $0.50
Board [6s 6c 3d 3h Qd]
Seat 1: belik555 (button) (small blind) mucked
Seat 6: Pepperlina (big blind) showed [9d As] and won ($47.50) with two pair, Sixes and Threes


PokerStars Hand #173935322004:  Hold'em Limit ($3/$6 USD) - 2017/08/04 23:18:52 ET
Table 'Timandra' 6-max Seat #1 is the button
Seat 1: belik555 ($90 in chips)
Seat 6: Pepperlina ($395.89 in chips)
belik555: posts small blind $1
Pepperlina: posts big blind $3
*** HOLE CARDS ***
belik555: raises $3 to $6
Pepperlina: raises $3 to $9
belik555: raises $3 to $12
Betting is capped
Pepperlina: calls $3
*** FLOP *** [7s 3s 9d]
Pepperlina: checks
belik555: bets $3
Pepperlina: calls $3
*** TURN *** [7s 3s 9d] [Jd]
Pepperlina: checks
belik555: bets $6
Pepperlina: calls $6
*** RIVER *** [7s 3s 9d Jd] [5s]
Pepperlina: checks
belik555: bets $6
Pepperlina: folds
Uncalled bet ($6) returned to belik555
belik555 collected $41.50 from pot
belik555: doesn't show hand
*** SUMMARY ***
Total pot $42 | Rake $0.50
Board [7s 3s 9d Jd 5s]
Seat 1: belik555 (button) (small blind) collected ($41.50)
Seat 6: Pepperlina (big blind) folded on the River


PokerStars Hand #173935313745:  Hold'em Limit ($3/$6 USD) - 2017/08/04 23:18:25 ET
Table 'Timandra' 6-max Seat #6 is the button
Seat 1: belik555 ($99.02 in chips)
Seat 6: Pepperlina ($375.39 in chips)
Pepperlina: posts small blind $1
belik555: posts big blind $3
*** HOLE CARDS ***
Pepperlina: raises $3 to $6
belik555: calls $3
*** FLOP *** [5s 5d Jc]
belik555: checks
Pepperlina: bets $3
belik555: calls $3
*** TURN *** [5s 5d Jc] [Ah]
belik555: checks
Pepperlina: bets $6
belik555: raises $6 to $12
Pepperlina: calls $6
*** RIVER *** [5s 5d Jc Ah] [2c]
belik555: checks
Pepperlina: checks
*** SHOW DOWN ***
belik555: shows [7d Qs] (a pair of Fives)
Pepperlina: shows [2d Ad] (two pair, Aces and Fives)
Pepperlina collected $41.50 from pot
*** SUMMARY ***
Total pot $42 | Rake $0.50
Board [5s 5d Jc Ah 2c]
Seat 1: belik555 (big blind) showed [7d Qs] and lost with a pair of Fives
Seat 6: Pepperlina (button) (small blind) showed [2d Ad] and won ($41.50) with two pair, Aces and Fives


PokerStars Hand #173935339006:  Hold'em Limit ($3/$6 USD) - 2017/08/04 23:19:46 ET
Table 'Timandra' 6-max Seat #1 is the button
Seat 1: belik555 ($107.50 in chips)
Seat 6: Pepperlina ($377.89 in chips)
belik555: posts small blind $1
Pepperlina: posts big blind $3
*** HOLE CARDS ***
belik555: raises $3 to $6
Pepperlina: raises $3 to $9
belik555: raises $3 to $12
Betting is capped
Pepperlina: calls $3
*** FLOP *** [2c Tc 3c]
Pepperlina: checks
belik555: bets $3
Pepperlina: calls $3
*** TURN *** [2c Tc 3c] [Jc]
Pepperlina: checks
belik555: checks
*** RIVER *** [2c Tc 3c Jc] [4d]
Pepperlina: checks
belik555: bets $6
Pepperlina: calls $6
*** SHOW DOWN ***
belik555: shows [Jd 5d] (a pair of Jacks)
Pepperlina: mucks hand
belik555 collected $41.50 from pot
*** SUMMARY ***
Total pot $42 | Rake $0.50
Board [2c Tc 3c Jc 4d]
Seat 1: belik555 (button) (small blind) showed [Jd 5d] and won ($41.50) with a pair of Jacks
Seat 6: Pepperlina (big blind) mucked


PokerStars Hand #173935336781:  Hold'em Limit ($3/$6 USD) - 2017/08/04 23:19:39 ET
Table 'Timandra' 6-max Seat #6 is the button
Seat 1: belik555 ($110.50 in chips)
Seat 6: Pepperlina ($374.89 in chips)
Pepperlina: posts small blind $1
belik555: posts big blind $3
*** HOLE CARDS ***
Pepperlina: raises $3 to $6
belik555: folds
Uncalled bet ($3) returned to Pepperlina
Pepperlina collected $6 from pot
Pepperlina: doesn't show hand
*** SUMMARY ***
Total pot $6 | Rake $0
Seat 1: belik555 (big blind) folded before Flop
Seat 6: Pepperlina (button) (small blind) collected ($6)


PokerStars Hand #173935346292:  Hold'em Limit ($3/$6 USD) - 2017/08/04 23:20:10 ET
Table 'Timandra' 6-max Seat #6 is the button
Seat 1: belik555 ($128 in chips)
Seat 6: Pepperlina ($356.89 in chips)
Pepperlina: posts small blind $1
belik555: posts big blind $3
*** HOLE CARDS ***
Pepperlina: raises $3 to $6
belik555: calls $3
*** FLOP *** [As Th 6h]
belik555: checks
Pepperlina: bets $3
belik555: folds
Uncalled bet ($3) returned to Pepperlina
Pepperlina collected $11.76 from pot
Pepperlina: doesn't show hand
*** SUMMARY ***
Total pot $12 | Rake $0.24
Board [As Th 6h]
Seat 1: belik555 (big blind) folded on the Flop
Seat 6: Pepperlina (button) (small blind) collected ($11.76)


PokerStars Hand #173935356429:  Hold'em Limit ($3/$6 USD) - 2017/08/04 23:20:42 ET
Table 'Timandra' 6-max Seat #1 is the button
Seat 1: belik555 ($122 in chips)
Seat 6: Pepperlina ($362.65 in chips)
belik555: posts small blind $1
Pepperlina: posts big blind $3
*** HOLE CARDS ***
belik555: raises $3 to $6
Pepperlina: raises $3 to $9
belik555: raises $3 to $12
Betting is capped
Pepperlina: calls $3
*** FLOP *** [Ah 7c Ts]
Pepperlina: checks
belik555: bets $3
Pepperlina: folds
Uncalled bet ($3) returned to belik555
belik555 collected $23.52 from pot
belik555: doesn't show hand
AGALFARO joins the table at seat #3
*** SUMMARY ***
Total pot $24 | Rake $0.48
Board [Ah 7c Ts]
Seat 1: belik555 (button) (small blind) collected ($23.52)
Seat 6: Pepperlina (big blind) folded on the Flop


PokerStars Hand #173935352970:  Hold'em Limit ($3/$6 USD) - 2017/08/04 23:20:31 ET
Table 'Timandra' 6-max Seat #6 is the button
Seat 1: belik555 ($125 in chips)
Seat 6: Pepperlina ($359.65 in chips)
Pepperlina: posts small blind $1
belik555: posts big blind $3
*** HOLE CARDS ***
Pepperlina: raises $3 to $6
belik555: folds
Uncalled bet ($3) returned to Pepperlina
Pepperlina collected $6 from pot
Pepperlina: doesn't show hand
*** SUMMARY ***
Total pot $6 | Rake $0
Seat 1: belik555 (big blind) folded before Flop
Seat 6: Pepperlina (button) (small blind) collected ($6)


PokerStars Hand #173935361455:  Hold'em Limit ($3/$6 USD) - 2017/08/04 23:20:58 ET
Table 'Timandra' 6-max Seat #6 is the button
Seat 1: belik555 ($133.52 in chips)
Seat 6: Pepperlina ($350.65 in chips)
Pepperlina: posts small blind $1
belik555: posts big blind $3
*** HOLE CARDS ***
Pepperlina: raises $3 to $6
belik555: raises $3 to $9
Pepperlina: calls $3
*** FLOP *** [2c 7d Ac]
belik555: bets $3
Pepperlina: folds
Uncalled bet ($3) returned to belik555
belik555 collected $17.64 from pot
belik555: doesn't show hand
*** SUMMARY ***
Total pot $18 | Rake $0.36
Board [2c 7d Ac]
Seat 1: belik555 (big blind) collected ($17.64)
Seat 6: Pepperlina (button) (small blind) folded on the Flop


PokerStars Hand #173935350477:  Hold'em Limit ($3/$6 USD) - 2017/08/04 23:20:24 ET
Table 'Timandra' 6-max Seat #1 is the button
Seat 1: belik555 ($122 in chips)
Seat 6: Pepperlina ($362.65 in chips)
belik555: posts small blind $1
Pepperlina: posts big blind $3
*** HOLE CARDS ***
belik555: raises $3 to $6
Pepperlina: folds
Uncalled bet ($3) returned to belik555
belik555 collected $6 from pot
belik555: doesn't show hand
*** SUMMARY ***
Total pot $6 | Rake $0
Seat 1: belik555 (button) (small blind) collected ($6)
Seat 6: Pepperlina (big blind) folded before Flop


PokerStars Hand #173938144570:  Hold'em Limit ($3/$6 USD) - 2017/08/05 2:10:43 ET
Table 'Timandra' 6-max Seat #6 is the button
Seat 2: CatPuppy1999 ($363.80 in chips)
Seat 6: juustmuckit1 ($60.22 in chips)
juustmuckit1: posts small blind $1
CatPuppy1999: posts big blind $3
*** HOLE CARDS ***
juustmuckit1: raises $3 to $6
Tnz204 leaves the table
CatPuppy1999: calls $3
*** FLOP *** [9d Kh 5s]
CatPuppy1999: checks
juustmuckit1: bets $3
CatPuppy1999: raises $3 to $6
juustmuckit1: calls $3
*** TURN *** [9d Kh 5s] [As]
CatPuppy1999: bets $6
juustmuckit1: folds
Uncalled bet ($6) returned to CatPuppy1999
CatPuppy1999 collected $23.52 from pot
CatPuppy1999: doesn't show hand
*** SUMMARY ***
Total pot $24 | Rake $0.48
Board [9d Kh 5s As]
Seat 2: CatPuppy1999 (big blind) collected ($23.52)
Seat 6: juustmuckit1 (button) (small blind) folded on the Turn


PokerStars Hand #173938151380:  Hold'em Limit ($3/$6 USD) - 2017/08/05 2:11:10 ET
Table 'Timandra' 6-max Seat #6 is the button
Seat 2: CatPuppy1999 ($378.32 in chips)
Seat 6: juustmuckit1 ($45.22 in chips)
juustmuckit1: posts small blind $1
CatPuppy1999: posts big blind $3
*** HOLE CARDS ***
juustmuckit1: folds
Uncalled bet ($2) returned to CatPuppy1999
CatPuppy1999 collected $2 from pot
CatPuppy1999: doesn't show hand
*** SUMMARY ***
Total pot $2 | Rake $0
Seat 2: CatPuppy1999 (big blind) collected ($2)
Seat 6: juustmuckit1 (button) (small blind) folded before Flop


PokerStars Hand #173938155222:  Hold'em Limit ($3/$6 USD) - 2017/08/05 2:11:25 ET
Table 'Timandra' 6-max Seat #2 is the button
Seat 2: CatPuppy1999 ($379.32 in chips)
Seat 6: juustmuckit1 ($44.22 in chips)
CatPuppy1999: posts small blind $1
juustmuckit1: posts big blind $3
*** HOLE CARDS ***
CatPuppy1999: folds
Uncalled bet ($2) returned to juustmuckit1
juustmuckit1 collected $2 from pot
juustmuckit1: doesn't show hand
*** SUMMARY ***
Total pot $2 | Rake $0
Seat 2: CatPuppy1999 (button) (small blind) folded before Flop
Seat 6: juustmuckit1 (big blind) collected ($2)


PokerStars Hand #173938153940:  Hold'em Limit ($3/$6 USD) - 2017/08/05 2:11:20 ET
Table 'Timandra' 6-max Seat #6 is the button
Seat 2: CatPuppy1999 ($378.32 in chips)
Seat 6: juustmuckit1 ($45.22 in chips)
juustmuckit1: posts small blind $1
CatPuppy1999: posts big blind $3
*** HOLE CARDS ***
juustmuckit1: folds
Uncalled bet ($2) returned to CatPuppy1999
CatPuppy1999 collected $2 from pot
CatPuppy1999: doesn't show hand
*** SUMMARY ***
Total pot $2 | Rake $0
Seat 2: CatPuppy1999 (big blind) collected ($2)
Seat 6: juustmuckit1 (button) (small blind) folded before Flop


PokerStars Hand #173938152620:  Hold'em Limit ($3/$6 USD) - 2017/08/05 2:11:15 ET
Table 'Timandra' 6-max Seat #2 is the button
Seat 2: CatPuppy1999 ($379.32 in chips)
Seat 6: juustmuckit1 ($44.22 in chips)
CatPuppy1999: posts small blind $1
juustmuckit1: posts big blind $3
*** HOLE CARDS ***
CatPuppy1999: folds
Uncalled bet ($2) returned to juustmuckit1
juustmuckit1 collected $2 from pot
juustmuckit1: doesn't show hand
*** SUMMARY ***
Total pot $2 | Rake $0
Seat 2: CatPuppy1999 (button) (small blind) folded before Flop
Seat 6: juustmuckit1 (big blind) collected ($2)


PokerStars Hand #173938156437:  Hold'em Limit ($3/$6 USD) - 2017/08/05 2:11:30 ET
Table 'Timandra' 6-max Seat #6 is the button
Seat 2: CatPuppy1999 ($378.32 in chips)
Seat 6: juustmuckit1 ($45.22 in chips)
juustmuckit1: posts small blind $1
CatPuppy1999: posts big blind $3
*** HOLE CARDS ***
juustmuckit1: raises $3 to $6
CatPuppy1999: calls $3
*** FLOP *** [5s 7h Ks]
CatPuppy1999: checks
juustmuckit1: bets $3
CatPuppy1999: calls $3
*** TURN *** [5s 7h Ks] [2h]
CatPuppy1999: checks
juustmuckit1: checks
*** RIVER *** [5s 7h Ks 2h] [2d]
CatPuppy1999: bets $6
juustmuckit1: calls $6
*** SHOW DOWN ***
CatPuppy1999: shows [3c Kc] (two pair, Kings and Deuces)
juustmuckit1: mucks hand
CatPuppy1999 collected $29.50 from pot
*** SUMMARY ***
Total pot $30 | Rake $0.50
Board [5s 7h Ks 2h 2d]
Seat 2: CatPuppy1999 (big blind) showed [3c Kc] and won ($29.50) with two pair, Kings and Deuces
Seat 6: juustmuckit1 (button) (small blind) mucked


PokerStars Hand #173938169365:  Hold'em Limit ($3/$6 USD) - 2017/08/05 2:12:20 ET
Table 'Timandra' 6-max Seat #6 is the button
Seat 2: CatPuppy1999 ($371.82 in chips)
Seat 6: juustmuckit1 ($50.72 in chips)
juustmuckit1: posts small blind $1
CatPuppy1999: posts big blind $3
*** HOLE CARDS ***
juustmuckit1: folds
Uncalled bet ($2) returned to CatPuppy1999
CatPuppy1999 collected $2 from pot
CatPuppy1999: doesn't show hand
*** SUMMARY ***
Total pot $2 | Rake $0
Seat 2: CatPuppy1999 (big blind) collected ($2)
Seat 6: juustmuckit1 (button) (small blind) folded before Flop


PokerStars Hand #173938161437:  Hold'em Limit ($3/$6 USD) - 2017/08/05 2:11:49 ET
Table 'Timandra' 6-max Seat #2 is the button
Seat 2: CatPuppy1999 ($392.82 in chips)
Seat 6: juustmuckit1 ($30.22 in chips)
CatPuppy1999: posts small blind $1
juustmuckit1: posts big blind $3
*** HOLE CARDS ***
CatPuppy1999: raises $3 to $6
juustmuckit1: calls $3
*** FLOP *** [Qd Js Ac]
juustmuckit1: checks
CatPuppy1999: bets $3
juustmuckit1: calls $3
*** TURN *** [Qd Js Ac] [8s]
juustmuckit1: checks
CatPuppy1999: checks
*** RIVER *** [Qd Js Ac 8s] [Ts]
juustmuckit1: bets $6
CatPuppy1999: raises $6 to $12
juustmuckit1: raises $6 to $18
CatPuppy1999: folds
Uncalled bet ($6) returned to juustmuckit1
juustmuckit1 collected $41.50 from pot
juustmuckit1: doesn't show hand
*** SUMMARY ***
Total pot $42 | Rake $0.50
Board [Qd Js Ac 8s Ts]
Seat 2: CatPuppy1999 (button) (small blind) folded on the River
Seat 6: juustmuckit1 (big blind) collected ($41.50)


PokerStars Hand #173938172552:  Hold'em Limit ($3/$6 USD) - 2017/08/05 2:12:33 ET
Table 'Timandra' 6-max Seat #6 is the button
Seat 2: CatPuppy1999 ($375.82 in chips)
Seat 6: juustmuckit1 ($46.72 in chips)
juustmuckit1: posts small blind $1
CatPuppy1999: posts big blind $3
*** HOLE CARDS ***
juustmuckit1: folds
Uncalled bet ($2) returned to CatPuppy1999
CatPuppy1999 collected $2 from pot
CatPuppy1999: doesn't show hand
*** SUMMARY ***
Total pot $2 | Rake $0
Seat 2: CatPuppy1999 (big blind) collected ($2)
Seat 6: juustmuckit1 (button) (small blind) folded before Flop


PokerStars Hand #173938173757:  Hold'em Limit ($3/$6 USD) - 2017/08/05 2:12:38 ET
Table 'Timandra' 6-max Seat #2 is the button
Seat 2: CatPuppy1999 ($376.82 in chips)
Seat 6: juustmuckit1 ($45.72 in chips)
CatPuppy1999: posts small blind $1
juustmuckit1: posts big blind $3
*** HOLE CARDS ***
CatPuppy1999: raises $3 to $6
juustmuckit1: calls $3
*** FLOP *** [Kc Ad 4c]
juustmuckit1: checks
CatPuppy1999: bets $3
juustmuckit1: folds
Uncalled bet ($3) returned to CatPuppy1999
CatPuppy1999 collected $11.76 from pot
CatPuppy1999: doesn't show hand
*** SUMMARY ***
Total pot $12 | Rake $0.24
Board [Kc Ad 4c]
Seat 2: CatPuppy1999 (button) (small blind) collected ($11.76)
Seat 6: juustmuckit1 (big blind) folded on the Flop


PokerStars Hand #173938182792:  Hold'em Limit ($3/$6 USD) - 2017/08/05 2:13:13 ET
Table 'Timandra' 6-max Seat #2 is the button
Seat 2: CatPuppy1999 ($412.08 in chips)
Seat 6: juustmuckit1 ($9.72 in chips)
CatPuppy1999: posts small blind $1
juustmuckit1: posts big blind $3
*** HOLE CARDS ***
CatPuppy1999: folds
Uncalled bet ($2) returned to juustmuckit1
juustmuckit1 collected $2 from pot
juustmuckit1: doesn't show hand
*** SUMMARY ***
Total pot $2 | Rake $0
Seat 2: CatPuppy1999 (button) (small blind) folded before Flop
Seat 6: juustmuckit1 (big blind) collected ($2)


PokerStars Hand #173938177045:  Hold'em Limit ($3/$6 USD) - 2017/08/05 2:12:50 ET
Table 'Timandra' 6-max Seat #6 is the button
Seat 2: CatPuppy1999 ($382.58 in chips)
Seat 6: juustmuckit1 ($39.72 in chips)
juustmuckit1: posts small blind $1
CatPuppy1999: posts big blind $3
*** HOLE CARDS ***
zimin10 leaves the table
juustmuckit1: raises $3 to $6
CatPuppy1999: raises $3 to $9
juustmuckit1: calls $3
*** FLOP *** [Th Qh 8d]
CatPuppy1999: bets $3
juustmuckit1: raises $3 to $6
zimin10 joins the table at seat #1
CatPuppy1999: raises $3 to $9
juustmuckit1: calls $3
*** TURN *** [Th Qh 8d] [6h]
CatPuppy1999: bets $6
juustmuckit1: calls $6
*** RIVER *** [Th Qh 8d 6h] [4h]
CatPuppy1999: checks
juustmuckit1: bets $6
CatPuppy1999: calls $6
*** SHOW DOWN ***
juustmuckit1: shows [Tc 5c] (a pair of Tens)
CatPuppy1999: shows [9d Jd] (a straight, Eight to Queen)
CatPuppy1999 collected $59.50 from pot
*** SUMMARY ***
Total pot $60 | Rake $0.50
Board [Th Qh 8d 6h 4h]
Seat 2: CatPuppy1999 (big blind) showed [9d Jd] and won ($59.50) with a straight, Eight to Queen
Seat 6: juustmuckit1 (button) (small blind) showed [Tc 5c] and lost with a pair of Tens


PokerStars Hand #173938193638:  Hold'em Limit ($3/$6 USD) - 2017/08/05 2:13:56 ET
Table 'Timandra' 6-max Seat #2 is the button
Seat 1: zimin10 ($84.28 in chips)
Seat 2: CatPuppy1999 ($399.08 in chips)
CatPuppy1999: posts small blind $1
zimin10: posts big blind $3
*** HOLE CARDS ***
CatPuppy1999: raises $3 to $6
zimin10: calls $3
*** FLOP *** [5c Kc 8h]
zimin10: checks
juustmuckit1 is disconnected
CatPuppy1999: bets $3
zimin10: calls $3
*** TURN *** [5c Kc 8h] [3d]
zimin10: checks
CatPuppy1999: bets $6
zimin10: folds
Uncalled bet ($6) returned to CatPuppy1999
CatPuppy1999 collected $17.64 from pot
CatPuppy1999: doesn't show hand
*** SUMMARY ***
Total pot $18 | Rake $0.36
Board [5c Kc 8h 3d]
Seat 1: zimin10 (big blind) folded on the Turn
Seat 2: CatPuppy1999 (button) (small blind) collected ($17.64)


PokerStars Hand #173938206266:  Hold'em Limit ($3/$6 USD) - 2017/08/05 2:14:45 ET
Table 'Timandra' 6-max Seat #1 is the button
Seat 1: zimin10 ($75.28 in chips)
Seat 2: CatPuppy1999 ($407.72 in chips)
zimin10: posts small blind $1
CatPuppy1999: posts big blind $3
*** HOLE CARDS ***
zimin10: raises $3 to $6
CatPuppy1999: calls $3
*** FLOP *** [Js Jc 7c]
CatPuppy1999: checks
zimin10: bets $3
CatPuppy1999: raises $3 to $6
zimin10: calls $3
*** TURN *** [Js Jc 7c] [Kh]
CatPuppy1999: bets $6
zimin10: raises $6 to $12
CatPuppy1999: folds
Uncalled bet ($6) returned to zimin10
zimin10 collected $35.50 from pot
*** SUMMARY ***
Total pot $36 | Rake $0.50
Board [Js Jc 7c Kh]
Seat 1: zimin10 (button) (small blind) collected ($35.50)
Seat 2: CatPuppy1999 (big blind) folded on the Turn


PokerStars Hand #173938317295:  Hold'em Limit ($3/$6 USD) - 2017/08/05 2:21:48 ET
Table 'Timandra' 6-max Seat #2 is the button
Seat 2: CatPuppy1999 ($400.95 in chips)
Seat 6: juustmuckit1 ($106 in chips)
CatPuppy1999: posts small blind $1
love_mmm: is sitting out
juustmuckit1: posts big blind $3
*** HOLE CARDS ***
CatPuppy1999: raises $3 to $6
juustmuckit1: calls $3
*** FLOP *** [4c 3s Ts]
juustmuckit1: checks
CatPuppy1999: bets $3
juustmuckit1: calls $3
*** TURN *** [4c 3s Ts] [2c]
juustmuckit1: checks
love_mmm leaves the table
CatPuppy1999: bets $6
juustmuckit1: folds
Uncalled bet ($6) returned to CatPuppy1999
CatPuppy1999 collected $17.64 from pot
CatPuppy1999: doesn't show hand
*** SUMMARY ***
Total pot $18 | Rake $0.36
Board [4c 3s Ts 2c]
Seat 2: CatPuppy1999 (button) (small blind) collected ($17.64)
Seat 6: juustmuckit1 (big blind) folded on the Turn


PokerStars Hand #173938324393:  Hold'em Limit ($3/$6 USD) - 2017/08/05 2:22:16 ET
Table 'Timandra' 6-max Seat #2 is the button
Seat 2: CatPuppy1999 ($410.59 in chips)
Seat 6: juustmuckit1 ($96 in chips)
CatPuppy1999: posts small blind $1
juustmuckit1: posts big blind $3
*** HOLE CARDS ***
CatPuppy1999: raises $3 to $6
juustmuckit1: calls $3
*** FLOP *** [Jh As Kc]
juustmuckit1: checks
CatPuppy1999: bets $3
juustmuckit1: calls $3
*** TURN *** [Jh As Kc] [6c]
juustmuckit1: checks
CatPuppy1999: bets $6
juustmuckit1: calls $6
*** RIVER *** [Jh As Kc 6c] [Qs]
juustmuckit1: bets $6
CatPuppy1999: calls $6
*** SHOW DOWN ***
juustmuckit1: shows [Ts 6h] (a straight, Ten to Ace)
CatPuppy1999: mucks hand
juustmuckit1 collected $41.50 from pot
*** SUMMARY ***
Total pot $42 | Rake $0.50
Board [Jh As Kc 6c Qs]
Seat 2: CatPuppy1999 (button) (small blind) mucked
Seat 6: juustmuckit1 (big blind) showed [Ts 6h] and won ($41.50) with a straight, Ten to Ace


PokerStars Hand #173938323028:  Hold'em Limit ($3/$6 USD) - 2017/08/05 2:22:11 ET
Table 'Timandra' 6-max Seat #6 is the button
Seat 2: CatPuppy1999 ($409.59 in chips)
Seat 6: juustmuckit1 ($97 in chips)
juustmuckit1: posts small blind $1
CatPuppy1999: posts big blind $3
*** HOLE CARDS ***
juustmuckit1: folds
Uncalled bet ($2) returned to CatPuppy1999
CatPuppy1999 collected $2 from pot
CatPuppy1999: doesn't show hand
*** SUMMARY ***
Total pot $2 | Rake $0
Seat 2: CatPuppy1999 (big blind) collected ($2)
Seat 6: juustmuckit1 (button) (small blind) folded before Flop


PokerStars Hand #173938330334:  Hold'em Limit ($3/$6 USD) - 2017/08/05 2:22:39 ET
Table 'Timandra' 6-max Seat #6 is the button
Seat 2: CatPuppy1999 ($389.59 in chips)
Seat 6: juustmuckit1 ($116.50 in chips)
juustmuckit1: posts small blind $1
CatPuppy1999: posts big blind $3
*** HOLE CARDS ***
juustmuckit1: raises $3 to $6
CatPuppy1999: calls $3
*** FLOP *** [7c 6s Qh]
CatPuppy1999: checks
juustmuckit1: bets $3
eVoLuTiOn.rM joins the table at seat #3
love_mmm joins the table at seat #5
lanford joins the table at seat #4
CatPuppy1999: folds
Uncalled bet ($3) returned to juustmuckit1
juustmuckit1 collected $11.76 from pot
juustmuckit1: doesn't show hand
*** SUMMARY ***
Total pot $12 | Rake $0.24
Board [7c 6s Qh]
Seat 2: CatPuppy1999 (big blind) folded on the Flop
Seat 6: juustmuckit1 (button) (small blind) collected ($11.76)


PokerStars Hand #173940491202:  Hold'em Limit ($3/$6 USD) - 2017/08/05 4:31:02 ET
Table 'Timandra' 6-max Seat #1 is the button
Seat 1: krytalex ($227.34 in chips)
Seat 3: Nijadperest ($221.21 in chips)
krytalex: posts small blind $1
Nijadperest: posts big blind $3
*** HOLE CARDS ***
krytalex: folds
Uncalled bet ($2) returned to Nijadperest
Nijadperest collected $2 from pot
Nijadperest: doesn't show hand
*** SUMMARY ***
Total pot $2 | Rake $0
Seat 1: krytalex (button) (small blind) folded before Flop
Seat 3: Nijadperest (big blind) collected ($2)


PokerStars Hand #173940484111:  Hold'em Limit ($3/$6 USD) - 2017/08/05 4:30:40 ET
Table 'Timandra' 6-max Seat #3 is the button
Seat 1: krytalex ($233.34 in chips)
Seat 3: Nijadperest ($215.45 in chips)
Nijadperest: posts small blind $1
krytalex: posts big blind $3
*** HOLE CARDS ***
Nijadperest: raises $3 to $6
krytalex: calls $3
*** FLOP *** [5s 2h Qd]
krytalex: checks
Nijadperest: bets $3
krytalex: folds
Uncalled bet ($3) returned to Nijadperest
Nijadperest collected $11.76 from pot
*** SUMMARY ***
Total pot $12 | Rake $0.24
Board [5s 2h Qd]
Seat 1: krytalex (big blind) folded on the Flop
Seat 3: Nijadperest (button) (small blind) collected ($11.76)


PokerStars Hand #173940482460:  Hold'em Limit ($3/$6 USD) - 2017/08/05 4:30:34 ET
Table 'Timandra' 6-max Seat #1 is the button
Seat 1: krytalex ($234.34 in chips)
Seat 3: Nijadperest ($214.45 in chips)
krytalex: posts small blind $1
Nijadperest: posts big blind $3
*** HOLE CARDS ***
krytalex: folds
Uncalled bet ($2) returned to Nijadperest
Nijadperest collected $2 from pot
Nijadperest: doesn't show hand
*** SUMMARY ***
Total pot $2 | Rake $0
Seat 1: krytalex (button) (small blind) folded before Flop
Seat 3: Nijadperest (big blind) collected ($2)


PokerStars Hand #173940479923:  Hold'em Limit ($3/$6 USD) - 2017/08/05 4:30:26 ET
Table 'Timandra' 6-max Seat #3 is the button
Seat 1: krytalex ($237.34 in chips)
Seat 3: Nijadperest ($211.45 in chips)
Nijadperest: posts small blind $1
krytalex: posts big blind $3
*** HOLE CARDS ***
Nijadperest: raises $3 to $6
juustmuckit1 is disconnected
krytalex: folds
Uncalled bet ($3) returned to Nijadperest
Nijadperest collected $6 from pot
Nijadperest: doesn't show hand
*** SUMMARY ***
Total pot $6 | Rake $0
Seat 1: krytalex (big blind) folded before Flop
Seat 3: Nijadperest (button) (small blind) collected ($6)


PokerStars Hand #173940469703:  Hold'em Limit ($3/$6 USD) - 2017/08/05 4:29:54 ET
Table 'Timandra' 6-max Seat #1 is the button
Seat 1: krytalex ($213.84 in chips)
Seat 3: Nijadperest ($235.45 in chips)
krytalex: posts small blind $1
Nijadperest: posts big blind $3
*** HOLE CARDS ***
krytalex: raises $3 to $6
Nijadperest: raises $3 to $9
krytalex: calls $3
*** FLOP *** [Th 4d Kh]
Nijadperest: bets $3
krytalex: calls $3
*** TURN *** [Th 4d Kh] [6s]
Nijadperest: bets $6
krytalex: calls $6
*** RIVER *** [Th 4d Kh 6s] [Kd]
Nijadperest: checks
krytalex: bets $6
Nijadperest: calls $6
*** SHOW DOWN ***
krytalex: shows [8c 8s] (two pair, Kings and Eights)
Nijadperest: mucks hand
krytalex collected $47.50 from pot
*** SUMMARY ***
Total pot $48 | Rake $0.50
Board [Th 4d Kh 6s Kd]
Seat 1: krytalex (button) (small blind) showed [8c 8s] and won ($47.50) with two pair, Kings and Eights
Seat 3: Nijadperest (big blind) mucked


PokerStars Hand #173940498009:  Hold'em Limit ($3/$6 USD) - 2017/08/05 4:31:24 ET
Table 'Timandra' 6-max Seat #1 is the button
Seat 1: krytalex ($220.34 in chips)
Seat 3: Nijadperest ($227.97 in chips)
krytalex: posts small blind $1
Nijadperest: posts big blind $3
*** HOLE CARDS ***
krytalex: raises $3 to $6
Nijadperest: calls $3
*** FLOP *** [7h 8d 4h]
SoaNP joins the table at seat #4
Nijadperest: checks
krytalex: bets $3
Nijadperest: raises $3 to $6
krytalex: calls $3
*** TURN *** [7h 8d 4h] [2c]
Nijadperest: bets $6
krytalex: calls $6
*** RIVER *** [7h 8d 4h 2c] [Jd]
Nijadperest: checks
krytalex: checks
*** SHOW DOWN ***
Nijadperest: shows [9c 8h] (a pair of Eights)
krytalex: mucks hand
Nijadperest collected $35.50 from pot
*** SUMMARY ***
Total pot $36 | Rake $0.50
Board [7h 8d 4h 2c Jd]
Seat 1: krytalex (button) (small blind) mucked
Seat 3: Nijadperest (big blind) showed [9c 8h] and won ($35.50) with a pair of Eights


PokerStars Hand #173940493420:  Hold'em Limit ($3/$6 USD) - 2017/08/05 4:31:09 ET
Table 'Timandra' 6-max Seat #3 is the button
Seat 1: krytalex ($226.34 in chips)
Seat 3: Nijadperest ($222.21 in chips)
Nijadperest: posts small blind $1
krytalex: posts big blind $3
*** HOLE CARDS ***
Nijadperest: raises $3 to $6
krytalex: calls $3
*** FLOP *** [Td 3c 8d]
krytalex: checks
Nijadperest: bets $3
krytalex: folds
Uncalled bet ($3) returned to Nijadperest
Nijadperest collected $11.76 from pot
Nijadperest: doesn't show hand
*** SUMMARY ***
Total pot $12 | Rake $0.24
Board [Td 3c 8d]
Seat 1: krytalex (big blind) folded on the Flop
Seat 3: Nijadperest (button) (small blind) collected ($11.76)


PokerStars Hand #173946952325:  Hold'em Limit ($3/$6 USD) - 2017/08/05 8:58:41 ET
Table 'Timandra' 6-max Seat #5 is the button
Seat 2: even98 ($414.20 in chips)
Seat 5: Velbor107 ($500.31 in chips)
belik555 will be allowed to play after the button
Velbor107: posts small blind $1
even98: posts big blind $3
*** HOLE CARDS ***
Velbor107: raises $3 to $6
even98: calls $3
*** FLOP *** [8h 3c 6h]
even98: bets $3
Velbor107: calls $3
*** TURN *** [8h 3c 6h] [Jd]
even98: bets $6
Velbor107: calls $6
*** RIVER *** [8h 3c 6h Jd] [Kd]
even98: checks
Velbor107: checks
*** SHOW DOWN ***
even98: shows [7c 9s] (high card King)
Velbor107: shows [3h 9h] (a pair of Threes)
Velbor107 collected $29.50 from pot
*** SUMMARY ***
Total pot $30 | Rake $0.50
Board [8h 3c 6h Jd Kd]
Seat 2: even98 (big blind) showed [7c 9s] and lost with high card King
Seat 5: Velbor107 (button) (small blind) showed [3h 9h] and won ($29.50) with a pair of Threes


PokerStars Hand #173947545961:  Hold'em Limit ($3/$6 USD) - 2017/08/05 9:17:51 ET
Table 'Timandra' 6-max Seat #1 is the button
Seat 1: ShahramSep ($217.91 in chips)
Seat 2: even98 ($326.90 in chips)
ShahramSep: posts small blind $1
even98: posts big blind $3
*** HOLE CARDS ***
rascal_319 joins the table at seat #3
ShahramSep: calls $2
even98: checks
*** FLOP *** [9d 3c 4h]
even98: checks
ShahramSep: checks
*** TURN *** [9d 3c 4h] [2d]
even98: bets $6
ShahramSep: folds
Uncalled bet ($6) returned to even98
even98 collected $5.88 from pot
even98: doesn't show hand
*** SUMMARY ***
Total pot $6 | Rake $0.12
Board [9d 3c 4h 2d]
Seat 1: ShahramSep (button) (small blind) folded on the Turn
Seat 2: even98 (big blind) collected ($5.88)


PokerStars Hand #173947543321:  Hold'em Limit ($3/$6 USD) - 2017/08/05 9:17:46 ET
Table 'Timandra' 6-max Seat #2 is the button
Seat 1: ShahramSep ($216.91 in chips)
Seat 2: even98 ($327.90 in chips)
even98: posts small blind $1
belik555: is sitting out
ShahramSep: posts big blind $3
*** HOLE CARDS ***
even98: folds
Uncalled bet ($2) returned to ShahramSep
belik555 leaves the table
ShahramSep collected $2 from pot
ShahramSep: doesn't show hand
*** SUMMARY ***
Total pot $2 | Rake $0
Seat 1: ShahramSep (big blind) collected ($2)
Seat 2: even98 (button) (small blind) folded before Flop


PokerStars Hand #173947554454:  Hold'em Limit ($3/$6 USD) - 2017/08/05 9:18:07 ET
Table 'Timandra' 6-max Seat #2 is the button
Seat 1: ShahramSep ($214.91 in chips)
Seat 2: even98 ($329.78 in chips)
even98: posts small blind $1
ShahramSep: posts big blind $3
*** HOLE CARDS ***
even98: folds
Uncalled bet ($2) returned to ShahramSep
ShahramSep collected $2 from pot
ShahramSep: doesn't show hand
*** SUMMARY ***
Total pot $2 | Rake $0
Seat 1: ShahramSep (big blind) collected ($2)
Seat 2: even98 (button) (small blind) folded before Flop


PokerStars Hand #173947572620:  Hold'em Limit ($3/$6 USD) - 2017/08/05 9:18:40 ET
Table 'Timandra' 6-max Seat #1 is the button
Seat 1: ShahramSep ($197.91 in chips)
Seat 2: even98 ($346.06 in chips)
ShahramSep: posts small blind $1
even98: posts big blind $3
*** HOLE CARDS ***
ShahramSep: folds
Uncalled bet ($2) returned to even98
even98 collected $2 from pot
even98: doesn't show hand
*** SUMMARY ***
Total pot $2 | Rake $0
Seat 1: ShahramSep (button) (small blind) folded before Flop
Seat 2: even98 (big blind) collected ($2)


PokerStars Hand #173947565755:  Hold'em Limit ($3/$6 USD) - 2017/08/05 9:18:28 ET
Table 'Timandra' 6-max Seat #2 is the button
Seat 1: ShahramSep ($203.91 in chips)
Seat 2: even98 ($340.30 in chips)
even98: posts small blind $1
ShahramSep: posts big blind $3
*** HOLE CARDS ***
even98: raises $3 to $6
ShahramSep: calls $3
*** FLOP *** [4c 2d Th]
ShahramSep: checks
even98: bets $3
ShahramSep: folds
Uncalled bet ($3) returned to even98
even98 collected $11.76 from pot
even98: doesn't show hand
*** SUMMARY ***
Total pot $12 | Rake $0.24
Board [4c 2d Th]
Seat 1: ShahramSep (big blind) folded on the Flop
Seat 2: even98 (button) (small blind) collected ($11.76)


PokerStars Hand #173947575224:  Hold'em Limit ($3/$6 USD) - 2017/08/05 9:18:45 ET
Table 'Timandra' 6-max Seat #2 is the button
Seat 1: ShahramSep ($196.91 in chips)
Seat 2: even98 ($347.06 in chips)
even98: posts small blind $1
ShahramSep: posts big blind $3
*** HOLE CARDS ***
even98: raises $3 to $6
ShahramSep: calls $3
*** FLOP *** [5c 6h Ad]
ShahramSep: checks
even98: bets $3
ShahramSep: calls $3
*** TURN *** [5c 6h Ad] [8s]
ShahramSep: checks
even98: bets $6
ShahramSep: folds
Uncalled bet ($6) returned to even98
even98 collected $17.64 from pot
even98: doesn't show hand
*** SUMMARY ***
Total pot $18 | Rake $0.36
Board [5c 6h Ad 8s]
Seat 1: ShahramSep (big blind) folded on the Turn
Seat 2: even98 (button) (small blind) collected ($17.64)


PokerStars Hand #173947557699:  Hold'em Limit ($3/$6 USD) - 2017/08/05 9:18:13 ET
Table 'Timandra' 6-max Seat #1 is the button
Seat 1: ShahramSep ($215.91 in chips)
Seat 2: even98 ($328.78 in chips)
ShahramSep: posts small blind $1
even98: posts big blind $3
*** HOLE CARDS ***
ShahramSep: raises $3 to $6
even98: raises $3 to $9
ShahramSep: calls $3
*** FLOP *** [6h 5c 9s]
even98: bets $3
ShahramSep: calls $3
*** TURN *** [6h 5c 9s] [3h]
even98: bets $6
ShahramSep: folds
Uncalled bet ($6) returned to even98
even98 collected $23.52 from pot
even98: doesn't show hand
*** SUMMARY ***
Total pot $24 | Rake $0.48
Board [6h 5c 9s 3h]
Seat 1: ShahramSep (button) (small blind) folded on the Turn
Seat 2: even98 (big blind) collected ($23.52)


PokerStars Hand #173947603977:  Hold'em Limit ($3/$6 USD) - 2017/08/05 9:19:39 ET
Table 'Timandra' 6-max Seat #1 is the button
Seat 1: ShahramSep ($214.17 in chips)
Seat 2: even98 ($328.70 in chips)
ShahramSep: posts small blind $1
even98: posts big blind $3
*** HOLE CARDS ***
ShahramSep: calls $2
even98: checks
*** FLOP *** [4s 6d Kh]
even98: checks
ShahramSep: bets $3
even98: calls $3
*** TURN *** [4s 6d Kh] [Ac]
even98: checks
ShahramSep: checks
*** RIVER *** [4s 6d Kh Ac] [7d]
even98: bets $6
ShahramSep: folds
Uncalled bet ($6) returned to even98
even98 collected $11.76 from pot
even98: doesn't show hand
*** SUMMARY ***
Total pot $12 | Rake $0.24
Board [4s 6d Kh Ac 7d]
Seat 1: ShahramSep (button) (small blind) folded on the River
Seat 2: even98 (big blind) collected ($11.76)


PokerStars Hand #173947594669:  Hold'em Limit ($3/$6 USD) - 2017/08/05 9:19:21 ET
Table 'Timandra' 6-max Seat #2 is the button
Seat 1: ShahramSep ($208.41 in chips)
Seat 2: even98 ($334.70 in chips)
even98: posts small blind $1
ShahramSep: posts big blind $3
*** HOLE CARDS ***
even98: raises $3 to $6
ShahramSep: calls $3
*** FLOP *** [7d 3s Ac]
ShahramSep: checks
even98: checks
*** TURN *** [7d 3s Ac] [2d]
ShahramSep: checks
even98: checks
*** RIVER *** [7d 3s Ac 2d] [8s]
ShahramSep: checks
even98: checks
*** SHOW DOWN ***
ShahramSep: shows [Kc Td] (high card Ace)
even98: mucks hand
ShahramSep collected $11.76 from pot
*** SUMMARY ***
Total pot $12 | Rake $0.24
Board [7d 3s Ac 2d 8s]
Seat 1: ShahramSep (big blind) showed [Kc Td] and won ($11.76) with high card Ace
Seat 2: even98 (button) (small blind) mucked


PokerStars Hand #173947583135:  Hold'em Limit ($3/$6 USD) - 2017/08/05 9:19:00 ET
Table 'Timandra' 6-max Seat #1 is the button
Seat 1: ShahramSep ($187.91 in chips)
Seat 2: even98 ($355.70 in chips)
ShahramSep: posts small blind $1
even98: posts big blind $3
*** HOLE CARDS ***
ShahramSep: raises $3 to $6
even98: calls $3
*** FLOP *** [Jh 5h Kc]
even98: checks
ShahramSep: bets $3
even98: calls $3
*** TURN *** [Jh 5h Kc] [6d]
even98: checks
ShahramSep: bets $6
even98: calls $6
*** RIVER *** [Jh 5h Kc 6d] [Qs]
even98: checks
ShahramSep: bets $6
even98: calls $6
*** SHOW DOWN ***
ShahramSep: shows [Ts 9c] (a straight, Nine to King)
even98: mucks hand
ShahramSep collected $41.50 from pot
*** SUMMARY ***
Total pot $42 | Rake $0.50
Board [Jh 5h Kc 6d Qs]
Seat 1: ShahramSep (button) (small blind) showed [Ts 9c] and won ($41.50) with a straight, Nine to King
Seat 2: even98 (big blind) mucked


PokerStars Hand #173947635769:  Hold'em Limit ($3/$6 USD) - 2017/08/05 9:20:38 ET
Table 'Timandra' 6-max Seat #2 is the button
Seat 1: ShahramSep ($166.17 in chips)
Seat 2: even98 ($375.46 in chips)
even98: posts small blind $1
ShahramSep: posts big blind $3
*** HOLE CARDS ***
even98: raises $3 to $6
ShahramSep: calls $3
*** FLOP *** [2h 2d Qh]
ShahramSep: checks
even98: bets $3
ShahramSep: calls $3
*** TURN *** [2h 2d Qh] [6d]
ShahramSep: checks
even98: checks
*** RIVER *** [2h 2d Qh 6d] [3s]
ShahramSep: bets $6
even98: calls $6
*** SHOW DOWN ***
ShahramSep: shows [8h 8d] (two pair, Eights and Deuces)
even98: mucks hand
ShahramSep collected $29.50 from pot
*** SUMMARY ***
Total pot $30 | Rake $0.50
Board [2h 2d Qh 6d 3s]
Seat 1: ShahramSep (big blind) showed [8h 8d] and won ($29.50) with two pair, Eights and Deuces
Seat 2: even98 (button) (small blind) mucked


PokerStars Hand #173947613443:  Hold'em Limit ($3/$6 USD) - 2017/08/05 9:19:56 ET
Table 'Timandra' 6-max Seat #2 is the button
Seat 1: ShahramSep ($208.17 in chips)
Seat 2: even98 ($334.46 in chips)
even98: posts small blind $1
ShahramSep: posts big blind $3
*** HOLE CARDS ***
even98: raises $3 to $6
ShahramSep: calls $3
*** FLOP *** [8h 9c Qc]
ShahramSep: checks
even98: bets $3
ShahramSep: calls $3
*** TURN *** [8h 9c Qc] [9h]
ShahramSep: checks
even98: bets $6
ShahramSep: calls $6
*** RIVER *** [8h 9c Qc 9h] [Th]
rascal_319 leaves the table
ShahramSep: checks
even98: checks
*** SHOW DOWN ***
ShahramSep: shows [Ts Ad] (two pair, Tens and Nines)
even98: shows [5h Qd] (two pair, Queens and Nines)
even98 collected $29.50 from pot
*** SUMMARY ***
Total pot $30 | Rake $0.50
Board [8h 9c Qc 9h Th]
Seat 1: ShahramSep (big blind) showed [Ts Ad] and lost with two pair, Tens and Nines
Seat 2: even98 (button) (small blind) showed [5h Qd] and won ($29.50) with two pair, Queens and Nines


PokerStars Hand #173947622738:  Hold'em Limit ($3/$6 USD) - 2017/08/05 9:20:14 ET
Table 'Timandra' 6-max Seat #1 is the button
Seat 1: ShahramSep ($193.17 in chips)
Seat 2: even98 ($348.96 in chips)
ShahramSep: posts small blind $1
even98: posts big blind $3
*** HOLE CARDS ***
ShahramSep: raises $3 to $6
even98: raises $3 to $9
ShahramSep: calls $3
*** FLOP *** [4d 9d 2h]
even98: bets $3
ShahramSep: raises $3 to $6
even98: calls $3
*** TURN *** [4d 9d 2h] [Tc]
even98: checks
ShahramSep: bets $6
even98: calls $6
*** RIVER *** [4d 9d 2h Tc] [5c]
even98: checks
ShahramSep: bets $6
even98: calls $6
*** SHOW DOWN ***
ShahramSep: shows [3s Kc] (high card King)
even98: shows [7s Ac] (high card Ace)
even98 collected $53.50 from pot
*** SUMMARY ***
Total pot $54 | Rake $0.50
Board [4d 9d 2h Tc 5c]
Seat 1: ShahramSep (button) (small blind) showed [3s Kc] and lost with high card King
Seat 2: even98 (big blind) showed [7s Ac] and won ($53.50) with high card Ace


