PokerStars Hand #161267859484:  Hold'em Limit ($3/$6 USD) - 2016/11/11 22:17:52 ET
Table 'Timandra' 6-max Seat #6 is the button
Seat 1: Necromadx ($120 in chips)
Seat 6: Brama Br ($100.23 in chips)
Brama Br: posts small blind $1
Necromadx: posts big blind $3
*** HOLE CARDS ***
Brama Br: raises $3 to $6
Necromadx: calls $3
*** FLOP *** [Th 9d 4d]
Necromadx: checks
Brama Br: bets $3
Necromadx: calls $3
*** TURN *** [Th 9d 4d] [7c]
Necromadx: checks
Brama Br: checks
*** RIVER *** [Th 9d 4d 7c] [Ad]
Necromadx: checks
Brama Br: bets $6
Necromadx: folds
Uncalled bet ($6) returned to Brama Br
Brama Br collected $17.64 from pot
Brama Br: doesn't show hand
*** SUMMARY ***
Total pot $18 | Rake $0.36
Board [Th 9d 4d 7c Ad]
Seat 1: Necromadx (big blind) folded on the River
Seat 6: Brama Br (button) (small blind) collected ($17.64)


PokerStars Hand #161267868093:  Hold'em Limit ($3/$6 USD) - 2016/11/11 22:18:15 ET
Table 'Timandra' 6-max Seat #1 is the button
Seat 1: Necromadx ($120 in chips)
Seat 6: Brama Br ($108.87 in chips)
Necromadx: posts small blind $1
Brama Br: posts big blind $3
*** HOLE CARDS ***
Necromadx: raises $3 to $6
Brama Br: calls $3
*** FLOP *** [6h 8h 6d]
Brama Br: checks
Necromadx: checks
*** TURN *** [6h 8h 6d] [Ts]
Brama Br: checks
Necromadx: checks
*** RIVER *** [6h 8h 6d Ts] [Ad]
Brama Br: bets $6
Necromadx: folds
Uncalled bet ($6) returned to Brama Br
Brama Br collected $11.76 from pot
Brama Br: doesn't show hand
*** SUMMARY ***
Total pot $12 | Rake $0.24
Board [6h 8h 6d Ts Ad]
Seat 1: Necromadx (button) (small blind) folded on the River
Seat 6: Brama Br (big blind) collected ($11.76)


PokerStars Hand #161267883327:  Hold'em Limit ($3/$6 USD) - 2016/11/11 22:18:55 ET
Table 'Timandra' 6-max Seat #6 is the button
Seat 1: Necromadx ($120 in chips)
Seat 6: Brama Br ($114.63 in chips)
Brama Br: posts small blind $1
Necromadx: posts big blind $3
*** HOLE CARDS ***
Brama Br: raises $3 to $6
Necromadx: calls $3
*** FLOP *** [Th 2c 3h]
Necromadx: checks
Brama Br: checks
*** TURN *** [Th 2c 3h] [8h]
Necromadx: checks
Brama Br: bets $6
Necromadx: calls $6
*** RIVER *** [Th 2c 3h 8h] [Jc]
Necromadx: checks
Brama Br: bets $6
Necromadx: folds
Uncalled bet ($6) returned to Brama Br
Brama Br collected $23.52 from pot
Brama Br: doesn't show hand
*** SUMMARY ***
Total pot $24 | Rake $0.48
Board [Th 2c 3h 8h Jc]
Seat 1: Necromadx (big blind) folded on the River
Seat 6: Brama Br (button) (small blind) collected ($23.52)


PokerStars Hand #161267906436:  Hold'em Limit ($3/$6 USD) - 2016/11/11 22:19:57 ET
Table 'Timandra' 6-max Seat #6 is the button
Seat 1: Necromadx ($120 in chips)
Seat 6: Brama Br ($149.65 in chips)
Brama Br: posts small blind $1
Necromadx: posts big blind $3
*** HOLE CARDS ***
Brama Br: folds
Uncalled bet ($2) returned to Necromadx
Necromadx collected $2 from pot
Necromadx: doesn't show hand
*** SUMMARY ***
Total pot $2 | Rake $0
Seat 1: Necromadx (big blind) collected ($2)
Seat 6: Brama Br (button) (small blind) folded before Flop


PokerStars Hand #161267891777:  Hold'em Limit ($3/$6 USD) - 2016/11/11 22:19:18 ET
Table 'Timandra' 6-max Seat #1 is the button
Seat 1: Necromadx ($120 in chips)
Seat 6: Brama Br ($126.15 in chips)
Necromadx: posts small blind $1
Brama Br: posts big blind $3
*** HOLE CARDS ***
Necromadx: raises $3 to $6
Brama Br: calls $3
*** FLOP *** [3h Th Qd]
Brama Br: checks
Necromadx: bets $3
Brama Br: raises $3 to $6
Necromadx: calls $3
*** TURN *** [3h Th Qd] [5h]
Brama Br: bets $6
Necromadx: calls $6
*** RIVER *** [3h Th Qd 5h] [4s]
Brama Br: bets $6
Necromadx: calls $6
*** SHOW DOWN ***
Brama Br: shows [Qc Jc] (a pair of Queens)
Necromadx: mucks hand
Brama Br collected $47.50 from pot
*** SUMMARY ***
Total pot $48 | Rake $0.50
Board [3h Th Qd 5h 4s]
Seat 1: Necromadx (button) (small blind) mucked
Seat 6: Brama Br (big blind) showed [Qc Jc] and won ($47.50) with a pair of Queens


PokerStars Hand #161267920099:  Hold'em Limit ($3/$6 USD) - 2016/11/11 22:20:34 ET
Table 'Timandra' 6-max Seat #1 is the button
Seat 1: Necromadx ($120 in chips)
Seat 6: Brama Br ($169.15 in chips)
Necromadx: posts small blind $1
Brama Br: posts big blind $3
*** HOLE CARDS ***
Necromadx: raises $3 to $6
Brama Br: folds
Uncalled bet ($3) returned to Necromadx
Necromadx collected $6 from pot
Necromadx: doesn't show hand
*** SUMMARY ***
Total pot $6 | Rake $0
Seat 1: Necromadx (button) (small blind) collected ($6)
Seat 6: Brama Br (big blind) folded before Flop


PokerStars Hand #161267910929:  Hold'em Limit ($3/$6 USD) - 2016/11/11 22:20:09 ET
Table 'Timandra' 6-max Seat #6 is the button
Seat 1: Necromadx ($124 in chips)
Seat 6: Brama Br ($145.65 in chips)
Brama Br: posts small blind $1
Necromadx: posts big blind $3
*** HOLE CARDS ***
Brama Br: raises $3 to $6
Necromadx: raises $3 to $9
Brama Br: calls $3
*** FLOP *** [Qh 4d 2c]
Necromadx: bets $3
Brama Br: calls $3
*** TURN *** [Qh 4d 2c] [7h]
Necromadx: bets $6
Brama Br: calls $6
*** RIVER *** [Qh 4d 2c 7h] [7d]
Necromadx: bets $6
Brama Br: calls $6
*** SHOW DOWN ***
Necromadx: shows [6s 5s] (a pair of Sevens)
Brama Br: shows [4c 5d] (two pair, Sevens and Fours)
Brama Br collected $47.50 from pot
*** SUMMARY ***
Total pot $48 | Rake $0.50
Board [Qh 4d 2c 7h 7d]
Seat 1: Necromadx (big blind) showed [6s 5s] and lost with a pair of Sevens
Seat 6: Brama Br (button) (small blind) showed [4c 5d] and won ($47.50) with two pair, Sevens and Fours


PokerStars Hand #161267908609:  Hold'em Limit ($3/$6 USD) - 2016/11/11 22:20:03 ET
Table 'Timandra' 6-max Seat #1 is the button
Seat 1: Necromadx ($121 in chips)
Seat 6: Brama Br ($148.65 in chips)
Necromadx: posts small blind $1
Brama Br: posts big blind $3
*** HOLE CARDS ***
Necromadx: raises $3 to $6
Brama Br: folds
Uncalled bet ($3) returned to Necromadx
Necromadx collected $6 from pot
Necromadx: doesn't show hand
*** SUMMARY ***
Total pot $6 | Rake $0
Seat 1: Necromadx (button) (small blind) collected ($6)
Seat 6: Brama Br (big blind) folded before Flop


PokerStars Hand #161267922235:  Hold'em Limit ($3/$6 USD) - 2016/11/11 22:20:40 ET
Table 'Timandra' 6-max Seat #6 is the button
Seat 1: Necromadx ($123 in chips)
Seat 6: Brama Br ($166.15 in chips)
Brama Br: posts small blind $1
Necromadx: posts big blind $3
*** HOLE CARDS ***
Brama Br: folds
Uncalled bet ($2) returned to Necromadx
Necromadx collected $2 from pot
Necromadx: doesn't show hand
*** SUMMARY ***
Total pot $2 | Rake $0
Seat 1: Necromadx (big blind) collected ($2)
Seat 6: Brama Br (button) (small blind) folded before Flop


PokerStars Hand #161267926975:  Hold'em Limit ($3/$6 USD) - 2016/11/11 22:20:52 ET
Table 'Timandra' 6-max Seat #1 is the button
Seat 1: Necromadx ($124 in chips)
Seat 6: Brama Br ($165.15 in chips)
Necromadx: posts small blind $1
Brama Br: posts big blind $3
*** HOLE CARDS ***
Necromadx: raises $3 to $6
Brama Br: calls $3
*** FLOP *** [5h Jd Ah]
Brama Br: checks
Necromadx: bets $3
Brama Br: raises $3 to $6
Necromadx: calls $3
*** TURN *** [5h Jd Ah] [6s]
knas4 joins the table at seat #4
Brama Br: checks
Necromadx: checks
*** RIVER *** [5h Jd Ah 6s] [Jh]
Brama Br: bets $6
Necromadx: calls $6
*** SHOW DOWN ***
Brama Br: shows [Kc 4h] (a pair of Jacks)
Necromadx: shows [5d Qc] (two pair, Jacks and Fives)
Necromadx collected $35.50 from pot
*** SUMMARY ***
Total pot $36 | Rake $0.50
Board [5h Jd Ah 6s Jh]
Seat 1: Necromadx (button) (small blind) showed [5d Qc] and won ($35.50) with two pair, Jacks and Fives
Seat 6: Brama Br (big blind) showed [Kc 4h] and lost with a pair of Jacks


PokerStars Hand #161267948764:  Hold'em Limit ($3/$6 USD) - 2016/11/11 22:21:51 ET
Table 'Timandra' 6-max Seat #6 is the button
Seat 1: Necromadx ($141.50 in chips)
Seat 6: Brama Br ($147.15 in chips)
Brama Br: posts small blind $1
Necromadx: posts big blind $3
*** HOLE CARDS ***
Brama Br: folds
Uncalled bet ($2) returned to Necromadx
Necromadx collected $2 from pot
Necromadx: doesn't show hand
*** SUMMARY ***
Total pot $2 | Rake $0
Seat 1: Necromadx (big blind) collected ($2)
Seat 6: Brama Br (button) (small blind) folded before Flop


PokerStars Hand #161268391792:  Hold'em Limit ($3/$6 USD) - 2016/11/11 22:41:56 ET
Table 'Timandra' 6-max Seat #4 is the button
Seat 2: jackRizzar ($309.44 in chips)
Seat 4: knas4 ($43.64 in chips)
knas4: posts small blind $1
jackRizzar: posts big blind $3
*** HOLE CARDS ***
knas4: raises $3 to $6
jackRizzar: calls $3
*** FLOP *** [4c 4d Ks]
jackRizzar: checks
knas4: bets $3
jackRizzar: folds
Uncalled bet ($3) returned to knas4
knas4 collected $11.76 from pot
knas4: doesn't show hand
*** SUMMARY ***
Total pot $12 | Rake $0.24
Board [4c 4d Ks]
Seat 2: jackRizzar (big blind) folded on the Flop
Seat 4: knas4 (button) (small blind) collected ($11.76)


