PokerStars Hand #155294907217:  Hold'em Limit ($3/$6 USD) - 2016/06/28 6:28:13 ET
Table 'Timandra' 6-max Seat #1 is the button
Seat 1: ABATAPP ($121 in chips)
Seat 6: prallimall ($119 in chips)
ABATAPP: posts small blind $1
prallimall: posts big blind $3
*** HOLE CARDS ***
ABATAPP: raises $3 to $6
prallimall: raises $3 to $9
ABATAPP: calls $3
*** FLOP *** [4h 8s 2c]
prallimall: bets $3
ABATAPP: calls $3
*** TURN *** [4h 8s 2c] [5h]
prallimall: bets $6
ABATAPP: folds
Uncalled bet ($6) returned to prallimall
prallimall collected $23.52 from pot
prallimall: doesn't show hand
*** SUMMARY ***
Total pot $24 | Rake $0.48
Board [4h 8s 2c 5h]
Seat 1: ABATAPP (button) (small blind) folded on the Turn
Seat 6: prallimall (big blind) collected ($23.52)


PokerStars Hand #155294905393:  Hold'em Limit ($3/$6 USD) - 2016/06/28 6:28:09 ET
Table 'Timandra' 6-max Seat #6 is the button
Seat 1: ABATAPP ($120 in chips)
Seat 6: prallimall ($120 in chips)
prallimall: posts small blind $1
ABATAPP: posts big blind $3
*** HOLE CARDS ***
prallimall: folds
Uncalled bet ($2) returned to ABATAPP
ABATAPP collected $2 from pot
ABATAPP: doesn't show hand
*** SUMMARY ***
Total pot $2 | Rake $0
Seat 1: ABATAPP (big blind) collected ($2)
Seat 6: prallimall (button) (small blind) folded before Flop


PokerStars Hand #155294914871:  Hold'em Limit ($3/$6 USD) - 2016/06/28 6:28:33 ET
Table 'Timandra' 6-max Seat #6 is the button
Seat 1: ABATAPP ($109 in chips)
Seat 6: prallimall ($130.52 in chips)
prallimall: posts small blind $1
ABATAPP: posts big blind $3
*** HOLE CARDS ***
prallimall: calls $2
ABATAPP: checks
*** FLOP *** [4d 9s Ks]
ABATAPP: checks
prallimall: bets $3
ABATAPP: calls $3
*** TURN *** [4d 9s Ks] [Jh]
ABATAPP: checks
prallimall: bets $6
ABATAPP: folds
Uncalled bet ($6) returned to prallimall
prallimall collected $11.76 from pot
prallimall: doesn't show hand
*** SUMMARY ***
Total pot $12 | Rake $0.24
Board [4d 9s Ks Jh]
Seat 1: ABATAPP (big blind) folded on the Turn
Seat 6: prallimall (button) (small blind) collected ($11.76)


