PokerStars Hand #156846122410:  Hold'em Limit ($3/$6 USD) - 2016/08/04 6:31:00 ET
Table 'Timandra' 6-max Seat #6 is the button
Seat 1: megabaitt ($9 in chips)
Seat 6: Murrrr_@T ($140.50 in chips)
Murrrr_@T: posts small blind $1
megabaitt: posts big blind $3
*** HOLE CARDS ***
Murrrr_@T: folds
Uncalled bet ($2) returned to megabaitt
megabaitt collected $2 from pot
megabaitt: doesn't show hand
*** SUMMARY ***
Total pot $2 | Rake $0
Seat 1: megabaitt (big blind) collected ($2)
Seat 6: Murrrr_@T (button) (small blind) folded before Flop


PokerStars Hand #156846113108:  Hold'em Limit ($3/$6 USD) - 2016/08/04 6:30:36 ET
Table 'Timandra' 6-max Seat #1 is the button
Seat 1: megabaitt ($27 in chips)
Seat 6: Murrrr_@T ($123 in chips)
megabaitt: posts small blind $1
Murrrr_@T: posts big blind $3
*** HOLE CARDS ***
megabaitt: raises $3 to $6
Murrrr_@T: calls $3
*** FLOP *** [As Qh 2s]
Murrrr_@T: checks
megabaitt: bets $3
Murrrr_@T: raises $3 to $6
megabaitt: calls $3
*** TURN *** [As Qh 2s] [Ac]
Murrrr_@T: checks
megabaitt: checks
*** RIVER *** [As Qh 2s Ac] [3c]
Murrrr_@T: bets $6
megabaitt: calls $6
*** SHOW DOWN ***
Murrrr_@T: shows [3h 7s] (two pair, Aces and Threes)
megabaitt: mucks hand
Murrrr_@T collected $35.50 from pot
*** SUMMARY ***
Total pot $36 | Rake $0.50
Board [As Qh 2s Ac 3c]
Seat 1: megabaitt (button) (small blind) mucked
Seat 6: Murrrr_@T (big blind) showed [3h 7s] and won ($35.50) with two pair, Aces and Threes


PokerStars Hand #156846108334:  Hold'em Limit ($3/$6 USD) - 2016/08/04 6:30:24 ET
Table 'Timandra' 6-max Seat #6 is the button
Seat 1: megabaitt ($30 in chips)
Seat 6: Murrrr_@T ($120 in chips)
Murrrr_@T: posts small blind $1
megabaitt: posts big blind $3
*** HOLE CARDS ***
Murrrr_@T: raises $3 to $6
megabaitt: folds
Uncalled bet ($3) returned to Murrrr_@T
Murrrr_@T collected $6 from pot
Murrrr_@T: doesn't show hand
*** SUMMARY ***
Total pot $6 | Rake $0
Seat 1: megabaitt (big blind) folded before Flop
Seat 6: Murrrr_@T (button) (small blind) collected ($6)


PokerStars Hand #156846124308:  Hold'em Limit ($3/$6 USD) - 2016/08/04 6:31:06 ET
Table 'Timandra' 6-max Seat #1 is the button
Seat 1: megabaitt ($10 in chips)
Seat 6: Murrrr_@T ($139.50 in chips)
megabaitt: posts small blind $1
Murrrr_@T: posts big blind $3
*** HOLE CARDS ***
megabaitt: raises $3 to $6
Murrrr_@T: raises $3 to $9
megabaitt: raises $1 to $10 and is all-in
Betting is capped
Murrrr_@T: calls $1
*** FLOP *** [8s 2d Jd]
*** TURN *** [8s 2d Jd] [9d]
*** RIVER *** [8s 2d Jd 9d] [Tc]
*** SHOW DOWN ***
Murrrr_@T: shows [4h Jh] (a pair of Jacks)
megabaitt: shows [9c Ks] (a pair of Nines)
Murrrr_@T collected $19.60 from pot
*** SUMMARY ***
Total pot $20 | Rake $0.40
Board [8s 2d Jd 9d Tc]
Seat 1: megabaitt (button) (small blind) showed [9c Ks] and lost with a pair of Nines
Seat 6: Murrrr_@T (big blind) showed [4h Jh] and won ($19.60) with a pair of Jacks


PokerStars Hand #156846214758:  Hold'em Limit ($3/$6 USD) - 2016/08/04 6:34:59 ET
Table 'Timandra' 6-max Seat #2 is the button
Seat 2: Murrrr_@T ($100 in chips)
Seat 4: liza3008 ($102 in chips)
Murrrr_@T: posts small blind $1
liza3008: posts big blind $3
*** HOLE CARDS ***
Murrrr_@T: raises $3 to $6
liza3008: calls $3
*** FLOP *** [Kd 9s 4c]
liza3008: checks
Murrrr_@T: bets $3
liza3008: raises $3 to $6
Murrrr_@T: calls $3
*** TURN *** [Kd 9s 4c] [Qh]
liza3008: bets $6
Murrrr_@T: folds
Uncalled bet ($6) returned to liza3008
liza3008 collected $23.52 from pot
liza3008: doesn't show hand
*** SUMMARY ***
Total pot $24 | Rake $0.48
Board [Kd 9s 4c Qh]
Seat 2: Murrrr_@T (button) (small blind) folded on the Turn
Seat 4: liza3008 (big blind) collected ($23.52)


PokerStars Hand #156846238994:  Hold'em Limit ($3/$6 USD) - 2016/08/04 6:36:01 ET
Table 'Timandra' 6-max Seat #2 is the button
Seat 2: Murrrr_@T ($115.50 in chips)
Seat 4: liza3008 ($100.16 in chips)
Murrrr_@T: posts small blind $1
liza3008: posts big blind $3
*** HOLE CARDS ***
Murrrr_@T: raises $3 to $6
liza3008: calls $3
*** FLOP *** [4d 7c Th]
liza3008: checks
Murrrr_@T: bets $3
liza3008: folds
Uncalled bet ($3) returned to Murrrr_@T
Murrrr_@T collected $11.76 from pot
Murrrr_@T: doesn't show hand
*** SUMMARY ***
Total pot $12 | Rake $0.24
Board [4d 7c Th]
Seat 2: Murrrr_@T (button) (small blind) collected ($11.76)
Seat 4: liza3008 (big blind) folded on the Flop


PokerStars Hand #156846237205:  Hold'em Limit ($3/$6 USD) - 2016/08/04 6:35:56 ET
Table 'Timandra' 6-max Seat #4 is the button
Seat 2: Murrrr_@T ($114.50 in chips)
Seat 4: liza3008 ($101.16 in chips)
liza3008: posts small blind $1
Murrrr_@T: posts big blind $3
*** HOLE CARDS ***
liza3008: folds
Uncalled bet ($2) returned to Murrrr_@T
Murrrr_@T collected $2 from pot
Murrrr_@T: doesn't show hand
*** SUMMARY ***
Total pot $2 | Rake $0
Seat 2: Murrrr_@T (big blind) collected ($2)
Seat 4: liza3008 (button) (small blind) folded before Flop


PokerStars Hand #156846233993:  Hold'em Limit ($3/$6 USD) - 2016/08/04 6:35:48 ET
Table 'Timandra' 6-max Seat #2 is the button
Seat 2: Murrrr_@T ($120.50 in chips)
Seat 4: liza3008 ($95.40 in chips)
Murrrr_@T: posts small blind $1
liza3008: posts big blind $3
*** HOLE CARDS ***
Murrrr_@T: raises $3 to $6
liza3008: calls $3
*** FLOP *** [2d Qs 4h]
liza3008: bets $3
Murrrr_@T: folds
Uncalled bet ($3) returned to liza3008
liza3008 collected $11.76 from pot
liza3008: doesn't show hand
*** SUMMARY ***
Total pot $12 | Rake $0.24
Board [2d Qs 4h]
Seat 2: Murrrr_@T (button) (small blind) folded on the Flop
Seat 4: liza3008 (big blind) collected ($11.76)


PokerStars Hand #156846228939:  Hold'em Limit ($3/$6 USD) - 2016/08/04 6:35:35 ET
Table 'Timandra' 6-max Seat #4 is the button
Seat 2: Murrrr_@T ($103 in chips)
Seat 4: liza3008 ($113.40 in chips)
liza3008: posts small blind $1
Murrrr_@T: posts big blind $3
*** HOLE CARDS ***
liza3008: raises $3 to $6
Murrrr_@T: calls $3
*** FLOP *** [2s 6d Th]
Murrrr_@T: checks
liza3008: checks
*** TURN *** [2s 6d Th] [6c]
Murrrr_@T: bets $6
liza3008: calls $6
*** RIVER *** [2s 6d Th 6c] [Js]
Murrrr_@T: bets $6
liza3008: calls $6
*** SHOW DOWN ***
Murrrr_@T: shows [Ad 2h] (two pair, Sixes and Deuces)
liza3008: mucks hand
Murrrr_@T collected $35.50 from pot
*** SUMMARY ***
Total pot $36 | Rake $0.50
Board [2s 6d Th 6c Js]
Seat 2: Murrrr_@T (big blind) showed [Ad 2h] and won ($35.50) with two pair, Sixes and Deuces
Seat 4: liza3008 (button) (small blind) mucked


PokerStars Hand #156846226995:  Hold'em Limit ($3/$6 USD) - 2016/08/04 6:35:30 ET
Table 'Timandra' 6-max Seat #2 is the button
Seat 2: Murrrr_@T ($100 in chips)
Seat 4: liza3008 ($116.40 in chips)
Murrrr_@T: posts small blind $1
liza3008: posts big blind $3
*** HOLE CARDS ***
Murrrr_@T: raises $3 to $6
liza3008: folds
Uncalled bet ($3) returned to Murrrr_@T
Murrrr_@T collected $6 from pot
Murrrr_@T: doesn't show hand
*** SUMMARY ***
Total pot $6 | Rake $0
Seat 2: Murrrr_@T (button) (small blind) collected ($6)
Seat 4: liza3008 (big blind) folded before Flop


PokerStars Hand #156846220772:  Hold'em Limit ($3/$6 USD) - 2016/08/04 6:35:14 ET
Table 'Timandra' 6-max Seat #4 is the button
Seat 2: Murrrr_@T ($100 in chips)
Seat 4: liza3008 ($113.52 in chips)
liza3008: posts small blind $1
Murrrr_@T: posts big blind $3
*** HOLE CARDS ***
liza3008: calls $2
Murrrr_@T: checks
*** FLOP *** [4s Qd 5c]
Murrrr_@T: checks
liza3008: bets $3
Murrrr_@T: folds
Uncalled bet ($3) returned to liza3008
liza3008 collected $5.88 from pot
liza3008: doesn't show hand
*** SUMMARY ***
Total pot $6 | Rake $0.12
Board [4s Qd 5c]
Seat 2: Murrrr_@T (big blind) folded on the Flop
Seat 4: liza3008 (button) (small blind) collected ($5.88)


PokerStars Hand #156846243017:  Hold'em Limit ($3/$6 USD) - 2016/08/04 6:36:11 ET
Table 'Timandra' 6-max Seat #4 is the button
Seat 2: Murrrr_@T ($121.26 in chips)
Seat 4: liza3008 ($94.16 in chips)
liza3008: posts small blind $1
Murrrr_@T: posts big blind $3
*** HOLE CARDS ***
liza3008: raises $3 to $6
Murrrr_@T: calls $3
*** FLOP *** [9s 5c Kc]
Murrrr_@T: checks
liza3008: checks
*** TURN *** [9s 5c Kc] [Jh]
Murrrr_@T: bets $6
liza3008: raises $6 to $12
Murrrr_@T: calls $6
*** RIVER *** [9s 5c Kc Jh] [6s]
Murrrr_@T: checks
liza3008: bets $6
Murrrr_@T: calls $6
*** SHOW DOWN ***
liza3008: shows [7c Ks] (a pair of Kings)
Murrrr_@T: shows [Jc 5d] (two pair, Jacks and Fives)
Murrrr_@T collected $47.50 from pot
*** SUMMARY ***
Total pot $48 | Rake $0.50
Board [9s 5c Kc Jh 6s]
Seat 2: Murrrr_@T (big blind) showed [Jc 5d] and won ($47.50) with two pair, Jacks and Fives
Seat 4: liza3008 (button) (small blind) showed [7c Ks] and lost with a pair of Kings


PokerStars Hand #156846248649:  Hold'em Limit ($3/$6 USD) - 2016/08/04 6:36:25 ET
Table 'Timandra' 6-max Seat #2 is the button
Seat 2: Murrrr_@T ($144.76 in chips)
Seat 4: liza3008 ($70.16 in chips)
Murrrr_@T: posts small blind $1
liza3008: posts big blind $3
*** HOLE CARDS ***
Murrrr_@T: folds
Uncalled bet ($2) returned to liza3008
liza3008 collected $2 from pot
liza3008: doesn't show hand
yayaya joins the table at seat #6
*** SUMMARY ***
Total pot $2 | Rake $0
Seat 2: Murrrr_@T (button) (small blind) folded before Flop
Seat 4: liza3008 (big blind) collected ($2)


PokerStars Hand #156846511048:  Hold'em Limit ($3/$6 USD) - 2016/08/04 6:47:00 ET
Table 'Timandra' 6-max Seat #2 is the button
Seat 2: Murrrr_@T ($158.52 in chips)
Seat 4: liza3008 ($146.67 in chips)
Murrrr_@T: posts small blind $1
liza3008: posts big blind $3
*** HOLE CARDS ***
Murrrr_@T: raises $3 to $6
liza3008: calls $3
*** FLOP *** [9h 9s 8d]
liza3008: checks
Murrrr_@T: bets $3
liza3008: raises $3 to $6
Murrrr_@T: folds
Uncalled bet ($3) returned to liza3008
liza3008 collected $17.64 from pot
liza3008: doesn't show hand
*** SUMMARY ***
Total pot $18 | Rake $0.36
Board [9h 9s 8d]
Seat 2: Murrrr_@T (button) (small blind) folded on the Flop
Seat 4: liza3008 (big blind) collected ($17.64)


PokerStars Hand #156846507385:  Hold'em Limit ($3/$6 USD) - 2016/08/04 6:46:51 ET
Table 'Timandra' 6-max Seat #2 is the button
Seat 2: Murrrr_@T ($154.52 in chips)
Seat 4: liza3008 ($150.67 in chips)
Murrrr_@T: posts small blind $1
liza3008: posts big blind $3
*** HOLE CARDS ***
Murrrr_@T: raises $3 to $6
liza3008: folds
Uncalled bet ($3) returned to Murrrr_@T
Murrrr_@T collected $6 from pot
Murrrr_@T: doesn't show hand
*** SUMMARY ***
Total pot $6 | Rake $0
Seat 2: Murrrr_@T (button) (small blind) collected ($6)
Seat 4: liza3008 (big blind) folded before Flop


PokerStars Hand #156846509299:  Hold'em Limit ($3/$6 USD) - 2016/08/04 6:46:56 ET
Table 'Timandra' 6-max Seat #4 is the button
Seat 2: Murrrr_@T ($157.52 in chips)
Seat 4: liza3008 ($147.67 in chips)
liza3008: posts small blind $1
Murrrr_@T: posts big blind $3
*** HOLE CARDS ***
liza3008: folds
Uncalled bet ($2) returned to Murrrr_@T
Murrrr_@T collected $2 from pot
Murrrr_@T: doesn't show hand
*** SUMMARY ***
Total pot $2 | Rake $0
Seat 2: Murrrr_@T (big blind) collected ($2)
Seat 4: liza3008 (button) (small blind) folded before Flop


PokerStars Hand #156846519272:  Hold'em Limit ($3/$6 USD) - 2016/08/04 6:47:21 ET
Table 'Timandra' 6-max Seat #2 is the button
Seat 2: Murrrr_@T ($150.52 in chips)
Seat 4: liza3008 ($154.31 in chips)
Murrrr_@T: posts small blind $1
liza3008: posts big blind $3
*** HOLE CARDS ***
Murrrr_@T: folds
Uncalled bet ($2) returned to liza3008
liza3008 collected $2 from pot
liza3008: doesn't show hand
*** SUMMARY ***
Total pot $2 | Rake $0
Seat 2: Murrrr_@T (button) (small blind) folded before Flop
Seat 4: liza3008 (big blind) collected ($2)


PokerStars Hand #156846517417:  Hold'em Limit ($3/$6 USD) - 2016/08/04 6:47:16 ET
Table 'Timandra' 6-max Seat #4 is the button
Seat 2: Murrrr_@T ($149.52 in chips)
Seat 4: liza3008 ($155.31 in chips)
liza3008: posts small blind $1
Murrrr_@T: posts big blind $3
*** HOLE CARDS ***
liza3008: folds
Uncalled bet ($2) returned to Murrrr_@T
Murrrr_@T collected $2 from pot
Murrrr_@T: doesn't show hand
*** SUMMARY ***
Total pot $2 | Rake $0
Seat 2: Murrrr_@T (big blind) collected ($2)
Seat 4: liza3008 (button) (small blind) folded before Flop


PokerStars Hand #156846526487:  Hold'em Limit ($3/$6 USD) - 2016/08/04 6:47:38 ET
Table 'Timandra' 6-max Seat #2 is the button
Seat 2: Murrrr_@T ($167.02 in chips)
Seat 4: liza3008 ($137.31 in chips)
Murrrr_@T: posts small blind $1
liza3008: posts big blind $3
*** HOLE CARDS ***
Murrrr_@T: raises $3 to $6
liza3008: calls $3
*** FLOP *** [Js As 3c]
liza3008: checks
Murrrr_@T: bets $3
liza3008: calls $3
*** TURN *** [Js As 3c] [9c]
liza3008: bets $6
Murrrr_@T: raises $6 to $12
liza3008: raises $6 to $18
Murrrr_@T: calls $6
*** RIVER *** [Js As 3c 9c] [Jh]
liza3008: bets $6
Murrrr_@T: raises $6 to $12
liza3008: calls $6
*** SHOW DOWN ***
Murrrr_@T: shows [9h Jc] (a full house, Jacks full of Nines)
liza3008: mucks hand
Murrrr_@T collected $77.50 from pot
*** SUMMARY ***
Total pot $78 | Rake $0.50
Board [Js As 3c 9c Jh]
Seat 2: Murrrr_@T (button) (small blind) showed [9h Jc] and won ($77.50) with a full house, Jacks full of Nines
Seat 4: liza3008 (big blind) mucked


PokerStars Hand #156846521123:  Hold'em Limit ($3/$6 USD) - 2016/08/04 6:47:25 ET
Table 'Timandra' 6-max Seat #4 is the button
Seat 2: Murrrr_@T ($149.52 in chips)
Seat 4: liza3008 ($155.31 in chips)
liza3008: posts small blind $1
Murrrr_@T: posts big blind $3
*** HOLE CARDS ***
liza3008: raises $3 to $6
Murrrr_@T: calls $3
*** FLOP *** [3h Ks 2c]
Murrrr_@T: checks
liza3008: checks
*** TURN *** [3h Ks 2c] [3d]
Murrrr_@T: bets $6
liza3008: calls $6
*** RIVER *** [3h Ks 2c 3d] [8d]
Murrrr_@T: bets $6
liza3008: calls $6
*** SHOW DOWN ***
Murrrr_@T: shows [9c 3c] (three of a kind, Threes)
liza3008: mucks hand
Murrrr_@T collected $35.50 from pot
*** SUMMARY ***
Total pot $36 | Rake $0.50
Board [3h Ks 2c 3d 8d]
Seat 2: Murrrr_@T (big blind) showed [9c 3c] and won ($35.50) with three of a kind, Threes
Seat 4: liza3008 (button) (small blind) mucked


PokerStars Hand #156846545921:  Hold'em Limit ($3/$6 USD) - 2016/08/04 6:48:27 ET
Table 'Timandra' 6-max Seat #4 is the button
Seat 2: Murrrr_@T ($202.52 in chips)
Seat 4: liza3008 ($101.07 in chips)
liza3008: posts small blind $1
Murrrr_@T: posts big blind $3
*** HOLE CARDS ***
liza3008: raises $3 to $6
Murrrr_@T: calls $3
*** FLOP *** [2d 4c Tc]
Murrrr_@T: checks
liza3008: checks
*** TURN *** [2d 4c Tc] [7s]
Murrrr_@T: bets $6
liza3008: calls $6
*** RIVER *** [2d 4c Tc 7s] [Js]
Murrrr_@T: bets $6
liza3008: raises $6 to $12
Murrrr_@T: calls $6
*** SHOW DOWN ***
liza3008: shows [Jd Kh] (a pair of Jacks)
Murrrr_@T: mucks hand
liza3008 collected $47.50 from pot
*** SUMMARY ***
Total pot $48 | Rake $0.50
Board [2d 4c Tc 7s Js]
Seat 2: Murrrr_@T (big blind) mucked
Seat 4: liza3008 (button) (small blind) showed [Jd Kh] and won ($47.50) with a pair of Jacks


PokerStars Hand #156846551983:  Hold'em Limit ($3/$6 USD) - 2016/08/04 6:48:42 ET
Table 'Timandra' 6-max Seat #2 is the button
Seat 2: Murrrr_@T ($178.52 in chips)
Seat 4: liza3008 ($124.57 in chips)
Murrrr_@T: posts small blind $1
liza3008: posts big blind $3
*** HOLE CARDS ***
Murrrr_@T: raises $3 to $6
liza3008: calls $3
*** FLOP *** [Qc 8d 8h]
liza3008: checks
Murrrr_@T: bets $3
liza3008: calls $3
*** TURN *** [Qc 8d 8h] [6h]
liza3008: checks
Murrrr_@T: checks
*** RIVER *** [Qc 8d 8h 6h] [6d]
liza3008: bets $6
Murrrr_@T: folds
Uncalled bet ($6) returned to liza3008
liza3008 collected $17.64 from pot
liza3008: doesn't show hand
*** SUMMARY ***
Total pot $18 | Rake $0.36
Board [Qc 8d 8h 6h 6d]
Seat 2: Murrrr_@T (button) (small blind) folded on the River
Seat 4: liza3008 (big blind) collected ($17.64)


PokerStars Hand #156846543826:  Hold'em Limit ($3/$6 USD) - 2016/08/04 6:48:21 ET
Table 'Timandra' 6-max Seat #2 is the button
Seat 2: Murrrr_@T ($199.52 in chips)
Seat 4: liza3008 ($104.07 in chips)
Murrrr_@T: posts small blind $1
liza3008: posts big blind $3
*** HOLE CARDS ***
Murrrr_@T: raises $3 to $6
liza3008: folds
Uncalled bet ($3) returned to Murrrr_@T
Murrrr_@T collected $6 from pot
Murrrr_@T: doesn't show hand
*** SUMMARY ***
Total pot $6 | Rake $0
Seat 2: Murrrr_@T (button) (small blind) collected ($6)
Seat 4: liza3008 (big blind) folded before Flop


PokerStars Hand #156846536749:  Hold'em Limit ($3/$6 USD) - 2016/08/04 6:48:04 ET
Table 'Timandra' 6-max Seat #4 is the button
Seat 2: Murrrr_@T ($205.52 in chips)
Seat 4: liza3008 ($98.31 in chips)
liza3008: posts small blind $1
Murrrr_@T: posts big blind $3
*** HOLE CARDS ***
liza3008: raises $3 to $6
Murrrr_@T: calls $3
*** FLOP *** [2c 4c 6d]
Murrrr_@T: checks
liza3008: bets $3
Murrrr_@T: folds
Uncalled bet ($3) returned to liza3008
liza3008 collected $11.76 from pot
liza3008: doesn't show hand
*** SUMMARY ***
Total pot $12 | Rake $0.24
Board [2c 4c 6d]
Seat 2: Murrrr_@T (big blind) folded on the Flop
Seat 4: liza3008 (button) (small blind) collected ($11.76)


PokerStars Hand #156846564598:  Hold'em Limit ($3/$6 USD) - 2016/08/04 6:49:13 ET
Table 'Timandra' 6-max Seat #2 is the button
Seat 2: Murrrr_@T ($181.04 in chips)
Seat 4: liza3008 ($121.21 in chips)
Murrrr_@T: posts small blind $1
liza3008: posts big blind $3
*** HOLE CARDS ***
Murrrr_@T: folds
Uncalled bet ($2) returned to liza3008
liza3008 collected $2 from pot
liza3008: doesn't show hand
*** SUMMARY ***
Total pot $2 | Rake $0
Seat 2: Murrrr_@T (button) (small blind) folded before Flop
Seat 4: liza3008 (big blind) collected ($2)


PokerStars Hand #156846558749:  Hold'em Limit ($3/$6 USD) - 2016/08/04 6:48:58 ET
Table 'Timandra' 6-max Seat #4 is the button
Seat 2: Murrrr_@T ($169.52 in chips)
Seat 4: liza3008 ($133.21 in chips)
liza3008: posts small blind $1
Murrrr_@T: posts big blind $3
*** HOLE CARDS ***
liza3008: raises $3 to $6
Murrrr_@T: calls $3
*** FLOP *** [2d 6d 3c]
Murrrr_@T: checks
liza3008: checks
*** TURN *** [2d 6d 3c] [3s]
Murrrr_@T: bets $6
liza3008: calls $6
*** RIVER *** [2d 6d 3c 3s] [Ah]
Murrrr_@T: bets $6
liza3008: folds
Uncalled bet ($6) returned to Murrrr_@T
Murrrr_@T collected $23.52 from pot
Murrrr_@T: doesn't show hand
*** SUMMARY ***
Total pot $24 | Rake $0.48
Board [2d 6d 3c 3s Ah]
Seat 2: Murrrr_@T (big blind) collected ($23.52)
Seat 4: liza3008 (button) (small blind) folded on the River


PokerStars Hand #156846566453:  Hold'em Limit ($3/$6 USD) - 2016/08/04 6:49:17 ET
Table 'Timandra' 6-max Seat #4 is the button
Seat 2: Murrrr_@T ($180.04 in chips)
Seat 4: liza3008 ($122.21 in chips)
liza3008: posts small blind $1
Murrrr_@T: posts big blind $3
*** HOLE CARDS ***
liza3008: raises $3 to $6
Murrrr_@T: raises $3 to $9
liza3008: calls $3
*** FLOP *** [6d Kh 6h]
Murrrr_@T: bets $3
liza3008: calls $3
*** TURN *** [6d Kh 6h] [7h]
Murrrr_@T: checks
liza3008: bets $6
Murrrr_@T: calls $6
*** RIVER *** [6d Kh 6h 7h] [Kd]
Murrrr_@T: checks
liza3008: bets $6
Murrrr_@T: calls $6
*** SHOW DOWN ***
liza3008: shows [Ac Jh] (two pair, Kings and Sixes)
Murrrr_@T: shows [Ah 9s] (two pair, Kings and Sixes)
Murrrr_@T collected $23.75 from pot
liza3008 collected $23.75 from pot
*** SUMMARY ***
Total pot $48 | Rake $0.50
Board [6d Kh 6h 7h Kd]
Seat 2: Murrrr_@T (big blind) showed [Ah 9s] and won ($23.75) with two pair, Kings and Sixes
Seat 4: liza3008 (button) (small blind) showed [Ac Jh] and won ($23.75) with two pair, Kings and Sixes


PokerStars Hand #156846577276:  Hold'em Limit ($3/$6 USD) - 2016/08/04 6:49:44 ET
Table 'Timandra' 6-max Seat #2 is the button
Seat 2: Murrrr_@T ($179.79 in chips)
Seat 4: liza3008 ($121.96 in chips)
Murrrr_@T: posts small blind $1
liza3008: posts big blind $3
*** HOLE CARDS ***
Murrrr_@T: raises $3 to $6
liza3008: calls $3
*** FLOP *** [6c Kc 9h]
liza3008: checks
Murrrr_@T: bets $3
liza3008: calls $3
*** TURN *** [6c Kc 9h] [8s]
liza3008: checks
Murrrr_@T: checks
*** RIVER *** [6c Kc 9h 8s] [5c]
liza3008: bets $6
Murrrr_@T: folds
Uncalled bet ($6) returned to liza3008
liza3008 collected $17.64 from pot
liza3008: doesn't show hand
*** SUMMARY ***
Total pot $18 | Rake $0.36
Board [6c Kc 9h 8s 5c]
Seat 2: Murrrr_@T (button) (small blind) folded on the River
Seat 4: liza3008 (big blind) collected ($17.64)


PokerStars Hand #156846583481:  Hold'em Limit ($3/$6 USD) - 2016/08/04 6:50:00 ET
Table 'Timandra' 6-max Seat #4 is the button
Seat 2: Murrrr_@T ($170.79 in chips)
Seat 4: liza3008 ($130.60 in chips)
liza3008: posts small blind $1
Murrrr_@T: posts big blind $3
*** HOLE CARDS ***
liza3008: folds
Uncalled bet ($2) returned to Murrrr_@T
Murrrr_@T collected $2 from pot
Murrrr_@T: doesn't show hand
*** SUMMARY ***
Total pot $2 | Rake $0
Seat 2: Murrrr_@T (big blind) collected ($2)
Seat 4: liza3008 (button) (small blind) folded before Flop


PokerStars Hand #156846589117:  Hold'em Limit ($3/$6 USD) - 2016/08/04 6:50:14 ET
Table 'Timandra' 6-max Seat #4 is the button
Seat 2: Murrrr_@T ($177.55 in chips)
Seat 4: liza3008 ($123.60 in chips)
liza3008: posts small blind $1
Murrrr_@T: posts big blind $3
*** HOLE CARDS ***
liza3008: raises $3 to $6
Murrrr_@T: folds
Uncalled bet ($3) returned to liza3008
liza3008 collected $6 from pot
liza3008: doesn't show hand
*** SUMMARY ***
Total pot $6 | Rake $0
Seat 2: Murrrr_@T (big blind) folded before Flop
Seat 4: liza3008 (button) (small blind) collected ($6)


PokerStars Hand #156846585720:  Hold'em Limit ($3/$6 USD) - 2016/08/04 6:50:05 ET
Table 'Timandra' 6-max Seat #2 is the button
Seat 2: Murrrr_@T ($171.79 in chips)
Seat 4: liza3008 ($129.60 in chips)
Murrrr_@T: posts small blind $1
liza3008: posts big blind $3
*** HOLE CARDS ***
Murrrr_@T: raises $3 to $6
liza3008: calls $3
*** FLOP *** [Qh 8h 9h]
liza3008: checks
Murrrr_@T: bets $3
liza3008: folds
Uncalled bet ($3) returned to Murrrr_@T
Murrrr_@T collected $11.76 from pot
Murrrr_@T: doesn't show hand
*** SUMMARY ***
Total pot $12 | Rake $0.24
Board [Qh 8h 9h]
Seat 2: Murrrr_@T (button) (small blind) collected ($11.76)
Seat 4: liza3008 (big blind) folded on the Flop


PokerStars Hand #156846591657:  Hold'em Limit ($3/$6 USD) - 2016/08/04 6:50:20 ET
Table 'Timandra' 6-max Seat #2 is the button
Seat 2: Murrrr_@T ($174.55 in chips)
Seat 4: liza3008 ($126.60 in chips)
Murrrr_@T: posts small blind $1
liza3008: posts big blind $3
*** HOLE CARDS ***
Murrrr_@T: raises $3 to $6
liza3008: calls $3
*** FLOP *** [Kc Ts Qs]
liza3008: checks
Murrrr_@T: checks
*** TURN *** [Kc Ts Qs] [2s]
liza3008: checks
Murrrr_@T: bets $6
liza3008: folds
Uncalled bet ($6) returned to Murrrr_@T
Murrrr_@T collected $11.76 from pot
Murrrr_@T: doesn't show hand
*** SUMMARY ***
Total pot $12 | Rake $0.24
Board [Kc Ts Qs 2s]
Seat 2: Murrrr_@T (button) (small blind) collected ($11.76)
Seat 4: liza3008 (big blind) folded on the Turn


PokerStars Hand #156846597236:  Hold'em Limit ($3/$6 USD) - 2016/08/04 6:50:34 ET
Table 'Timandra' 6-max Seat #4 is the button
Seat 2: Murrrr_@T ($180.31 in chips)
Seat 4: liza3008 ($120.60 in chips)
liza3008: posts small blind $1
Murrrr_@T: posts big blind $3
*** HOLE CARDS ***
liza3008: raises $3 to $6
Murrrr_@T: calls $3
*** FLOP *** [Ad 5h 4s]
Murrrr_@T: checks
liza3008: bets $3
Murrrr_@T: raises $3 to $6
liza3008: calls $3
*** TURN *** [Ad 5h 4s] [5d]
Murrrr_@T: bets $6
liza3008: folds
Uncalled bet ($6) returned to Murrrr_@T
Murrrr_@T collected $23.52 from pot
Murrrr_@T: doesn't show hand
*** SUMMARY ***
Total pot $24 | Rake $0.48
Board [Ad 5h 4s 5d]
Seat 2: Murrrr_@T (big blind) collected ($23.52)
Seat 4: liza3008 (button) (small blind) folded on the Turn


PokerStars Hand #156846602832:  Hold'em Limit ($3/$6 USD) - 2016/08/04 6:50:48 ET
Table 'Timandra' 6-max Seat #2 is the button
Seat 2: Murrrr_@T ($191.83 in chips)
Seat 4: liza3008 ($108.60 in chips)
Murrrr_@T: posts small blind $1
liza3008: posts big blind $3
*** HOLE CARDS ***
Murrrr_@T: raises $3 to $6
liza3008: calls $3
*** FLOP *** [Jc 5s Qd]
liza3008: checks
Murrrr_@T: bets $3
liza3008: calls $3
*** TURN *** [Jc 5s Qd] [Tc]
liza3008: checks
Murrrr_@T: bets $6
liza3008: calls $6
*** RIVER *** [Jc 5s Qd Tc] [9h]
liza3008: bets $6
Murrrr_@T: calls $6
*** SHOW DOWN ***
liza3008: shows [Th Kd] (a straight, Nine to King)
Murrrr_@T: mucks hand
liza3008 collected $41.50 from pot
*** SUMMARY ***
Total pot $42 | Rake $0.50
Board [Jc 5s Qd Tc 9h]
Seat 2: Murrrr_@T (button) (small blind) mucked
Seat 4: liza3008 (big blind) showed [Th Kd] and won ($41.50) with a straight, Nine to King


PokerStars Hand #156846609494:  Hold'em Limit ($3/$6 USD) - 2016/08/04 6:51:04 ET
Table 'Timandra' 6-max Seat #4 is the button
Seat 2: Murrrr_@T ($170.83 in chips)
Seat 4: liza3008 ($129.10 in chips)
liza3008: posts small blind $1
Murrrr_@T: posts big blind $3
*** HOLE CARDS ***
liza3008: raises $3 to $6
Murrrr_@T: raises $3 to $9
liza3008: calls $3
*** FLOP *** [Ts 6c 8s]
Murrrr_@T: bets $3
liza3008: calls $3
*** TURN *** [Ts 6c 8s] [5h]
Murrrr_@T: bets $6
liza3008: folds
Uncalled bet ($6) returned to Murrrr_@T
Murrrr_@T collected $23.52 from pot
Murrrr_@T: doesn't show hand
*** SUMMARY ***
Total pot $24 | Rake $0.48
Board [Ts 6c 8s 5h]
Seat 2: Murrrr_@T (big blind) collected ($23.52)
Seat 4: liza3008 (button) (small blind) folded on the Turn


PokerStars Hand #156846613901:  Hold'em Limit ($3/$6 USD) - 2016/08/04 6:51:15 ET
Table 'Timandra' 6-max Seat #2 is the button
Seat 2: Murrrr_@T ($182.35 in chips)
Seat 4: liza3008 ($117.10 in chips)
Murrrr_@T: posts small blind $1
liza3008: posts big blind $3
*** HOLE CARDS ***
Murrrr_@T: raises $3 to $6
liza3008: calls $3
*** FLOP *** [4s 6s Qd]
liza3008: checks
Murrrr_@T: bets $3
liza3008: calls $3
*** TURN *** [4s 6s Qd] [Jc]
liza3008: checks
Murrrr_@T: bets $6
liza3008: raises $6 to $12
Murrrr_@T: calls $6
*** RIVER *** [4s 6s Qd Jc] [7h]
liza3008: bets $6
Murrrr_@T: folds
Uncalled bet ($6) returned to liza3008
liza3008 collected $41.50 from pot
liza3008: doesn't show hand
*** SUMMARY ***
Total pot $42 | Rake $0.50
Board [4s 6s Qd Jc 7h]
Seat 2: Murrrr_@T (button) (small blind) folded on the River
Seat 4: liza3008 (big blind) collected ($41.50)


PokerStars Hand #156846624296:  Hold'em Limit ($3/$6 USD) - 2016/08/04 6:51:41 ET
Table 'Timandra' 6-max Seat #4 is the button
Seat 2: Murrrr_@T ($161.35 in chips)
Seat 4: liza3008 ($137.60 in chips)
liza3008: posts small blind $1
Murrrr_@T: posts big blind $3
*** HOLE CARDS ***
liza3008: folds
Uncalled bet ($2) returned to Murrrr_@T
Murrrr_@T collected $2 from pot
Murrrr_@T: doesn't show hand
*** SUMMARY ***
Total pot $2 | Rake $0
Seat 2: Murrrr_@T (big blind) collected ($2)
Seat 4: liza3008 (button) (small blind) folded before Flop


PokerStars Hand #156846626081:  Hold'em Limit ($3/$6 USD) - 2016/08/04 6:51:45 ET
Table 'Timandra' 6-max Seat #2 is the button
Seat 2: Murrrr_@T ($162.35 in chips)
Seat 4: liza3008 ($136.60 in chips)
Murrrr_@T: posts small blind $1
liza3008: posts big blind $3
*** HOLE CARDS ***
Murrrr_@T: raises $3 to $6
liza3008: calls $3
*** FLOP *** [Qs 4s 5c]
liza3008: checks
Murrrr_@T: bets $3
liza3008: calls $3
*** TURN *** [Qs 4s 5c] [2c]
liza3008: checks
Murrrr_@T: bets $6
liza3008: raises $6 to $12
Murrrr_@T: calls $6
*** RIVER *** [Qs 4s 5c 2c] [6s]
liza3008: bets $6
Murrrr_@T: folds
Uncalled bet ($6) returned to liza3008
liza3008 collected $41.50 from pot
liza3008: doesn't show hand
*** SUMMARY ***
Total pot $42 | Rake $0.50
Board [Qs 4s 5c 2c 6s]
Seat 2: Murrrr_@T (button) (small blind) folded on the River
Seat 4: liza3008 (big blind) collected ($41.50)


PokerStars Hand #156846635038:  Hold'em Limit ($3/$6 USD) - 2016/08/04 6:52:07 ET
Table 'Timandra' 6-max Seat #4 is the button
Seat 2: Murrrr_@T ($141.35 in chips)
Seat 4: liza3008 ($157.10 in chips)
liza3008: posts small blind $1
Murrrr_@T: posts big blind $3
*** HOLE CARDS ***
liza3008: raises $3 to $6
Murrrr_@T: calls $3
*** FLOP *** [8h Kc Qc]
Murrrr_@T: checks
liza3008: bets $3
Murrrr_@T: folds
Uncalled bet ($3) returned to liza3008
liza3008 collected $11.76 from pot
liza3008: doesn't show hand
*** SUMMARY ***
Total pot $12 | Rake $0.24
Board [8h Kc Qc]
Seat 2: Murrrr_@T (big blind) folded on the Flop
Seat 4: liza3008 (button) (small blind) collected ($11.76)


PokerStars Hand #156846638448:  Hold'em Limit ($3/$6 USD) - 2016/08/04 6:52:16 ET
Table 'Timandra' 6-max Seat #2 is the button
Seat 2: Murrrr_@T ($135.35 in chips)
Seat 4: liza3008 ($162.86 in chips)
Murrrr_@T: posts small blind $1
liza3008: posts big blind $3
*** HOLE CARDS ***
Murrrr_@T: raises $3 to $6
liza3008: calls $3
*** FLOP *** [7h Td Qs]
liza3008: checks
Murrrr_@T: checks
*** TURN *** [7h Td Qs] [2h]
liza3008: checks
Murrrr_@T: bets $6
liza3008: calls $6
*** RIVER *** [7h Td Qs 2h] [3c]
liza3008: checks
Murrrr_@T: bets $6
liza3008: folds
Uncalled bet ($6) returned to Murrrr_@T
Murrrr_@T collected $23.52 from pot
Murrrr_@T: doesn't show hand
*** SUMMARY ***
Total pot $24 | Rake $0.48
Board [7h Td Qs 2h 3c]
Seat 2: Murrrr_@T (button) (small blind) collected ($23.52)
Seat 4: liza3008 (big blind) folded on the River


PokerStars Hand #156846644849:  Hold'em Limit ($3/$6 USD) - 2016/08/04 6:52:32 ET
Table 'Timandra' 6-max Seat #4 is the button
Seat 2: Murrrr_@T ($146.87 in chips)
Seat 4: liza3008 ($150.86 in chips)
liza3008: posts small blind $1
Murrrr_@T: posts big blind $3
*** HOLE CARDS ***
liza3008: raises $3 to $6
Murrrr_@T: raises $3 to $9
liza3008: calls $3
*** FLOP *** [6c Td 5h]
Murrrr_@T: bets $3
liza3008: calls $3
*** TURN *** [6c Td 5h] [9c]
Murrrr_@T: bets $6
liza3008: folds
Uncalled bet ($6) returned to Murrrr_@T
Murrrr_@T collected $23.52 from pot
Murrrr_@T: doesn't show hand
*** SUMMARY ***
Total pot $24 | Rake $0.48
Board [6c Td 5h 9c]
Seat 2: Murrrr_@T (big blind) collected ($23.52)
Seat 4: liza3008 (button) (small blind) folded on the Turn


PokerStars Hand #156846649080:  Hold'em Limit ($3/$6 USD) - 2016/08/04 6:52:42 ET
Table 'Timandra' 6-max Seat #2 is the button
Seat 2: Murrrr_@T ($158.39 in chips)
Seat 4: liza3008 ($138.86 in chips)
Murrrr_@T: posts small blind $1
liza3008: posts big blind $3
*** HOLE CARDS ***
Murrrr_@T: raises $3 to $6
liza3008: calls $3
*** FLOP *** [Ad 4s Kc]
liza3008: checks
Murrrr_@T: bets $3
liza3008: folds
Uncalled bet ($3) returned to Murrrr_@T
Murrrr_@T collected $11.76 from pot
Murrrr_@T: doesn't show hand
*** SUMMARY ***
Total pot $12 | Rake $0.24
Board [Ad 4s Kc]
Seat 2: Murrrr_@T (button) (small blind) collected ($11.76)
Seat 4: liza3008 (big blind) folded on the Flop


PokerStars Hand #156846652881:  Hold'em Limit ($3/$6 USD) - 2016/08/04 6:52:52 ET
Table 'Timandra' 6-max Seat #4 is the button
Seat 2: Murrrr_@T ($164.15 in chips)
Seat 4: liza3008 ($132.86 in chips)
liza3008: posts small blind $1
Murrrr_@T: posts big blind $3
*** HOLE CARDS ***
liza3008: raises $3 to $6
Murrrr_@T: calls $3
*** FLOP *** [5h Jd 8h]
Murrrr_@T: checks
liza3008: bets $3
Murrrr_@T: calls $3
*** TURN *** [5h Jd 8h] [6d]
Murrrr_@T: checks
liza3008: bets $6
Murrrr_@T: raises $6 to $12
liza3008: folds
Uncalled bet ($6) returned to Murrrr_@T
Murrrr_@T collected $29.50 from pot
Murrrr_@T: doesn't show hand
*** SUMMARY ***
Total pot $30 | Rake $0.50
Board [5h Jd 8h 6d]
Seat 2: Murrrr_@T (big blind) collected ($29.50)
Seat 4: liza3008 (button) (small blind) folded on the Turn


PokerStars Hand #156846660483:  Hold'em Limit ($3/$6 USD) - 2016/08/04 6:53:11 ET
Table 'Timandra' 6-max Seat #2 is the button
Seat 2: Murrrr_@T ($178.65 in chips)
Seat 4: liza3008 ($117.86 in chips)
Murrrr_@T: posts small blind $1
liza3008: posts big blind $3
*** HOLE CARDS ***
Murrrr_@T: raises $3 to $6
liza3008: raises $3 to $9
Murrrr_@T: calls $3
*** FLOP *** [6c Ad 4d]
liza3008: bets $3
Murrrr_@T: calls $3
*** TURN *** [6c Ad 4d] [7d]
liza3008: bets $6
Murrrr_@T: calls $6
*** RIVER *** [6c Ad 4d 7d] [2c]
liza3008: bets $6
Murrrr_@T: folds
Uncalled bet ($6) returned to liza3008
liza3008 collected $35.50 from pot
liza3008: doesn't show hand
*** SUMMARY ***
Total pot $36 | Rake $0.50
Board [6c Ad 4d 7d 2c]
Seat 2: Murrrr_@T (button) (small blind) folded on the River
Seat 4: liza3008 (big blind) collected ($35.50)


PokerStars Hand #156846673680:  Hold'em Limit ($3/$6 USD) - 2016/08/04 6:53:43 ET
Table 'Timandra' 6-max Seat #2 is the button
Seat 2: Murrrr_@T ($181.15 in chips)
Seat 4: liza3008 ($114.36 in chips)
Murrrr_@T: posts small blind $1
liza3008: posts big blind $3
*** HOLE CARDS ***
Murrrr_@T: raises $3 to $6
liza3008: folds
Uncalled bet ($3) returned to Murrrr_@T
Murrrr_@T collected $6 from pot
Murrrr_@T: doesn't show hand
*** SUMMARY ***
Total pot $6 | Rake $0
Seat 2: Murrrr_@T (button) (small blind) collected ($6)
Seat 4: liza3008 (big blind) folded before Flop


PokerStars Hand #156846666845:  Hold'em Limit ($3/$6 USD) - 2016/08/04 6:53:26 ET
Table 'Timandra' 6-max Seat #4 is the button
Seat 2: Murrrr_@T ($160.65 in chips)
Seat 4: liza3008 ($135.36 in chips)
liza3008: posts small blind $1
Murrrr_@T: posts big blind $3
*** HOLE CARDS ***
liza3008: raises $3 to $6
Murrrr_@T: calls $3
*** FLOP *** [6s As 5c]
Murrrr_@T: checks
liza3008: bets $3
Murrrr_@T: calls $3
*** TURN *** [6s As 5c] [Ac]
Murrrr_@T: checks
liza3008: bets $6
Murrrr_@T: calls $6
*** RIVER *** [6s As 5c Ac] [7d]
Murrrr_@T: checks
liza3008: bets $6
Murrrr_@T: calls $6
*** SHOW DOWN ***
liza3008: shows [6h Ks] (two pair, Aces and Sixes)
Murrrr_@T: shows [5h 7c] (two pair, Aces and Sevens)
Murrrr_@T collected $41.50 from pot
*** SUMMARY ***
Total pot $42 | Rake $0.50
Board [6s As 5c Ac 7d]
Seat 2: Murrrr_@T (big blind) showed [5h 7c] and won ($41.50) with two pair, Aces and Sevens
Seat 4: liza3008 (button) (small blind) showed [6h Ks] and lost with two pair, Aces and Sixes


PokerStars Hand #156846676619:  Hold'em Limit ($3/$6 USD) - 2016/08/04 6:53:50 ET
Table 'Timandra' 6-max Seat #4 is the button
Seat 2: Murrrr_@T ($184.15 in chips)
Seat 4: liza3008 ($111.36 in chips)
liza3008: posts small blind $1
Murrrr_@T: posts big blind $3
*** HOLE CARDS ***
liza3008: raises $3 to $6
Murrrr_@T: raises $3 to $9
liza3008: calls $3
*** FLOP *** [8d Td Th]
Murrrr_@T: bets $3
liza3008: calls $3
*** TURN *** [8d Td Th] [7c]
Murrrr_@T: bets $6
liza3008: calls $6
*** RIVER *** [8d Td Th 7c] [Qc]
Murrrr_@T: bets $6
liza3008: folds
Uncalled bet ($6) returned to Murrrr_@T
Murrrr_@T collected $35.50 from pot
Murrrr_@T: doesn't show hand
*** SUMMARY ***
Total pot $36 | Rake $0.50
Board [8d Td Th 7c Qc]
Seat 2: Murrrr_@T (big blind) collected ($35.50)
Seat 4: liza3008 (button) (small blind) folded on the River


PokerStars Hand #156846701618:  Hold'em Limit ($3/$6 USD) - 2016/08/04 6:54:52 ET
Table 'Timandra' 6-max Seat #4 is the button
Seat 2: Murrrr_@T ($208.15 in chips)
Seat 4: liza3008 ($85.86 in chips)
liza3008: posts small blind $1
Murrrr_@T: posts big blind $3
*** HOLE CARDS ***
liza3008: raises $3 to $6
Murrrr_@T: calls $3
*** FLOP *** [Ad 8c Jc]
Murrrr_@T: checks
liza3008: bets $3
Murrrr_@T: folds
Uncalled bet ($3) returned to liza3008
liza3008 collected $11.76 from pot
liza3008: doesn't show hand
*** SUMMARY ***
Total pot $12 | Rake $0.24
Board [Ad 8c Jc]
Seat 2: Murrrr_@T (big blind) folded on the Flop
Seat 4: liza3008 (button) (small blind) collected ($11.76)


PokerStars Hand #156846690156:  Hold'em Limit ($3/$6 USD) - 2016/08/04 6:54:24 ET
Table 'Timandra' 6-max Seat #4 is the button
Seat 2: Murrrr_@T ($186.65 in chips)
Seat 4: liza3008 ($107.86 in chips)
liza3008: posts small blind $1
Murrrr_@T: posts big blind $3
*** HOLE CARDS ***
liza3008: folds
Uncalled bet ($2) returned to Murrrr_@T
Murrrr_@T collected $2 from pot
Murrrr_@T: doesn't show hand
*** SUMMARY ***
Total pot $2 | Rake $0
Seat 2: Murrrr_@T (big blind) collected ($2)
Seat 4: liza3008 (button) (small blind) folded before Flop


PokerStars Hand #156846682663:  Hold'em Limit ($3/$6 USD) - 2016/08/04 6:54:05 ET
Table 'Timandra' 6-max Seat #2 is the button
Seat 2: Murrrr_@T ($201.65 in chips)
Seat 4: liza3008 ($93.36 in chips)
Murrrr_@T: posts small blind $1
liza3008: posts big blind $3
*** HOLE CARDS ***
Murrrr_@T: raises $3 to $6
liza3008: calls $3
*** FLOP *** [Kh Th Qc]
liza3008: checks
Murrrr_@T: bets $3
liza3008: calls $3
*** TURN *** [Kh Th Qc] [4s]
liza3008: checks
Murrrr_@T: checks
*** RIVER *** [Kh Th Qc 4s] [6s]
liza3008: bets $6
Murrrr_@T: calls $6
*** SHOW DOWN ***
liza3008: shows [Kd 9c] (a pair of Kings)
Murrrr_@T: mucks hand
liza3008 collected $29.50 from pot
*** SUMMARY ***
Total pot $30 | Rake $0.50
Board [Kh Th Qc 4s 6s]
Seat 2: Murrrr_@T (button) (small blind) mucked
Seat 4: liza3008 (big blind) showed [Kd 9c] and won ($29.50) with a pair of Kings


PokerStars Hand #156846692169:  Hold'em Limit ($3/$6 USD) - 2016/08/04 6:54:29 ET
Table 'Timandra' 6-max Seat #2 is the button
Seat 2: Murrrr_@T ($187.65 in chips)
Seat 4: liza3008 ($106.86 in chips)
Murrrr_@T: posts small blind $1
liza3008: posts big blind $3
*** HOLE CARDS ***
Murrrr_@T: raises $3 to $6
liza3008: calls $3
*** FLOP *** [4s 4h 4c]
liza3008: checks
Murrrr_@T: bets $3
liza3008: calls $3
*** TURN *** [4s 4h 4c] [As]
liza3008: checks
Murrrr_@T: bets $6
liza3008: calls $6
*** RIVER *** [4s 4h 4c As] [3h]
liza3008: checks
Murrrr_@T: bets $6
liza3008: calls $6
*** SHOW DOWN ***
Murrrr_@T: shows [Ad 7c] (a full house, Fours full of Aces)
liza3008: mucks hand
Murrrr_@T collected $41.50 from pot
*** SUMMARY ***
Total pot $42 | Rake $0.50
Board [4s 4h 4c As 3h]
Seat 2: Murrrr_@T (button) (small blind) showed [Ad 7c] and won ($41.50) with a full house, Fours full of Aces
Seat 4: liza3008 (big blind) mucked


PokerStars Hand #156846711701:  Hold'em Limit ($3/$6 USD) - 2016/08/04 6:55:18 ET
Table 'Timandra' 6-max Seat #2 is the button
Seat 2: Murrrr_@T ($202.15 in chips)
Seat 4: liza3008 ($91.62 in chips)
Murrrr_@T: posts small blind $1
liza3008: posts big blind $3
*** HOLE CARDS ***
Murrrr_@T: raises $3 to $6
liza3008: folds
Uncalled bet ($3) returned to Murrrr_@T
Murrrr_@T collected $6 from pot
Murrrr_@T: doesn't show hand
*** SUMMARY ***
Total pot $6 | Rake $0
Seat 2: Murrrr_@T (button) (small blind) collected ($6)
Seat 4: liza3008 (big blind) folded before Flop


PokerStars Hand #156846713616:  Hold'em Limit ($3/$6 USD) - 2016/08/04 6:55:24 ET
Table 'Timandra' 6-max Seat #4 is the button
Seat 2: Murrrr_@T ($205.15 in chips)
Seat 4: liza3008 ($88.62 in chips)
liza3008: posts small blind $1
Murrrr_@T: posts big blind $3
*** HOLE CARDS ***
liza3008: raises $3 to $6
Murrrr_@T: calls $3
*** FLOP *** [Qd Ts 2s]
Murrrr_@T: checks
liza3008: checks
*** TURN *** [Qd Ts 2s] [7d]
Murrrr_@T: checks
liza3008: checks
*** RIVER *** [Qd Ts 2s 7d] [5s]
Murrrr_@T: checks
liza3008: checks
*** SHOW DOWN ***
Murrrr_@T: shows [4h Kh] (high card King)
liza3008: shows [Ac 8d] (high card Ace)
liza3008 collected $11.76 from pot
*** SUMMARY ***
Total pot $12 | Rake $0.24
Board [Qd Ts 2s 7d 5s]
Seat 2: Murrrr_@T (big blind) showed [4h Kh] and lost with high card King
Seat 4: liza3008 (button) (small blind) showed [Ac 8d] and won ($11.76) with high card Ace


PokerStars Hand #156846719035:  Hold'em Limit ($3/$6 USD) - 2016/08/04 6:55:39 ET
Table 'Timandra' 6-max Seat #2 is the button
Seat 2: Murrrr_@T ($199.15 in chips)
Seat 4: liza3008 ($94.38 in chips)
Murrrr_@T: posts small blind $1
liza3008: posts big blind $3
*** HOLE CARDS ***
Murrrr_@T: raises $3 to $6
liza3008: calls $3
*** FLOP *** [Kh 9s 4c]
liza3008: checks
Murrrr_@T: bets $3
liza3008: calls $3
*** TURN *** [Kh 9s 4c] [3h]
liza3008: checks
Murrrr_@T: bets $6
liza3008: calls $6
*** RIVER *** [Kh 9s 4c 3h] [Qc]
liza3008: checks
Murrrr_@T: bets $6
liza3008: folds
Uncalled bet ($6) returned to Murrrr_@T
Murrrr_@T collected $29.50 from pot
Murrrr_@T: doesn't show hand
*** SUMMARY ***
Total pot $30 | Rake $0.50
Board [Kh 9s 4c 3h Qc]
Seat 2: Murrrr_@T (button) (small blind) collected ($29.50)
Seat 4: liza3008 (big blind) folded on the River


PokerStars Hand #156846731471:  Hold'em Limit ($3/$6 USD) - 2016/08/04 6:56:13 ET
Table 'Timandra' 6-max Seat #2 is the button
Seat 2: Murrrr_@T ($222.29 in chips)
Seat 4: liza3008 ($70.38 in chips)
Murrrr_@T: posts small blind $1
liza3008: posts big blind $3
*** HOLE CARDS ***
Murrrr_@T: raises $3 to $6
liza3008: calls $3
*** FLOP *** [4d 9c 6h]
liza3008: checks
Murrrr_@T: bets $3
liza3008: folds
Uncalled bet ($3) returned to Murrrr_@T
Murrrr_@T collected $11.76 from pot
Murrrr_@T: doesn't show hand
*** SUMMARY ***
Total pot $12 | Rake $0.24
Board [4d 9c 6h]
Seat 2: Murrrr_@T (button) (small blind) collected ($11.76)
Seat 4: liza3008 (big blind) folded on the Flop


PokerStars Hand #156846724960:  Hold'em Limit ($3/$6 USD) - 2016/08/04 6:55:55 ET
Table 'Timandra' 6-max Seat #4 is the button
Seat 2: Murrrr_@T ($213.65 in chips)
Seat 4: liza3008 ($79.38 in chips)
liza3008: posts small blind $1
Murrrr_@T: posts big blind $3
*** HOLE CARDS ***
liza3008: raises $3 to $6
Murrrr_@T: raises $3 to $9
liza3008: calls $3
*** FLOP *** [As 2d 6c]
Murrrr_@T: bets $3
liza3008: folds
Uncalled bet ($3) returned to Murrrr_@T
Murrrr_@T collected $17.64 from pot
Murrrr_@T: doesn't show hand
*** SUMMARY ***
Total pot $18 | Rake $0.36
Board [As 2d 6c]
Seat 2: Murrrr_@T (big blind) collected ($17.64)
Seat 4: liza3008 (button) (small blind) folded on the Flop


PokerStars Hand #156846734677:  Hold'em Limit ($3/$6 USD) - 2016/08/04 6:56:22 ET
Table 'Timandra' 6-max Seat #4 is the button
Seat 2: Murrrr_@T ($228.05 in chips)
Seat 4: liza3008 ($64.38 in chips)
liza3008: posts small blind $1
Murrrr_@T: posts big blind $3
*** HOLE CARDS ***
liza3008: folds
Uncalled bet ($2) returned to Murrrr_@T
Murrrr_@T collected $2 from pot
Murrrr_@T: doesn't show hand
*** SUMMARY ***
Total pot $2 | Rake $0
Seat 2: Murrrr_@T (big blind) collected ($2)
Seat 4: liza3008 (button) (small blind) folded before Flop


PokerStars Hand #156846747487:  Hold'em Limit ($3/$6 USD) - 2016/08/04 6:56:58 ET
Table 'Timandra' 6-max Seat #2 is the button
Seat 2: Murrrr_@T ($237.55 in chips)
Seat 4: liza3008 ($54.14 in chips)
Murrrr_@T: posts small blind $1
liza3008: posts big blind $3
*** HOLE CARDS ***
Murrrr_@T: raises $3 to $6
liza3008: calls $3
*** FLOP *** [5c 7h Jh]
liza3008: checks
Murrrr_@T: bets $3
liza3008: calls $3
*** TURN *** [5c 7h Jh] [Jd]
liza3008: checks
Murrrr_@T: bets $6
liza3008: folds
Uncalled bet ($6) returned to Murrrr_@T
Murrrr_@T collected $17.64 from pot
Murrrr_@T: doesn't show hand
*** SUMMARY ***
Total pot $18 | Rake $0.36
Board [5c 7h Jh Jd]
Seat 2: Murrrr_@T (button) (small blind) collected ($17.64)
Seat 4: liza3008 (big blind) folded on the Turn


PokerStars Hand #156846736432:  Hold'em Limit ($3/$6 USD) - 2016/08/04 6:56:27 ET
Table 'Timandra' 6-max Seat #2 is the button
Seat 2: Murrrr_@T ($229.05 in chips)
Seat 4: liza3008 ($63.38 in chips)
Murrrr_@T: posts small blind $1
liza3008: posts big blind $3
*** HOLE CARDS ***
Murrrr_@T: raises $3 to $6
liza3008: calls $3
*** FLOP *** [9h 5s 3s]
liza3008: checks
Murrrr_@T: bets $3
liza3008: calls $3
*** TURN *** [9h 5s 3s] [Ac]
liza3008: checks
Murrrr_@T: checks
*** RIVER *** [9h 5s 3s Ac] [Qc]
liza3008: bets $6
Murrrr_@T: calls $6
*** SHOW DOWN ***
liza3008: shows [2d Jd] (high card Ace)
Murrrr_@T: shows [7h Qh] (a pair of Queens)
Murrrr_@T collected $29.50 from pot
*** SUMMARY ***
Total pot $30 | Rake $0.50
Board [9h 5s 3s Ac Qc]
Seat 2: Murrrr_@T (button) (small blind) showed [7h Qh] and won ($29.50) with a pair of Queens
Seat 4: liza3008 (big blind) showed [2d Jd] and lost with high card Ace


PokerStars Hand #156846741053:  Hold'em Limit ($3/$6 USD) - 2016/08/04 6:56:40 ET
Table 'Timandra' 6-max Seat #4 is the button
Seat 2: Murrrr_@T ($243.55 in chips)
Seat 4: liza3008 ($48.38 in chips)
liza3008: posts small blind $1
Murrrr_@T: posts big blind $3
*** HOLE CARDS ***
liza3008: raises $3 to $6
Murrrr_@T: calls $3
*** FLOP *** [9h Td Tc]
Murrrr_@T: checks
liza3008: checks
*** TURN *** [9h Td Tc] [Kh]
Murrrr_@T: checks
liza3008: checks
*** RIVER *** [9h Td Tc Kh] [2d]
Murrrr_@T: checks
liza3008: bets $6
Murrrr_@T: folds
Uncalled bet ($6) returned to liza3008
liza3008 collected $11.76 from pot
liza3008: doesn't show hand
*** SUMMARY ***
Total pot $12 | Rake $0.24
Board [9h Td Tc Kh 2d]
Seat 2: Murrrr_@T (big blind) folded on the River
Seat 4: liza3008 (button) (small blind) collected ($11.76)


PokerStars Hand #156846752406:  Hold'em Limit ($3/$6 USD) - 2016/08/04 6:57:11 ET
Table 'Timandra' 6-max Seat #4 is the button
Seat 2: Murrrr_@T ($246.19 in chips)
Seat 4: liza3008 ($45.14 in chips)
liza3008: posts small blind $1
Murrrr_@T: posts big blind $3
*** HOLE CARDS ***
liza3008: raises $3 to $6
Murrrr_@T: raises $3 to $9
liza3008: calls $3
*** FLOP *** [Jh 3c Ks]
Murrrr_@T: bets $3
liza3008: calls $3
*** TURN *** [Jh 3c Ks] [6d]
Murrrr_@T: checks
liza3008: bets $6
Murrrr_@T: folds
Uncalled bet ($6) returned to liza3008
liza3008 collected $23.52 from pot
liza3008: doesn't show hand
*** SUMMARY ***
Total pot $24 | Rake $0.48
Board [Jh 3c Ks 6d]
Seat 2: Murrrr_@T (big blind) folded on the Turn
Seat 4: liza3008 (button) (small blind) collected ($23.52)


PokerStars Hand #156846764253:  Hold'em Limit ($3/$6 USD) - 2016/08/04 6:57:44 ET
Table 'Timandra' 6-max Seat #4 is the button
Seat 2: Murrrr_@T ($248.69 in chips)
Seat 4: liza3008 ($41.66 in chips)
liza3008: posts small blind $1
Murrrr_@T: posts big blind $3
*** HOLE CARDS ***
liza3008: raises $3 to $6
Murrrr_@T: calls $3
*** FLOP *** [Tc 6d Kh]
Murrrr_@T: checks
liza3008: bets $3
Murrrr_@T: calls $3
*** TURN *** [Tc 6d Kh] [8d]
Murrrr_@T: checks
liza3008: bets $6
Murrrr_@T: calls $6
*** RIVER *** [Tc 6d Kh 8d] [6c]
Murrrr_@T: checks
liza3008: checks
*** SHOW DOWN ***
Murrrr_@T: shows [4h 7h] (a pair of Sixes)
liza3008: shows [8c Ah] (two pair, Eights and Sixes)
liza3008 collected $29.50 from pot
*** SUMMARY ***
Total pot $30 | Rake $0.50
Board [Tc 6d Kh 8d 6c]
Seat 2: Murrrr_@T (big blind) showed [4h 7h] and lost with a pair of Sixes
Seat 4: liza3008 (button) (small blind) showed [8c Ah] and won ($29.50) with two pair, Eights and Sixes


PokerStars Hand #156846773177:  Hold'em Limit ($3/$6 USD) - 2016/08/04 6:58:08 ET
Table 'Timandra' 6-max Seat #4 is the button
Seat 2: Murrrr_@T ($224.69 in chips)
Seat 4: liza3008 ($64.80 in chips)
liza3008: posts small blind $1
Murrrr_@T: posts big blind $3
*** HOLE CARDS ***
liza3008: folds
Uncalled bet ($2) returned to Murrrr_@T
Murrrr_@T collected $2 from pot
Murrrr_@T: doesn't show hand
*** SUMMARY ***
Total pot $2 | Rake $0
Seat 2: Murrrr_@T (big blind) collected ($2)
Seat 4: liza3008 (button) (small blind) folded before Flop


PokerStars Hand #156846769679:  Hold'em Limit ($3/$6 USD) - 2016/08/04 6:57:59 ET
Table 'Timandra' 6-max Seat #2 is the button
Seat 2: Murrrr_@T ($233.69 in chips)
Seat 4: liza3008 ($56.16 in chips)
Murrrr_@T: posts small blind $1
liza3008: posts big blind $3
*** HOLE CARDS ***
Murrrr_@T: raises $3 to $6
liza3008: calls $3
*** FLOP *** [Qh 6d Qs]
liza3008: checks
Murrrr_@T: bets $3
liza3008: raises $3 to $6
Murrrr_@T: folds
Uncalled bet ($3) returned to liza3008
liza3008 collected $17.64 from pot
liza3008: doesn't show hand
*** SUMMARY ***
Total pot $18 | Rake $0.36
Board [Qh 6d Qs]
Seat 2: Murrrr_@T (button) (small blind) folded on the Flop
Seat 4: liza3008 (big blind) collected ($17.64)


PokerStars Hand #156846757984:  Hold'em Limit ($3/$6 USD) - 2016/08/04 6:57:26 ET
Table 'Timandra' 6-max Seat #2 is the button
Seat 2: Murrrr_@T ($234.19 in chips)
Seat 4: liza3008 ($56.66 in chips)
Murrrr_@T: posts small blind $1
liza3008: posts big blind $3
*** HOLE CARDS ***
Murrrr_@T: raises $3 to $6
liza3008: calls $3
*** FLOP *** [4h 5h 2c]
liza3008: checks
Murrrr_@T: bets $3
liza3008: calls $3
*** TURN *** [4h 5h 2c] [Kd]
liza3008: checks
Murrrr_@T: bets $6
liza3008: calls $6
*** RIVER *** [4h 5h 2c Kd] [2d]
liza3008: checks
Murrrr_@T: bets $6
liza3008: folds
Uncalled bet ($6) returned to Murrrr_@T
Murrrr_@T collected $29.50 from pot
Murrrr_@T: doesn't show hand
*** SUMMARY ***
Total pot $30 | Rake $0.50
Board [4h 5h 2c Kd 2d]
Seat 2: Murrrr_@T (button) (small blind) collected ($29.50)
Seat 4: liza3008 (big blind) folded on the River


PokerStars Hand #156846774852:  Hold'em Limit ($3/$6 USD) - 2016/08/04 6:58:13 ET
Table 'Timandra' 6-max Seat #2 is the button
Seat 2: Murrrr_@T ($225.69 in chips)
Seat 4: liza3008 ($63.80 in chips)
Murrrr_@T: posts small blind $1
liza3008: posts big blind $3
*** HOLE CARDS ***
Murrrr_@T: raises $3 to $6
liza3008: calls $3
*** FLOP *** [2h Kc Ts]
liza3008: checks
Murrrr_@T: bets $3
liza3008: calls $3
*** TURN *** [2h Kc Ts] [Ad]
liza3008: checks
Murrrr_@T: checks
*** RIVER *** [2h Kc Ts Ad] [Qd]
liza3008: bets $6
Murrrr_@T: folds
Uncalled bet ($6) returned to liza3008
liza3008 collected $17.64 from pot
liza3008: doesn't show hand
*** SUMMARY ***
Total pot $18 | Rake $0.36
Board [2h Kc Ts Ad Qd]
Seat 2: Murrrr_@T (button) (small blind) folded on the River
Seat 4: liza3008 (big blind) collected ($17.64)


PokerStars Hand #156846791119:  Hold'em Limit ($3/$6 USD) - 2016/08/04 6:58:57 ET
Table 'Timandra' 6-max Seat #4 is the button
Seat 2: Murrrr_@T ($198.69 in chips)
Seat 4: liza3008 ($89.72 in chips)
liza3008: posts small blind $1
Murrrr_@T: posts big blind $3
*** HOLE CARDS ***
liza3008: raises $3 to $6
Murrrr_@T: calls $3
*** FLOP *** [Td Qc 9c]
Murrrr_@T: checks
liza3008: bets $3
Murrrr_@T: calls $3
*** TURN *** [Td Qc 9c] [9h]
Murrrr_@T: checks
liza3008: bets $6
Murrrr_@T: raises $6 to $12
liza3008: folds
Uncalled bet ($6) returned to Murrrr_@T
Murrrr_@T collected $29.50 from pot
Murrrr_@T: doesn't show hand
*** SUMMARY ***
Total pot $30 | Rake $0.50
Board [Td Qc 9c 9h]
Seat 2: Murrrr_@T (big blind) collected ($29.50)
Seat 4: liza3008 (button) (small blind) folded on the Turn


PokerStars Hand #156846796140:  Hold'em Limit ($3/$6 USD) - 2016/08/04 6:59:10 ET
Table 'Timandra' 6-max Seat #2 is the button
Seat 2: Murrrr_@T ($213.19 in chips)
Seat 4: liza3008 ($74.72 in chips)
Murrrr_@T: posts small blind $1
liza3008: posts big blind $3
*** HOLE CARDS ***
Murrrr_@T: raises $3 to $6
liza3008: calls $3
*** FLOP *** [5d Qh Ad]
liza3008: checks
Murrrr_@T: bets $3
liza3008: folds
Uncalled bet ($3) returned to Murrrr_@T
Murrrr_@T collected $11.76 from pot
Murrrr_@T: doesn't show hand
*** SUMMARY ***
Total pot $12 | Rake $0.24
Board [5d Qh Ad]
Seat 2: Murrrr_@T (button) (small blind) collected ($11.76)
Seat 4: liza3008 (big blind) folded on the Flop


PokerStars Hand #156846785927:  Hold'em Limit ($3/$6 USD) - 2016/08/04 6:58:43 ET
Table 'Timandra' 6-max Seat #2 is the button
Seat 2: Murrrr_@T ($207.69 in chips)
Seat 4: liza3008 ($81.08 in chips)
Murrrr_@T: posts small blind $1
liza3008: posts big blind $3
*** HOLE CARDS ***
Murrrr_@T: raises $3 to $6
liza3008: calls $3
*** FLOP *** [5c 6s Ac]
liza3008: checks
Murrrr_@T: bets $3
liza3008: calls $3
*** TURN *** [5c 6s Ac] [As]
liza3008: checks
Murrrr_@T: checks
*** RIVER *** [5c 6s Ac As] [8c]
liza3008: bets $6
Murrrr_@T: folds
Uncalled bet ($6) returned to liza3008
liza3008 collected $17.64 from pot
liza3008: doesn't show hand
*** SUMMARY ***
Total pot $18 | Rake $0.36
Board [5c 6s Ac As 8c]
Seat 2: Murrrr_@T (button) (small blind) folded on the River
Seat 4: liza3008 (big blind) collected ($17.64)


PokerStars Hand #156846782194:  Hold'em Limit ($3/$6 USD) - 2016/08/04 6:58:33 ET
Table 'Timandra' 6-max Seat #4 is the button
Seat 2: Murrrr_@T ($216.69 in chips)
Seat 4: liza3008 ($72.44 in chips)
liza3008: posts small blind $1
Murrrr_@T: posts big blind $3
*** HOLE CARDS ***
liza3008: raises $3 to $6
Murrrr_@T: calls $3
*** FLOP *** [4s Ac Ts]
Murrrr_@T: checks
liza3008: bets $3
Murrrr_@T: calls $3
*** TURN *** [4s Ac Ts] [Qc]
Murrrr_@T: checks
liza3008: bets $6
Murrrr_@T: folds
Uncalled bet ($6) returned to liza3008
liza3008 collected $17.64 from pot
liza3008: doesn't show hand
*** SUMMARY ***
Total pot $18 | Rake $0.36
Board [4s Ac Ts Qc]
Seat 2: Murrrr_@T (big blind) folded on the Turn
Seat 4: liza3008 (button) (small blind) collected ($17.64)


PokerStars Hand #156846814755:  Hold'em Limit ($3/$6 USD) - 2016/08/04 7:00:01 ET
Table 'Timandra' 6-max Seat #2 is the button
Seat 2: Murrrr_@T ($269.95 in chips)
Seat 4: liza3008 ($16.72 in chips)
Murrrr_@T: posts small blind $1
liza3008: posts big blind $3
*** HOLE CARDS ***
Murrrr_@T: raises $3 to $6
liza3008: raises $3 to $9
Murrrr_@T: calls $3
*** FLOP *** [7h 3d Qs]
liza3008: bets $3
Murrrr_@T: calls $3
*** TURN *** [7h 3d Qs] [Td]
hairy1961 joins the table at seat #6
liza3008: bets $4.72 and is all-in
Murrrr_@T: calls $4.72
*** RIVER *** [7h 3d Qs Td] [3s]
*** SHOW DOWN ***
liza3008: shows [Qd 9c] (two pair, Queens and Threes)
Murrrr_@T: shows [4s Qh] (two pair, Queens and Threes)
liza3008 collected $16.47 from pot
Murrrr_@T collected $16.47 from pot
*** SUMMARY ***
Total pot $33.44 | Rake $0.50
Board [7h 3d Qs Td 3s]
Seat 2: Murrrr_@T (button) (small blind) showed [4s Qh] and won ($16.47) with two pair, Queens and Threes
Seat 4: liza3008 (big blind) showed [Qd 9c] and won ($16.47) with two pair, Queens and Threes


PokerStars Hand #156846799329:  Hold'em Limit ($3/$6 USD) - 2016/08/04 6:59:19 ET
Table 'Timandra' 6-max Seat #4 is the button
Seat 2: Murrrr_@T ($218.95 in chips)
Seat 4: liza3008 ($68.72 in chips)
liza3008: posts small blind $1
Murrrr_@T: posts big blind $3
*** HOLE CARDS ***
liza3008: folds
Uncalled bet ($2) returned to Murrrr_@T
Murrrr_@T collected $2 from pot
Murrrr_@T: doesn't show hand
*** SUMMARY ***
Total pot $2 | Rake $0
Seat 2: Murrrr_@T (big blind) collected ($2)
Seat 4: liza3008 (button) (small blind) folded before Flop


PokerStars Hand #156846806670:  Hold'em Limit ($3/$6 USD) - 2016/08/04 6:59:39 ET
Table 'Timandra' 6-max Seat #4 is the button
Seat 2: Murrrr_@T ($246.45 in chips)
Seat 4: liza3008 ($40.72 in chips)
liza3008: posts small blind $1
Murrrr_@T: posts big blind $3
*** HOLE CARDS ***
liza3008: raises $3 to $6
Murrrr_@T: raises $3 to $9
liza3008: calls $3
*** FLOP *** [8d Th Qc]
Murrrr_@T: bets $3
liza3008: calls $3
*** TURN *** [8d Th Qc] [Kh]
Murrrr_@T: checks
liza3008: bets $6
Murrrr_@T: calls $6
*** RIVER *** [8d Th Qc Kh] [Jh]
Murrrr_@T: bets $6
liza3008: calls $6
*** SHOW DOWN ***
Murrrr_@T: shows [9c 9s] (a straight, Nine to King)
liza3008: mucks hand
Murrrr_@T collected $47.50 from pot
*** SUMMARY ***
Total pot $48 | Rake $0.50
Board [8d Th Qc Kh Jh]
Seat 2: Murrrr_@T (big blind) showed [9c 9s] and won ($47.50) with a straight, Nine to King
Seat 4: liza3008 (button) (small blind) mucked


PokerStars Hand #156846801067:  Hold'em Limit ($3/$6 USD) - 2016/08/04 6:59:24 ET
Table 'Timandra' 6-max Seat #2 is the button
Seat 2: Murrrr_@T ($219.95 in chips)
Seat 4: liza3008 ($67.72 in chips)
Murrrr_@T: posts small blind $1
liza3008: posts big blind $3
*** HOLE CARDS ***
Murrrr_@T: raises $3 to $6
liza3008: calls $3
*** FLOP *** [2s 9c 3h]
liza3008: checks
Murrrr_@T: bets $3
liza3008: calls $3
*** TURN *** [2s 9c 3h] [3d]
liza3008: checks
Murrrr_@T: bets $6
liza3008: raises $6 to $12
Murrrr_@T: calls $6
*** RIVER *** [2s 9c 3h 3d] [5d]
liza3008: bets $6
Murrrr_@T: calls $6
*** SHOW DOWN ***
liza3008: shows [Jd 6s] (a pair of Threes)
Murrrr_@T: shows [9d As] (two pair, Nines and Threes)
Murrrr_@T collected $53.50 from pot
*** SUMMARY ***
Total pot $54 | Rake $0.50
Board [2s 9c 3h 3d 5d]
Seat 2: Murrrr_@T (button) (small blind) showed [9d As] and won ($53.50) with two pair, Nines and Threes
Seat 4: liza3008 (big blind) showed [Jd 6s] and lost with a pair of Threes


PokerStars Hand #156846911332:  Hold'em Limit ($3/$6 USD) - 2016/08/04 7:04:02 ET
Table 'Timandra' 6-max Seat #2 is the button
Seat 2: Murrrr_@T ($288.27 in chips)
Seat 4: liza3008 ($93.59 in chips)
Murrrr_@T: posts small blind $1
liza3008: posts big blind $3
*** HOLE CARDS ***
Murrrr_@T: raises $3 to $6
liza3008: folds
Uncalled bet ($3) returned to Murrrr_@T
Murrrr_@T collected $6 from pot
Murrrr_@T: doesn't show hand
*** SUMMARY ***
Total pot $6 | Rake $0
Seat 2: Murrrr_@T (button) (small blind) collected ($6)
Seat 4: liza3008 (big blind) folded before Flop


PokerStars Hand #156846903566:  Hold'em Limit ($3/$6 USD) - 2016/08/04 7:03:43 ET
Table 'Timandra' 6-max Seat #4 is the button
Seat 2: Murrrr_@T ($252.77 in chips)
Seat 4: liza3008 ($129.59 in chips)
liza3008: posts small blind $1
Murrrr_@T: posts big blind $3
*** HOLE CARDS ***
liza3008: raises $3 to $6
Murrrr_@T: raises $3 to $9
liza3008: calls $3
*** FLOP *** [Qs 5c 5h]
Murrrr_@T: bets $3
liza3008: calls $3
*** TURN *** [Qs 5c 5h] [5d]
Murrrr_@T: bets $6
liza3008: raises $6 to $12
Murrrr_@T: raises $6 to $18
liza3008: calls $6
*** RIVER *** [Qs 5c 5h 5d] [9s]
Murrrr_@T: bets $6
liza3008: calls $6
*** SHOW DOWN ***
Murrrr_@T: shows [As Ad] (a full house, Fives full of Aces)
liza3008: mucks hand
Murrrr_@T collected $71.50 from pot
*** SUMMARY ***
Total pot $72 | Rake $0.50
Board [Qs 5c 5h 5d 9s]
Seat 2: Murrrr_@T (big blind) showed [As Ad] and won ($71.50) with a full house, Fives full of Aces
Seat 4: liza3008 (button) (small blind) mucked


PokerStars Hand #156846895276:  Hold'em Limit ($3/$6 USD) - 2016/08/04 7:03:23 ET
Table 'Timandra' 6-max Seat #4 is the button
Seat 2: Murrrr_@T ($243.13 in chips)
Seat 4: liza3008 ($139.59 in chips)
liza3008: posts small blind $1
Murrrr_@T: posts big blind $3
*** HOLE CARDS ***
liza3008: folds
Uncalled bet ($2) returned to Murrrr_@T
Murrrr_@T collected $2 from pot
Murrrr_@T: doesn't show hand
*** SUMMARY ***
Total pot $2 | Rake $0
Seat 2: Murrrr_@T (big blind) collected ($2)
Seat 4: liza3008 (button) (small blind) folded before Flop


PokerStars Hand #156846897386:  Hold'em Limit ($3/$6 USD) - 2016/08/04 7:03:28 ET
Table 'Timandra' 6-max Seat #2 is the button
Seat 2: Murrrr_@T ($244.13 in chips)
Seat 4: liza3008 ($138.59 in chips)
Murrrr_@T: posts small blind $1
liza3008: posts big blind $3
*** HOLE CARDS ***
hairy1961 leaves the table
Murrrr_@T: raises $3 to $6
liza3008: calls $3
*** FLOP *** [8c 6d 5h]
liza3008: checks
Murrrr_@T: bets $3
liza3008: calls $3
*** TURN *** [8c 6d 5h] [9c]
liza3008: checks
Murrrr_@T: checks
*** RIVER *** [8c 6d 5h 9c] [3d]
liza3008: checks
Murrrr_@T: checks
*** SHOW DOWN ***
liza3008: shows [Qd Kh] (high card King)
Murrrr_@T: shows [Ac 4d] (high card Ace)
Murrrr_@T collected $17.64 from pot
*** SUMMARY ***
Total pot $18 | Rake $0.36
Board [8c 6d 5h 9c 3d]
Seat 2: Murrrr_@T (button) (small blind) showed [Ac 4d] and won ($17.64) with high card Ace
Seat 4: liza3008 (big blind) showed [Qd Kh] and lost with high card King


PokerStars Hand #156846939213:  Hold'em Limit ($3/$6 USD) - 2016/08/04 7:05:10 ET
Table 'Timandra' 6-max Seat #4 is the button
Seat 2: Murrrr_@T ($278.77 in chips)
Seat 4: liza3008 ($101.25 in chips)
liza3008: posts small blind $1
Murrrr_@T: posts big blind $3
*** HOLE CARDS ***
liza3008: folds
Uncalled bet ($2) returned to Murrrr_@T
Murrrr_@T collected $2 from pot
Murrrr_@T: doesn't show hand
*** SUMMARY ***
Total pot $2 | Rake $0
Seat 2: Murrrr_@T (big blind) collected ($2)
Seat 4: liza3008 (button) (small blind) folded before Flop


PokerStars Hand #156846933937:  Hold'em Limit ($3/$6 USD) - 2016/08/04 7:04:57 ET
Table 'Timandra' 6-max Seat #2 is the button
Seat 2: Murrrr_@T ($290.77 in chips)
Seat 4: liza3008 ($89.73 in chips)
Murrrr_@T: posts small blind $1
liza3008: posts big blind $3
*** HOLE CARDS ***
Murrrr_@T: raises $3 to $6
liza3008: calls $3
*** FLOP *** [7d 5d Ad]
liza3008: checks
Murrrr_@T: checks
*** TURN *** [7d 5d Ad] [Qd]
liza3008: bets $6
Murrrr_@T: calls $6
*** RIVER *** [7d 5d Ad Qd] [2s]
liza3008: bets $6
Murrrr_@T: folds
Uncalled bet ($6) returned to liza3008
liza3008 collected $23.52 from pot
liza3008: doesn't show hand
*** SUMMARY ***
Total pot $24 | Rake $0.48
Board [7d 5d Ad Qd 2s]
Seat 2: Murrrr_@T (button) (small blind) folded on the River
Seat 4: liza3008 (big blind) collected ($23.52)


PokerStars Hand #156846926664:  Hold'em Limit ($3/$6 USD) - 2016/08/04 7:04:39 ET
Table 'Timandra' 6-max Seat #4 is the button
Seat 2: Murrrr_@T ($311.77 in chips)
Seat 4: liza3008 ($69.23 in chips)
liza3008: posts small blind $1
Murrrr_@T: posts big blind $3
*** HOLE CARDS ***
liza3008: raises $3 to $6
Murrrr_@T: calls $3
*** FLOP *** [8h 6d Kc]
Murrrr_@T: checks
liza3008: bets $3
Murrrr_@T: calls $3
*** TURN *** [8h 6d Kc] [Ks]
Murrrr_@T: checks
liza3008: bets $6
Murrrr_@T: calls $6
*** RIVER *** [8h 6d Kc Ks] [Qc]
Murrrr_@T: checks
liza3008: bets $6
Murrrr_@T: calls $6
*** SHOW DOWN ***
liza3008: shows [Qh Ah] (two pair, Kings and Queens)
Murrrr_@T: mucks hand
liza3008 collected $41.50 from pot
*** SUMMARY ***
Total pot $42 | Rake $0.50
Board [8h 6d Kc Ks Qc]
Seat 2: Murrrr_@T (big blind) mucked
Seat 4: liza3008 (button) (small blind) showed [Qh Ah] and won ($41.50) with two pair, Kings and Queens


PokerStars Hand #156846922205:  Hold'em Limit ($3/$6 USD) - 2016/08/04 7:04:29 ET
Table 'Timandra' 6-max Seat #2 is the button
Seat 2: Murrrr_@T ($320.77 in chips)
Seat 4: liza3008 ($60.59 in chips)
Murrrr_@T: posts small blind $1
liza3008: posts big blind $3
*** HOLE CARDS ***
Murrrr_@T: raises $3 to $6
liza3008: calls $3
*** FLOP *** [Qc 8d 3d]
liza3008: checks
Murrrr_@T: bets $3
liza3008: raises $3 to $6
Murrrr_@T: folds
Uncalled bet ($3) returned to liza3008
liza3008 collected $17.64 from pot
liza3008: doesn't show hand
*** SUMMARY ***
Total pot $18 | Rake $0.36
Board [Qc 8d 3d]
Seat 2: Murrrr_@T (button) (small blind) folded on the Flop
Seat 4: liza3008 (big blind) collected ($17.64)


PokerStars Hand #156846914046:  Hold'em Limit ($3/$6 USD) - 2016/08/04 7:04:09 ET
Table 'Timandra' 6-max Seat #4 is the button
Seat 2: Murrrr_@T ($291.27 in chips)
Seat 4: liza3008 ($90.59 in chips)
liza3008: posts small blind $1
Murrrr_@T: posts big blind $3
*** HOLE CARDS ***
liza3008: raises $3 to $6
Murrrr_@T: raises $3 to $9
liza3008: calls $3
*** FLOP *** [4h 3c 7d]
Murrrr_@T: bets $3
liza3008: calls $3
*** TURN *** [4h 3c 7d] [Th]
Murrrr_@T: bets $6
liza3008: raises $6 to $12
Murrrr_@T: calls $6
*** RIVER *** [4h 3c 7d Th] [Ad]
Murrrr_@T: bets $6
liza3008: calls $6
*** SHOW DOWN ***
Murrrr_@T: shows [As Jc] (a pair of Aces)
liza3008: mucks hand
Murrrr_@T collected $59.50 from pot
*** SUMMARY ***
Total pot $60 | Rake $0.50
Board [4h 3c 7d Th Ad]
Seat 2: Murrrr_@T (big blind) showed [As Jc] and won ($59.50) with a pair of Aces
Seat 4: liza3008 (button) (small blind) mucked


PokerStars Hand #156846941136:  Hold'em Limit ($3/$6 USD) - 2016/08/04 7:05:14 ET
Table 'Timandra' 6-max Seat #2 is the button
Seat 2: Murrrr_@T ($279.77 in chips)
Seat 4: liza3008 ($100.25 in chips)
Murrrr_@T: posts small blind $1
liza3008: posts big blind $3
*** HOLE CARDS ***
Murrrr_@T: raises $3 to $6
liza3008: calls $3
*** FLOP *** [2c 5s Ks]
liza3008: checks
Murrrr_@T: checks
*** TURN *** [2c 5s Ks] [3c]
liza3008: bets $6
Murrrr_@T: folds
Uncalled bet ($6) returned to liza3008
liza3008 collected $11.76 from pot
liza3008: doesn't show hand
*** SUMMARY ***
Total pot $12 | Rake $0.24
Board [2c 5s Ks 3c]
Seat 2: Murrrr_@T (button) (small blind) folded on the Turn
Seat 4: liza3008 (big blind) collected ($11.76)


PokerStars Hand #156846945134:  Hold'em Limit ($3/$6 USD) - 2016/08/04 7:05:24 ET
Table 'Timandra' 6-max Seat #4 is the button
Seat 2: Murrrr_@T ($273.77 in chips)
Seat 4: liza3008 ($106.01 in chips)
liza3008: posts small blind $1
Murrrr_@T: posts big blind $3
*** HOLE CARDS ***
liza3008: raises $3 to $6
Murrrr_@T: raises $3 to $9
liza3008: calls $3
*** FLOP *** [9s 6c 4c]
Murrrr_@T: bets $3
liza3008: calls $3
*** TURN *** [9s 6c 4c] [8s]
coma0815 joins the table at seat #3
Murrrr_@T: checks
liza3008: bets $6
Murrrr_@T: calls $6
*** RIVER *** [9s 6c 4c 8s] [Jh]
Murrrr_@T: checks
liza3008: bets $6
Murrrr_@T: raises $6 to $12
liza3008: folds
Uncalled bet ($6) returned to Murrrr_@T
Murrrr_@T collected $47.50 from pot
Murrrr_@T: doesn't show hand
*** SUMMARY ***
Total pot $48 | Rake $0.50
Board [9s 6c 4c 8s Jh]
Seat 2: Murrrr_@T (big blind) collected ($47.50)
Seat 4: liza3008 (button) (small blind) folded on the River


PokerStars Hand #156847211965:  Hold'em Limit ($3/$6 USD) - 2016/08/04 7:16:12 ET
Table 'Timandra' 6-max Seat #5 is the button
Seat 1: YourMother66 ($72 in chips)
Seat 5: Murrrr_@T ($123.50 in chips)
Murrrr_@T: posts small blind $1
YourMother66: posts big blind $3
*** HOLE CARDS ***
Murrrr_@T: folds
Uncalled bet ($2) returned to YourMother66
YourMother66 collected $2 from pot
YourMother66: doesn't show hand
*** SUMMARY ***
Total pot $2 | Rake $0
Seat 1: YourMother66 (big blind) collected ($2)
Seat 5: Murrrr_@T (button) (small blind) folded before Flop


PokerStars Hand #156847201627:  Hold'em Limit ($3/$6 USD) - 2016/08/04 7:15:47 ET
Table 'Timandra' 6-max Seat #1 is the button
Seat 1: YourMother66 ($91.92 in chips)
Seat 5: Murrrr_@T ($100 in chips)
YourMother66: posts small blind $1
Murrrr_@T: posts big blind $3
*** HOLE CARDS ***
YourMother66: raises $3 to $6
Murrrr_@T: calls $3
*** FLOP *** [7s 8s 5c]
Murrrr_@T: checks
YourMother66: bets $3
Murrrr_@T: raises $3 to $6
YourMother66: calls $3
*** TURN *** [7s 8s 5c] [Qh]
Murrrr_@T: bets $6
YourMother66: calls $6
*** RIVER *** [7s 8s 5c Qh] [4h]
Murrrr_@T: bets $6
YourMother66: calls $6
*** SHOW DOWN ***
Murrrr_@T: shows [8d 4s] (two pair, Eights and Fours)
YourMother66: mucks hand
Murrrr_@T collected $47.50 from pot
*** SUMMARY ***
Total pot $48 | Rake $0.50
Board [7s 8s 5c Qh 4h]
Seat 1: YourMother66 (button) (small blind) mucked
Seat 5: Murrrr_@T (big blind) showed [8d 4s] and won ($47.50) with two pair, Eights and Fours


PokerStars Hand #156847189819:  Hold'em Limit ($3/$6 USD) - 2016/08/04 7:15:18 ET
Table 'Timandra' 6-max Seat #5 is the button
Seat 1: YourMother66 ($77.42 in chips)
Seat 5: Murrrr_@T ($109.64 in chips)
Murrrr_@T: posts small blind $1
antman97: is sitting out
YourMother66: posts big blind $3
*** HOLE CARDS ***
Murrrr_@T: raises $3 to $6
antman97 leaves the table
YourMother66: calls $3
*** FLOP *** [As 8h Kd]
YourMother66: checks
Murrrr_@T: bets $3
YourMother66: calls $3
*** TURN *** [As 8h Kd] [Ad]
YourMother66: checks
Murrrr_@T: checks
*** RIVER *** [As 8h Kd Ad] [Ts]
YourMother66: bets $6
Murrrr_@T: calls $6
*** SHOW DOWN ***
YourMother66: shows [6s Ks] (two pair, Aces and Kings)
Murrrr_@T: mucks hand
YourMother66 collected $29.50 from pot
*** SUMMARY ***
Total pot $30 | Rake $0.50
Board [As 8h Kd Ad Ts]
Seat 1: YourMother66 (big blind) showed [6s Ks] and won ($29.50) with two pair, Aces and Kings
Seat 5: Murrrr_@T (button) (small blind) mucked


PokerStars Hand #156847213734:  Hold'em Limit ($3/$6 USD) - 2016/08/04 7:16:16 ET
Table 'Timandra' 6-max Seat #1 is the button
Seat 1: YourMother66 ($73 in chips)
Seat 5: Murrrr_@T ($122.50 in chips)
YourMother66: posts small blind $1
Murrrr_@T: posts big blind $3
*** HOLE CARDS ***
YourMother66: raises $3 to $6
Murrrr_@T: raises $3 to $9
YourMother66: calls $3
*** FLOP *** [2d 8h Qd]
Murrrr_@T: bets $3
YourMother66: folds
Uncalled bet ($3) returned to Murrrr_@T
Murrrr_@T collected $17.64 from pot
Murrrr_@T: doesn't show hand
*** SUMMARY ***
Total pot $18 | Rake $0.36
Board [2d 8h Qd]
Seat 1: YourMother66 (button) (small blind) folded on the Flop
Seat 5: Murrrr_@T (big blind) collected ($17.64)


PokerStars Hand #156847231288:  Hold'em Limit ($3/$6 USD) - 2016/08/04 7:16:58 ET
Table 'Timandra' 6-max Seat #5 is the button
Seat 1: YourMother66 ($72 in chips)
Seat 5: Murrrr_@T ($169.28 in chips)
Murrrr_@T: posts small blind $1
YourMother66: posts big blind $3
*** HOLE CARDS ***
Murrrr_@T: raises $3 to $6
YourMother66: calls $3
*** FLOP *** [8c 5d Tc]
YourMother66: checks
Murrrr_@T: bets $3
YourMother66: folds
Uncalled bet ($3) returned to Murrrr_@T
Murrrr_@T collected $11.76 from pot
Murrrr_@T: doesn't show hand
*** SUMMARY ***
Total pot $12 | Rake $0.24
Board [8c 5d Tc]
Seat 1: YourMother66 (big blind) folded on the Flop
Seat 5: Murrrr_@T (button) (small blind) collected ($11.76)


PokerStars Hand #156847217573:  Hold'em Limit ($3/$6 USD) - 2016/08/04 7:16:25 ET
Table 'Timandra' 6-max Seat #5 is the button
Seat 1: YourMother66 ($72 in chips)
Seat 5: Murrrr_@T ($131.14 in chips)
Murrrr_@T: posts small blind $1
YourMother66: posts big blind $3
*** HOLE CARDS ***
Murrrr_@T: raises $3 to $6
YourMother66: calls $3
*** FLOP *** [8h 6h Qh]
YourMother66: checks
Murrrr_@T: bets $3
YourMother66: raises $3 to $6
Murrrr_@T: calls $3
*** TURN *** [8h 6h Qh] [9h]
YourMother66: bets $6
Murrrr_@T: raises $6 to $12
YourMother66: raises $6 to $18
Murrrr_@T: raises $6 to $24
Betting is capped
YourMother66: folds
Uncalled bet ($6) returned to Murrrr_@T
Murrrr_@T collected $59.50 from pot
Murrrr_@T: doesn't show hand
*** SUMMARY ***
Total pot $60 | Rake $0.50
Board [8h 6h Qh 9h]
Seat 1: YourMother66 (big blind) folded on the Turn
Seat 5: Murrrr_@T (button) (small blind) collected ($59.50)


PokerStars Hand #156847227316:  Hold'em Limit ($3/$6 USD) - 2016/08/04 7:16:49 ET
Table 'Timandra' 6-max Seat #1 is the button
Seat 1: YourMother66 ($72 in chips)
Seat 5: Murrrr_@T ($160.64 in chips)
YourMother66: posts small blind $1
Murrrr_@T: posts big blind $3
*** HOLE CARDS ***
YourMother66: raises $3 to $6
Murrrr_@T: calls $3
*** FLOP *** [5h 3d Kh]
Murrrr_@T: checks
YourMother66: bets $3
Murrrr_@T: raises $3 to $6
YourMother66: folds
Uncalled bet ($3) returned to Murrrr_@T
Murrrr_@T collected $17.64 from pot
Murrrr_@T: doesn't show hand
*** SUMMARY ***
Total pot $18 | Rake $0.36
Board [5h 3d Kh]
Seat 1: YourMother66 (button) (small blind) folded on the Flop
Seat 5: Murrrr_@T (big blind) collected ($17.64)


PokerStars Hand #156867734555:  Hold'em Limit ($3/$6 USD) - 2016/08/04 16:35:17 ET
Table 'Timandra' 6-max Seat #3 is the button
Seat 3: ChipsOrre ($127.64 in chips)
Seat 4: AzureCaper ($72 in chips)
ChipsOrre: posts small blind $1
AzureCaper: posts big blind $3
*** HOLE CARDS ***
ChipsOrre: raises $3 to $6
AzureCaper: calls $3
*** FLOP *** [Qc Jd Js]
AzureCaper: checks
ChipsOrre: bets $3
AzureCaper: calls $3
*** TURN *** [Qc Jd Js] [Jh]
AzureCaper: checks
ChipsOrre: bets $6
AzureCaper: calls $6
*** RIVER *** [Qc Jd Js Jh] [5c]
AzureCaper: checks
ChipsOrre: bets $6
AzureCaper: calls $6
*** SHOW DOWN ***
ChipsOrre: shows [9h 9d] (a full house, Jacks full of Nines)
AzureCaper: mucks hand
ChipsOrre collected $41.50 from pot
*** SUMMARY ***
Total pot $42 | Rake $0.50
Board [Qc Jd Js Jh 5c]
Seat 3: ChipsOrre (button) (small blind) showed [9h 9d] and won ($41.50) with a full house, Jacks full of Nines
Seat 4: AzureCaper (big blind) mucked


PokerStars Hand #156867730541:  Hold'em Limit ($3/$6 USD) - 2016/08/04 16:35:12 ET
Table 'Timandra' 6-max Seat #4 is the button
Seat 3: ChipsOrre ($126.64 in chips)
Seat 4: AzureCaper ($73 in chips)
AzureCaper: posts small blind $1
ChipsOrre: posts big blind $3
*** HOLE CARDS ***
AzureCaper: folds
Uncalled bet ($2) returned to ChipsOrre
ChipsOrre collected $2 from pot
ChipsOrre: doesn't show hand
*** SUMMARY ***
Total pot $2 | Rake $0
Seat 3: ChipsOrre (big blind) collected ($2)
Seat 4: AzureCaper (button) (small blind) folded before Flop


PokerStars Hand #156867727441:  Hold'em Limit ($3/$6 USD) - 2016/08/04 16:35:08 ET
Table 'Timandra' 6-max Seat #3 is the button
Seat 3: ChipsOrre ($127.64 in chips)
Seat 4: AzureCaper ($72 in chips)
ChipsOrre: posts small blind $1
AzureCaper: posts big blind $3
*** HOLE CARDS ***
ChipsOrre: folds
Uncalled bet ($2) returned to AzureCaper
AzureCaper collected $2 from pot
AzureCaper: doesn't show hand
*** SUMMARY ***
Total pot $2 | Rake $0
Seat 3: ChipsOrre (button) (small blind) folded before Flop
Seat 4: AzureCaper (big blind) collected ($2)


PokerStars Hand #156867713043:  Hold'em Limit ($3/$6 USD) - 2016/08/04 16:34:49 ET
Table 'Timandra' 6-max Seat #4 is the button
Seat 3: ChipsOrre ($119 in chips)
Seat 4: AzureCaper ($73 in chips)
AzureCaper: posts small blind $1
ChipsOrre: posts big blind $3
*** HOLE CARDS ***
AzureCaper: raises $3 to $6
ChipsOrre: calls $3
*** FLOP *** [Qd 5h 8h]
ChipsOrre: checks
AzureCaper: bets $3
ChipsOrre: calls $3
*** TURN *** [Qd 5h 8h] [Js]
ChipsOrre: checks
AzureCaper: checks
*** RIVER *** [Qd 5h 8h Js] [3s]
ChipsOrre: checks
AzureCaper: checks
*** SHOW DOWN ***
ChipsOrre: shows [Kd 4d] (high card King)
AzureCaper: mucks hand
ChipsOrre collected $17.64 from pot
*** SUMMARY ***
Total pot $18 | Rake $0.36
Board [Qd 5h 8h Js 3s]
Seat 3: ChipsOrre (big blind) showed [Kd 4d] and won ($17.64) with high card King
Seat 4: AzureCaper (button) (small blind) mucked


PokerStars Hand #156867793999:  Hold'em Limit ($3/$6 USD) - 2016/08/04 16:36:34 ET
Table 'Timandra' 6-max Seat #3 is the button
Seat 3: ChipsOrre ($155.40 in chips)
Seat 4: AzureCaper ($87.50 in chips)
ChipsOrre: posts small blind $1
AzureCaper: posts big blind $3
*** HOLE CARDS ***
ChipsOrre: raises $3 to $6
AzureCaper: folds
Uncalled bet ($3) returned to ChipsOrre
ChipsOrre collected $6 from pot
ChipsOrre: doesn't show hand
*** SUMMARY ***
Total pot $6 | Rake $0
Seat 3: ChipsOrre (button) (small blind) collected ($6)
Seat 4: AzureCaper (big blind) folded before Flop


PokerStars Hand #156867790010:  Hold'em Limit ($3/$6 USD) - 2016/08/04 16:36:29 ET
Table 'Timandra' 6-max Seat #4 is the button
Seat 3: ChipsOrre ($158.40 in chips)
Seat 4: AzureCaper ($84.50 in chips)
AzureCaper: posts small blind $1
ChipsOrre: posts big blind $3
*** HOLE CARDS ***
AzureCaper: raises $3 to $6
ChipsOrre: folds
Uncalled bet ($3) returned to AzureCaper
AzureCaper collected $6 from pot
AzureCaper: doesn't show hand
*** SUMMARY ***
Total pot $6 | Rake $0
Seat 3: ChipsOrre (big blind) folded before Flop
Seat 4: AzureCaper (button) (small blind) collected ($6)


PokerStars Hand #156867786376:  Hold'em Limit ($3/$6 USD) - 2016/08/04 16:36:24 ET
Table 'Timandra' 6-max Seat #3 is the button
Seat 3: ChipsOrre ($159.40 in chips)
Seat 4: AzureCaper ($83.50 in chips)
ChipsOrre: posts small blind $1
AzureCaper: posts big blind $3
*** HOLE CARDS ***
ChipsOrre: folds
Uncalled bet ($2) returned to AzureCaper
AzureCaper collected $2 from pot
AzureCaper: doesn't show hand
*** SUMMARY ***
Total pot $2 | Rake $0
Seat 3: ChipsOrre (button) (small blind) folded before Flop
Seat 4: AzureCaper (big blind) collected ($2)


PokerStars Hand #156867779407:  Hold'em Limit ($3/$6 USD) - 2016/08/04 16:36:15 ET
Table 'Timandra' 6-max Seat #4 is the button
Seat 3: ChipsOrre ($153.64 in chips)
Seat 4: AzureCaper ($89.50 in chips)
AzureCaper: posts small blind $1
ChipsOrre: posts big blind $3
*** HOLE CARDS ***
AzureCaper: raises $3 to $6
ChipsOrre: calls $3
*** FLOP *** [6d 7c 8s]
ChipsOrre: checks
AzureCaper: checks
*** TURN *** [6d 7c 8s] [4d]
ChipsOrre: bets $6
AzureCaper: folds
Uncalled bet ($6) returned to ChipsOrre
ChipsOrre collected $11.76 from pot
ChipsOrre: doesn't show hand
*** SUMMARY ***
Total pot $12 | Rake $0.24
Board [6d 7c 8s 4d]
Seat 3: ChipsOrre (big blind) collected ($11.76)
Seat 4: AzureCaper (button) (small blind) folded on the Turn


PokerStars Hand #156867767467:  Hold'em Limit ($3/$6 USD) - 2016/08/04 16:36:00 ET
Table 'Timandra' 6-max Seat #3 is the button
Seat 3: ChipsOrre ($171.64 in chips)
Seat 4: AzureCaper ($72 in chips)
ChipsOrre: posts small blind $1
AzureCaper: posts big blind $3
*** HOLE CARDS ***
ChipsOrre: raises $3 to $6
AzureCaper: calls $3
*** FLOP *** [2d 8s 4c]
AzureCaper: checks
ChipsOrre: bets $3
AzureCaper: raises $3 to $6
ChipsOrre: calls $3
*** TURN *** [2d 8s 4c] [Ks]
AzureCaper: bets $6
ChipsOrre: calls $6
*** RIVER *** [2d 8s 4c Ks] [Ts]
AzureCaper: bets $6
ChipsOrre: folds
Uncalled bet ($6) returned to AzureCaper
AzureCaper collected $35.50 from pot
AzureCaper: doesn't show hand
*** SUMMARY ***
Total pot $36 | Rake $0.50
Board [2d 8s 4c Ks Ts]
Seat 3: ChipsOrre (button) (small blind) folded on the River
Seat 4: AzureCaper (big blind) collected ($35.50)


PokerStars Hand #156867754695:  Hold'em Limit ($3/$6 USD) - 2016/08/04 16:35:43 ET
Table 'Timandra' 6-max Seat #4 is the button
Seat 3: ChipsOrre ($148.14 in chips)
Seat 4: AzureCaper ($72 in chips)
AzureCaper: posts small blind $1
ChipsOrre: posts big blind $3
*** HOLE CARDS ***
AzureCaper: raises $3 to $6
ChipsOrre: raises $3 to $9
AzureCaper: calls $3
*** FLOP *** [6s 2s Td]
ChipsOrre: bets $3
AzureCaper: calls $3
*** TURN *** [6s 2s Td] [9c]
ChipsOrre: bets $6
AzureCaper: calls $6
*** RIVER *** [6s 2s Td 9c] [Ts]
ChipsOrre: bets $6
AzureCaper: calls $6
*** SHOW DOWN ***
ChipsOrre: shows [Kd Kh] (two pair, Kings and Tens)
AzureCaper: mucks hand
ChipsOrre collected $47.50 from pot
*** SUMMARY ***
Total pot $48 | Rake $0.50
Board [6s 2s Td 9c Ts]
Seat 3: ChipsOrre (big blind) showed [Kd Kh] and won ($47.50) with two pair, Kings and Tens
Seat 4: AzureCaper (button) (small blind) mucked


PokerStars Hand #156867845171:  Hold'em Limit ($3/$6 USD) - 2016/08/04 16:37:34 ET
Table 'Timandra' 6-max Seat #3 is the button
Seat 3: ChipsOrre ($221.40 in chips)
Seat 4: AzureCaper ($72 in chips)
ChipsOrre: posts small blind $1
AzureCaper: posts big blind $3
*** HOLE CARDS ***
ChipsOrre: raises $3 to $6
AzureCaper: raises $3 to $9
ChipsOrre: calls $3
*** FLOP *** [Qs Ad 3d]
AzureCaper: bets $3
ChipsOrre: calls $3
*** TURN *** [Qs Ad 3d] [5s]
AzureCaper: checks
ChipsOrre: checks
*** RIVER *** [Qs Ad 3d 5s] [4h]
AzureCaper: checks
ChipsOrre: bets $6
AzureCaper: folds
Uncalled bet ($6) returned to ChipsOrre
ChipsOrre collected $23.52 from pot
ChipsOrre: doesn't show hand
*** SUMMARY ***
Total pot $24 | Rake $0.48
Board [Qs Ad 3d 5s 4h]
Seat 3: ChipsOrre (button) (small blind) collected ($23.52)
Seat 4: AzureCaper (big blind) folded on the River


PokerStars Hand #156867833962:  Hold'em Limit ($3/$6 USD) - 2016/08/04 16:37:19 ET
Table 'Timandra' 6-max Seat #4 is the button
Seat 3: ChipsOrre ($182.90 in chips)
Seat 4: AzureCaper ($72 in chips)
AzureCaper: posts small blind $1
ChipsOrre: posts big blind $3
*** HOLE CARDS ***
AzureCaper: raises $3 to $6
ChipsOrre: calls $3
*** FLOP *** [7d Kh 9d]
ChipsOrre: checks
AzureCaper: bets $3
ChipsOrre: calls $3
*** TURN *** [7d Kh 9d] [8d]
ChipsOrre: checks
AzureCaper: bets $6
ChipsOrre: raises $6 to $12
AzureCaper: calls $6
*** RIVER *** [7d Kh 9d 8d] [Qs]
ChipsOrre: bets $6
AzureCaper: raises $6 to $12
ChipsOrre: raises $6 to $18
AzureCaper: calls $6
*** SHOW DOWN ***
ChipsOrre: shows [Ad 4d] (a flush, Ace high)
AzureCaper: mucks hand
ChipsOrre collected $77.50 from pot
*** SUMMARY ***
Total pot $78 | Rake $0.50
Board [7d Kh 9d 8d Qs]
Seat 3: ChipsOrre (big blind) showed [Ad 4d] and won ($77.50) with a flush, Ace high
Seat 4: AzureCaper (button) (small blind) mucked


PokerStars Hand #156867812137:  Hold'em Limit ($3/$6 USD) - 2016/08/04 16:36:57 ET
Table 'Timandra' 6-max Seat #3 is the button
Seat 3: ChipsOrre ($159.40 in chips)
Seat 4: AzureCaper ($83.50 in chips)
ChipsOrre: posts small blind $1
AzureCaper: posts big blind $3
*** HOLE CARDS ***
ChipsOrre: raises $3 to $6
AzureCaper: calls $3
*** FLOP *** [7h 6c As]
AzureCaper: checks
ChipsOrre: bets $3
AzureCaper: raises $3 to $6
ChipsOrre: calls $3
*** TURN *** [7h 6c As] [8c]
AzureCaper: bets $6
ChipsOrre: calls $6
*** RIVER *** [7h 6c As 8c] [9c]
AzureCaper: bets $6
ChipsOrre: calls $6
*** SHOW DOWN ***
AzureCaper: shows [4s Js] (high card Ace)
ChipsOrre: shows [Ac 2d] (a pair of Aces)
ChipsOrre collected $47.50 from pot
*** SUMMARY ***
Total pot $48 | Rake $0.50
Board [7h 6c As 8c 9c]
Seat 3: ChipsOrre (button) (small blind) showed [Ac 2d] and won ($47.50) with a pair of Aces
Seat 4: AzureCaper (big blind) showed [4s Js] and lost with high card Ace


PokerStars Hand #156867800732:  Hold'em Limit ($3/$6 USD) - 2016/08/04 16:36:43 ET
Table 'Timandra' 6-max Seat #4 is the button
Seat 3: ChipsOrre ($158.40 in chips)
Seat 4: AzureCaper ($84.50 in chips)
AzureCaper: posts small blind $1
ChipsOrre: posts big blind $3
*** HOLE CARDS ***
AzureCaper: folds
Uncalled bet ($2) returned to ChipsOrre
ChipsOrre collected $2 from pot
ChipsOrre: doesn't show hand
*** SUMMARY ***
Total pot $2 | Rake $0
Seat 3: ChipsOrre (big blind) collected ($2)
Seat 4: AzureCaper (button) (small blind) folded before Flop


PokerStars Hand #156867872518:  Hold'em Limit ($3/$6 USD) - 2016/08/04 16:38:09 ET
Table 'Timandra' 6-max Seat #4 is the button
Seat 3: ChipsOrre ($232.92 in chips)
Seat 4: AzureCaper ($73 in chips)
AzureCaper: posts small blind $1
ChipsOrre: posts big blind $3
*** HOLE CARDS ***
AzureCaper: raises $3 to $6
ChipsOrre: calls $3
*** FLOP *** [Td 9s 4h]
ChipsOrre: checks
AzureCaper: bets $3
ChipsOrre: raises $3 to $6
AzureCaper: calls $3
*** TURN *** [Td 9s 4h] [6c]
ChipsOrre: bets $6
AzureCaper: folds
Uncalled bet ($6) returned to ChipsOrre
ChipsOrre collected $23.52 from pot
ChipsOrre: doesn't show hand
*** SUMMARY ***
Total pot $24 | Rake $0.48
Board [Td 9s 4h 6c]
Seat 3: ChipsOrre (big blind) collected ($23.52)
Seat 4: AzureCaper (button) (small blind) folded on the Turn


PokerStars Hand #156867888991:  Hold'em Limit ($3/$6 USD) - 2016/08/04 16:38:30 ET
Table 'Timandra' 6-max Seat #3 is the button
Seat 3: ChipsOrre ($244.44 in chips)
Seat 4: AzureCaper ($72 in chips)
ChipsOrre: posts small blind $1
AzureCaper: posts big blind $3
*** HOLE CARDS ***
ChipsOrre: folds
Uncalled bet ($2) returned to AzureCaper
AzureCaper collected $2 from pot
AzureCaper: doesn't show hand
*** SUMMARY ***
Total pot $2 | Rake $0
Seat 3: ChipsOrre (button) (small blind) folded before Flop
Seat 4: AzureCaper (big blind) collected ($2)


PokerStars Hand #156867869348:  Hold'em Limit ($3/$6 USD) - 2016/08/04 16:38:05 ET
Table 'Timandra' 6-max Seat #3 is the button
Seat 3: ChipsOrre ($233.92 in chips)
Seat 4: AzureCaper ($72 in chips)
ChipsOrre: posts small blind $1
AzureCaper: posts big blind $3
*** HOLE CARDS ***
ChipsOrre: folds
Uncalled bet ($2) returned to AzureCaper
AzureCaper collected $2 from pot
AzureCaper: doesn't show hand
*** SUMMARY ***
Total pot $2 | Rake $0
Seat 3: ChipsOrre (button) (small blind) folded before Flop
Seat 4: AzureCaper (big blind) collected ($2)


PokerStars Hand #156867866183:  Hold'em Limit ($3/$6 USD) - 2016/08/04 16:38:01 ET
Table 'Timandra' 6-max Seat #4 is the button
Seat 3: ChipsOrre ($232.92 in chips)
Seat 4: AzureCaper ($73 in chips)
AzureCaper: posts small blind $1
ChipsOrre: posts big blind $3
*** HOLE CARDS ***
AzureCaper: folds
Uncalled bet ($2) returned to ChipsOrre
ChipsOrre collected $2 from pot
ChipsOrre: doesn't show hand
*** SUMMARY ***
Total pot $2 | Rake $0
Seat 3: ChipsOrre (big blind) collected ($2)
Seat 4: AzureCaper (button) (small blind) folded before Flop


PokerStars Hand #156867893098:  Hold'em Limit ($3/$6 USD) - 2016/08/04 16:38:35 ET
Table 'Timandra' 6-max Seat #4 is the button
Seat 3: ChipsOrre ($243.44 in chips)
Seat 4: AzureCaper ($73 in chips)
AzureCaper: posts small blind $1
ChipsOrre: posts big blind $3
*** HOLE CARDS ***
AzureCaper: raises $3 to $6
ChipsOrre: calls $3
*** FLOP *** [Tc 3d Jh]
ChipsOrre: checks
AzureCaper: bets $3
ChipsOrre: raises $3 to $6
AzureCaper: folds
Uncalled bet ($3) returned to ChipsOrre
ChipsOrre collected $17.64 from pot
ChipsOrre: doesn't show hand
*** SUMMARY ***
Total pot $18 | Rake $0.36
Board [Tc 3d Jh]
Seat 3: ChipsOrre (big blind) collected ($17.64)
Seat 4: AzureCaper (button) (small blind) folded on the Flop


PokerStars Hand #156867862719:  Hold'em Limit ($3/$6 USD) - 2016/08/04 16:37:56 ET
Table 'Timandra' 6-max Seat #3 is the button
Seat 3: ChipsOrre ($233.92 in chips)
Seat 4: AzureCaper ($72 in chips)
ChipsOrre: posts small blind $1
AzureCaper: posts big blind $3
*** HOLE CARDS ***
ChipsOrre: folds
Uncalled bet ($2) returned to AzureCaper
AzureCaper collected $2 from pot
AzureCaper: doesn't show hand
*** SUMMARY ***
Total pot $2 | Rake $0
Seat 3: ChipsOrre (button) (small blind) folded before Flop
Seat 4: AzureCaper (big blind) collected ($2)


PokerStars Hand #156867858786:  Hold'em Limit ($3/$6 USD) - 2016/08/04 16:37:51 ET
Table 'Timandra' 6-max Seat #4 is the button
Seat 3: ChipsOrre ($232.92 in chips)
Seat 4: AzureCaper ($72 in chips)
AzureCaper: posts small blind $1
ChipsOrre: posts big blind $3
*** HOLE CARDS ***
AzureCaper: folds
Uncalled bet ($2) returned to ChipsOrre
ChipsOrre collected $2 from pot
ChipsOrre: doesn't show hand
*** SUMMARY ***
Total pot $2 | Rake $0
Seat 3: ChipsOrre (big blind) collected ($2)
Seat 4: AzureCaper (button) (small blind) folded before Flop


PokerStars Hand #156867918202:  Hold'em Limit ($3/$6 USD) - 2016/08/04 16:39:08 ET
Table 'Timandra' 6-max Seat #3 is the button
Seat 3: ChipsOrre ($259.72 in chips)
Seat 4: AzureCaper ($72 in chips)
ChipsOrre: posts small blind $1
AzureCaper: posts big blind $3
*** HOLE CARDS ***
ChipsOrre: raises $3 to $6
AzureCaper: folds
Uncalled bet ($3) returned to ChipsOrre
ChipsOrre collected $6 from pot
ChipsOrre: doesn't show hand
*** SUMMARY ***
Total pot $6 | Rake $0
Seat 3: ChipsOrre (button) (small blind) collected ($6)
Seat 4: AzureCaper (big blind) folded before Flop


PokerStars Hand #156867900939:  Hold'em Limit ($3/$6 USD) - 2016/08/04 16:38:46 ET
Table 'Timandra' 6-max Seat #3 is the button
Seat 3: ChipsOrre ($252.08 in chips)
Seat 4: AzureCaper ($72 in chips)
ChipsOrre: posts small blind $1
AzureCaper: posts big blind $3
*** HOLE CARDS ***
ChipsOrre: folds
Uncalled bet ($2) returned to AzureCaper
AzureCaper collected $2 from pot
AzureCaper: doesn't show hand
*** SUMMARY ***
Total pot $2 | Rake $0
Seat 3: ChipsOrre (button) (small blind) folded before Flop
Seat 4: AzureCaper (big blind) collected ($2)


PokerStars Hand #156867907290:  Hold'em Limit ($3/$6 USD) - 2016/08/04 16:38:54 ET
Table 'Timandra' 6-max Seat #4 is the button
Seat 3: ChipsOrre ($251.08 in chips)
Seat 4: AzureCaper ($73 in chips)
AzureCaper: posts small blind $1
ChipsOrre: posts big blind $3
*** HOLE CARDS ***
AzureCaper: raises $3 to $6
ChipsOrre: calls $3
*** FLOP *** [Ah Kh 5h]
ChipsOrre: checks
AzureCaper: bets $3
ChipsOrre: calls $3
*** TURN *** [Ah Kh 5h] [4c]
ChipsOrre: checks
AzureCaper: checks
*** RIVER *** [Ah Kh 5h 4c] [Ts]
ChipsOrre: bets $6
AzureCaper: folds
Uncalled bet ($6) returned to ChipsOrre
ChipsOrre collected $17.64 from pot
ChipsOrre: doesn't show hand
*** SUMMARY ***
Total pot $18 | Rake $0.36
Board [Ah Kh 5h 4c Ts]
Seat 3: ChipsOrre (big blind) collected ($17.64)
Seat 4: AzureCaper (button) (small blind) folded on the River


PokerStars Hand #156867923397:  Hold'em Limit ($3/$6 USD) - 2016/08/04 16:39:15 ET
Table 'Timandra' 6-max Seat #4 is the button
Seat 3: ChipsOrre ($262.72 in chips)
Seat 4: AzureCaper ($72 in chips)
AzureCaper: posts small blind $1
ChipsOrre: posts big blind $3
*** HOLE CARDS ***
AzureCaper: raises $3 to $6
ChipsOrre: calls $3
*** FLOP *** [9s 4d Ah]
ChipsOrre: checks
AzureCaper: bets $3
ChipsOrre: folds
Uncalled bet ($3) returned to AzureCaper
AzureCaper collected $11.76 from pot
AzureCaper: doesn't show hand
*** SUMMARY ***
Total pot $12 | Rake $0.24
Board [9s 4d Ah]
Seat 3: ChipsOrre (big blind) folded on the Flop
Seat 4: AzureCaper (button) (small blind) collected ($11.76)


PokerStars Hand #156867929168:  Hold'em Limit ($3/$6 USD) - 2016/08/04 16:39:22 ET
Table 'Timandra' 6-max Seat #3 is the button
Seat 3: ChipsOrre ($256.72 in chips)
Seat 4: AzureCaper ($77.76 in chips)
ChipsOrre: posts small blind $1
AzureCaper: posts big blind $3
*** HOLE CARDS ***
ChipsOrre: raises $3 to $6
AzureCaper: calls $3
*** FLOP *** [8s 7c Ac]
AzureCaper: checks
ChipsOrre: bets $3
AzureCaper: raises $3 to $6
ChipsOrre: folds
Uncalled bet ($3) returned to AzureCaper
AzureCaper collected $17.64 from pot
AzureCaper: doesn't show hand
*** SUMMARY ***
Total pot $18 | Rake $0.36
Board [8s 7c Ac]
Seat 3: ChipsOrre (button) (small blind) folded on the Flop
Seat 4: AzureCaper (big blind) collected ($17.64)


PokerStars Hand #156867954739:  Hold'em Limit ($3/$6 USD) - 2016/08/04 16:39:56 ET
Table 'Timandra' 6-max Seat #3 is the button
Seat 3: ChipsOrre ($217.72 in chips)
Seat 4: AzureCaper ($115.90 in chips)
ChipsOrre: posts small blind $1
AzureCaper: posts big blind $3
*** HOLE CARDS ***
ChipsOrre: folds
Uncalled bet ($2) returned to AzureCaper
AzureCaper collected $2 from pot
AzureCaper: doesn't show hand
ChipsOrre leaves the table
*** SUMMARY ***
Total pot $2 | Rake $0
Seat 3: ChipsOrre (button) (small blind) folded before Flop
Seat 4: AzureCaper (big blind) collected ($2)


PokerStars Hand #156867942283:  Hold'em Limit ($3/$6 USD) - 2016/08/04 16:39:39 ET
Table 'Timandra' 6-max Seat #4 is the button
Seat 3: ChipsOrre ($247.72 in chips)
Seat 4: AzureCaper ($86.40 in chips)
AzureCaper: posts small blind $1
ChipsOrre: posts big blind $3
*** HOLE CARDS ***
AzureCaper: raises $3 to $6
ChipsOrre: calls $3
*** FLOP *** [Ts 6d Qd]
ChipsOrre: checks
AzureCaper: bets $3
ChipsOrre: raises $3 to $6
AzureCaper: calls $3
*** TURN *** [Ts 6d Qd] [Kh]
ChipsOrre: bets $6
AzureCaper: raises $6 to $12
ChipsOrre: calls $6
*** RIVER *** [Ts 6d Qd Kh] [Ah]
ChipsOrre: checks
AzureCaper: bets $6
ChipsOrre: calls $6
*** SHOW DOWN ***
AzureCaper: shows [9s Jd] (a straight, Ten to Ace)
ChipsOrre: mucks hand
AzureCaper collected $59.50 from pot
*** SUMMARY ***
Total pot $60 | Rake $0.50
Board [Ts 6d Qd Kh Ah]
Seat 3: ChipsOrre (big blind) mucked
Seat 4: AzureCaper (button) (small blind) showed [9s Jd] and won ($59.50) with a straight, Ten to Ace


