PokerStars Hand #170580234521:  Hold'em Limit ($3/$6 USD) - 2017/05/18 9:45:09 ET
Table 'Tinette' 6-max Seat #4 is the button
Seat 3: mbpaalborg ($48.16 in chips)
Seat 4: Agrotait ($89.50 in chips)
Agrotait: posts small blind $1
mbpaalborg: posts big blind $3
*** HOLE CARDS ***
Agrotait: raises $3 to $6
mbpaalborg: folds
Uncalled bet ($3) returned to Agrotait
Agrotait collected $6 from pot
Agrotait: doesn't show hand
*** SUMMARY ***
Total pot $6 | Rake $0
Seat 3: mbpaalborg (big blind) folded before Flop
Seat 4: Agrotait (button) (small blind) collected ($6)


PokerStars Hand #170580217682:  Hold'em Limit ($3/$6 USD) - 2017/05/18 9:44:38 ET
Table 'Tinette' 6-max Seat #3 is the button
Seat 3: mbpaalborg ($66.16 in chips)
Seat 4: Agrotait ($72 in chips)
mbpaalborg: posts small blind $1
Agrotait: posts big blind $3
*** HOLE CARDS ***
mbpaalborg: raises $3 to $6
Agrotait: raises $3 to $9
mbpaalborg: calls $3
*** FLOP *** [Kc 8s 7c]
Agrotait: bets $3
mbpaalborg: calls $3
*** TURN *** [Kc 8s 7c] [3d]
Agrotait: bets $6
mbpaalborg: calls $6
*** RIVER *** [Kc 8s 7c 3d] [4d]
Agrotait: bets $6
mbpaalborg: folds
Uncalled bet ($6) returned to Agrotait
Agrotait collected $35.50 from pot
Agrotait: doesn't show hand
*** SUMMARY ***
Total pot $36 | Rake $0.50
Board [Kc 8s 7c 3d 4d]
Seat 3: mbpaalborg (button) (small blind) folded on the River
Seat 4: Agrotait (big blind) collected ($35.50)


PokerStars Hand #170580266347:  Hold'em Limit ($3/$6 USD) - 2017/05/18 9:46:08 ET
Table 'Tinette' 6-max Seat #4 is the button
Seat 3: mbpaalborg ($32.91 in chips)
Seat 4: Agrotait ($103.89 in chips)
Agrotait: posts small blind $1
mbpaalborg: posts big blind $3
*** HOLE CARDS ***
Agrotait: raises $3 to $6
mbpaalborg: raises $3 to $9
Agrotait: calls $3
*** FLOP *** [Kc 8h Qs]
mbpaalborg: bets $3
Agrotait: calls $3
*** TURN *** [Kc 8h Qs] [7s]
mbpaalborg: bets $6
Agrotait: calls $6
*** RIVER *** [Kc 8h Qs 7s] [6s]
mbpaalborg: bets $6
Agrotait: calls $6
*** SHOW DOWN ***
mbpaalborg: shows [Jh Ah] (high card Ace)
Agrotait: shows [8d 5d] (a pair of Eights)
Agrotait collected $47.50 from pot
*** SUMMARY ***
Total pot $48 | Rake $0.50
Board [Kc 8h Qs 7s 6s]
Seat 3: mbpaalborg (big blind) showed [Jh Ah] and lost with high card Ace
Seat 4: Agrotait (button) (small blind) showed [8d 5d] and won ($47.50) with a pair of Eights


PokerStars Hand #170580277303:  Hold'em Limit ($3/$6 USD) - 2017/05/18 9:46:29 ET
Table 'Tinette' 6-max Seat #3 is the button
Seat 3: mbpaalborg ($8.91 in chips)
Seat 4: Agrotait ($127.39 in chips)
mbpaalborg: posts small blind $1
Agrotait: posts big blind $3
*** HOLE CARDS ***
mbpaalborg: raises $3 to $6
Agrotait: raises $3 to $9
mbpaalborg: calls $2.91 and is all-in
Uncalled bet ($0.09) returned to Agrotait
*** FLOP *** [3d Js 9d]
*** TURN *** [3d Js 9d] [4c]
*** RIVER *** [3d Js 9d 4c] [7h]
*** SHOW DOWN ***
Agrotait: shows [Ac 9h] (a pair of Nines)
mbpaalborg: shows [Ah Jc] (a pair of Jacks)
mbpaalborg collected $17.46 from pot
*** SUMMARY ***
Total pot $17.82 | Rake $0.36
Board [3d Js 9d 4c 7h]
Seat 3: mbpaalborg (button) (small blind) showed [Ah Jc] and won ($17.46) with a pair of Jacks
Seat 4: Agrotait (big blind) showed [Ac 9h] and lost with a pair of Nines


PokerStars Hand #170580256805:  Hold'em Limit ($3/$6 USD) - 2017/05/18 9:45:51 ET
Table 'Tinette' 6-max Seat #4 is the button
Seat 3: mbpaalborg ($44.91 in chips)
Seat 4: Agrotait ($92.25 in chips)
Agrotait: posts small blind $1
mbpaalborg: posts big blind $3
*** HOLE CARDS ***
Agrotait: raises $3 to $6
mbpaalborg: folds
Uncalled bet ($3) returned to Agrotait
Agrotait collected $6 from pot
Agrotait: doesn't show hand
*** SUMMARY ***
Total pot $6 | Rake $0
Seat 3: mbpaalborg (big blind) folded before Flop
Seat 4: Agrotait (button) (small blind) collected ($6)


PokerStars Hand #170580242268:  Hold'em Limit ($3/$6 USD) - 2017/05/18 9:45:24 ET
Table 'Tinette' 6-max Seat #3 is the button
Seat 3: mbpaalborg ($45.16 in chips)
Seat 4: Agrotait ($92.50 in chips)
mbpaalborg: posts small blind $1
Agrotait: posts big blind $3
*** HOLE CARDS ***
mbpaalborg: raises $3 to $6
Agrotait: calls $3
*** FLOP *** [7h 9d Kh]
Agrotait: checks
mbpaalborg: bets $3
Agrotait: calls $3
*** TURN *** [7h 9d Kh] [Td]
Agrotait: checks
mbpaalborg: bets $6
Agrotait: calls $6
*** RIVER *** [7h 9d Kh Td] [Ts]
Agrotait: checks
mbpaalborg: bets $6
Agrotait: calls $6
*** SHOW DOWN ***
mbpaalborg: shows [Qh 9h] (two pair, Tens and Nines)
Agrotait: shows [9s Qd] (two pair, Tens and Nines)
Agrotait collected $20.75 from pot
mbpaalborg collected $20.75 from pot
*** SUMMARY ***
Total pot $42 | Rake $0.50
Board [7h 9d Kh Td Ts]
Seat 3: mbpaalborg (button) (small blind) showed [Qh 9h] and won ($20.75) with two pair, Tens and Nines
Seat 4: Agrotait (big blind) showed [9s Qd] and won ($20.75) with two pair, Tens and Nines


PokerStars Hand #170580260699:  Hold'em Limit ($3/$6 USD) - 2017/05/18 9:45:58 ET
Table 'Tinette' 6-max Seat #3 is the button
Seat 3: mbpaalborg ($41.91 in chips)
Seat 4: Agrotait ($95.25 in chips)
mbpaalborg: posts small blind $1
Agrotait: posts big blind $3
*** HOLE CARDS ***
mbpaalborg: raises $3 to $6
Agrotait: raises $3 to $9
mbpaalborg: calls $3
*** FLOP *** [Td Kc Kh]
Agrotait: bets $3
mbpaalborg: folds
Uncalled bet ($3) returned to Agrotait
Agrotait collected $17.64 from pot
Agrotait: doesn't show hand
*** SUMMARY ***
Total pot $18 | Rake $0.36
Board [Td Kc Kh]
Seat 3: mbpaalborg (button) (small blind) folded on the Flop
Seat 4: Agrotait (big blind) collected ($17.64)


PokerStars Hand #170580285806:  Hold'em Limit ($3/$6 USD) - 2017/05/18 9:46:45 ET
Table 'Tinette' 6-max Seat #4 is the button
Seat 3: mbpaalborg ($17.46 in chips)
Seat 4: Agrotait ($118.48 in chips)
Agrotait: posts small blind $1
mbpaalborg: posts big blind $3
*** HOLE CARDS ***
Agrotait: raises $3 to $6
mbpaalborg: raises $3 to $9
Agrotait: raises $3 to $12
Betting is capped
mbpaalborg: calls $3
*** FLOP *** [4c 2c 2h]
mbpaalborg: bets $3
Agrotait: raises $3 to $6
mbpaalborg: calls $2.46 and is all-in
Uncalled bet ($0.54) returned to Agrotait
*** TURN *** [4c 2c 2h] [Td]
*** RIVER *** [4c 2c 2h Td] [Th]
*** SHOW DOWN ***
mbpaalborg: shows [Jh Js] (two pair, Jacks and Tens)
Agrotait: shows [Qh Qd] (two pair, Queens and Tens)
Agrotait collected $34.42 from pot
*** SUMMARY ***
Total pot $34.92 | Rake $0.50
Board [4c 2c 2h Td Th]
Seat 3: mbpaalborg (big blind) showed [Jh Js] and lost with two pair, Jacks and Tens
Seat 4: Agrotait (button) (small blind) showed [Qh Qd] and won ($34.42) with two pair, Queens and Tens


