PokerStars Hand #150080012500:  Hold'em Limit ($3/$6 USD) - 2016/03/09 9:19:24 ET
Table 'Tinette II' 6-max Seat #3 is the button
Seat 2: megabaitt ($127.64 in chips)
Seat 3: B_loJkl ($142 in chips)
B_loJkl: posts small blind $1
megabaitt: posts big blind $3
*** HOLE CARDS ***
B_loJkl: raises $3 to $6
megabaitt: calls $3
*** FLOP *** [Kd 9d 7h]
megabaitt: checks
B_loJkl: bets $3
megabaitt: calls $3
*** TURN *** [Kd 9d 7h] [3h]
megabaitt: bets $6
B_loJkl: calls $6
*** RIVER *** [Kd 9d 7h 3h] [Qs]
megabaitt: bets $6
B_loJkl: calls $6
*** SHOW DOWN ***
megabaitt: shows [Ac Qc] (a pair of Queens)
B_loJkl: mucks hand
megabaitt collected $41.50 from pot
*** SUMMARY ***
Total pot $42 | Rake $0.50
Board [Kd 9d 7h 3h Qs]
Seat 2: megabaitt (big blind) showed [Ac Qc] and won ($41.50) with a pair of Queens
Seat 3: B_loJkl (button) (small blind) mucked


PokerStars Hand #150080007461:  Hold'em Limit ($3/$6 USD) - 2016/03/09 9:19:16 ET
Table 'Tinette II' 6-max Seat #2 is the button
Seat 2: megabaitt ($128.64 in chips)
Seat 3: B_loJkl ($141 in chips)
megabaitt: posts small blind $1
B_loJkl: posts big blind $3
*** HOLE CARDS ***
megabaitt: folds
Uncalled bet ($2) returned to B_loJkl
B_loJkl collected $2 from pot
B_loJkl: doesn't show hand
*** SUMMARY ***
Total pot $2 | Rake $0
Seat 2: megabaitt (button) (small blind) folded before Flop
Seat 3: B_loJkl (big blind) collected ($2)


PokerStars Hand #150079970353:  Hold'em Limit ($3/$6 USD) - 2016/03/09 9:18:20 ET
Table 'Tinette II' 6-max Seat #3 is the button
Seat 2: megabaitt ($120 in chips)
Seat 3: B_loJkl ($150 in chips)
B_loJkl: posts small blind $1
TbIP-TbIP 88 has timed out
TbIP-TbIP 88: is sitting out
megabaitt: posts big blind $3
*** HOLE CARDS ***
B_loJkl: raises $3 to $6
megabaitt: calls $3
*** FLOP *** [9d 7d Kd]
megabaitt: checks
B_loJkl: bets $3
megabaitt: raises $3 to $6
B_loJkl: folds
Uncalled bet ($3) returned to megabaitt
megabaitt collected $17.64 from pot
TbIP-TbIP 88 leaves the table
*** SUMMARY ***
Total pot $18 | Rake $0.36
Board [9d 7d Kd]
Seat 2: megabaitt (big blind) collected ($17.64)
Seat 3: B_loJkl (button) (small blind) folded on the Flop


PokerStars Hand #150080061512:  Hold'em Limit ($3/$6 USD) - 2016/03/09 9:20:37 ET
Table 'Tinette II' 6-max Seat #3 is the button
Seat 2: megabaitt ($151.02 in chips)
Seat 3: B_loJkl ($118 in chips)
B_loJkl: posts small blind $1
megabaitt: posts big blind $3
*** HOLE CARDS ***
B_loJkl: raises $3 to $6
megabaitt: calls $3
*** FLOP *** [Qs 9s 3h]
megabaitt: bets $3
B_loJkl: folds
Uncalled bet ($3) returned to megabaitt
megabaitt collected $11.76 from pot
megabaitt: doesn't show hand
*** SUMMARY ***
Total pot $12 | Rake $0.24
Board [Qs 9s 3h]
Seat 2: megabaitt (big blind) collected ($11.76)
Seat 3: B_loJkl (button) (small blind) folded on the Flop


PokerStars Hand #150080057717:  Hold'em Limit ($3/$6 USD) - 2016/03/09 9:20:32 ET
Table 'Tinette II' 6-max Seat #2 is the button
Seat 2: megabaitt ($152.02 in chips)
Seat 3: B_loJkl ($117 in chips)
megabaitt: posts small blind $1
B_loJkl: posts big blind $3
*** HOLE CARDS ***
megabaitt: folds
Uncalled bet ($2) returned to B_loJkl
B_loJkl collected $2 from pot
B_loJkl: doesn't show hand
*** SUMMARY ***
Total pot $2 | Rake $0
Seat 2: megabaitt (button) (small blind) folded before Flop
Seat 3: B_loJkl (big blind) collected ($2)


PokerStars Hand #150080046824:  Hold'em Limit ($3/$6 USD) - 2016/03/09 9:20:16 ET
Table 'Tinette II' 6-max Seat #3 is the button
Seat 2: megabaitt ($151.02 in chips)
Seat 3: B_loJkl ($118 in chips)
B_loJkl: posts small blind $1
megabaitt: posts big blind $3
*** HOLE CARDS ***
B_loJkl: folds
Uncalled bet ($2) returned to megabaitt
megabaitt collected $2 from pot
megabaitt: doesn't show hand
*** SUMMARY ***
Total pot $2 | Rake $0
Seat 2: megabaitt (big blind) collected ($2)
Seat 3: B_loJkl (button) (small blind) folded before Flop


PokerStars Hand #150080033300:  Hold'em Limit ($3/$6 USD) - 2016/03/09 9:19:55 ET
Table 'Tinette II' 6-max Seat #2 is the button
Seat 2: megabaitt ($148.14 in chips)
Seat 3: B_loJkl ($121 in chips)
megabaitt: posts small blind $1
B_loJkl: posts big blind $3
*** HOLE CARDS ***
megabaitt: calls $2
B_loJkl: checks
*** FLOP *** [8s 3h Qd]
B_loJkl: checks
megabaitt: bets $3
B_loJkl: folds
Uncalled bet ($3) returned to megabaitt
megabaitt collected $5.88 from pot
megabaitt: doesn't show hand
*** SUMMARY ***
Total pot $6 | Rake $0.12
Board [8s 3h Qd]
Seat 2: megabaitt (button) (small blind) collected ($5.88)
Seat 3: B_loJkl (big blind) folded on the Flop


PokerStars Hand #150080070837:  Hold'em Limit ($3/$6 USD) - 2016/03/09 9:20:51 ET
Table 'Tinette II' 6-max Seat #2 is the button
Seat 2: megabaitt ($156.78 in chips)
Seat 3: B_loJkl ($112 in chips)
megabaitt: posts small blind $1
B_loJkl: posts big blind $3
*** HOLE CARDS ***
megabaitt: calls $2
carmello774 joins the table at seat #4
B_loJkl: checks
*** FLOP *** [Jc 4d 8c]
B_loJkl: checks
kolaz03 joins the table at seat #5
megabaitt: bets $3
B_loJkl: calls $3
*** TURN *** [Jc 4d 8c] [Jh]
B_loJkl: checks
megabaitt: checks
*** RIVER *** [Jc 4d 8c Jh] [9h]
B_loJkl: bets $6
megabaitt: folds
Uncalled bet ($6) returned to B_loJkl
B_loJkl collected $11.76 from pot
B_loJkl: doesn't show hand
*** SUMMARY ***
Total pot $12 | Rake $0.24
Board [Jc 4d 8c Jh 9h]
Seat 2: megabaitt (button) (small blind) folded on the River
Seat 3: B_loJkl (big blind) collected ($11.76)


PokerStars Hand #150085089602:  Hold'em Limit ($3/$6 USD) - 2016/03/09 11:20:11 ET
Table 'Tinette II' 6-max Seat #5 is the button
Seat 5: SWFAZ ($143.50 in chips)
Seat 6: aless284 ($219.24 in chips)
SWFAZ: posts small blind $1
aless284: posts big blind $3
*** HOLE CARDS ***
SWFAZ: folds
Uncalled bet ($2) returned to aless284
aless284 collected $2 from pot
aless284: doesn't show hand
*** SUMMARY ***
Total pot $2 | Rake $0
Seat 5: SWFAZ (button) (small blind) folded before Flop
Seat 6: aless284 (big blind) collected ($2)


PokerStars Hand #150085068683:  Hold'em Limit ($3/$6 USD) - 2016/03/09 11:19:44 ET
Table 'Tinette II' 6-max Seat #6 is the button
Seat 5: SWFAZ ($120 in chips)
Seat 6: aless284 ($243.24 in chips)
aless284: posts small blind $1
B_loJkl: is sitting out
SWFAZ: posts big blind $3
*** HOLE CARDS ***
aless284: raises $3 to $6
SWFAZ: raises $3 to $9
aless284: calls $3
*** FLOP *** [4c Js 8h]
SWFAZ: bets $3
aless284: calls $3
*** TURN *** [4c Js 8h] [8c]
SWFAZ: bets $6
aless284: calls $6
*** RIVER *** [4c Js 8h 8c] [5d]
SWFAZ: bets $6
aless284: calls $6
*** SHOW DOWN ***
SWFAZ: shows [Jd 9d] (two pair, Jacks and Eights)
aless284: mucks hand
SWFAZ collected $47.50 from pot
*** SUMMARY ***
Total pot $48 | Rake $0.50
Board [4c Js 8h 8c 5d]
Seat 5: SWFAZ (big blind) showed [Jd 9d] and won ($47.50) with two pair, Jacks and Eights
Seat 6: aless284 (button) (small blind) mucked


