PokerStars Hand #151443594714:  Hold'em Limit ($3/$6 USD) - 2016/04/04 18:40:11 ET
Table 'Tirza' 6-max Seat #2 is the button
Seat 1: Jeelsy ($108.83 in chips)
Seat 2: AzureCaper ($72 in chips)
AzureCaper: posts small blind $1
Jeelsy: posts big blind $3
*** HOLE CARDS ***
AzureCaper: raises $3 to $6
Jeelsy: calls $3
*** FLOP *** [9d 5s 3s]
Jeelsy: checks
AzureCaper: bets $3
Jeelsy: calls $3
*** TURN *** [9d 5s 3s] [Qh]
Jeelsy: checks
AzureCaper: bets $6
Jeelsy: calls $6
*** RIVER *** [9d 5s 3s Qh] [Ks]
Jeelsy: checks
AzureCaper: checks
*** SHOW DOWN ***
Jeelsy: shows [5d 7h] (a pair of Fives)
AzureCaper: shows [9s Tc] (a pair of Nines)
AzureCaper collected $29.50 from pot
*** SUMMARY ***
Total pot $30 | Rake $0.50
Board [9d 5s 3s Qh Ks]
Seat 1: Jeelsy (big blind) showed [5d 7h] and lost with a pair of Fives
Seat 2: AzureCaper (button) (small blind) showed [9s Tc] and won ($29.50) with a pair of Nines


PokerStars Hand #151443579120:  Hold'em Limit ($3/$6 USD) - 2016/04/04 18:39:50 ET
Table 'Tirza' 6-max Seat #2 is the button
Seat 1: Jeelsy ($97.19 in chips)
Seat 2: AzureCaper ($72 in chips)
AzureCaper: posts small blind $1
Jeelsy: posts big blind $3
*** HOLE CARDS ***
AzureCaper: raises $3 to $6
Jeelsy: calls $3
*** FLOP *** [5c 4s 4h]
Jeelsy: bets $3
AzureCaper: calls $3
*** TURN *** [5c 4s 4h] [3s]
Jeelsy: bets $6
AzureCaper: folds
Uncalled bet ($6) returned to Jeelsy
Jeelsy collected $17.64 from pot
Jeelsy: doesn't show hand
*** SUMMARY ***
Total pot $18 | Rake $0.36
Board [5c 4s 4h 3s]
Seat 1: Jeelsy (big blind) collected ($17.64)
Seat 2: AzureCaper (button) (small blind) folded on the Turn


PokerStars Hand #151443590746:  Hold'em Limit ($3/$6 USD) - 2016/04/04 18:40:06 ET
Table 'Tirza' 6-max Seat #1 is the button
Seat 1: Jeelsy ($105.83 in chips)
Seat 2: AzureCaper ($72 in chips)
Jeelsy: posts small blind $1
AzureCaper: posts big blind $3
*** HOLE CARDS ***
Jeelsy: raises $3 to $6
AzureCaper: folds
Uncalled bet ($3) returned to Jeelsy
Jeelsy collected $6 from pot
Jeelsy: doesn't show hand
*** SUMMARY ***
Total pot $6 | Rake $0
Seat 1: Jeelsy (button) (small blind) collected ($6)
Seat 2: AzureCaper (big blind) folded before Flop


PokerStars Hand #151443610320:  Hold'em Limit ($3/$6 USD) - 2016/04/04 18:40:33 ET
Table 'Tirza' 6-max Seat #1 is the button
Seat 1: Jeelsy ($93.83 in chips)
Seat 2: AzureCaper ($86.50 in chips)
Jeelsy: posts small blind $1
AzureCaper: posts big blind $3
*** HOLE CARDS ***
Jeelsy: raises $3 to $6
AzureCaper: raises $3 to $9
Jeelsy: calls $3
*** FLOP *** [As 6s 5d]
llmaiconll joins the table at seat #3
AzureCaper: bets $3
Jeelsy: calls $3
*** TURN *** [As 6s 5d] [3h]
AzureCaper: bets $6
Jeelsy: calls $6
*** RIVER *** [As 6s 5d 3h] [6h]
AzureCaper: checks
Jeelsy: bets $6
AzureCaper: calls $6
*** SHOW DOWN ***
Jeelsy: shows [Ah 4s] (two pair, Aces and Sixes)
AzureCaper: mucks hand
Jeelsy collected $47.50 from pot
*** SUMMARY ***
Total pot $48 | Rake $0.50
Board [As 6s 5d 3h 6h]
Seat 1: Jeelsy (button) (small blind) showed [Ah 4s] and won ($47.50) with two pair, Aces and Sixes
Seat 2: AzureCaper (big blind) mucked


PokerStars Hand #151444672115:  Hold'em Limit ($3/$6 USD) - 2016/04/04 19:05:54 ET
Table 'Tirza' 6-max Seat #6 is the button
Seat 5: SonneUndMond ($107.98 in chips)
Seat 6: skerbi92cro ($189.65 in chips)
skerbi92cro: posts small blind $1
SonneUndMond: posts big blind $3
*** HOLE CARDS ***
skerbi92cro: folds
Uncalled bet ($2) returned to SonneUndMond
SonneUndMond collected $2 from pot
SonneUndMond: doesn't show hand
*** SUMMARY ***
Total pot $2 | Rake $0
Seat 5: SonneUndMond (big blind) collected ($2)
Seat 6: skerbi92cro (button) (small blind) folded before Flop


PokerStars Hand #151444663795:  Hold'em Limit ($3/$6 USD) - 2016/04/04 19:05:42 ET
Table 'Tirza' 6-max Seat #5 is the button
Seat 5: SonneUndMond ($102.22 in chips)
Seat 6: skerbi92cro ($195.65 in chips)
SonneUndMond: posts small blind $1
skerbi92cro: posts big blind $3
*** HOLE CARDS ***
SonneUndMond: raises $3 to $6
skerbi92cro: calls $3
*** FLOP *** [4c 3c 3h]
skerbi92cro: checks
SonneUndMond: bets $3
skerbi92cro: folds
Uncalled bet ($3) returned to SonneUndMond
SonneUndMond collected $11.76 from pot
SonneUndMond: doesn't show hand
*** SUMMARY ***
Total pot $12 | Rake $0.24
Board [4c 3c 3h]
Seat 5: SonneUndMond (button) (small blind) collected ($11.76)
Seat 6: skerbi92cro (big blind) folded on the Flop


PokerStars Hand #151444650565:  Hold'em Limit ($3/$6 USD) - 2016/04/04 19:05:23 ET
Table 'Tirza' 6-max Seat #6 is the button
Seat 5: SonneUndMond ($117.22 in chips)
Seat 6: skerbi92cro ($181.15 in chips)
skerbi92cro: posts small blind $1
AzureCaper: is sitting out
bugsbubble: is sitting out
SonneUndMond: posts big blind $3
*** HOLE CARDS ***
AzureCaper leaves the table
skerbi92cro: raises $3 to $6
SonneUndMond: calls $3
*** FLOP *** [8h Kh Qc]
SonneUndMond: checks
skerbi92cro: bets $3
SonneUndMond: calls $3
*** TURN *** [8h Kh Qc] [Jc]
bugsbubble leaves the table
SonneUndMond: checks
skerbi92cro: checks
*** RIVER *** [8h Kh Qc Jc] [6c]
SonneUndMond: bets $6
skerbi92cro: calls $6
*** SHOW DOWN ***
SonneUndMond: shows [9h 8c] (a pair of Eights)
skerbi92cro: shows [Qh Ad] (a pair of Queens)
skerbi92cro collected $29.50 from pot
*** SUMMARY ***
Total pot $30 | Rake $0.50
Board [8h Kh Qc Jc 6c]
Seat 5: SonneUndMond (big blind) showed [9h 8c] and lost with a pair of Eights
Seat 6: skerbi92cro (button) (small blind) showed [Qh Ad] and won ($29.50) with a pair of Queens


