PokerStars Hand #176213872470:  Hold'em Limit ($3/$6 USD) - 2017/09/28 0:01:19 ET
Table 'Tirza' 6-max Seat #3 is the button
Seat 1: LifeisagameX ($87 in chips)
Seat 3: Brama Br ($117 in chips)
Brama Br: posts small blind $1
LifeisagameX: posts big blind $3
*** HOLE CARDS ***
Brama Br: raises $3 to $6
LifeisagameX: raises $3 to $9
Brama Br: calls $3
*** FLOP *** [Kc Jd 8d]
LifeisagameX: bets $3
Brama Br: raises $3 to $6
LifeisagameX: raises $3 to $9
yayaya joins the table at seat #5
Brama Br: raises $3 to $12
Betting is capped
LifeisagameX: calls $3
*** TURN *** [Kc Jd 8d] [9d]
LifeisagameX: checks
Brama Br: checks
*** RIVER *** [Kc Jd 8d 9d] [Ac]
LifeisagameX: bets $6
Brama Br: calls $6
*** SHOW DOWN ***
LifeisagameX: shows [Ks 6c] (a pair of Kings)
Brama Br: shows [8h Js] (two pair, Jacks and Eights)
Brama Br collected $53.50 from pot
*** SUMMARY ***
Total pot $54 | Rake $0.50
Board [Kc Jd 8d 9d Ac]
Seat 1: LifeisagameX (big blind) showed [Ks 6c] and lost with a pair of Kings
Seat 3: Brama Br (button) (small blind) showed [8h Js] and won ($53.50) with two pair, Jacks and Eights


PokerStars Hand #176213893016:  Hold'em Limit ($3/$6 USD) - 2017/09/28 0:02:42 ET
Table 'Tirza' 6-max Seat #1 is the button
Seat 1: LifeisagameX ($84 in chips)
Seat 3: Brama Br ($143.50 in chips)
LifeisagameX: posts small blind $1
Brama Br: posts big blind $3
*** HOLE CARDS ***
LifeisagameX: raises $3 to $6
Brama Br: folds
Uncalled bet ($3) returned to LifeisagameX
LifeisagameX collected $6 from pot
LifeisagameX: doesn't show hand
*** SUMMARY ***
Total pot $6 | Rake $0
Seat 1: LifeisagameX (button) (small blind) collected ($6)
Seat 3: Brama Br (big blind) folded before Flop


PokerStars Hand #176213935611:  Hold'em Limit ($3/$6 USD) - 2017/09/28 0:05:35 ET
Table 'Tirza' 6-max Seat #5 is the button
Seat 3: Brama Br ($136.50 in chips)
Seat 5: yayaya ($134.29 in chips)
LouisB will be allowed to play after the button
yayaya: posts small blind $1
Brama Br: posts big blind $3
*** HOLE CARDS ***
LifeisagameX leaves the table
yayaya: folds
Uncalled bet ($2) returned to Brama Br
Brama Br collected $2 from pot
Brama Br: doesn't show hand
*** SUMMARY ***
Total pot $2 | Rake $0
Seat 3: Brama Br (big blind) collected ($2)
Seat 5: yayaya (button) (small blind) folded before Flop


PokerStars Hand #176214009897:  Hold'em Limit ($3/$6 USD) - 2017/09/28 0:10:38 ET
Table 'Tirza' 6-max Seat #5 is the button
Seat 4: LouisB ($141.90 in chips)
Seat 5: yayaya ($135.37 in chips)
yayaya: posts small blind $1
LouisB: posts big blind $3
*** HOLE CARDS ***
yayaya: raises $3 to $6
LouisB: calls $3
*** FLOP *** [5c Qh Jd]
LouisB: checks
yayaya: bets $3
LouisB: raises $3 to $6
yayaya: folds
Uncalled bet ($3) returned to LouisB
LouisB collected $17.64 from pot
LouisB: doesn't show hand
*** SUMMARY ***
Total pot $18 | Rake $0.36
Board [5c Qh Jd]
Seat 4: LouisB (big blind) collected ($17.64)
Seat 5: yayaya (button) (small blind) folded on the Flop


PokerStars Hand #176214013046:  Hold'em Limit ($3/$6 USD) - 2017/09/28 0:10:51 ET
Table 'Tirza' 6-max Seat #4 is the button
Seat 4: LouisB ($150.54 in chips)
Seat 5: yayaya ($126.37 in chips)
LouisB: posts small blind $1
yayaya: posts big blind $3
*** HOLE CARDS ***
LouisB: raises $3 to $6
yayaya: folds
Uncalled bet ($3) returned to LouisB
LouisB collected $6 from pot
LouisB: doesn't show hand
*** SUMMARY ***
Total pot $6 | Rake $0
Seat 4: LouisB (button) (small blind) collected ($6)
Seat 5: yayaya (big blind) folded before Flop


PokerStars Hand #176214251288:  Hold'em Limit ($3/$6 USD) - 2017/09/28 0:27:34 ET
Table 'Tirza' 6-max Seat #5 is the button
Seat 2: Zazi ($180.09 in chips)
Seat 5: yayaya ($170.93 in chips)
yayaya: posts small blind $1
Zazi: posts big blind $3
*** HOLE CARDS ***
yayaya: raises $3 to $6
Zazi: calls $3
*** FLOP *** [9h Ad 8s]
Zazi: checks
yayaya: bets $3
Zazi: folds
Uncalled bet ($3) returned to yayaya
yayaya collected $11.76 from pot
*** SUMMARY ***
Total pot $12 | Rake $0.24
Board [9h Ad 8s]
Seat 2: Zazi (big blind) folded on the Flop
Seat 5: yayaya (button) (small blind) collected ($11.76)


PokerStars Hand #176214248450:  Hold'em Limit ($3/$6 USD) - 2017/09/28 0:27:22 ET
Table 'Tirza' 6-max Seat #2 is the button
Seat 2: Zazi ($159.59 in chips)
Seat 5: yayaya ($191.93 in chips)
Zazi: posts small blind $1
yayaya: posts big blind $3
*** HOLE CARDS ***
Zazi: raises $3 to $6
yayaya: calls $3
*** FLOP *** [4c 5c 7s]
yayaya: checks
Zazi: bets $3
yayaya: calls $3
*** TURN *** [4c 5c 7s] [Ah]
yayaya: checks
karambakilla joins the table at seat #3
Zazi: bets $6
yayaya: calls $6
*** RIVER *** [4c 5c 7s Ah] [Tc]
yayaya: checks
Zazi: bets $6
yayaya: calls $6
*** SHOW DOWN ***
Zazi: shows [8c 5s] (a pair of Fives)
yayaya: mucks hand
Zazi collected $41.50 from pot
*** SUMMARY ***
Total pot $42 | Rake $0.50
Board [4c 5c 7s Ah Tc]
Seat 2: Zazi (button) (small blind) showed [8c 5s] and won ($41.50) with a pair of Fives
Seat 5: yayaya (big blind) mucked


PokerStars Hand #176214567215:  Hold'em Limit ($3/$6 USD) - 2017/09/28 0:49:47 ET
Table 'Tirza' 6-max Seat #4 is the button
Seat 3: karambakilla ($101.73 in chips)
Seat 4: Georges181 ($164.24 in chips)
Georges181: posts small blind $1
krossguard: is sitting out
karambakilla: posts big blind $3
*** HOLE CARDS ***
Georges181: folds
Uncalled bet ($2) returned to karambakilla
Georges181 leaves the table
karambakilla collected $2 from pot
karambakilla: doesn't show hand
*** SUMMARY ***
Total pot $2 | Rake $0
Seat 3: karambakilla (big blind) collected ($2)
Seat 4: Georges181 (button) (small blind) folded before Flop


PokerStars Hand #176214571637:  Hold'em Limit ($3/$6 USD) - 2017/09/28 0:50:06 ET
Table 'Tirza' 6-max Seat #3 is the button
Seat 2: Brama Br ($120 in chips)
Seat 3: karambakilla ($102.73 in chips)
karambakilla: posts small blind $1
Brama Br: posts big blind $3
*** HOLE CARDS ***
karambakilla: raises $3 to $6
Brama Br: calls $3
*** FLOP *** [As 9c Jd]
Brama Br: checks
karambakilla: bets $3
Brama Br: folds
Uncalled bet ($3) returned to karambakilla
karambakilla collected $11.76 from pot
karambakilla: doesn't show hand
*** SUMMARY ***
Total pot $12 | Rake $0.24
Board [As 9c Jd]
Seat 2: Brama Br (big blind) folded on the Flop
Seat 3: karambakilla (button) (small blind) collected ($11.76)


PokerStars Hand #176214577533:  Hold'em Limit ($3/$6 USD) - 2017/09/28 0:50:32 ET
Table 'Tirza' 6-max Seat #2 is the button
Seat 2: Brama Br ($114 in chips)
Seat 3: karambakilla ($108.49 in chips)
Brama Br: posts small blind $1
karambakilla: posts big blind $3
*** HOLE CARDS ***
Brama Br: raises $3 to $6
karambakilla: calls $3
*** FLOP *** [4d 5d Kc]
karambakilla: checks
Brama Br: bets $3
karambakilla: calls $3
*** TURN *** [4d 5d Kc] [Jc]
karambakilla: checks
Brama Br: checks
*** RIVER *** [4d 5d Kc Jc] [Td]
karambakilla: bets $6
Brama Br: raises $6 to $12
karambakilla: folds
Uncalled bet ($6) returned to Brama Br
Brama Br collected $29.50 from pot
Brama Br: doesn't show hand
*** SUMMARY ***
Total pot $30 | Rake $0.50
Board [4d 5d Kc Jc Td]
Seat 2: Brama Br (button) (small blind) collected ($29.50)
Seat 3: karambakilla (big blind) folded on the River


PokerStars Hand #176214636401:  Hold'em Limit ($3/$6 USD) - 2017/09/28 0:54:52 ET
Table 'Tirza' 6-max Seat #1 is the button
Seat 1: UNABELIEVE ($30.19 in chips)
Seat 3: karambakilla ($94.53 in chips)
UNABELIEVE: posts small blind $1
karambakilla: posts big blind $3
*** HOLE CARDS ***
UNABELIEVE: raises $3 to $6
karambakilla: folds
Uncalled bet ($3) returned to UNABELIEVE
UNABELIEVE collected $6 from pot
UNABELIEVE: doesn't show hand
*** SUMMARY ***
Total pot $6 | Rake $0
Seat 1: UNABELIEVE (button) (small blind) collected ($6)
Seat 3: karambakilla (big blind) folded before Flop


PokerStars Hand #176214637847:  Hold'em Limit ($3/$6 USD) - 2017/09/28 0:54:59 ET
Table 'Tirza' 6-max Seat #3 is the button
Seat 1: UNABELIEVE ($33.19 in chips)
Seat 3: karambakilla ($91.53 in chips)
karambakilla: posts small blind $1
UNABELIEVE: posts big blind $3
*** HOLE CARDS ***
karambakilla: raises $3 to $6
UNABELIEVE: calls $3
*** FLOP *** [Ah 8d 5s]
UNABELIEVE: checks
karambakilla: bets $3
UNABELIEVE: calls $3
*** TURN *** [Ah 8d 5s] [Jh]
UNABELIEVE: checks
karambakilla: bets $6
UNABELIEVE: folds
Uncalled bet ($6) returned to karambakilla
karambakilla collected $17.64 from pot
karambakilla: doesn't show hand
*** SUMMARY ***
Total pot $18 | Rake $0.36
Board [Ah 8d 5s Jh]
Seat 1: UNABELIEVE (big blind) folded on the Turn
Seat 3: karambakilla (button) (small blind) collected ($17.64)


PokerStars Hand #176214656381:  Hold'em Limit ($3/$6 USD) - 2017/09/28 0:56:29 ET
Table 'Tirza' 6-max Seat #3 is the button
Seat 2: Brama Br ($174.20 in chips)
Seat 3: karambakilla ($100.17 in chips)
karambakilla: posts small blind $1
Brama Br: posts big blind $3
*** HOLE CARDS ***
UNABELIEVE leaves the table
krossguard leaves the table
karambakilla: raises $3 to $6
Brama Br: calls $3
*** FLOP *** [8s 5h 9h]
Brama Br: checks
Zazi joins the table at seat #4
karambakilla: bets $3
Brama Br has timed out
Brama Br: folds
Uncalled bet ($3) returned to karambakilla
karambakilla collected $11.76 from pot
karambakilla: doesn't show hand
*** SUMMARY ***
Total pot $12 | Rake $0.24
Board [8s 5h 9h]
Seat 2: Brama Br (big blind) folded on the Flop
Seat 3: karambakilla (button) (small blind) collected ($11.76)


PokerStars Hand #176214744810:  Hold'em Limit ($3/$6 USD) - 2017/09/28 1:03:28 ET
Table 'Tirza' 6-max Seat #4 is the button
Seat 4: Zazi ($199.33 in chips)
Seat 5: karambakilla ($120 in chips)
Zazi: posts small blind $1
karambakilla: posts big blind $3
*** HOLE CARDS ***
Zazi: raises $3 to $6
karambakilla: calls $3
*** FLOP *** [3c 8h Jh]
karambakilla: checks
Zazi: bets $3
karambakilla: folds
Uncalled bet ($3) returned to Zazi
Zazi collected $11.76 from pot
Zazi: doesn't show hand
*** SUMMARY ***
Total pot $12 | Rake $0.24
Board [3c 8h Jh]
Seat 4: Zazi (button) (small blind) collected ($11.76)
Seat 5: karambakilla (big blind) folded on the Flop


PokerStars Hand #176214741834:  Hold'em Limit ($3/$6 USD) - 2017/09/28 1:03:15 ET
Table 'Tirza' 6-max Seat #2 is the button
Seat 2: Brama Br ($116.21 in chips)
Seat 4: Zazi ($205.33 in chips)
Brama Br: posts small blind $1
Zazi: posts big blind $3
*** HOLE CARDS ***
karambakilla joins the table at seat #5
Brama Br: raises $3 to $6
Zazi said, "lol"
Zazi: calls $3
*** FLOP *** [Js 4c Kd]
Zazi: checks
Brama Br: bets $3
Zazi: folds
Uncalled bet ($3) returned to Brama Br
Brama Br collected $11.76 from pot
Brama Br: doesn't show hand
*** SUMMARY ***
Total pot $12 | Rake $0.24
Board [Js 4c Kd]
Seat 2: Brama Br (button) (small blind) collected ($11.76)
Seat 4: Zazi (big blind) folded on the Flop


PokerStars Hand #176214754182:  Hold'em Limit ($3/$6 USD) - 2017/09/28 1:04:10 ET
Table 'Tirza' 6-max Seat #4 is the button
Seat 4: Zazi ($196.09 in chips)
Seat 5: karambakilla ($123.43 in chips)
Zazi: posts small blind $1
karambakilla: posts big blind $3
*** HOLE CARDS ***
Zazi: raises $3 to $6
karambakilla: calls $3
*** FLOP *** [Ad Jd As]
karambakilla: checks
Zazi: bets $3
karambakilla: raises $3 to $6
Zazi: folds
Uncalled bet ($3) returned to karambakilla
karambakilla collected $17.64 from pot
karambakilla: doesn't show hand
*** SUMMARY ***
Total pot $18 | Rake $0.36
Board [Ad Jd As]
Seat 4: Zazi (button) (small blind) folded on the Flop
Seat 5: karambakilla (big blind) collected ($17.64)


PokerStars Hand #176214756276:  Hold'em Limit ($3/$6 USD) - 2017/09/28 1:04:20 ET
Table 'Tirza' 6-max Seat #5 is the button
Seat 4: Zazi ($187.09 in chips)
Seat 5: karambakilla ($132.07 in chips)
karambakilla: posts small blind $1
Zazi: posts big blind $3
*** HOLE CARDS ***
karambakilla: raises $3 to $6
Zazi: folds
Uncalled bet ($3) returned to karambakilla
karambakilla collected $6 from pot
karambakilla: doesn't show hand
*** SUMMARY ***
Total pot $6 | Rake $0
Seat 4: Zazi (big blind) folded before Flop
Seat 5: karambakilla (button) (small blind) collected ($6)


PokerStars Hand #176214757455:  Hold'em Limit ($3/$6 USD) - 2017/09/28 1:04:25 ET
Table 'Tirza' 6-max Seat #4 is the button
Seat 4: Zazi ($184.09 in chips)
Seat 5: karambakilla ($135.07 in chips)
Zazi: posts small blind $1
karambakilla: posts big blind $3
*** HOLE CARDS ***
Zazi: raises $3 to $6
karambakilla: raises $3 to $9
Zazi: raises $3 to $12
Betting is capped
karambakilla: calls $3
*** FLOP *** [Jd 2s 9c]
karambakilla: checks
Zazi: bets $3
karambakilla: folds
Uncalled bet ($3) returned to Zazi
Zazi collected $23.52 from pot
Zazi: doesn't show hand
*** SUMMARY ***
Total pot $24 | Rake $0.48
Board [Jd 2s 9c]
Seat 4: Zazi (button) (small blind) collected ($23.52)
Seat 5: karambakilla (big blind) folded on the Flop


PokerStars Hand #176214763188:  Hold'em Limit ($3/$6 USD) - 2017/09/28 1:04:51 ET
Table 'Tirza' 6-max Seat #4 is the button
Seat 4: Zazi ($177.61 in chips)
Seat 5: karambakilla ($140.57 in chips)
Zazi: posts small blind $1
karambakilla: posts big blind $3
*** HOLE CARDS ***
Zazi: raises $3 to $6
karambakilla: calls $3
*** FLOP *** [Ac Ks Th]
karambakilla: checks
Zazi: bets $3
karambakilla: folds
Uncalled bet ($3) returned to Zazi
Zazi collected $11.76 from pot
Zazi: doesn't show hand
*** SUMMARY ***
Total pot $12 | Rake $0.24
Board [Ac Ks Th]
Seat 4: Zazi (button) (small blind) collected ($11.76)
Seat 5: karambakilla (big blind) folded on the Flop


PokerStars Hand #176214759836:  Hold'em Limit ($3/$6 USD) - 2017/09/28 1:04:36 ET
Table 'Tirza' 6-max Seat #5 is the button
Seat 4: Zazi ($195.61 in chips)
Seat 5: karambakilla ($123.07 in chips)
karambakilla: posts small blind $1
Zazi: posts big blind $3
*** HOLE CARDS ***
karambakilla: raises $3 to $6
Zazi: calls $3
*** FLOP *** [3s 8h 2s]
Zazi: checks
karambakilla: checks
*** TURN *** [3s 8h 2s] [5c]
Zazi: checks
karambakilla: bets $6
Zazi: calls $6
*** RIVER *** [3s 8h 2s 5c] [6h]
Zazi: checks
karambakilla: bets $6
Zazi: calls $6
*** SHOW DOWN ***
karambakilla: shows [4h 9c] (a straight, Deuce to Six)
Zazi: mucks hand
karambakilla collected $35.50 from pot
*** SUMMARY ***
Total pot $36 | Rake $0.50
Board [3s 8h 2s 5c 6h]
Seat 4: Zazi (big blind) mucked
Seat 5: karambakilla (button) (small blind) showed [4h 9c] and won ($35.50) with a straight, Deuce to Six


PokerStars Hand #176214774654:  Hold'em Limit ($3/$6 USD) - 2017/09/28 1:05:41 ET
Table 'Tirza' 6-max Seat #4 is the button
Seat 4: Zazi ($227.13 in chips)
Seat 5: karambakilla ($89.57 in chips)
Zazi: posts small blind $1
karambakilla: posts big blind $3
*** HOLE CARDS ***
Zazi: raises $3 to $6
karambakilla: folds
Uncalled bet ($3) returned to Zazi
Zazi collected $6 from pot
Zazi: doesn't show hand
*** SUMMARY ***
Total pot $6 | Rake $0
Seat 4: Zazi (button) (small blind) collected ($6)
Seat 5: karambakilla (big blind) folded before Flop


PokerStars Hand #176214771289:  Hold'em Limit ($3/$6 USD) - 2017/09/28 1:05:26 ET
Table 'Tirza' 6-max Seat #5 is the button
Seat 4: Zazi ($206.63 in chips)
Seat 5: karambakilla ($110.57 in chips)
karambakilla: posts small blind $1
Zazi: posts big blind $3
*** HOLE CARDS ***
karambakilla: raises $3 to $6
Zazi: calls $3
*** FLOP *** [2s 7h 8s]
Zazi: checks
karambakilla: bets $3
Zazi: calls $3
*** TURN *** [2s 7h 8s] [Jd]
Zazi: checks
karambakilla: bets $6
Zazi: calls $6
*** RIVER *** [2s 7h 8s Jd] [4d]
Zazi: bets $6
karambakilla: calls $6
*** SHOW DOWN ***
Zazi: shows [4h 8d] (two pair, Eights and Fours)
karambakilla: mucks hand
Zazi collected $41.50 from pot
*** SUMMARY ***
Total pot $42 | Rake $0.50
Board [2s 7h 8s Jd 4d]
Seat 4: Zazi (big blind) showed [4h 8d] and won ($41.50) with two pair, Eights and Fours
Seat 5: karambakilla (button) (small blind) mucked


PokerStars Hand #176214765186:  Hold'em Limit ($3/$6 USD) - 2017/09/28 1:05:00 ET
Table 'Tirza' 6-max Seat #5 is the button
Seat 4: Zazi ($183.37 in chips)
Seat 5: karambakilla ($134.57 in chips)
karambakilla: posts small blind $1
Zazi: posts big blind $3
*** HOLE CARDS ***
karambakilla: raises $3 to $6
Zazi: calls $3
*** FLOP *** [Ad 7d 8d]
Zazi: checks
karambakilla: checks
*** TURN *** [Ad 7d 8d] [4s]
Zazi: checks
karambakilla: checks
*** RIVER *** [Ad 7d 8d 4s] [5h]
Zazi: checks
karambakilla: checks
*** SHOW DOWN ***
Zazi: shows [Kh 2s] (high card Ace)
karambakilla: mucks hand
Zazi collected $11.76 from pot
*** SUMMARY ***
Total pot $12 | Rake $0.24
Board [Ad 7d 8d 4s 5h]
Seat 4: Zazi (big blind) showed [Kh 2s] and won ($11.76) with high card Ace
Seat 5: karambakilla (button) (small blind) mucked


PokerStars Hand #176214768054:  Hold'em Limit ($3/$6 USD) - 2017/09/28 1:05:11 ET
Table 'Tirza' 6-max Seat #4 is the button
Seat 4: Zazi ($189.13 in chips)
Seat 5: karambakilla ($128.57 in chips)
Zazi: posts small blind $1
karambakilla: posts big blind $3
*** HOLE CARDS ***
Zazi: raises $3 to $6
karambakilla: raises $3 to $9
Zazi: calls $3
*** FLOP *** [5s Jd 6h]
karambakilla: bets $3
Zazi: calls $3
*** TURN *** [5s Jd 6h] [8s]
karambakilla: checks
Zazi: bets $6
karambakilla: calls $6
*** RIVER *** [5s Jd 6h 8s] [7c]
karambakilla: checks
Zazi: checks
*** SHOW DOWN ***
karambakilla: shows [Ac Kc] (high card Ace)
Zazi: shows [Qs 8c] (a pair of Eights)
Zazi collected $35.50 from pot
*** SUMMARY ***
Total pot $36 | Rake $0.50
Board [5s Jd 6h 8s 7c]
Seat 4: Zazi (button) (small blind) showed [Qs 8c] and won ($35.50) with a pair of Eights
Seat 5: karambakilla (big blind) showed [Ac Kc] and lost with high card Ace


PokerStars Hand #176214775744:  Hold'em Limit ($3/$6 USD) - 2017/09/28 1:05:46 ET
Table 'Tirza' 6-max Seat #5 is the button
Seat 4: Zazi ($230.13 in chips)
Seat 5: karambakilla ($86.57 in chips)
karambakilla: posts small blind $1
Zazi: posts big blind $3
*** HOLE CARDS ***
karambakilla: raises $3 to $6
Zazi: calls $3
*** FLOP *** [7c Kd 8c]
Zazi: checks
karambakilla: bets $3
Zazi: calls $3
*** TURN *** [7c Kd 8c] [4c]
Zazi: checks
karambakilla: bets $6
Zazi: calls $6
*** RIVER *** [7c Kd 8c 4c] [Ts]
Zazi: checks
karambakilla: bets $6
Zazi: calls $6
*** SHOW DOWN ***
karambakilla: shows [Qs Jc] (high card King)
Zazi: shows [Js 8h] (a pair of Eights)
Zazi collected $41.50 from pot
*** SUMMARY ***
Total pot $42 | Rake $0.50
Board [7c Kd 8c 4c Ts]
Seat 4: Zazi (big blind) showed [Js 8h] and won ($41.50) with a pair of Eights
Seat 5: karambakilla (button) (small blind) showed [Qs Jc] and lost with high card King


PokerStars Hand #176214779268:  Hold'em Limit ($3/$6 USD) - 2017/09/28 1:06:01 ET
Table 'Tirza' 6-max Seat #4 is the button
Seat 4: Zazi ($250.63 in chips)
Seat 5: karambakilla ($65.57 in chips)
Zazi: posts small blind $1
karambakilla: posts big blind $3
*** HOLE CARDS ***
Zazi: raises $3 to $6
karambakilla: calls $3
*** FLOP *** [Kh Qh 6h]
karambakilla: checks
Zazi: bets $3
karambakilla: calls $3
*** TURN *** [Kh Qh 6h] [7s]
karambakilla: checks
Zazi: bets $6
karambakilla: calls $6
*** RIVER *** [Kh Qh 6h 7s] [8s]
karambakilla: checks
Zazi: bets $6
karambakilla: calls $6
*** SHOW DOWN ***
Zazi: shows [Ac Ks] (a pair of Kings)
karambakilla: mucks hand
Zazi collected $41.50 from pot
*** SUMMARY ***
Total pot $42 | Rake $0.50
Board [Kh Qh 6h 7s 8s]
Seat 4: Zazi (button) (small blind) showed [Ac Ks] and won ($41.50) with a pair of Kings
Seat 5: karambakilla (big blind) mucked


PokerStars Hand #176214782531:  Hold'em Limit ($3/$6 USD) - 2017/09/28 1:06:15 ET
Table 'Tirza' 6-max Seat #5 is the button
Seat 4: Zazi ($271.13 in chips)
Seat 5: karambakilla ($104.57 in chips)
karambakilla: posts small blind $1
Zazi: posts big blind $3
*** HOLE CARDS ***
karambakilla: raises $3 to $6
Zazi: calls $3
*** FLOP *** [7d Th 2c]
Zazi: checks
karambakilla: checks
*** TURN *** [7d Th 2c] [5h]
Zazi: checks
karambakilla: checks
*** RIVER *** [7d Th 2c 5h] [7s]
Zazi: checks
karambakilla: checks
*** SHOW DOWN ***
Zazi: shows [9h 6h] (a pair of Sevens)
karambakilla: shows [Qc 6s] (a pair of Sevens - Queen kicker)
karambakilla collected $11.76 from pot
*** SUMMARY ***
Total pot $12 | Rake $0.24
Board [7d Th 2c 5h 7s]
Seat 4: Zazi (big blind) showed [9h 6h] and lost with a pair of Sevens
Seat 5: karambakilla (button) (small blind) showed [Qc 6s] and won ($11.76) with a pair of Sevens


PokerStars Hand #176214791105:  Hold'em Limit ($3/$6 USD) - 2017/09/28 1:06:53 ET
Table 'Tirza' 6-max Seat #5 is the button
Seat 4: Zazi ($238.13 in chips)
Seat 5: karambakilla ($136.83 in chips)
karambakilla: posts small blind $1
Zazi: posts big blind $3
*** HOLE CARDS ***
karambakilla: raises $3 to $6
Zazi: calls $3
*** FLOP *** [Qc 6c 9d]
Zazi: checks
karambakilla: checks
*** TURN *** [Qc 6c 9d] [5s]
Zazi: checks
karambakilla: checks
*** RIVER *** [Qc 6c 9d 5s] [4h]
Zazi: checks
karambakilla: bets $6
Zazi: folds
Uncalled bet ($6) returned to karambakilla
karambakilla collected $11.76 from pot
karambakilla: doesn't show hand
*** SUMMARY ***
Total pot $12 | Rake $0.24
Board [Qc 6c 9d 5s 4h]
Seat 4: Zazi (big blind) folded on the River
Seat 5: karambakilla (button) (small blind) collected ($11.76)


PokerStars Hand #176214785380:  Hold'em Limit ($3/$6 USD) - 2017/09/28 1:06:28 ET
Table 'Tirza' 6-max Seat #4 is the button
Seat 4: Zazi ($265.13 in chips)
Seat 5: karambakilla ($110.33 in chips)
Zazi: posts small blind $1
karambakilla: posts big blind $3
*** HOLE CARDS ***
Zazi: raises $3 to $6
karambakilla: calls $3
*** FLOP *** [As 5d 3s]
karambakilla: checks
Zazi: bets $3
karambakilla: calls $3
*** TURN *** [As 5d 3s] [Qc]
karambakilla: checks
Zazi: bets $6
karambakilla: calls $6
*** RIVER *** [As 5d 3s Qc] [4c]
karambakilla: checks
Zazi: bets $6
karambakilla: raises $6 to $12
Zazi: calls $6
*** SHOW DOWN ***
karambakilla: shows [2c Kh] (a straight, Ace to Five)
Zazi: mucks hand
karambakilla collected $53.50 from pot
*** SUMMARY ***
Total pot $54 | Rake $0.50
Board [As 5d 3s Qc 4c]
Seat 4: Zazi (button) (small blind) mucked
Seat 5: karambakilla (big blind) showed [2c Kh] and won ($53.50) with a straight, Ace to Five


PokerStars Hand #176214802517:  Hold'em Limit ($3/$6 USD) - 2017/09/28 1:07:43 ET
Table 'Tirza' 6-max Seat #5 is the button
Seat 4: Zazi ($218.77 in chips)
Seat 5: karambakilla ($155.09 in chips)
karambakilla: posts small blind $1
Zazi: posts big blind $3
*** HOLE CARDS ***
karambakilla: raises $3 to $6
Zazi: calls $3
*** FLOP *** [6c 4d 5d]
Zazi: checks
karambakilla: checks
*** TURN *** [6c 4d 5d] [2d]
Zazi: bets $6
karambakilla: calls $6
*** RIVER *** [6c 4d 5d 2d] [Ts]
Zazi: bets $6
karambakilla: calls $6
*** SHOW DOWN ***
Zazi: shows [3d 6d] (a straight flush, Deuce to Six)
karambakilla: mucks hand
Zazi collected $35.50 from pot
*** SUMMARY ***
Total pot $36 | Rake $0.50
Board [6c 4d 5d 2d Ts]
Seat 4: Zazi (big blind) showed [3d 6d] and won ($35.50) with a straight flush, Deuce to Six
Seat 5: karambakilla (button) (small blind) mucked


PokerStars Hand #176214799523:  Hold'em Limit ($3/$6 USD) - 2017/09/28 1:07:29 ET
Table 'Tirza' 6-max Seat #4 is the button
Seat 4: Zazi ($210.13 in chips)
Seat 5: karambakilla ($164.09 in chips)
Zazi: posts small blind $1
karambakilla: posts big blind $3
*** HOLE CARDS ***
Zazi: raises $3 to $6
karambakilla: calls $3
*** FLOP *** [9d 6h 4c]
karambakilla: checks
Zazi: bets $3
karambakilla: calls $3
*** TURN *** [9d 6h 4c] [Ah]
karambakilla: checks
Zazi: bets $6
karambakilla: folds
Uncalled bet ($6) returned to Zazi
Zazi collected $17.64 from pot
Zazi: doesn't show hand
*** SUMMARY ***
Total pot $18 | Rake $0.36
Board [9d 6h 4c Ah]
Seat 4: Zazi (button) (small blind) collected ($17.64)
Seat 5: karambakilla (big blind) folded on the Turn


PokerStars Hand #176214794569:  Hold'em Limit ($3/$6 USD) - 2017/09/28 1:07:08 ET
Table 'Tirza' 6-max Seat #4 is the button
Seat 4: Zazi ($232.13 in chips)
Seat 5: karambakilla ($142.59 in chips)
Zazi: posts small blind $1
karambakilla: posts big blind $3
*** HOLE CARDS ***
Zazi: folds
Uncalled bet ($2) returned to karambakilla
karambakilla collected $2 from pot
karambakilla: doesn't show hand
*** SUMMARY ***
Total pot $2 | Rake $0
Seat 4: Zazi (button) (small blind) folded before Flop
Seat 5: karambakilla (big blind) collected ($2)


PokerStars Hand #176214795741:  Hold'em Limit ($3/$6 USD) - 2017/09/28 1:07:13 ET
Table 'Tirza' 6-max Seat #5 is the button
Seat 4: Zazi ($231.13 in chips)
Seat 5: karambakilla ($143.59 in chips)
karambakilla: posts small blind $1
Zazi: posts big blind $3
*** HOLE CARDS ***
karambakilla: raises $3 to $6
Zazi: calls $3
*** FLOP *** [4d Jc Ah]
Zazi: checks
karambakilla: bets $3
Zazi: calls $3
*** TURN *** [4d Jc Ah] [2d]
Zazi: checks
karambakilla: bets $6
Zazi: calls $6
*** RIVER *** [4d Jc Ah 2d] [6d]
Zazi: checks
karambakilla: bets $6
Zazi: calls $6
*** SHOW DOWN ***
karambakilla: shows [7s Js] (a pair of Jacks)
Zazi: mucks hand
karambakilla collected $41.50 from pot
*** SUMMARY ***
Total pot $42 | Rake $0.50
Board [4d Jc Ah 2d 6d]
Seat 4: Zazi (big blind) mucked
Seat 5: karambakilla (button) (small blind) showed [7s Js] and won ($41.50) with a pair of Jacks


PokerStars Hand #176214805256:  Hold'em Limit ($3/$6 USD) - 2017/09/28 1:07:55 ET
Table 'Tirza' 6-max Seat #4 is the button
Seat 4: Zazi ($236.27 in chips)
Seat 5: karambakilla ($137.09 in chips)
Zazi: posts small blind $1
karambakilla: posts big blind $3
*** HOLE CARDS ***
Zazi: raises $3 to $6
karambakilla: raises $3 to $9
Zazi: calls $3
*** FLOP *** [Qh 2h 2c]
karambakilla: bets $3
Zazi: calls $3
*** TURN *** [Qh 2h 2c] [5d]
karambakilla: bets $6
Zazi: calls $6
*** RIVER *** [Qh 2h 2c 5d] [9d]
karambakilla: bets $6
Zazi: folds
Uncalled bet ($6) returned to karambakilla
karambakilla collected $35.50 from pot
karambakilla: doesn't show hand
*** SUMMARY ***
Total pot $36 | Rake $0.50
Board [Qh 2h 2c 5d 9d]
Seat 4: Zazi (button) (small blind) folded on the River
Seat 5: karambakilla (big blind) collected ($35.50)


PokerStars Hand #176214809196:  Hold'em Limit ($3/$6 USD) - 2017/09/28 1:08:12 ET
Table 'Tirza' 6-max Seat #5 is the button
Seat 4: Zazi ($218.27 in chips)
Seat 5: karambakilla ($154.59 in chips)
karambakilla: posts small blind $1
Zazi: posts big blind $3
*** HOLE CARDS ***
karambakilla: raises $3 to $6
Zazi: calls $3
*** FLOP *** [4h 2c Kd]
Zazi: checks
karambakilla: bets $3
Zazi: calls $3
*** TURN *** [4h 2c Kd] [8d]
Zazi: checks
karambakilla: bets $6
Zazi: calls $6
*** RIVER *** [4h 2c Kd 8d] [Jd]
Zazi: bets $6
karambakilla: raises $6 to $12
Zazi: calls $6
*** SHOW DOWN ***
karambakilla: shows [7d 2d] (a flush, King high)
Zazi: mucks hand
karambakilla collected $53.50 from pot
*** SUMMARY ***
Total pot $54 | Rake $0.50
Board [4h 2c Kd 8d Jd]
Seat 4: Zazi (big blind) mucked
Seat 5: karambakilla (button) (small blind) showed [7d 2d] and won ($53.50) with a flush, King high


PokerStars Hand #176214815158:  Hold'em Limit ($3/$6 USD) - 2017/09/28 1:08:38 ET
Table 'Tirza' 6-max Seat #4 is the button
Seat 4: Zazi ($191.27 in chips)
Seat 5: karambakilla ($181.09 in chips)
Zazi: posts small blind $1
karambakilla: posts big blind $3
*** HOLE CARDS ***
Zazi: folds
Uncalled bet ($2) returned to karambakilla
karambakilla collected $2 from pot
karambakilla: doesn't show hand
*** SUMMARY ***
Total pot $2 | Rake $0
Seat 4: Zazi (button) (small blind) folded before Flop
Seat 5: karambakilla (big blind) collected ($2)


