PokerStars Hand #144763485795:  Hold'em Limit ($3/$6 USD) - 2015/12/03 12:33:18 ET
Table 'Tisiphone' 2-max Seat #2 is the button
Seat 1: DiggErr555 ($76 in chips)
Seat 2: covasa andre ($42.30 in chips)
covasa andre: posts small blind $1
DiggErr555: posts big blind $3
*** HOLE CARDS ***
covasa andre: calls $2
DiggErr555: checks
*** FLOP *** [2h Qs 2d]
DiggErr555: checks
covasa andre: bets $3
DiggErr555: folds
Uncalled bet ($3) returned to covasa andre
covasa andre collected $5.88 from pot
covasa andre: doesn't show hand
*** SUMMARY ***
Total pot $6 | Rake $0.12
Board [2h Qs 2d]
Seat 1: DiggErr555 (big blind) folded on the Flop
Seat 2: covasa andre (button) (small blind) collected ($5.88)


PokerStars Hand #144763476286:  Hold'em Limit ($3/$6 USD) - 2015/12/03 12:33:07 ET
Table 'Tisiphone' 2-max Seat #1 is the button
Seat 1: DiggErr555 ($73 in chips)
Seat 2: covasa andre ($45.30 in chips)
DiggErr555: posts small blind $1
covasa andre: posts big blind $3
*** HOLE CARDS ***
DiggErr555: raises $3 to $6
covasa andre: folds
Uncalled bet ($3) returned to DiggErr555
DiggErr555 collected $6 from pot
DiggErr555: doesn't show hand
*** SUMMARY ***
Total pot $6 | Rake $0
Seat 1: DiggErr555 (button) (small blind) collected ($6)
Seat 2: covasa andre (big blind) folded before Flop


PokerStars Hand #144763469117:  Hold'em Limit ($3/$6 USD) - 2015/12/03 12:32:58 ET
Table 'Tisiphone' 2-max Seat #2 is the button
Seat 1: DiggErr555 ($72 in chips)
Seat 2: covasa andre ($46.30 in chips)
covasa andre: posts small blind $1
DiggErr555: posts big blind $3
*** HOLE CARDS ***
covasa andre: folds
Uncalled bet ($2) returned to DiggErr555
DiggErr555 collected $2 from pot
DiggErr555: doesn't show hand
*** SUMMARY ***
Total pot $2 | Rake $0
Seat 1: DiggErr555 (big blind) collected ($2)
Seat 2: covasa andre (button) (small blind) folded before Flop


PokerStars Hand #144763464703:  Hold'em Limit ($3/$6 USD) - 2015/12/03 12:32:53 ET
Table 'Tisiphone' 2-max Seat #1 is the button
Seat 1: DiggErr555 ($72 in chips)
Seat 2: covasa andre ($45.30 in chips)
DiggErr555: posts small blind $1
covasa andre: posts big blind $3
*** HOLE CARDS ***
DiggErr555: folds
Uncalled bet ($2) returned to covasa andre
covasa andre collected $2 from pot
covasa andre: doesn't show hand
*** SUMMARY ***
Total pot $2 | Rake $0
Seat 1: DiggErr555 (button) (small blind) folded before Flop
Seat 2: covasa andre (big blind) collected ($2)


PokerStars Hand #144763449965:  Hold'em Limit ($3/$6 USD) - 2015/12/03 12:32:35 ET
Table 'Tisiphone' 2-max Seat #2 is the button
Seat 1: DiggErr555 ($72 in chips)
Seat 2: covasa andre ($39.54 in chips)
covasa andre: posts small blind $1
DiggErr555: posts big blind $3
*** HOLE CARDS ***
covasa andre: calls $2
DiggErr555: checks
*** FLOP *** [Kd As Kc]
DiggErr555: bets $3
covasa andre: calls $3
*** TURN *** [Kd As Kc] [Ad]
DiggErr555: checks
covasa andre: bets $6
DiggErr555: folds
Uncalled bet ($6) returned to covasa andre
covasa andre collected $11.76 from pot
covasa andre: doesn't show hand
*** SUMMARY ***
Total pot $12 | Rake $0.24
Board [Kd As Kc Ad]
Seat 1: DiggErr555 (big blind) folded on the Turn
Seat 2: covasa andre (button) (small blind) collected ($11.76)


PokerStars Hand #144763523844:  Hold'em Limit ($3/$6 USD) - 2015/12/03 12:34:03 ET
Table 'Tisiphone' 2-max Seat #2 is the button
Seat 1: DiggErr555 ($76 in chips)
Seat 2: covasa andre ($52.70 in chips)
covasa andre: posts small blind $1
DiggErr555: posts big blind $3
*** HOLE CARDS ***
covasa andre: calls $2
DiggErr555: checks
*** FLOP *** [6c 5c 3s]
DiggErr555: bets $3
covasa andre: calls $3
*** TURN *** [6c 5c 3s] [6s]
DiggErr555: bets $6
covasa andre: folds
Uncalled bet ($6) returned to DiggErr555
DiggErr555 collected $11.76 from pot
DiggErr555: doesn't show hand
*** SUMMARY ***
Total pot $12 | Rake $0.24
Board [6c 5c 3s 6s]
Seat 1: DiggErr555 (big blind) collected ($11.76)
Seat 2: covasa andre (button) (small blind) folded on the Turn


PokerStars Hand #144763517553:  Hold'em Limit ($3/$6 USD) - 2015/12/03 12:33:56 ET
Table 'Tisiphone' 2-max Seat #1 is the button
Seat 1: DiggErr555 ($73 in chips)
Seat 2: covasa andre ($55.70 in chips)
DiggErr555: posts small blind $1
covasa andre: posts big blind $3
*** HOLE CARDS ***
DiggErr555: raises $3 to $6
covasa andre: folds
Uncalled bet ($3) returned to DiggErr555
DiggErr555 collected $6 from pot
DiggErr555: doesn't show hand
*** SUMMARY ***
Total pot $6 | Rake $0
Seat 1: DiggErr555 (button) (small blind) collected ($6)
Seat 2: covasa andre (big blind) folded before Flop


PokerStars Hand #144763512813:  Hold'em Limit ($3/$6 USD) - 2015/12/03 12:33:50 ET
Table 'Tisiphone' 2-max Seat #2 is the button
Seat 1: DiggErr555 ($72 in chips)
Seat 2: covasa andre ($56.70 in chips)
covasa andre: posts small blind $1
DiggErr555: posts big blind $3
*** HOLE CARDS ***
covasa andre: folds
Uncalled bet ($2) returned to DiggErr555
DiggErr555 collected $2 from pot
DiggErr555: doesn't show hand
*** SUMMARY ***
Total pot $2 | Rake $0
Seat 1: DiggErr555 (big blind) collected ($2)
Seat 2: covasa andre (button) (small blind) folded before Flop


PokerStars Hand #144763497171:  Hold'em Limit ($3/$6 USD) - 2015/12/03 12:33:31 ET
Table 'Tisiphone' 2-max Seat #1 is the button
Seat 1: DiggErr555 ($73 in chips)
Seat 2: covasa andre ($45.18 in chips)
DiggErr555: posts small blind $1
covasa andre: posts big blind $3
*** HOLE CARDS ***
DiggErr555: raises $3 to $6
covasa andre: calls $3
*** FLOP *** [9h 3c 5h]
covasa andre: checks
DiggErr555: bets $3
covasa andre: raises $3 to $6
DiggErr555: calls $3
*** TURN *** [9h 3c 5h] [Ad]
covasa andre: bets $6
DiggErr555: folds
Uncalled bet ($6) returned to covasa andre
covasa andre collected $23.52 from pot
covasa andre: doesn't show hand
*** SUMMARY ***
Total pot $24 | Rake $0.48
Board [9h 3c 5h Ad]
Seat 1: DiggErr555 (button) (small blind) folded on the Turn
Seat 2: covasa andre (big blind) collected ($23.52)


PokerStars Hand #144763585000:  Hold'em Limit ($3/$6 USD) - 2015/12/03 12:35:16 ET
Table 'Tisiphone' 2-max Seat #2 is the button
Seat 1: DiggErr555 ($104.90 in chips)
Seat 2: covasa andre ($22.70 in chips)
covasa andre: posts small blind $1
DiggErr555: posts big blind $3
*** HOLE CARDS ***
covasa andre: folds
Uncalled bet ($2) returned to DiggErr555
DiggErr555 collected $2 from pot
DiggErr555: doesn't show hand
*** SUMMARY ***
Total pot $2 | Rake $0
Seat 1: DiggErr555 (big blind) collected ($2)
Seat 2: covasa andre (button) (small blind) folded before Flop


PokerStars Hand #144763571096:  Hold'em Limit ($3/$6 USD) - 2015/12/03 12:35:00 ET
Table 'Tisiphone' 2-max Seat #1 is the button
Seat 1: DiggErr555 ($96.26 in chips)
Seat 2: covasa andre ($31.70 in chips)
DiggErr555: posts small blind $1
covasa andre: posts big blind $3
*** HOLE CARDS ***
DiggErr555: raises $3 to $6
covasa andre: calls $3
*** FLOP *** [8s 8d 2h]
covasa andre: checks
DiggErr555: bets $3
covasa andre: calls $3
*** TURN *** [8s 8d 2h] [5d]
covasa andre: checks
DiggErr555: bets $6
covasa andre: folds
Uncalled bet ($6) returned to DiggErr555
DiggErr555 collected $17.64 from pot
DiggErr555: doesn't show hand
*** SUMMARY ***
Total pot $18 | Rake $0.36
Board [8s 8d 2h 5d]
Seat 1: DiggErr555 (button) (small blind) collected ($17.64)
Seat 2: covasa andre (big blind) folded on the Turn


PokerStars Hand #144763564621:  Hold'em Limit ($3/$6 USD) - 2015/12/03 12:34:52 ET
Table 'Tisiphone' 2-max Seat #2 is the button
Seat 1: DiggErr555 ($99.26 in chips)
Seat 2: covasa andre ($28.70 in chips)
covasa andre: posts small blind $1
DiggErr555: posts big blind $3
*** HOLE CARDS ***
covasa andre: raises $3 to $6
DiggErr555: folds
Uncalled bet ($3) returned to covasa andre
covasa andre collected $6 from pot
covasa andre: doesn't show hand
*** SUMMARY ***
Total pot $6 | Rake $0
Seat 1: DiggErr555 (big blind) folded before Flop
Seat 2: covasa andre (button) (small blind) collected ($6)


PokerStars Hand #144763543921:  Hold'em Limit ($3/$6 USD) - 2015/12/03 12:34:27 ET
Table 'Tisiphone' 2-max Seat #1 is the button
Seat 1: DiggErr555 ($81.76 in chips)
Seat 2: covasa andre ($46.70 in chips)
DiggErr555: posts small blind $1
covasa andre: posts big blind $3
*** HOLE CARDS ***
DiggErr555: raises $3 to $6
covasa andre: calls $3
*** FLOP *** [5h Qc Td]
covasa andre: checks
DiggErr555: bets $3
covasa andre: raises $3 to $6
DiggErr555: calls $3
*** TURN *** [5h Qc Td] [Jc]
covasa andre: bets $6
DiggErr555: raises $6 to $12
covasa andre: folds
Uncalled bet ($6) returned to DiggErr555
DiggErr555 collected $35.50 from pot
DiggErr555: doesn't show hand
*** SUMMARY ***
Total pot $36 | Rake $0.50
Board [5h Qc Td Jc]
Seat 1: DiggErr555 (button) (small blind) collected ($35.50)
Seat 2: covasa andre (big blind) folded on the Turn


PokerStars Hand #144763614791:  Hold'em Limit ($3/$6 USD) - 2015/12/03 12:35:51 ET
Table 'Tisiphone' 2-max Seat #2 is the button
Seat 1: DiggErr555 ($84.20 in chips)
Seat 2: covasa andre ($42.90 in chips)
covasa andre: posts small blind $1
DiggErr555: posts big blind $3
*** HOLE CARDS ***
covasa andre: calls $2
DiggErr555: checks
*** FLOP *** [3d 9c 7h]
DiggErr555: bets $3
covasa andre: calls $3
*** TURN *** [3d 9c 7h] [7d]
DiggErr555: bets $6
covasa andre: calls $6
*** RIVER *** [3d 9c 7h 7d] [As]
DiggErr555: checks
covasa andre: bets $6
DiggErr555: calls $6
*** SHOW DOWN ***
covasa andre: shows [Qh Ad] (two pair, Aces and Sevens)
DiggErr555: mucks hand
covasa andre collected $35.50 from pot
*** SUMMARY ***
Total pot $36 | Rake $0.50
Board [3d 9c 7h 7d As]
Seat 1: DiggErr555 (big blind) mucked
Seat 2: covasa andre (button) (small blind) showed [Qh Ad] and won ($35.50) with two pair, Aces and Sevens


PokerStars Hand #144763589384:  Hold'em Limit ($3/$6 USD) - 2015/12/03 12:35:21 ET
Table 'Tisiphone' 2-max Seat #1 is the button
Seat 1: DiggErr555 ($105.90 in chips)
Seat 2: covasa andre ($21.70 in chips)
DiggErr555: posts small blind $1
covasa andre: posts big blind $3
*** HOLE CARDS ***
DiggErr555: raises $3 to $6
covasa andre: raises $3 to $9
DiggErr555: calls $3
*** FLOP *** [Th Jh Jd]
covasa andre: bets $3
DiggErr555: calls $3
*** TURN *** [Th Jh Jd] [Ac]
covasa andre: checks
DiggErr555: bets $6
covasa andre: raises $3.70 to $9.70 and is all-in
DiggErr555: calls $3.70
*** RIVER *** [Th Jh Jd Ac] [9c]
*** SHOW DOWN ***
covasa andre: shows [Qh Kc] (a straight, Ten to Ace)
DiggErr555: shows [2d Ah] (two pair, Aces and Jacks)
covasa andre collected $42.90 from pot
*** SUMMARY ***
Total pot $43.40 | Rake $0.50
Board [Th Jh Jd Ac 9c]
Seat 1: DiggErr555 (button) (small blind) showed [2d Ah] and lost with two pair, Aces and Jacks
Seat 2: covasa andre (big blind) showed [Qh Kc] and won ($42.90) with a straight, Ten to Ace


PokerStars Hand #144763679500:  Hold'em Limit ($3/$6 USD) - 2015/12/03 12:37:09 ET
Table 'Tisiphone' 2-max Seat #1 is the button
Seat 1: DiggErr555 ($77 in chips)
Seat 2: covasa andre ($64.04 in chips)
DiggErr555: posts small blind $1
covasa andre: posts big blind $3
*** HOLE CARDS ***
DiggErr555: raises $3 to $6
covasa andre: calls $3
*** FLOP *** [3d Ac 5s]
covasa andre: checks
DiggErr555: bets $3
covasa andre: raises $3 to $6
DiggErr555: calls $3
*** TURN *** [3d Ac 5s] [2c]
covasa andre: bets $6
DiggErr555: calls $6
*** RIVER *** [3d Ac 5s 2c] [8d]
covasa andre: checks
DiggErr555: checks
*** SHOW DOWN ***
covasa andre: shows [2h 7h] (a pair of Deuces)
DiggErr555: shows [3c Jc] (a pair of Threes)
DiggErr555 collected $35.50 from pot
*** SUMMARY ***
Total pot $36 | Rake $0.50
Board [3d Ac 5s 2c 8d]
Seat 1: DiggErr555 (button) (small blind) showed [3c Jc] and won ($35.50) with a pair of Threes
Seat 2: covasa andre (big blind) showed [2h 7h] and lost with a pair of Deuces


PokerStars Hand #144763671792:  Hold'em Limit ($3/$6 USD) - 2015/12/03 12:37:00 ET
Table 'Tisiphone' 2-max Seat #2 is the button
Seat 1: DiggErr555 ($76 in chips)
Seat 2: covasa andre ($65.04 in chips)
covasa andre: posts small blind $1
DiggErr555: posts big blind $3
*** HOLE CARDS ***
covasa andre: folds
Uncalled bet ($2) returned to DiggErr555
DiggErr555 collected $2 from pot
DiggErr555: doesn't show hand
*** SUMMARY ***
Total pot $2 | Rake $0
Seat 1: DiggErr555 (big blind) collected ($2)
Seat 2: covasa andre (button) (small blind) folded before Flop


PokerStars Hand #144763666970:  Hold'em Limit ($3/$6 USD) - 2015/12/03 12:36:54 ET
Table 'Tisiphone' 2-max Seat #1 is the button
Seat 1: DiggErr555 ($73 in chips)
Seat 2: covasa andre ($68.04 in chips)
DiggErr555: posts small blind $1
covasa andre: posts big blind $3
*** HOLE CARDS ***
DiggErr555: raises $3 to $6
covasa andre: folds
Uncalled bet ($3) returned to DiggErr555
DiggErr555 collected $6 from pot
DiggErr555: doesn't show hand
*** SUMMARY ***
Total pot $6 | Rake $0
Seat 1: DiggErr555 (button) (small blind) collected ($6)
Seat 2: covasa andre (big blind) folded before Flop


PokerStars Hand #144763662285:  Hold'em Limit ($3/$6 USD) - 2015/12/03 12:36:48 ET
Table 'Tisiphone' 2-max Seat #2 is the button
Seat 1: DiggErr555 ($72 in chips)
Seat 2: covasa andre ($69.04 in chips)
covasa andre: posts small blind $1
DiggErr555: posts big blind $3
*** HOLE CARDS ***
covasa andre: folds
Uncalled bet ($2) returned to DiggErr555
DiggErr555 collected $2 from pot
DiggErr555: doesn't show hand
*** SUMMARY ***
Total pot $2 | Rake $0
Seat 1: DiggErr555 (big blind) collected ($2)
Seat 2: covasa andre (button) (small blind) folded before Flop


PokerStars Hand #144763638638:  Hold'em Limit ($3/$6 USD) - 2015/12/03 12:36:20 ET
Table 'Tisiphone' 2-max Seat #1 is the button
Seat 1: DiggErr555 ($72 in chips)
Seat 2: covasa andre ($60.40 in chips)
DiggErr555: posts small blind $1
covasa andre: posts big blind $3
*** HOLE CARDS ***
DiggErr555: raises $3 to $6
covasa andre: calls $3
*** FLOP *** [Qd Jh As]
covasa andre: checks
DiggErr555: bets $3
covasa andre: calls $3
*** TURN *** [Qd Jh As] [Qs]
covasa andre: checks
DiggErr555: checks
*** RIVER *** [Qd Jh As Qs] [8s]
covasa andre: bets $6
DiggErr555: folds
Uncalled bet ($6) returned to covasa andre
covasa andre collected $17.64 from pot
covasa andre: doesn't show hand
*** SUMMARY ***
Total pot $18 | Rake $0.36
Board [Qd Jh As Qs 8s]
Seat 1: DiggErr555 (button) (small blind) folded on the River
Seat 2: covasa andre (big blind) collected ($17.64)


PokerStars Hand #144763754974:  Hold'em Limit ($3/$6 USD) - 2015/12/03 12:38:38 ET
Table 'Tisiphone' 2-max Seat #2 is the button
Seat 1: DiggErr555 ($86.26 in chips)
Seat 2: covasa andre ($53.44 in chips)
covasa andre: posts small blind $1
DiggErr555: posts big blind $3
*** HOLE CARDS ***
covasa andre: folds
Uncalled bet ($2) returned to DiggErr555
DiggErr555 collected $2 from pot
DiggErr555: doesn't show hand
*** SUMMARY ***
Total pot $2 | Rake $0
Seat 1: DiggErr555 (big blind) collected ($2)
Seat 2: covasa andre (button) (small blind) folded before Flop


PokerStars Hand #144763737707:  Hold'em Limit ($3/$6 USD) - 2015/12/03 12:38:18 ET
Table 'Tisiphone' 2-max Seat #1 is the button
Seat 1: DiggErr555 ($80.50 in chips)
Seat 2: covasa andre ($59.44 in chips)
DiggErr555: posts small blind $1
covasa andre: posts big blind $3
*** HOLE CARDS ***
DiggErr555: raises $3 to $6
covasa andre: calls $3
*** FLOP *** [8h Qd Kc]
covasa andre: checks
DiggErr555: checks
*** TURN *** [8h Qd Kc] [2c]
covasa andre: checks
DiggErr555: checks
*** RIVER *** [8h Qd Kc 2c] [2h]
covasa andre: checks
DiggErr555: checks
*** SHOW DOWN ***
covasa andre: shows [9s Td] (a pair of Deuces)
DiggErr555: shows [Jh 5c] (a pair of Deuces - King+Queen+Jack kicker)
DiggErr555 collected $11.76 from pot
*** SUMMARY ***
Total pot $12 | Rake $0.24
Board [8h Qd Kc 2c 2h]
Seat 1: DiggErr555 (button) (small blind) showed [Jh 5c] and won ($11.76) with a pair of Deuces
Seat 2: covasa andre (big blind) showed [9s Td] and lost with a pair of Deuces


PokerStars Hand #144763726716:  Hold'em Limit ($3/$6 USD) - 2015/12/03 12:38:05 ET
Table 'Tisiphone' 2-max Seat #2 is the button
Seat 1: DiggErr555 ($86.50 in chips)
Seat 2: covasa andre ($53.68 in chips)
covasa andre: posts small blind $1
DiggErr555: posts big blind $3
*** HOLE CARDS ***
covasa andre: raises $3 to $6
DiggErr555: calls $3
*** FLOP *** [Qh 4c Js]
DiggErr555: checks
covasa andre: bets $3
DiggErr555: folds
Uncalled bet ($3) returned to covasa andre
covasa andre collected $11.76 from pot
covasa andre: doesn't show hand
*** SUMMARY ***
Total pot $12 | Rake $0.24
Board [Qh 4c Js]
Seat 1: DiggErr555 (big blind) folded on the Flop
Seat 2: covasa andre (button) (small blind) collected ($11.76)


PokerStars Hand #144763715107:  Hold'em Limit ($3/$6 USD) - 2015/12/03 12:37:51 ET
Table 'Tisiphone' 2-max Seat #1 is the button
Seat 1: DiggErr555 ($95.50 in chips)
Seat 2: covasa andre ($45.04 in chips)
DiggErr555: posts small blind $1
covasa andre: posts big blind $3
*** HOLE CARDS ***
DiggErr555: raises $3 to $6
covasa andre: raises $3 to $9
DiggErr555: calls $3
*** FLOP *** [2h 9h 7d]
covasa andre: bets $3
DiggErr555: folds
Uncalled bet ($3) returned to covasa andre
covasa andre collected $17.64 from pot
covasa andre: doesn't show hand
*** SUMMARY ***
Total pot $18 | Rake $0.36
Board [2h 9h 7d]
Seat 1: DiggErr555 (button) (small blind) folded on the Flop
Seat 2: covasa andre (big blind) collected ($17.64)


PokerStars Hand #144763707601:  Hold'em Limit ($3/$6 USD) - 2015/12/03 12:37:42 ET
Table 'Tisiphone' 2-max Seat #2 is the button
Seat 1: DiggErr555 ($94.50 in chips)
Seat 2: covasa andre ($46.04 in chips)
covasa andre: posts small blind $1
DiggErr555: posts big blind $3
*** HOLE CARDS ***
covasa andre: folds
Uncalled bet ($2) returned to DiggErr555
DiggErr555 collected $2 from pot
DiggErr555: doesn't show hand
*** SUMMARY ***
Total pot $2 | Rake $0
Seat 1: DiggErr555 (big blind) collected ($2)
Seat 2: covasa andre (button) (small blind) folded before Flop


PokerStars Hand #144763791612:  Hold'em Limit ($3/$6 USD) - 2015/12/03 12:39:21 ET
Table 'Tisiphone' 2-max Seat #2 is the button
Seat 1: DiggErr555 ($74.26 in chips)
Seat 2: covasa andre ($65.08 in chips)
covasa andre: posts small blind $1
DiggErr555: posts big blind $3
*** HOLE CARDS ***
covasa andre: folds
Uncalled bet ($2) returned to DiggErr555
DiggErr555 collected $2 from pot
DiggErr555: doesn't show hand
*** SUMMARY ***
Total pot $2 | Rake $0
Seat 1: DiggErr555 (big blind) collected ($2)
Seat 2: covasa andre (button) (small blind) folded before Flop


PokerStars Hand #144763787044:  Hold'em Limit ($3/$6 USD) - 2015/12/03 12:39:16 ET
Table 'Tisiphone' 2-max Seat #1 is the button
Seat 1: DiggErr555 ($75.26 in chips)
Seat 2: covasa andre ($64.08 in chips)
DiggErr555: posts small blind $1
covasa andre: posts big blind $3
*** HOLE CARDS ***
DiggErr555: folds
Uncalled bet ($2) returned to covasa andre
covasa andre collected $2 from pot
covasa andre: doesn't show hand
*** SUMMARY ***
Total pot $2 | Rake $0
Seat 1: DiggErr555 (button) (small blind) folded before Flop
Seat 2: covasa andre (big blind) collected ($2)


PokerStars Hand #144763774385:  Hold'em Limit ($3/$6 USD) - 2015/12/03 12:39:01 ET
Table 'Tisiphone' 2-max Seat #2 is the button
Seat 1: DiggErr555 ($78.26 in chips)
Seat 2: covasa andre ($61.08 in chips)
covasa andre: posts small blind $1
DiggErr555: posts big blind $3
*** HOLE CARDS ***
covasa andre: raises $3 to $6
DiggErr555: folds
Uncalled bet ($3) returned to covasa andre
covasa andre collected $6 from pot
covasa andre: doesn't show hand
*** SUMMARY ***
Total pot $6 | Rake $0
Seat 1: DiggErr555 (big blind) folded before Flop
Seat 2: covasa andre (button) (small blind) collected ($6)


PokerStars Hand #144763759206:  Hold'em Limit ($3/$6 USD) - 2015/12/03 12:38:43 ET
Table 'Tisiphone' 2-max Seat #1 is the button
Seat 1: DiggErr555 ($87.26 in chips)
Seat 2: covasa andre ($52.44 in chips)
DiggErr555: posts small blind $1
covasa andre: posts big blind $3
*** HOLE CARDS ***
DiggErr555: raises $3 to $6
covasa andre: raises $3 to $9
DiggErr555: calls $3
*** FLOP *** [Kd 8d 3s]
covasa andre: bets $3
DiggErr555: folds
Uncalled bet ($3) returned to covasa andre
covasa andre collected $17.64 from pot
covasa andre: doesn't show hand
*** SUMMARY ***
Total pot $18 | Rake $0.36
Board [Kd 8d 3s]
Seat 1: DiggErr555 (button) (small blind) folded on the Flop
Seat 2: covasa andre (big blind) collected ($17.64)


PokerStars Hand #144763820016:  Hold'em Limit ($3/$6 USD) - 2015/12/03 12:39:55 ET
Table 'Tisiphone' 2-max Seat #2 is the button
Seat 1: DiggErr555 ($72 in chips)
Seat 2: covasa andre ($75.60 in chips)
covasa andre: posts small blind $1
DiggErr555: posts big blind $3
*** HOLE CARDS ***
covasa andre: folds
Uncalled bet ($2) returned to DiggErr555
DiggErr555 collected $2 from pot
DiggErr555: doesn't show hand
*** SUMMARY ***
Total pot $2 | Rake $0
Seat 1: DiggErr555 (big blind) collected ($2)
Seat 2: covasa andre (button) (small blind) folded before Flop


PokerStars Hand #144763795385:  Hold'em Limit ($3/$6 USD) - 2015/12/03 12:39:26 ET
Table 'Tisiphone' 2-max Seat #1 is the button
Seat 1: DiggErr555 ($75.26 in chips)
Seat 2: covasa andre ($64.08 in chips)
DiggErr555: posts small blind $1
covasa andre: posts big blind $3
*** HOLE CARDS ***
DiggErr555: raises $3 to $6
covasa andre: calls $3
*** FLOP *** [Qd Ks 6c]
covasa andre: checks
DiggErr555: checks
*** TURN *** [Qd Ks 6c] [5s]
covasa andre: bets $6
DiggErr555: calls $6
*** RIVER *** [Qd Ks 6c 5s] [2c]
covasa andre: bets $6
DiggErr555: folds
Uncalled bet ($6) returned to covasa andre
covasa andre collected $23.52 from pot
covasa andre: doesn't show hand
*** SUMMARY ***
Total pot $24 | Rake $0.48
Board [Qd Ks 6c 5s 2c]
Seat 1: DiggErr555 (button) (small blind) folded on the River
Seat 2: covasa andre (big blind) collected ($23.52)


PokerStars Hand #144763906597:  Hold'em Limit ($3/$6 USD) - 2015/12/03 12:41:38 ET
Table 'Tisiphone' 2-max Seat #2 is the button
Seat 1: DiggErr555 ($72 in chips)
Seat 2: covasa andre ($95.76 in chips)
covasa andre: posts small blind $1
DiggErr555: posts big blind $3
*** HOLE CARDS ***
covasa andre: folds
Uncalled bet ($2) returned to DiggErr555
DiggErr555 collected $2 from pot
DiggErr555: doesn't show hand
*** SUMMARY ***
Total pot $2 | Rake $0
Seat 1: DiggErr555 (big blind) collected ($2)
Seat 2: covasa andre (button) (small blind) folded before Flop


PokerStars Hand #144763902206:  Hold'em Limit ($3/$6 USD) - 2015/12/03 12:41:33 ET
Table 'Tisiphone' 2-max Seat #1 is the button
Seat 1: DiggErr555 ($72 in chips)
Seat 2: covasa andre ($94.76 in chips)
DiggErr555: posts small blind $1
covasa andre: posts big blind $3
*** HOLE CARDS ***
DiggErr555: folds
Uncalled bet ($2) returned to covasa andre
covasa andre collected $2 from pot
covasa andre: doesn't show hand
*** SUMMARY ***
Total pot $2 | Rake $0
Seat 1: DiggErr555 (button) (small blind) folded before Flop
Seat 2: covasa andre (big blind) collected ($2)


PokerStars Hand #144763896582:  Hold'em Limit ($3/$6 USD) - 2015/12/03 12:41:26 ET
Table 'Tisiphone' 2-max Seat #2 is the button
Seat 1: DiggErr555 ($75 in chips)
Seat 2: covasa andre ($91.76 in chips)
covasa andre: posts small blind $1
DiggErr555: posts big blind $3
*** HOLE CARDS ***
covasa andre: raises $3 to $6
DiggErr555: folds
Uncalled bet ($3) returned to covasa andre
covasa andre collected $6 from pot
covasa andre: doesn't show hand
*** SUMMARY ***
Total pot $6 | Rake $0
Seat 1: DiggErr555 (big blind) folded before Flop
Seat 2: covasa andre (button) (small blind) collected ($6)


PokerStars Hand #144763892591:  Hold'em Limit ($3/$6 USD) - 2015/12/03 12:41:21 ET
Table 'Tisiphone' 2-max Seat #1 is the button
Seat 1: DiggErr555 ($76 in chips)
Seat 2: covasa andre ($90.76 in chips)
DiggErr555: posts small blind $1
covasa andre: posts big blind $3
*** HOLE CARDS ***
DiggErr555: folds
Uncalled bet ($2) returned to covasa andre
covasa andre collected $2 from pot
covasa andre: doesn't show hand
*** SUMMARY ***
Total pot $2 | Rake $0
Seat 1: DiggErr555 (button) (small blind) folded before Flop
Seat 2: covasa andre (big blind) collected ($2)


PokerStars Hand #144763888554:  Hold'em Limit ($3/$6 USD) - 2015/12/03 12:41:16 ET
Table 'Tisiphone' 2-max Seat #2 is the button
Seat 1: DiggErr555 ($75 in chips)
Seat 2: covasa andre ($91.76 in chips)
covasa andre: posts small blind $1
DiggErr555: posts big blind $3
*** HOLE CARDS ***
covasa andre: folds
Uncalled bet ($2) returned to DiggErr555
DiggErr555 collected $2 from pot
DiggErr555: doesn't show hand
*** SUMMARY ***
Total pot $2 | Rake $0
Seat 1: DiggErr555 (big blind) collected ($2)
Seat 2: covasa andre (button) (small blind) folded before Flop


PokerStars Hand #144763883380:  Hold'em Limit ($3/$6 USD) - 2015/12/03 12:41:10 ET
Table 'Tisiphone' 2-max Seat #1 is the button
Seat 1: DiggErr555 ($72 in chips)
Seat 2: covasa andre ($94.76 in chips)
DiggErr555: posts small blind $1
covasa andre: posts big blind $3
*** HOLE CARDS ***
DiggErr555: raises $3 to $6
covasa andre: folds
Uncalled bet ($3) returned to DiggErr555
DiggErr555 collected $6 from pot
DiggErr555: doesn't show hand
*** SUMMARY ***
Total pot $6 | Rake $0
Seat 1: DiggErr555 (button) (small blind) collected ($6)
Seat 2: covasa andre (big blind) folded before Flop


PokerStars Hand #144763867465:  Hold'em Limit ($3/$6 USD) - 2015/12/03 12:40:52 ET
Table 'Tisiphone' 2-max Seat #2 is the button
Seat 1: DiggErr555 ($72 in chips)
Seat 2: covasa andre ($86.12 in chips)
covasa andre: posts small blind $1
DiggErr555: posts big blind $3
*** HOLE CARDS ***
covasa andre: raises $3 to $6
DiggErr555: calls $3
*** FLOP *** [Ah 7h 8h]
DiggErr555: checks
covasa andre: bets $3
DiggErr555: calls $3
*** TURN *** [Ah 7h 8h] [Th]
DiggErr555: checks
covasa andre: checks
*** RIVER *** [Ah 7h 8h Th] [Kd]
DiggErr555: checks
covasa andre: checks
*** SHOW DOWN ***
DiggErr555: shows [Jc 7c] (a pair of Sevens)
covasa andre: shows [6s Ac] (a pair of Aces)
covasa andre collected $17.64 from pot
*** SUMMARY ***
Total pot $18 | Rake $0.36
Board [Ah 7h 8h Th Kd]
Seat 1: DiggErr555 (big blind) showed [Jc 7c] and lost with a pair of Sevens
Seat 2: covasa andre (button) (small blind) showed [6s Ac] and won ($17.64) with a pair of Aces


PokerStars Hand #144763823917:  Hold'em Limit ($3/$6 USD) - 2015/12/03 12:40:00 ET
Table 'Tisiphone' 2-max Seat #1 is the button
Seat 1: DiggErr555 ($73 in chips)
Seat 2: covasa andre ($74.60 in chips)
DiggErr555: posts small blind $1
covasa andre: posts big blind $3
*** HOLE CARDS ***
DiggErr555: raises $3 to $6
covasa andre: calls $3
*** FLOP *** [3d Js 8s]
covasa andre: checks
DiggErr555: bets $3
covasa andre: raises $3 to $6
DiggErr555: calls $3
*** TURN *** [3d Js 8s] [Tc]
covasa andre: bets $6
DiggErr555: folds
Uncalled bet ($6) returned to covasa andre
covasa andre collected $23.52 from pot
covasa andre: doesn't show hand
*** SUMMARY ***
Total pot $24 | Rake $0.48
Board [3d Js 8s Tc]
Seat 1: DiggErr555 (button) (small blind) folded on the Turn
Seat 2: covasa andre (big blind) collected ($23.52)


PokerStars Hand #144763954873:  Hold'em Limit ($3/$6 USD) - 2015/12/03 12:42:33 ET
Table 'Tisiphone' 2-max Seat #1 is the button
Seat 1: DiggErr555 ($73 in chips)
Seat 2: covasa andre ($130.76 in chips)
DiggErr555: posts small blind $1
covasa andre: posts big blind $3
*** HOLE CARDS ***
DiggErr555: raises $3 to $6
covasa andre: calls $3
*** FLOP *** [As 6c Kc]
covasa andre: checks
DiggErr555: checks
*** TURN *** [As 6c Kc] [7s]
covasa andre: checks
DiggErr555: checks
*** RIVER *** [As 6c Kc 7s] [7d]
covasa andre: checks
DiggErr555: checks
*** SHOW DOWN ***
covasa andre: shows [8c 4c] (a pair of Sevens)
DiggErr555: shows [5d 9d] (a pair of Sevens - Ace+King+Nine kicker)
DiggErr555 collected $11.76 from pot
*** SUMMARY ***
Total pot $12 | Rake $0.24
Board [As 6c Kc 7s 7d]
Seat 1: DiggErr555 (button) (small blind) showed [5d 9d] and won ($11.76) with a pair of Sevens
Seat 2: covasa andre (big blind) showed [8c 4c] and lost with a pair of Sevens


PokerStars Hand #144763950543:  Hold'em Limit ($3/$6 USD) - 2015/12/03 12:42:28 ET
Table 'Tisiphone' 2-max Seat #2 is the button
Seat 1: DiggErr555 ($72 in chips)
Seat 2: covasa andre ($131.76 in chips)
covasa andre: posts small blind $1
DiggErr555: posts big blind $3
*** HOLE CARDS ***
covasa andre: folds
Uncalled bet ($2) returned to DiggErr555
DiggErr555 collected $2 from pot
DiggErr555: doesn't show hand
*** SUMMARY ***
Total pot $2 | Rake $0
Seat 1: DiggErr555 (big blind) collected ($2)
Seat 2: covasa andre (button) (small blind) folded before Flop


PokerStars Hand #144763938939:  Hold'em Limit ($3/$6 USD) - 2015/12/03 12:42:14 ET
Table 'Tisiphone' 2-max Seat #1 is the button
Seat 1: DiggErr555 ($73 in chips)
Seat 2: covasa andre ($114.26 in chips)
DiggErr555: posts small blind $1
covasa andre: posts big blind $3
*** HOLE CARDS ***
DiggErr555: raises $3 to $6
covasa andre: calls $3
*** FLOP *** [5h 9h 6d]
covasa andre: checks
DiggErr555: checks
*** TURN *** [5h 9h 6d] [3s]
covasa andre: bets $6
DiggErr555: calls $6
*** RIVER *** [5h 9h 6d 3s] [2d]
covasa andre: bets $6
DiggErr555: calls $6
*** SHOW DOWN ***
covasa andre: shows [As 6h] (a pair of Sixes)
DiggErr555: mucks hand
covasa andre collected $35.50 from pot
*** SUMMARY ***
Total pot $36 | Rake $0.50
Board [5h 9h 6d 3s 2d]
Seat 1: DiggErr555 (button) (small blind) mucked
Seat 2: covasa andre (big blind) showed [As 6h] and won ($35.50) with a pair of Sixes


PokerStars Hand #144763935013:  Hold'em Limit ($3/$6 USD) - 2015/12/03 12:42:09 ET
Table 'Tisiphone' 2-max Seat #2 is the button
Seat 1: DiggErr555 ($72 in chips)
Seat 2: covasa andre ($115.26 in chips)
covasa andre: posts small blind $1
DiggErr555: posts big blind $3
*** HOLE CARDS ***
covasa andre: folds
Uncalled bet ($2) returned to DiggErr555
DiggErr555 collected $2 from pot
DiggErr555: doesn't show hand
*** SUMMARY ***
Total pot $2 | Rake $0
Seat 1: DiggErr555 (big blind) collected ($2)
Seat 2: covasa andre (button) (small blind) folded before Flop


PokerStars Hand #144763910604:  Hold'em Limit ($3/$6 USD) - 2015/12/03 12:41:43 ET
Table 'Tisiphone' 2-max Seat #1 is the button
Seat 1: DiggErr555 ($73 in chips)
Seat 2: covasa andre ($94.76 in chips)
DiggErr555: posts small blind $1
covasa andre: posts big blind $3
*** HOLE CARDS ***
DiggErr555: raises $3 to $6
covasa andre: calls $3
*** FLOP *** [7s Ad Qd]
covasa andre: checks
DiggErr555: bets $3
covasa andre: calls $3
*** TURN *** [7s Ad Qd] [2s]
covasa andre: checks
DiggErr555: bets $6
covasa andre: raises $6 to $12
DiggErr555: calls $6
*** RIVER *** [7s Ad Qd 2s] [Qc]
covasa andre: bets $6
DiggErr555: folds
Uncalled bet ($6) returned to covasa andre
covasa andre collected $41.50 from pot
covasa andre: doesn't show hand
*** SUMMARY ***
Total pot $42 | Rake $0.50
Board [7s Ad Qd 2s Qc]
Seat 1: DiggErr555 (button) (small blind) folded on the River
Seat 2: covasa andre (big blind) collected ($41.50)


PokerStars Hand #144764014774:  Hold'em Limit ($3/$6 USD) - 2015/12/03 12:43:41 ET
Table 'Tisiphone' 2-max Seat #2 is the button
Seat 1: DiggErr555 ($117.54 in chips)
Seat 2: covasa andre ($84.76 in chips)
covasa andre: posts small blind $1
DiggErr555: posts big blind $3
*** HOLE CARDS ***
covasa andre: folds
Uncalled bet ($2) returned to DiggErr555
DiggErr555 collected $2 from pot
DiggErr555: doesn't show hand
*** SUMMARY ***
Total pot $2 | Rake $0
Seat 1: DiggErr555 (big blind) collected ($2)
Seat 2: covasa andre (button) (small blind) folded before Flop


PokerStars Hand #144764006419:  Hold'em Limit ($3/$6 USD) - 2015/12/03 12:43:31 ET
Table 'Tisiphone' 2-max Seat #1 is the button
Seat 1: DiggErr555 ($111.78 in chips)
Seat 2: covasa andre ($90.76 in chips)
DiggErr555: posts small blind $1
covasa andre: posts big blind $3
*** HOLE CARDS ***
DiggErr555: raises $3 to $6
covasa andre: calls $3
*** FLOP *** [Js 3c As]
covasa andre: checks
DiggErr555: bets $3
covasa andre: folds
Uncalled bet ($3) returned to DiggErr555
DiggErr555 collected $11.76 from pot
DiggErr555: doesn't show hand
*** SUMMARY ***
Total pot $12 | Rake $0.24
Board [Js 3c As]
Seat 1: DiggErr555 (button) (small blind) collected ($11.76)
Seat 2: covasa andre (big blind) folded on the Flop


PokerStars Hand #144763986735:  Hold'em Limit ($3/$6 USD) - 2015/12/03 12:43:09 ET
Table 'Tisiphone' 2-max Seat #2 is the button
Seat 1: DiggErr555 ($91.28 in chips)
Seat 2: covasa andre ($111.76 in chips)
covasa andre: posts small blind $1
DiggErr555: posts big blind $3
*** HOLE CARDS ***
covasa andre: raises $3 to $6
DiggErr555: raises $3 to $9
covasa andre: raises $3 to $12
Betting is capped
DiggErr555: calls $3
*** FLOP *** [3d 4s Js]
DiggErr555: checks
covasa andre: bets $3
DiggErr555: calls $3
*** TURN *** [3d 4s Js] [8s]
DiggErr555: checks
covasa andre: bets $6
DiggErr555: calls $6
*** RIVER *** [3d 4s Js 8s] [Kc]
DiggErr555: checks
covasa andre: checks
*** SHOW DOWN ***
DiggErr555: shows [Jh Kh] (two pair, Kings and Jacks)
covasa andre: mucks hand
DiggErr555 collected $41.50 from pot
*** SUMMARY ***
Total pot $42 | Rake $0.50
Board [3d 4s Js 8s Kc]
Seat 1: DiggErr555 (big blind) showed [Jh Kh] and won ($41.50) with two pair, Kings and Jacks
Seat 2: covasa andre (button) (small blind) mucked


PokerStars Hand #144763969294:  Hold'em Limit ($3/$6 USD) - 2015/12/03 12:42:49 ET
Table 'Tisiphone' 2-max Seat #2 is the button
Seat 1: DiggErr555 ($78.76 in chips)
Seat 2: covasa andre ($124.76 in chips)
covasa andre: posts small blind $1
DiggErr555: posts big blind $3
*** HOLE CARDS ***
covasa andre: folds
Uncalled bet ($2) returned to DiggErr555
DiggErr555 collected $2 from pot
DiggErr555: doesn't show hand
*** SUMMARY ***
Total pot $2 | Rake $0
Seat 1: DiggErr555 (big blind) collected ($2)
Seat 2: covasa andre (button) (small blind) folded before Flop


PokerStars Hand #144763973233:  Hold'em Limit ($3/$6 USD) - 2015/12/03 12:42:54 ET
Table 'Tisiphone' 2-max Seat #1 is the button
Seat 1: DiggErr555 ($79.76 in chips)
Seat 2: covasa andre ($123.76 in chips)
DiggErr555: posts small blind $1
covasa andre: posts big blind $3
*** HOLE CARDS ***
DiggErr555: raises $3 to $6
covasa andre: raises $3 to $9
DiggErr555: calls $3
*** FLOP *** [Jh As 9h]
covasa andre: bets $3
DiggErr555: raises $3 to $6
covasa andre: folds
Uncalled bet ($3) returned to DiggErr555
DiggErr555 collected $23.52 from pot
DiggErr555: doesn't show hand
*** SUMMARY ***
Total pot $24 | Rake $0.48
Board [Jh As 9h]
Seat 1: DiggErr555 (button) (small blind) collected ($23.52)
Seat 2: covasa andre (big blind) folded on the Flop


PokerStars Hand #144764023400:  Hold'em Limit ($3/$6 USD) - 2015/12/03 12:43:51 ET
Table 'Tisiphone' 2-max Seat #2 is the button
Seat 1: DiggErr555 ($117.54 in chips)
Seat 2: covasa andre ($84.76 in chips)
covasa andre: posts small blind $1
DiggErr555: posts big blind $3
*** HOLE CARDS ***
covasa andre: raises $3 to $6
DiggErr555: folds
Uncalled bet ($3) returned to covasa andre
covasa andre collected $6 from pot
covasa andre: doesn't show hand
*** SUMMARY ***
Total pot $6 | Rake $0
Seat 1: DiggErr555 (big blind) folded before Flop
Seat 2: covasa andre (button) (small blind) collected ($6)


PokerStars Hand #144764018977:  Hold'em Limit ($3/$6 USD) - 2015/12/03 12:43:46 ET
Table 'Tisiphone' 2-max Seat #1 is the button
Seat 1: DiggErr555 ($118.54 in chips)
Seat 2: covasa andre ($83.76 in chips)
DiggErr555: posts small blind $1
covasa andre: posts big blind $3
*** HOLE CARDS ***
DiggErr555: folds
Uncalled bet ($2) returned to covasa andre
covasa andre collected $2 from pot
covasa andre: doesn't show hand
*** SUMMARY ***
Total pot $2 | Rake $0
Seat 1: DiggErr555 (button) (small blind) folded before Flop
Seat 2: covasa andre (big blind) collected ($2)


PokerStars Hand #144764042578:  Hold'em Limit ($3/$6 USD) - 2015/12/03 12:44:12 ET
Table 'Tisiphone' 2-max Seat #2 is the button
Seat 1: DiggErr555 ($105.54 in chips)
Seat 2: covasa andre ($96.40 in chips)
covasa andre: posts small blind $1
DiggErr555: posts big blind $3
*** HOLE CARDS ***
covasa andre: folds
Uncalled bet ($2) returned to DiggErr555
DiggErr555 collected $2 from pot
DiggErr555: doesn't show hand
*** SUMMARY ***
Total pot $2 | Rake $0
Seat 1: DiggErr555 (big blind) collected ($2)
Seat 2: covasa andre (button) (small blind) folded before Flop


PokerStars Hand #144764028534:  Hold'em Limit ($3/$6 USD) - 2015/12/03 12:43:56 ET
Table 'Tisiphone' 2-max Seat #1 is the button
Seat 1: DiggErr555 ($114.54 in chips)
Seat 2: covasa andre ($87.76 in chips)
DiggErr555: posts small blind $1
covasa andre: posts big blind $3
*** HOLE CARDS ***
DiggErr555: raises $3 to $6
covasa andre: calls $3
*** FLOP *** [3s Ah 7d]
covasa andre: checks
DiggErr555: bets $3
covasa andre: calls $3
*** TURN *** [3s Ah 7d] [Ad]
covasa andre: checks
DiggErr555: checks
*** RIVER *** [3s Ah 7d Ad] [5h]
covasa andre: bets $6
DiggErr555: folds
Uncalled bet ($6) returned to covasa andre
covasa andre collected $17.64 from pot
covasa andre: doesn't show hand
*** SUMMARY ***
Total pot $18 | Rake $0.36
Board [3s Ah 7d Ad 5h]
Seat 1: DiggErr555 (button) (small blind) folded on the River
Seat 2: covasa andre (big blind) collected ($17.64)


PokerStars Hand #144764047045:  Hold'em Limit ($3/$6 USD) - 2015/12/03 12:44:17 ET
Table 'Tisiphone' 2-max Seat #1 is the button
Seat 1: DiggErr555 ($106.54 in chips)
Seat 2: covasa andre ($95.40 in chips)
DiggErr555: posts small blind $1
covasa andre: posts big blind $3
*** HOLE CARDS ***
DiggErr555: folds
Uncalled bet ($2) returned to covasa andre
covasa andre collected $2 from pot
covasa andre: doesn't show hand
*** SUMMARY ***
Total pot $2 | Rake $0
Seat 1: DiggErr555 (button) (small blind) folded before Flop
Seat 2: covasa andre (big blind) collected ($2)


PokerStars Hand #144764051354:  Hold'em Limit ($3/$6 USD) - 2015/12/03 12:44:22 ET
Table 'Tisiphone' 2-max Seat #2 is the button
Seat 1: DiggErr555 ($105.54 in chips)
Seat 2: covasa andre ($96.40 in chips)
covasa andre: posts small blind $1
DiggErr555: posts big blind $3
*** HOLE CARDS ***
covasa andre: calls $2
DiggErr555: checks
*** FLOP *** [Ah Ts Qd]
DiggErr555: checks
covasa andre: bets $3
DiggErr555: folds
Uncalled bet ($3) returned to covasa andre
covasa andre collected $5.88 from pot
covasa andre: doesn't show hand
*** SUMMARY ***
Total pot $6 | Rake $0.12
Board [Ah Ts Qd]
Seat 1: DiggErr555 (big blind) folded on the Flop
Seat 2: covasa andre (button) (small blind) collected ($5.88)


PokerStars Hand #144764068697:  Hold'em Limit ($3/$6 USD) - 2015/12/03 12:44:42 ET
Table 'Tisiphone' 2-max Seat #2 is the button
Seat 1: DiggErr555 ($108.30 in chips)
Seat 2: covasa andre ($93.28 in chips)
covasa andre: posts small blind $1
DiggErr555: posts big blind $3
*** HOLE CARDS ***
covasa andre: folds
Uncalled bet ($2) returned to DiggErr555
DiggErr555 collected $2 from pot
DiggErr555: doesn't show hand
*** SUMMARY ***
Total pot $2 | Rake $0
Seat 1: DiggErr555 (big blind) collected ($2)
Seat 2: covasa andre (button) (small blind) folded before Flop


PokerStars Hand #144764060832:  Hold'em Limit ($3/$6 USD) - 2015/12/03 12:44:33 ET
Table 'Tisiphone' 2-max Seat #1 is the button
Seat 1: DiggErr555 ($102.54 in chips)
Seat 2: covasa andre ($99.28 in chips)
DiggErr555: posts small blind $1
covasa andre: posts big blind $3
*** HOLE CARDS ***
DiggErr555: raises $3 to $6
covasa andre: calls $3
*** FLOP *** [3h Ac 2d]
covasa andre: checks
DiggErr555: bets $3
covasa andre: folds
Uncalled bet ($3) returned to DiggErr555
DiggErr555 collected $11.76 from pot
DiggErr555: doesn't show hand
*** SUMMARY ***
Total pot $12 | Rake $0.24
Board [3h Ac 2d]
Seat 1: DiggErr555 (button) (small blind) collected ($11.76)
Seat 2: covasa andre (big blind) folded on the Flop


PokerStars Hand #144764072804:  Hold'em Limit ($3/$6 USD) - 2015/12/03 12:44:46 ET
Table 'Tisiphone' 2-max Seat #1 is the button
Seat 1: DiggErr555 ($109.30 in chips)
Seat 2: covasa andre ($92.28 in chips)
DiggErr555: posts small blind $1
covasa andre: posts big blind $3
*** HOLE CARDS ***
DiggErr555: raises $3 to $6
covasa andre: folds
Uncalled bet ($3) returned to DiggErr555
DiggErr555 collected $6 from pot
DiggErr555: doesn't show hand
*** SUMMARY ***
Total pot $6 | Rake $0
Seat 1: DiggErr555 (button) (small blind) collected ($6)
Seat 2: covasa andre (big blind) folded before Flop


PokerStars Hand #144764096792:  Hold'em Limit ($3/$6 USD) - 2015/12/03 12:45:13 ET
Table 'Tisiphone' 2-max Seat #1 is the button
Seat 1: DiggErr555 ($100.30 in chips)
Seat 2: covasa andre ($100.80 in chips)
DiggErr555: posts small blind $1
covasa andre: posts big blind $3
*** HOLE CARDS ***
DiggErr555: raises $3 to $6
covasa andre: folds
Uncalled bet ($3) returned to DiggErr555
DiggErr555 collected $6 from pot
DiggErr555: doesn't show hand
*** SUMMARY ***
Total pot $6 | Rake $0
Seat 1: DiggErr555 (button) (small blind) collected ($6)
Seat 2: covasa andre (big blind) folded before Flop


PokerStars Hand #144764079041:  Hold'em Limit ($3/$6 USD) - 2015/12/03 12:44:53 ET
Table 'Tisiphone' 2-max Seat #2 is the button
Seat 1: DiggErr555 ($112.30 in chips)
Seat 2: covasa andre ($89.28 in chips)
covasa andre: posts small blind $1
DiggErr555: posts big blind $3
*** HOLE CARDS ***
covasa andre: calls $2
DiggErr555: checks
*** FLOP *** [4h 7d 8h]
DiggErr555: checks
covasa andre: bets $3
DiggErr555: calls $3
*** TURN *** [4h 7d 8h] [Qd]
DiggErr555: checks
covasa andre: bets $6
DiggErr555: calls $6
*** RIVER *** [4h 7d 8h Qd] [Th]
DiggErr555: checks
covasa andre: checks
*** SHOW DOWN ***
DiggErr555: shows [4d 6s] (a pair of Fours)
covasa andre: shows [8d Kh] (a pair of Eights)
covasa andre collected $23.52 from pot
*** SUMMARY ***
Total pot $24 | Rake $0.48
Board [4h 7d 8h Qd Th]
Seat 1: DiggErr555 (big blind) showed [4d 6s] and lost with a pair of Fours
Seat 2: covasa andre (button) (small blind) showed [8d Kh] and won ($23.52) with a pair of Eights


PokerStars Hand #144764101315:  Hold'em Limit ($3/$6 USD) - 2015/12/03 12:45:18 ET
Table 'Tisiphone' 2-max Seat #2 is the button
Seat 1: DiggErr555 ($103.30 in chips)
Seat 2: covasa andre ($97.80 in chips)
covasa andre: posts small blind $1
DiggErr555: posts big blind $3
*** HOLE CARDS ***
covasa andre: folds
Uncalled bet ($2) returned to DiggErr555
DiggErr555 collected $2 from pot
DiggErr555: doesn't show hand
*** SUMMARY ***
Total pot $2 | Rake $0
Seat 1: DiggErr555 (big blind) collected ($2)
Seat 2: covasa andre (button) (small blind) folded before Flop


PokerStars Hand #144764113912:  Hold'em Limit ($3/$6 USD) - 2015/12/03 12:45:33 ET
Table 'Tisiphone' 2-max Seat #2 is the button
Seat 1: DiggErr555 ($110.06 in chips)
Seat 2: covasa andre ($90.80 in chips)
covasa andre: posts small blind $1
DiggErr555: posts big blind $3
*** HOLE CARDS ***
covasa andre: raises $3 to $6
DiggErr555: folds
Uncalled bet ($3) returned to covasa andre
covasa andre collected $6 from pot
covasa andre: doesn't show hand
*** SUMMARY ***
Total pot $6 | Rake $0
Seat 1: DiggErr555 (big blind) folded before Flop
Seat 2: covasa andre (button) (small blind) collected ($6)


PokerStars Hand #144764105628:  Hold'em Limit ($3/$6 USD) - 2015/12/03 12:45:23 ET
Table 'Tisiphone' 2-max Seat #1 is the button
Seat 1: DiggErr555 ($104.30 in chips)
Seat 2: covasa andre ($96.80 in chips)
DiggErr555: posts small blind $1
covasa andre: posts big blind $3
*** HOLE CARDS ***
DiggErr555: raises $3 to $6
covasa andre: calls $3
*** FLOP *** [7d 7c 5s]
covasa andre: checks
DiggErr555: bets $3
covasa andre: folds
Uncalled bet ($3) returned to DiggErr555
DiggErr555 collected $11.76 from pot
DiggErr555: doesn't show hand
*** SUMMARY ***
Total pot $12 | Rake $0.24
Board [7d 7c 5s]
Seat 1: DiggErr555 (button) (small blind) collected ($11.76)
Seat 2: covasa andre (big blind) folded on the Flop


PokerStars Hand #144764134716:  Hold'em Limit ($3/$6 USD) - 2015/12/03 12:45:56 ET
Table 'Tisiphone' 2-max Seat #2 is the button
Seat 1: DiggErr555 ($98.06 in chips)
Seat 2: covasa andre ($102.44 in chips)
covasa andre: posts small blind $1
DiggErr555: posts big blind $3
*** HOLE CARDS ***
covasa andre: folds
Uncalled bet ($2) returned to DiggErr555
DiggErr555 collected $2 from pot
DiggErr555: doesn't show hand
*** SUMMARY ***
Total pot $2 | Rake $0
Seat 1: DiggErr555 (big blind) collected ($2)
Seat 2: covasa andre (button) (small blind) folded before Flop


PokerStars Hand #144764119751:  Hold'em Limit ($3/$6 USD) - 2015/12/03 12:45:39 ET
Table 'Tisiphone' 2-max Seat #1 is the button
Seat 1: DiggErr555 ($107.06 in chips)
Seat 2: covasa andre ($93.80 in chips)
DiggErr555: posts small blind $1
covasa andre: posts big blind $3
*** HOLE CARDS ***
DiggErr555: raises $3 to $6
covasa andre: calls $3
*** FLOP *** [Ah 3h 2c]
covasa andre: bets $3
DiggErr555: calls $3
*** TURN *** [Ah 3h 2c] [Kd]
covasa andre: bets $6
DiggErr555: folds
Uncalled bet ($6) returned to covasa andre
covasa andre collected $17.64 from pot
covasa andre: doesn't show hand
*** SUMMARY ***
Total pot $18 | Rake $0.36
Board [Ah 3h 2c Kd]
Seat 1: DiggErr555 (button) (small blind) folded on the Turn
Seat 2: covasa andre (big blind) collected ($17.64)


PokerStars Hand #144764138901:  Hold'em Limit ($3/$6 USD) - 2015/12/03 12:46:01 ET
Table 'Tisiphone' 2-max Seat #1 is the button
Seat 1: DiggErr555 ($99.06 in chips)
Seat 2: covasa andre ($101.44 in chips)
DiggErr555: posts small blind $1
covasa andre: posts big blind $3
*** HOLE CARDS ***
DiggErr555: raises $3 to $6
covasa andre: folds
Uncalled bet ($3) returned to DiggErr555
DiggErr555 collected $6 from pot
DiggErr555: doesn't show hand
*** SUMMARY ***
Total pot $6 | Rake $0
Seat 1: DiggErr555 (button) (small blind) collected ($6)
Seat 2: covasa andre (big blind) folded before Flop


PokerStars Hand #144764148629:  Hold'em Limit ($3/$6 USD) - 2015/12/03 12:46:12 ET
Table 'Tisiphone' 2-max Seat #1 is the button
Seat 1: DiggErr555 ($103.06 in chips)
Seat 2: covasa andre ($97.44 in chips)
DiggErr555: posts small blind $1
covasa andre: posts big blind $3
*** HOLE CARDS ***
DiggErr555: folds
Uncalled bet ($2) returned to covasa andre
covasa andre collected $2 from pot
covasa andre: doesn't show hand
*** SUMMARY ***
Total pot $2 | Rake $0
Seat 1: DiggErr555 (button) (small blind) folded before Flop
Seat 2: covasa andre (big blind) collected ($2)


PokerStars Hand #144764144569:  Hold'em Limit ($3/$6 USD) - 2015/12/03 12:46:07 ET
Table 'Tisiphone' 2-max Seat #2 is the button
Seat 1: DiggErr555 ($102.06 in chips)
Seat 2: covasa andre ($98.44 in chips)
covasa andre: posts small blind $1
DiggErr555: posts big blind $3
*** HOLE CARDS ***
covasa andre: folds
Uncalled bet ($2) returned to DiggErr555
DiggErr555 collected $2 from pot
DiggErr555: doesn't show hand
*** SUMMARY ***
Total pot $2 | Rake $0
Seat 1: DiggErr555 (big blind) collected ($2)
Seat 2: covasa andre (button) (small blind) folded before Flop


PokerStars Hand #144764153322:  Hold'em Limit ($3/$6 USD) - 2015/12/03 12:46:17 ET
Table 'Tisiphone' 2-max Seat #2 is the button
Seat 1: DiggErr555 ($102.06 in chips)
Seat 2: covasa andre ($98.44 in chips)
covasa andre: posts small blind $1
DiggErr555: posts big blind $3
*** HOLE CARDS ***
covasa andre: raises $3 to $6
DiggErr555: calls $3
*** FLOP *** [7s Ad Ah]
DiggErr555: checks
covasa andre: bets $3
DiggErr555: calls $3
*** TURN *** [7s Ad Ah] [Ts]
DiggErr555: checks
covasa andre: bets $6
DiggErr555: raises $6 to $12
covasa andre: folds
Uncalled bet ($6) returned to DiggErr555
DiggErr555 collected $29.50 from pot
DiggErr555: doesn't show hand
*** SUMMARY ***
Total pot $30 | Rake $0.50
Board [7s Ad Ah Ts]
Seat 1: DiggErr555 (big blind) collected ($29.50)
Seat 2: covasa andre (button) (small blind) folded on the Turn


PokerStars Hand #144764181623:  Hold'em Limit ($3/$6 USD) - 2015/12/03 12:46:49 ET
Table 'Tisiphone' 2-max Seat #1 is the button
Seat 1: DiggErr555 ($116.56 in chips)
Seat 2: covasa andre ($83.44 in chips)
DiggErr555: posts small blind $1
covasa andre: posts big blind $3
*** HOLE CARDS ***
DiggErr555: raises $3 to $6
covasa andre: raises $3 to $9
DiggErr555: calls $3
*** FLOP *** [8h Qh 3d]
covasa andre: bets $3
DiggErr555: folds
Uncalled bet ($3) returned to covasa andre
covasa andre collected $17.64 from pot
covasa andre: doesn't show hand
*** SUMMARY ***
Total pot $18 | Rake $0.36
Board [8h Qh 3d]
Seat 1: DiggErr555 (button) (small blind) folded on the Flop
Seat 2: covasa andre (big blind) collected ($17.64)


PokerStars Hand #144764191430:  Hold'em Limit ($3/$6 USD) - 2015/12/03 12:47:01 ET
Table 'Tisiphone' 2-max Seat #2 is the button
Seat 1: DiggErr555 ($107.56 in chips)
Seat 2: covasa andre ($92.08 in chips)
covasa andre: posts small blind $1
DiggErr555: posts big blind $3
*** HOLE CARDS ***
covasa andre: raises $3 to $6
DiggErr555: calls $3
*** FLOP *** [9d Qc Td]
DiggErr555: checks
covasa andre: checks
*** TURN *** [9d Qc Td] [As]
DiggErr555: checks
covasa andre: bets $6
DiggErr555: folds
Uncalled bet ($6) returned to covasa andre
covasa andre collected $11.76 from pot
covasa andre: doesn't show hand
*** SUMMARY ***
Total pot $12 | Rake $0.24
Board [9d Qc Td As]
Seat 1: DiggErr555 (big blind) folded on the Turn
Seat 2: covasa andre (button) (small blind) collected ($11.76)


PokerStars Hand #144764206389:  Hold'em Limit ($3/$6 USD) - 2015/12/03 12:47:18 ET
Table 'Tisiphone' 2-max Seat #1 is the button
Seat 1: DiggErr555 ($101.56 in chips)
Seat 2: covasa andre ($97.84 in chips)
DiggErr555: posts small blind $1
covasa andre: posts big blind $3
*** HOLE CARDS ***
DiggErr555: raises $3 to $6
covasa andre: calls $3
*** FLOP *** [Jh 4s 6h]
covasa andre: checks
DiggErr555: bets $3
covasa andre: calls $3
*** TURN *** [Jh 4s 6h] [Ad]
covasa andre: checks
DiggErr555: checks
*** RIVER *** [Jh 4s 6h Ad] [6c]
covasa andre: bets $6
DiggErr555: folds
Uncalled bet ($6) returned to covasa andre
covasa andre collected $17.64 from pot
covasa andre: doesn't show hand
*** SUMMARY ***
Total pot $18 | Rake $0.36
Board [Jh 4s 6h Ad 6c]
Seat 1: DiggErr555 (button) (small blind) folded on the River
Seat 2: covasa andre (big blind) collected ($17.64)


PokerStars Hand #144764221773:  Hold'em Limit ($3/$6 USD) - 2015/12/03 12:47:35 ET
Table 'Tisiphone' 2-max Seat #2 is the button
Seat 1: DiggErr555 ($92.56 in chips)
Seat 2: covasa andre ($106.48 in chips)
covasa andre: posts small blind $1
DiggErr555: posts big blind $3
*** HOLE CARDS ***
covasa andre: raises $3 to $6
DiggErr555: calls $3
*** FLOP *** [Qh 2s 8h]
DiggErr555: checks
covasa andre: bets $3
DiggErr555: raises $3 to $6
covasa andre: raises $3 to $9
DiggErr555: calls $3
*** TURN *** [Qh 2s 8h] [7d]
DiggErr555: bets $6
covasa andre: calls $6
*** RIVER *** [Qh 2s 8h 7d] [Kc]
DiggErr555: bets $6
covasa andre: calls $6
*** SHOW DOWN ***
DiggErr555: shows [Qs 7s] (two pair, Queens and Sevens)
covasa andre: mucks hand
DiggErr555 collected $53.50 from pot
*** SUMMARY ***
Total pot $54 | Rake $0.50
Board [Qh 2s 8h 7d Kc]
Seat 1: DiggErr555 (big blind) showed [Qs 7s] and won ($53.50) with two pair, Queens and Sevens
Seat 2: covasa andre (button) (small blind) mucked


PokerStars Hand #144764242908:  Hold'em Limit ($3/$6 USD) - 2015/12/03 12:47:59 ET
Table 'Tisiphone' 2-max Seat #1 is the button
Seat 1: DiggErr555 ($119.06 in chips)
Seat 2: covasa andre ($79.48 in chips)
DiggErr555: posts small blind $1
covasa andre: posts big blind $3
*** HOLE CARDS ***
DiggErr555: raises $3 to $6
covasa andre: raises $3 to $9
DiggErr555: calls $3
*** FLOP *** [Kd Th Kh]
covasa andre: checks
DiggErr555: checks
*** TURN *** [Kd Th Kh] [4c]
covasa andre: bets $6
DiggErr555: folds
Uncalled bet ($6) returned to covasa andre
covasa andre collected $17.64 from pot
covasa andre: doesn't show hand
*** SUMMARY ***
Total pot $18 | Rake $0.36
Board [Kd Th Kh 4c]
Seat 1: DiggErr555 (button) (small blind) folded on the Turn
Seat 2: covasa andre (big blind) collected ($17.64)


PokerStars Hand #144764259440:  Hold'em Limit ($3/$6 USD) - 2015/12/03 12:48:18 ET
Table 'Tisiphone' 2-max Seat #2 is the button
Seat 1: DiggErr555 ($110.06 in chips)
Seat 2: covasa andre ($88.12 in chips)
covasa andre: posts small blind $1
DiggErr555: posts big blind $3
*** HOLE CARDS ***
covasa andre: calls $2
DiggErr555: raises $3 to $6
covasa andre: calls $3
*** FLOP *** [8d 5d As]
DiggErr555: bets $3
covasa andre: calls $3
*** TURN *** [8d 5d As] [8s]
DiggErr555: checks
covasa andre: bets $6
DiggErr555: calls $6
*** RIVER *** [8d 5d As 8s] [Qd]
DiggErr555: checks
covasa andre: checks
*** SHOW DOWN ***
DiggErr555: shows [Ts Th] (two pair, Tens and Eights)
covasa andre: mucks hand
DiggErr555 collected $29.50 from pot
*** SUMMARY ***
Total pot $30 | Rake $0.50
Board [8d 5d As 8s Qd]
Seat 1: DiggErr555 (big blind) showed [Ts Th] and won ($29.50) with two pair, Tens and Eights
Seat 2: covasa andre (button) (small blind) mucked


PokerStars Hand #144764300664:  Hold'em Limit ($3/$6 USD) - 2015/12/03 12:49:05 ET
Table 'Tisiphone' 2-max Seat #2 is the button
Seat 1: DiggErr555 ($109.56 in chips)
Seat 2: covasa andre ($87.62 in chips)
covasa andre: posts small blind $1
DiggErr555: posts big blind $3
*** HOLE CARDS ***
covasa andre: folds
Uncalled bet ($2) returned to DiggErr555
DiggErr555 collected $2 from pot
DiggErr555: doesn't show hand
*** SUMMARY ***
Total pot $2 | Rake $0
Seat 1: DiggErr555 (big blind) collected ($2)
Seat 2: covasa andre (button) (small blind) folded before Flop


PokerStars Hand #144764275141:  Hold'em Limit ($3/$6 USD) - 2015/12/03 12:48:36 ET
Table 'Tisiphone' 2-max Seat #1 is the button
Seat 1: DiggErr555 ($124.56 in chips)
Seat 2: covasa andre ($73.12 in chips)
DiggErr555: posts small blind $1
covasa andre: posts big blind $3
*** HOLE CARDS ***
DiggErr555: raises $3 to $6
covasa andre: calls $3
*** FLOP *** [Ac Ad 6d]
covasa andre: checks
DiggErr555: bets $3
covasa andre: calls $3
*** TURN *** [Ac Ad 6d] [Tc]
covasa andre: checks
DiggErr555: checks
*** RIVER *** [Ac Ad 6d Tc] [Jh]
covasa andre: bets $6
DiggErr555: calls $6
*** SHOW DOWN ***
covasa andre: shows [Ah Qh] (three of a kind, Aces)
DiggErr555: mucks hand
covasa andre collected $29.50 from pot
*** SUMMARY ***
Total pot $30 | Rake $0.50
Board [Ac Ad 6d Tc Jh]
Seat 1: DiggErr555 (button) (small blind) mucked
Seat 2: covasa andre (big blind) showed [Ah Qh] and won ($29.50) with three of a kind, Aces


PokerStars Hand #144764304956:  Hold'em Limit ($3/$6 USD) - 2015/12/03 12:49:10 ET
Table 'Tisiphone' 2-max Seat #1 is the button
Seat 1: DiggErr555 ($110.56 in chips)
Seat 2: covasa andre ($86.62 in chips)
DiggErr555: posts small blind $1
covasa andre: posts big blind $3
*** HOLE CARDS ***
DiggErr555: raises $3 to $6
covasa andre: calls $3
*** FLOP *** [4h 2h 2d]
covasa andre: checks
DiggErr555: bets $3
covasa andre: raises $3 to $6
DiggErr555: calls $3
*** TURN *** [4h 2h 2d] [Qh]
covasa andre: bets $6
DiggErr555: raises $6 to $12
covasa andre: folds
Uncalled bet ($6) returned to DiggErr555
DiggErr555 collected $35.50 from pot
DiggErr555: doesn't show hand
*** SUMMARY ***
Total pot $36 | Rake $0.50
Board [4h 2h 2d Qh]
Seat 1: DiggErr555 (button) (small blind) collected ($35.50)
Seat 2: covasa andre (big blind) folded on the Turn


PokerStars Hand #144764322397:  Hold'em Limit ($3/$6 USD) - 2015/12/03 12:49:30 ET
Table 'Tisiphone' 2-max Seat #2 is the button
Seat 1: DiggErr555 ($128.06 in chips)
Seat 2: covasa andre ($68.62 in chips)
covasa andre: posts small blind $1
DiggErr555: posts big blind $3
*** HOLE CARDS ***
covasa andre: raises $3 to $6
DiggErr555: calls $3
*** FLOP *** [8d 3d 5c]
DiggErr555: checks
covasa andre: checks
*** TURN *** [8d 3d 5c] [Kh]
DiggErr555: checks
covasa andre: checks
*** RIVER *** [8d 3d 5c Kh] [Kc]
DiggErr555: checks
covasa andre: checks
*** SHOW DOWN ***
DiggErr555: shows [2s Js] (a pair of Kings)
covasa andre: shows [Td Jh] (a pair of Kings - Jack+Ten kicker)
covasa andre collected $11.76 from pot
*** SUMMARY ***
Total pot $12 | Rake $0.24
Board [8d 3d 5c Kh Kc]
Seat 1: DiggErr555 (big blind) showed [2s Js] and lost with a pair of Kings
Seat 2: covasa andre (button) (small blind) showed [Td Jh] and won ($11.76) with a pair of Kings


PokerStars Hand #144764340346:  Hold'em Limit ($3/$6 USD) - 2015/12/03 12:49:50 ET
Table 'Tisiphone' 2-max Seat #1 is the button
Seat 1: DiggErr555 ($122.06 in chips)
Seat 2: covasa andre ($74.38 in chips)
DiggErr555: posts small blind $1
covasa andre: posts big blind $3
*** HOLE CARDS ***
DiggErr555: raises $3 to $6
covasa andre: calls $3
*** FLOP *** [5h Ks Kh]
covasa andre: bets $3
DiggErr555: folds
Uncalled bet ($3) returned to covasa andre
covasa andre collected $11.76 from pot
covasa andre: doesn't show hand
*** SUMMARY ***
Total pot $12 | Rake $0.24
Board [5h Ks Kh]
Seat 1: DiggErr555 (button) (small blind) folded on the Flop
Seat 2: covasa andre (big blind) collected ($11.76)


PokerStars Hand #144764350888:  Hold'em Limit ($3/$6 USD) - 2015/12/03 12:50:02 ET
Table 'Tisiphone' 2-max Seat #2 is the button
Seat 1: DiggErr555 ($116.06 in chips)
Seat 2: covasa andre ($80.14 in chips)
covasa andre: posts small blind $1
DiggErr555: posts big blind $3
*** HOLE CARDS ***
covasa andre: folds
Uncalled bet ($2) returned to DiggErr555
DiggErr555 collected $2 from pot
DiggErr555: doesn't show hand
*** SUMMARY ***
Total pot $2 | Rake $0
Seat 1: DiggErr555 (big blind) collected ($2)
Seat 2: covasa andre (button) (small blind) folded before Flop


PokerStars Hand #144764355173:  Hold'em Limit ($3/$6 USD) - 2015/12/03 12:50:08 ET
Table 'Tisiphone' 2-max Seat #1 is the button
Seat 1: DiggErr555 ($117.06 in chips)
Seat 2: covasa andre ($79.14 in chips)
DiggErr555: posts small blind $1
covasa andre: posts big blind $3
*** HOLE CARDS ***
DiggErr555: raises $3 to $6
covasa andre: calls $3
*** FLOP *** [5c Kd 7d]
covasa andre: checks
DiggErr555: bets $3
covasa andre: calls $3
*** TURN *** [5c Kd 7d] [Ad]
covasa andre: checks
DiggErr555: checks
*** RIVER *** [5c Kd 7d Ad] [2d]
covasa andre: bets $6
DiggErr555: folds
Uncalled bet ($6) returned to covasa andre
covasa andre collected $17.64 from pot
covasa andre: doesn't show hand
*** SUMMARY ***
Total pot $18 | Rake $0.36
Board [5c Kd 7d Ad 2d]
Seat 1: DiggErr555 (button) (small blind) folded on the River
Seat 2: covasa andre (big blind) collected ($17.64)


PokerStars Hand #144764369008:  Hold'em Limit ($3/$6 USD) - 2015/12/03 12:50:23 ET
Table 'Tisiphone' 2-max Seat #2 is the button
Seat 1: DiggErr555 ($108.06 in chips)
Seat 2: covasa andre ($87.78 in chips)
covasa andre: posts small blind $1
DiggErr555: posts big blind $3
*** HOLE CARDS ***
covasa andre: folds
Uncalled bet ($2) returned to DiggErr555
DiggErr555 collected $2 from pot
DiggErr555: doesn't show hand
*** SUMMARY ***
Total pot $2 | Rake $0
Seat 1: DiggErr555 (big blind) collected ($2)
Seat 2: covasa andre (button) (small blind) folded before Flop


PokerStars Hand #144764373211:  Hold'em Limit ($3/$6 USD) - 2015/12/03 12:50:28 ET
Table 'Tisiphone' 2-max Seat #1 is the button
Seat 1: DiggErr555 ($109.06 in chips)
Seat 2: covasa andre ($86.78 in chips)
DiggErr555: posts small blind $1
covasa andre: posts big blind $3
*** HOLE CARDS ***
DiggErr555: raises $3 to $6
covasa andre: folds
Uncalled bet ($3) returned to DiggErr555
DiggErr555 collected $6 from pot
DiggErr555: doesn't show hand
*** SUMMARY ***
Total pot $6 | Rake $0
Seat 1: DiggErr555 (button) (small blind) collected ($6)
Seat 2: covasa andre (big blind) folded before Flop


PokerStars Hand #144764378361:  Hold'em Limit ($3/$6 USD) - 2015/12/03 12:50:34 ET
Table 'Tisiphone' 2-max Seat #2 is the button
Seat 1: DiggErr555 ($112.06 in chips)
Seat 2: covasa andre ($83.78 in chips)
covasa andre: posts small blind $1
DiggErr555: posts big blind $3
*** HOLE CARDS ***
covasa andre: calls $2
DiggErr555: checks
*** FLOP *** [3c Ac Qs]
DiggErr555: checks
covasa andre: bets $3
DiggErr555: folds
Uncalled bet ($3) returned to covasa andre
covasa andre collected $5.88 from pot
covasa andre: doesn't show hand
*** SUMMARY ***
Total pot $6 | Rake $0.12
Board [3c Ac Qs]
Seat 1: DiggErr555 (big blind) folded on the Flop
Seat 2: covasa andre (button) (small blind) collected ($5.88)


PokerStars Hand #144764388536:  Hold'em Limit ($3/$6 USD) - 2015/12/03 12:50:46 ET
Table 'Tisiphone' 2-max Seat #1 is the button
Seat 1: DiggErr555 ($109.06 in chips)
Seat 2: covasa andre ($86.66 in chips)
DiggErr555: posts small blind $1
covasa andre: posts big blind $3
*** HOLE CARDS ***
DiggErr555: raises $3 to $6
covasa andre: calls $3
*** FLOP *** [Jh As 5c]
covasa andre: checks
DiggErr555: bets $3
covasa andre: folds
Uncalled bet ($3) returned to DiggErr555
DiggErr555 collected $11.76 from pot
DiggErr555: doesn't show hand
*** SUMMARY ***
Total pot $12 | Rake $0.24
Board [Jh As 5c]
Seat 1: DiggErr555 (button) (small blind) collected ($11.76)
Seat 2: covasa andre (big blind) folded on the Flop


PokerStars Hand #144764397733:  Hold'em Limit ($3/$6 USD) - 2015/12/03 12:50:56 ET
Table 'Tisiphone' 2-max Seat #2 is the button
Seat 1: DiggErr555 ($114.82 in chips)
Seat 2: covasa andre ($80.66 in chips)
covasa andre: posts small blind $1
DiggErr555: posts big blind $3
*** HOLE CARDS ***
covasa andre: raises $3 to $6
DiggErr555: calls $3
*** FLOP *** [Ts 8s Ah]
DiggErr555: checks
covasa andre: bets $3
DiggErr555: calls $3
*** TURN *** [Ts 8s Ah] [4c]
DiggErr555: checks
covasa andre: checks
*** RIVER *** [Ts 8s Ah 4c] [3d]
DiggErr555: checks
covasa andre: bets $6
DiggErr555: folds
Uncalled bet ($6) returned to covasa andre
covasa andre collected $17.64 from pot
covasa andre: doesn't show hand
*** SUMMARY ***
Total pot $18 | Rake $0.36
Board [Ts 8s Ah 4c 3d]
Seat 1: DiggErr555 (big blind) folded on the River
Seat 2: covasa andre (button) (small blind) collected ($17.64)


PokerStars Hand #144764432308:  Hold'em Limit ($3/$6 USD) - 2015/12/03 12:51:35 ET
Table 'Tisiphone' 2-max Seat #2 is the button
Seat 1: DiggErr555 ($108.82 in chips)
Seat 2: covasa andre ($86.30 in chips)
covasa andre: posts small blind $1
DiggErr555: posts big blind $3
*** HOLE CARDS ***
covasa andre: folds
Uncalled bet ($2) returned to DiggErr555
DiggErr555 collected $2 from pot
DiggErr555: doesn't show hand
*** SUMMARY ***
Total pot $2 | Rake $0
Seat 1: DiggErr555 (big blind) collected ($2)
Seat 2: covasa andre (button) (small blind) folded before Flop


PokerStars Hand #144764426885:  Hold'em Limit ($3/$6 USD) - 2015/12/03 12:51:29 ET
Table 'Tisiphone' 2-max Seat #1 is the button
Seat 1: DiggErr555 ($105.82 in chips)
Seat 2: covasa andre ($89.30 in chips)
DiggErr555: posts small blind $1
covasa andre: posts big blind $3
*** HOLE CARDS ***
DiggErr555: raises $3 to $6
covasa andre: folds
Uncalled bet ($3) returned to DiggErr555
DiggErr555 collected $6 from pot
DiggErr555: doesn't show hand
*** SUMMARY ***
Total pot $6 | Rake $0
Seat 1: DiggErr555 (button) (small blind) collected ($6)
Seat 2: covasa andre (big blind) folded before Flop


PokerStars Hand #144764441793:  Hold'em Limit ($3/$6 USD) - 2015/12/03 12:51:46 ET
Table 'Tisiphone' 2-max Seat #2 is the button
Seat 1: DiggErr555 ($112.82 in chips)
Seat 2: covasa andre ($82.30 in chips)
covasa andre: posts small blind $1
DiggErr555: posts big blind $3
*** HOLE CARDS ***
covasa andre: folds
Uncalled bet ($2) returned to DiggErr555
DiggErr555 collected $2 from pot
DiggErr555: doesn't show hand
*** SUMMARY ***
Total pot $2 | Rake $0
Seat 1: DiggErr555 (big blind) collected ($2)
Seat 2: covasa andre (button) (small blind) folded before Flop


PokerStars Hand #144764436535:  Hold'em Limit ($3/$6 USD) - 2015/12/03 12:51:40 ET
Table 'Tisiphone' 2-max Seat #1 is the button
Seat 1: DiggErr555 ($109.82 in chips)
Seat 2: covasa andre ($85.30 in chips)
DiggErr555: posts small blind $1
covasa andre: posts big blind $3
*** HOLE CARDS ***
DiggErr555: raises $3 to $6
covasa andre: folds
Uncalled bet ($3) returned to DiggErr555
DiggErr555 collected $6 from pot
DiggErr555: doesn't show hand
*** SUMMARY ***
Total pot $6 | Rake $0
Seat 1: DiggErr555 (button) (small blind) collected ($6)
Seat 2: covasa andre (big blind) folded before Flop


PokerStars Hand #144764451370:  Hold'em Limit ($3/$6 USD) - 2015/12/03 12:51:57 ET
Table 'Tisiphone' 2-max Seat #2 is the button
Seat 1: DiggErr555 ($112.82 in chips)
Seat 2: covasa andre ($82.30 in chips)
covasa andre: posts small blind $1
DiggErr555: posts big blind $3
*** HOLE CARDS ***
covasa andre: folds
Uncalled bet ($2) returned to DiggErr555
DiggErr555 collected $2 from pot
DiggErr555: doesn't show hand
*** SUMMARY ***
Total pot $2 | Rake $0
Seat 1: DiggErr555 (big blind) collected ($2)
Seat 2: covasa andre (button) (small blind) folded before Flop


PokerStars Hand #144764446150:  Hold'em Limit ($3/$6 USD) - 2015/12/03 12:51:51 ET
Table 'Tisiphone' 2-max Seat #1 is the button
Seat 1: DiggErr555 ($113.82 in chips)
Seat 2: covasa andre ($81.30 in chips)
DiggErr555: posts small blind $1
covasa andre: posts big blind $3
*** HOLE CARDS ***
DiggErr555: folds
Uncalled bet ($2) returned to covasa andre
covasa andre collected $2 from pot
*** SUMMARY ***
Total pot $2 | Rake $0
Seat 1: DiggErr555 (button) (small blind) folded before Flop
Seat 2: covasa andre (big blind) collected ($2)


PokerStars Hand #144764477910:  Hold'em Limit ($3/$6 USD) - 2015/12/03 12:52:27 ET
Table 'Tisiphone' 2-max Seat #2 is the button
Seat 1: DiggErr555 ($95.82 in chips)
Seat 2: covasa andre ($98.80 in chips)
covasa andre: posts small blind $1
DiggErr555: posts big blind $3
*** HOLE CARDS ***
covasa andre: folds
Uncalled bet ($2) returned to DiggErr555
DiggErr555 collected $2 from pot
DiggErr555: doesn't show hand
*** SUMMARY ***
Total pot $2 | Rake $0
Seat 1: DiggErr555 (big blind) collected ($2)
Seat 2: covasa andre (button) (small blind) folded before Flop


PokerStars Hand #144764456146:  Hold'em Limit ($3/$6 USD) - 2015/12/03 12:52:02 ET
Table 'Tisiphone' 2-max Seat #1 is the button
Seat 1: DiggErr555 ($113.82 in chips)
Seat 2: covasa andre ($81.30 in chips)
DiggErr555: posts small blind $1
covasa andre: posts big blind $3
*** HOLE CARDS ***
DiggErr555: raises $3 to $6
covasa andre: raises $3 to $9
DiggErr555: calls $3
*** FLOP *** [Kh 4h 6c]
covasa andre: bets $3
DiggErr555: calls $3
*** TURN *** [Kh 4h 6c] [Ad]
covasa andre: checks
DiggErr555: checks
*** RIVER *** [Kh 4h 6c Ad] [7h]
covasa andre: bets $6
DiggErr555: calls $6
*** SHOW DOWN ***
covasa andre: shows [Kd 4d] (two pair, Kings and Fours)
DiggErr555: mucks hand
covasa andre collected $35.50 from pot
*** SUMMARY ***
Total pot $36 | Rake $0.50
Board [Kh 4h 6c Ad 7h]
Seat 1: DiggErr555 (button) (small blind) mucked
Seat 2: covasa andre (big blind) showed [Kd 4d] and won ($35.50) with two pair, Kings and Fours


PokerStars Hand #144764482253:  Hold'em Limit ($3/$6 USD) - 2015/12/03 12:52:32 ET
Table 'Tisiphone' 2-max Seat #1 is the button
Seat 1: DiggErr555 ($96.82 in chips)
Seat 2: covasa andre ($97.80 in chips)
DiggErr555: posts small blind $1
covasa andre: posts big blind $3
*** HOLE CARDS ***
DiggErr555: raises $3 to $6
covasa andre: folds
Uncalled bet ($3) returned to DiggErr555
DiggErr555 collected $6 from pot
DiggErr555: doesn't show hand
*** SUMMARY ***
Total pot $6 | Rake $0
Seat 1: DiggErr555 (button) (small blind) collected ($6)
Seat 2: covasa andre (big blind) folded before Flop


PokerStars Hand #144764512653:  Hold'em Limit ($3/$6 USD) - 2015/12/03 12:53:07 ET
Table 'Tisiphone' 2-max Seat #1 is the button
Seat 1: DiggErr555 ($93.82 in chips)
Seat 2: covasa andre ($100.56 in chips)
DiggErr555: posts small blind $1
covasa andre: posts big blind $3
*** HOLE CARDS ***
DiggErr555: raises $3 to $6
covasa andre: folds
Uncalled bet ($3) returned to DiggErr555
DiggErr555 collected $6 from pot
DiggErr555: doesn't show hand
*** SUMMARY ***
Total pot $6 | Rake $0
Seat 1: DiggErr555 (button) (small blind) collected ($6)
Seat 2: covasa andre (big blind) folded before Flop


PokerStars Hand #144764487610:  Hold'em Limit ($3/$6 USD) - 2015/12/03 12:52:38 ET
Table 'Tisiphone' 2-max Seat #2 is the button
Seat 1: DiggErr555 ($99.82 in chips)
Seat 2: covasa andre ($94.80 in chips)
covasa andre: posts small blind $1
DiggErr555: posts big blind $3
*** HOLE CARDS ***
covasa andre: raises $3 to $6
DiggErr555: calls $3
*** FLOP *** [Kc 6s Ks]
DiggErr555: checks
covasa andre: checks
*** TURN *** [Kc 6s Ks] [9h]
DiggErr555: checks
covasa andre: bets $6
DiggErr555: folds
Uncalled bet ($6) returned to covasa andre
covasa andre collected $11.76 from pot
covasa andre: doesn't show hand
*** SUMMARY ***
Total pot $12 | Rake $0.24
Board [Kc 6s Ks 9h]
Seat 1: DiggErr555 (big blind) folded on the Turn
Seat 2: covasa andre (button) (small blind) collected ($11.76)


PokerStars Hand #144764517695:  Hold'em Limit ($3/$6 USD) - 2015/12/03 12:53:12 ET
Table 'Tisiphone' 2-max Seat #2 is the button
Seat 1: DiggErr555 ($96.82 in chips)
Seat 2: covasa andre ($97.56 in chips)
covasa andre: posts small blind $1
DiggErr555: posts big blind $3
*** HOLE CARDS ***
covasa andre: raises $3 to $6
DiggErr555: calls $3
*** FLOP *** [9c Ac 7h]
DiggErr555: checks
covasa andre: bets $3
DiggErr555: folds
Uncalled bet ($3) returned to covasa andre
covasa andre collected $11.76 from pot
covasa andre: doesn't show hand
*** SUMMARY ***
Total pot $12 | Rake $0.24
Board [9c Ac 7h]
Seat 1: DiggErr555 (big blind) folded on the Flop
Seat 2: covasa andre (button) (small blind) collected ($11.76)


PokerStars Hand #144767991966:  Hold'em Limit ($3/$6 USD) - 2015/12/03 13:58:37 ET
Table 'Tisiphone' 6-max Seat #3 is the button
Seat 2: PelonCabelao ($72 in chips)
Seat 3: SashaYuvelir ($126.42 in chips)
SashaYuvelir: posts small blind $1
PelonCabelao: posts big blind $3
*** HOLE CARDS ***
SashaYuvelir: raises $3 to $6
PelonCabelao: calls $3
*** FLOP *** [Qs 5s Jh]
PelonCabelao: checks
SashaYuvelir: bets $3
PelonCabelao: folds
Uncalled bet ($3) returned to SashaYuvelir
SashaYuvelir collected $11.76 from pot
SashaYuvelir: doesn't show hand
*** SUMMARY ***
Total pot $12 | Rake $0.24
Board [Qs 5s Jh]
Seat 2: PelonCabelao (big blind) folded on the Flop
Seat 3: SashaYuvelir (button) (small blind) collected ($11.76)


