PokerStars Hand #156268345344:  Hold'em Limit ($3/$6 USD) - 2016/07/21 16:01:09 ET
Table 'Titania II' 6-max Seat #2 is the button
Seat 2: Gusost ($115.58 in chips)
Seat 4: Actionni13 ($154 in chips)
Gusost: posts small blind $1
Actionni13: posts big blind $3
*** HOLE CARDS ***
Gusost: folds
Uncalled bet ($2) returned to Actionni13
Actionni13 collected $2 from pot
Actionni13: doesn't show hand
*** SUMMARY ***
Total pot $2 | Rake $0
Seat 2: Gusost (button) (small blind) folded before Flop
Seat 4: Actionni13 (big blind) collected ($2)


PokerStars Hand #156268340151:  Hold'em Limit ($3/$6 USD) - 2016/07/21 16:01:01 ET
Table 'Titania II' 6-max Seat #4 is the button
Seat 2: Gusost ($118.58 in chips)
Seat 4: Actionni13 ($151 in chips)
Actionni13: posts small blind $1
Gusost: posts big blind $3
*** HOLE CARDS ***
Actionni13: raises $3 to $6
Gusost: folds
Uncalled bet ($3) returned to Actionni13
Actionni13 collected $6 from pot
Actionni13: doesn't show hand
*** SUMMARY ***
Total pot $6 | Rake $0
Seat 2: Gusost (big blind) folded before Flop
Seat 4: Actionni13 (button) (small blind) collected ($6)


PokerStars Hand #156268336942:  Hold'em Limit ($3/$6 USD) - 2016/07/21 16:00:57 ET
Table 'Titania II' 6-max Seat #2 is the button
Seat 2: Gusost ($119.58 in chips)
Seat 4: Actionni13 ($150 in chips)
Gusost: posts small blind $1
Actionni13: posts big blind $3
*** HOLE CARDS ***
Gusost: folds
Uncalled bet ($2) returned to Actionni13
Actionni13 collected $2 from pot
Actionni13: doesn't show hand
*** SUMMARY ***
Total pot $2 | Rake $0
Seat 2: Gusost (button) (small blind) folded before Flop
Seat 4: Actionni13 (big blind) collected ($2)


PokerStars Hand #156268379687:  Hold'em Limit ($3/$6 USD) - 2016/07/21 16:01:55 ET
Table 'Titania II' 6-max Seat #2 is the button
Seat 2: Gusost ($134.08 in chips)
Seat 4: Actionni13 ($154 in chips)
Gusost: posts small blind $1
Actionni13: posts big blind $3
*** HOLE CARDS ***
Gusost: folds
Uncalled bet ($2) returned to Actionni13
Actionni13 collected $2 from pot
Actionni13: doesn't show hand
*** SUMMARY ***
Total pot $2 | Rake $0
Seat 2: Gusost (button) (small blind) folded before Flop
Seat 4: Actionni13 (big blind) collected ($2)


PokerStars Hand #156268374519:  Hold'em Limit ($3/$6 USD) - 2016/07/21 16:01:49 ET
Table 'Titania II' 6-max Seat #4 is the button
Seat 2: Gusost ($137.08 in chips)
Seat 4: Actionni13 ($151 in chips)
Actionni13: posts small blind $1
Gusost: posts big blind $3
*** HOLE CARDS ***
Actionni13: raises $3 to $6
Gusost: folds
Uncalled bet ($3) returned to Actionni13
Actionni13 collected $6 from pot
Actionni13: doesn't show hand
*** SUMMARY ***
Total pot $6 | Rake $0
Seat 2: Gusost (big blind) folded before Flop
Seat 4: Actionni13 (button) (small blind) collected ($6)


PokerStars Hand #156268368830:  Hold'em Limit ($3/$6 USD) - 2016/07/21 16:01:41 ET
Table 'Titania II' 6-max Seat #2 is the button
Seat 2: Gusost ($138.08 in chips)
Seat 4: Actionni13 ($150 in chips)
Gusost: posts small blind $1
Actionni13: posts big blind $3
*** HOLE CARDS ***
Gusost: folds
Uncalled bet ($2) returned to Actionni13
Actionni13 collected $2 from pot
Actionni13: doesn't show hand
*** SUMMARY ***
Total pot $2 | Rake $0
Seat 2: Gusost (button) (small blind) folded before Flop
Seat 4: Actionni13 (big blind) collected ($2)


PokerStars Hand #156268349402:  Hold'em Limit ($3/$6 USD) - 2016/07/21 16:01:15 ET
Table 'Titania II' 6-max Seat #4 is the button
Seat 2: Gusost ($114.58 in chips)
Seat 4: Actionni13 ($155 in chips)
Actionni13: posts small blind $1
Gusost: posts big blind $3
*** HOLE CARDS ***
Actionni13: raises $3 to $6
Gusost: raises $3 to $9
Actionni13: calls $3
*** FLOP *** [4h 2s 3h]
Gusost: bets $3
Actionni13: calls $3
*** TURN *** [4h 2s 3h] [3s]
Gusost: checks
Actionni13: bets $6
Gusost: calls $6
*** RIVER *** [4h 2s 3h 3s] [Tc]
Gusost: checks
Actionni13: bets $6
Gusost: calls $6
*** SHOW DOWN ***
Actionni13: shows [5s Td] (two pair, Tens and Threes)
Gusost: shows [Th Jc] (two pair, Tens and Threes - Jack kicker)
Gusost collected $47.50 from pot
*** SUMMARY ***
Total pot $48 | Rake $0.50
Board [4h 2s 3h 3s Tc]
Seat 2: Gusost (big blind) showed [Th Jc] and won ($47.50) with two pair, Tens and Threes
Seat 4: Actionni13 (button) (small blind) showed [5s Td] and lost with two pair, Tens and Threes


PokerStars Hand #156268432439:  Hold'em Limit ($3/$6 USD) - 2016/07/21 16:03:01 ET
Table 'Titania II' 6-max Seat #4 is the button
Seat 2: Gusost ($150.36 in chips)
Seat 4: Actionni13 ($150 in chips)
Actionni13: posts small blind $1
Gusost: posts big blind $3
*** HOLE CARDS ***
Actionni13: raises $3 to $6
Gusost: raises $3 to $9
Actionni13: calls $3
*** FLOP *** [Kh 2s Ah]
Gusost: bets $3
Actionni13: raises $3 to $6
Gusost: calls $3
*** TURN *** [Kh 2s Ah] [8h]
Gusost: checks
Actionni13: bets $6
Gusost: calls $6
*** RIVER *** [Kh 2s Ah 8h] [6c]
Gusost: checks
Actionni13: bets $6
Gusost: calls $6
*** SHOW DOWN ***
Actionni13: shows [3h 6h] (a flush, Ace high)
Gusost: mucks hand
Actionni13 collected $53.50 from pot
*** SUMMARY ***
Total pot $54 | Rake $0.50
Board [Kh 2s Ah 8h 6c]
Seat 2: Gusost (big blind) mucked
Seat 4: Actionni13 (button) (small blind) showed [3h 6h] and won ($53.50) with a flush, Ace high


PokerStars Hand #156268418603:  Hold'em Limit ($3/$6 USD) - 2016/07/21 16:02:44 ET
Table 'Titania II' 6-max Seat #2 is the button
Seat 2: Gusost ($141.72 in chips)
Seat 4: Actionni13 ($150 in chips)
Gusost: posts small blind $1
Actionni13: posts big blind $3
*** HOLE CARDS ***
Gusost: raises $3 to $6
Actionni13: calls $3
*** FLOP *** [5s 7d 7c]
Actionni13: checks
Gusost: bets $3
Actionni13: calls $3
*** TURN *** [5s 7d 7c] [Kd]
Actionni13: checks
Gusost: bets $6
Actionni13: folds
Uncalled bet ($6) returned to Gusost
Gusost collected $17.64 from pot
Gusost: doesn't show hand
*** SUMMARY ***
Total pot $18 | Rake $0.36
Board [5s 7d 7c Kd]
Seat 2: Gusost (button) (small blind) collected ($17.64)
Seat 4: Actionni13 (big blind) folded on the Turn


PokerStars Hand #156268383863:  Hold'em Limit ($3/$6 USD) - 2016/07/21 16:02:01 ET
Table 'Titania II' 6-max Seat #4 is the button
Seat 2: Gusost ($133.08 in chips)
Seat 4: Actionni13 ($155 in chips)
Actionni13: posts small blind $1
Gusost: posts big blind $3
*** HOLE CARDS ***
Actionni13: raises $3 to $6
Gusost: raises $3 to $9
Actionni13: calls $3
*** FLOP *** [Th 6c Qs]
Gusost: bets $3
Actionni13: folds
Uncalled bet ($3) returned to Gusost
Gusost collected $17.64 from pot
Gusost: doesn't show hand
*** SUMMARY ***
Total pot $18 | Rake $0.36
Board [Th 6c Qs]
Seat 2: Gusost (big blind) collected ($17.64)
Seat 4: Actionni13 (button) (small blind) folded on the Flop


PokerStars Hand #156268480893:  Hold'em Limit ($3/$6 USD) - 2016/07/21 16:04:01 ET
Table 'Titania II' 6-max Seat #2 is the button
Seat 2: Gusost ($126.12 in chips)
Seat 4: Actionni13 ($173.50 in chips)
Gusost: posts small blind $1
Actionni13: posts big blind $3
*** HOLE CARDS ***
Gusost: raises $3 to $6
Actionni13: raises $3 to $9
Gusost: calls $3
*** FLOP *** [6d 5c Jd]
Actionni13: bets $3
Gusost: raises $3 to $6
Actionni13: raises $3 to $9
Gusost: folds
Uncalled bet ($3) returned to Actionni13
Actionni13 collected $29.50 from pot
Actionni13: doesn't show hand
*** SUMMARY ***
Total pot $30 | Rake $0.50
Board [6d 5c Jd]
Seat 2: Gusost (button) (small blind) folded on the Flop
Seat 4: Actionni13 (big blind) collected ($29.50)


PokerStars Hand #156268475662:  Hold'em Limit ($3/$6 USD) - 2016/07/21 16:03:55 ET
Table 'Titania II' 6-max Seat #4 is the button
Seat 2: Gusost ($125.12 in chips)
Seat 4: Actionni13 ($174.50 in chips)
Actionni13: posts small blind $1
Gusost: posts big blind $3
*** HOLE CARDS ***
Actionni13: folds
Uncalled bet ($2) returned to Gusost
Gusost collected $2 from pot
Gusost: doesn't show hand
*** SUMMARY ***
Total pot $2 | Rake $0
Seat 2: Gusost (big blind) collected ($2)
Seat 4: Actionni13 (button) (small blind) folded before Flop


PokerStars Hand #156268463266:  Hold'em Limit ($3/$6 USD) - 2016/07/21 16:03:39 ET
Table 'Titania II' 6-max Seat #2 is the button
Seat 2: Gusost ($119.36 in chips)
Seat 4: Actionni13 ($180.50 in chips)
Gusost: posts small blind $1
Actionni13: posts big blind $3
*** HOLE CARDS ***
Gusost: raises $3 to $6
Actionni13: calls $3
*** FLOP *** [Ac 9s 2s]
Actionni13: checks
Gusost: bets $3
Actionni13: folds
Uncalled bet ($3) returned to Gusost
Gusost collected $11.76 from pot
Gusost: doesn't show hand
*** SUMMARY ***
Total pot $12 | Rake $0.24
Board [Ac 9s 2s]
Seat 2: Gusost (button) (small blind) collected ($11.76)
Seat 4: Actionni13 (big blind) folded on the Flop


PokerStars Hand #156268456958:  Hold'em Limit ($3/$6 USD) - 2016/07/21 16:03:32 ET
Table 'Titania II' 6-max Seat #4 is the button
Seat 2: Gusost ($122.36 in chips)
Seat 4: Actionni13 ($177.50 in chips)
Actionni13: posts small blind $1
Gusost: posts big blind $3
*** HOLE CARDS ***
Actionni13: raises $3 to $6
Gusost: folds
Uncalled bet ($3) returned to Actionni13
Actionni13 collected $6 from pot
Actionni13: doesn't show hand
*** SUMMARY ***
Total pot $6 | Rake $0
Seat 2: Gusost (big blind) folded before Flop
Seat 4: Actionni13 (button) (small blind) collected ($6)


PokerStars Hand #156268452410:  Hold'em Limit ($3/$6 USD) - 2016/07/21 16:03:26 ET
Table 'Titania II' 6-max Seat #2 is the button
Seat 2: Gusost ($123.36 in chips)
Seat 4: Actionni13 ($176.50 in chips)
Gusost: posts small blind $1
Actionni13: posts big blind $3
*** HOLE CARDS ***
Gusost: folds
Uncalled bet ($2) returned to Actionni13
Actionni13 collected $2 from pot
Actionni13: doesn't show hand
*** SUMMARY ***
Total pot $2 | Rake $0
Seat 2: Gusost (button) (small blind) folded before Flop
Seat 4: Actionni13 (big blind) collected ($2)


PokerStars Hand #156268523246:  Hold'em Limit ($3/$6 USD) - 2016/07/21 16:04:52 ET
Table 'Titania II' 6-max Seat #2 is the button
Seat 2: Gusost ($125.62 in chips)
Seat 4: Actionni13 ($173 in chips)
Gusost: posts small blind $1
Actionni13: posts big blind $3
*** HOLE CARDS ***
Gusost: raises $3 to $6
Actionni13: raises $3 to $9
Gusost: raises $3 to $12
Betting is capped
Actionni13: calls $3
*** FLOP *** [7h 4c 2s]
Actionni13: checks
Gusost: bets $3
Actionni13: calls $3
*** TURN *** [7h 4c 2s] [8h]
Actionni13: checks
Gusost: checks
*** RIVER *** [7h 4c 2s 8h] [Th]
Actionni13: checks
Gusost: checks
*** SHOW DOWN ***
Actionni13: shows [Kd 9d] (high card King)
Gusost: shows [Jd Ad] (high card Ace)
Gusost collected $29.50 from pot
*** SUMMARY ***
Total pot $30 | Rake $0.50
Board [7h 4c 2s 8h Th]
Seat 2: Gusost (button) (small blind) showed [Jd Ad] and won ($29.50) with high card Ace
Seat 4: Actionni13 (big blind) showed [Kd 9d] and lost with high card King


PokerStars Hand #156268495994:  Hold'em Limit ($3/$6 USD) - 2016/07/21 16:04:20 ET
Table 'Titania II' 6-max Seat #4 is the button
Seat 2: Gusost ($111.12 in chips)
Seat 4: Actionni13 ($188 in chips)
Actionni13: posts small blind $1
Gusost: posts big blind $3
*** HOLE CARDS ***
Actionni13: raises $3 to $6
Gusost: raises $3 to $9
Actionni13: calls $3
*** FLOP *** [4s Ad 9d]
Gusost: bets $3
Actionni13: raises $3 to $6
Gusost: calls $3
*** TURN *** [4s Ad 9d] [6s]
Gusost: checks
Actionni13: checks
*** RIVER *** [4s Ad 9d 6s] [Kh]
Gusost: checks
Actionni13: checks
*** SHOW DOWN ***
Gusost: shows [5d 5s] (a pair of Fives)
Actionni13: mucks hand
Gusost collected $29.50 from pot
*** SUMMARY ***
Total pot $30 | Rake $0.50
Board [4s Ad 9d 6s Kh]
Seat 2: Gusost (big blind) showed [5d 5s] and won ($29.50) with a pair of Fives
Seat 4: Actionni13 (button) (small blind) mucked


PokerStars Hand #156268570568:  Hold'em Limit ($3/$6 USD) - 2016/07/21 16:05:50 ET
Table 'Titania II' 6-max Seat #2 is the button
Seat 2: Gusost ($134.12 in chips)
Seat 4: Actionni13 ($163.76 in chips)
Gusost: posts small blind $1
Actionni13: posts big blind $3
*** HOLE CARDS ***
Gusost: folds
Uncalled bet ($2) returned to Actionni13
Actionni13 collected $2 from pot
Actionni13: doesn't show hand
*** SUMMARY ***
Total pot $2 | Rake $0
Seat 2: Gusost (button) (small blind) folded before Flop
Seat 4: Actionni13 (big blind) collected ($2)


PokerStars Hand #156268549430:  Hold'em Limit ($3/$6 USD) - 2016/07/21 16:05:24 ET
Table 'Titania II' 6-max Seat #4 is the button
Seat 2: Gusost ($140.12 in chips)
Seat 4: Actionni13 ($158 in chips)
Actionni13: posts small blind $1
Gusost: posts big blind $3
*** HOLE CARDS ***
Actionni13: raises $3 to $6
Gusost: calls $3
*** FLOP *** [9c Tc Jc]
Gusost: checks
Actionni13: checks
*** TURN *** [9c Tc Jc] [Th]
Gusost: checks
Actionni13: bets $6
Gusost: folds
Uncalled bet ($6) returned to Actionni13
Actionni13 collected $11.76 from pot
Actionni13: doesn't show hand
*** SUMMARY ***
Total pot $12 | Rake $0.24
Board [9c Tc Jc Th]
Seat 2: Gusost (big blind) folded on the Turn
Seat 4: Actionni13 (button) (small blind) collected ($11.76)


PokerStars Hand #156268631715:  Hold'em Limit ($3/$6 USD) - 2016/07/21 16:07:03 ET
Table 'Titania II' 6-max Seat #2 is the button
Seat 2: Gusost ($113.76 in chips)
Seat 4: Actionni13 ($183.26 in chips)
Gusost: posts small blind $1
Actionni13: posts big blind $3
*** HOLE CARDS ***
Gusost: raises $3 to $6
Actionni13: folds
Uncalled bet ($3) returned to Gusost
Gusost collected $6 from pot
Gusost: doesn't show hand
*** SUMMARY ***
Total pot $6 | Rake $0
Seat 2: Gusost (button) (small blind) collected ($6)
Seat 4: Actionni13 (big blind) folded before Flop


PokerStars Hand #156268610332:  Hold'em Limit ($3/$6 USD) - 2016/07/21 16:06:38 ET
Table 'Titania II' 6-max Seat #4 is the button
Seat 2: Gusost ($140.76 in chips)
Seat 4: Actionni13 ($156.76 in chips)
Actionni13: posts small blind $1
Gusost: posts big blind $3
*** HOLE CARDS ***
Actionni13: raises $3 to $6
Gusost: raises $3 to $9
Actionni13: calls $3
*** FLOP *** [Ah 5h 3s]
Gusost: bets $3
Actionni13: raises $3 to $6
Gusost: calls $3
*** TURN *** [Ah 5h 3s] [6s]
Gusost: checks
Actionni13: bets $6
Gusost: calls $6
*** RIVER *** [Ah 5h 3s 6s] [Ks]
Gusost: checks
Actionni13: bets $6
Gusost: calls $6
*** SHOW DOWN ***
Actionni13: shows [3h Kc] (two pair, Kings and Threes)
Gusost: mucks hand
Actionni13 collected $53.50 from pot
*** SUMMARY ***
Total pot $54 | Rake $0.50
Board [Ah 5h 3s 6s Ks]
Seat 2: Gusost (big blind) mucked
Seat 4: Actionni13 (button) (small blind) showed [3h Kc] and won ($53.50) with two pair, Kings and Threes


PokerStars Hand #156268605984:  Hold'em Limit ($3/$6 USD) - 2016/07/21 16:06:33 ET
Table 'Titania II' 6-max Seat #2 is the button
Seat 2: Gusost ($141.76 in chips)
Seat 4: Actionni13 ($155.76 in chips)
Gusost: posts small blind $1
Actionni13: posts big blind $3
*** HOLE CARDS ***
Gusost: folds
Uncalled bet ($2) returned to Actionni13
Actionni13 collected $2 from pot
Actionni13: doesn't show hand
*** SUMMARY ***
Total pot $2 | Rake $0
Seat 2: Gusost (button) (small blind) folded before Flop
Seat 4: Actionni13 (big blind) collected ($2)


PokerStars Hand #156268574682:  Hold'em Limit ($3/$6 USD) - 2016/07/21 16:05:55 ET
Table 'Titania II' 6-max Seat #4 is the button
Seat 2: Gusost ($133.12 in chips)
Seat 4: Actionni13 ($164.76 in chips)
Actionni13: posts small blind $1
Gusost: posts big blind $3
*** HOLE CARDS ***
Actionni13: raises $3 to $6
Gusost: calls $3
*** FLOP *** [Qh 5s Qs]
Gusost: checks
Actionni13: bets $3
Gusost: calls $3
*** TURN *** [Qh 5s Qs] [3c]
Gusost: checks
Actionni13: checks
*** RIVER *** [Qh 5s Qs 3c] [6h]
Gusost: bets $6
Actionni13: folds
Uncalled bet ($6) returned to Gusost
Gusost collected $17.64 from pot
Gusost: doesn't show hand
*** SUMMARY ***
Total pot $18 | Rake $0.36
Board [Qh 5s Qs 3c 6h]
Seat 2: Gusost (big blind) collected ($17.64)
Seat 4: Actionni13 (button) (small blind) folded on the River


PokerStars Hand #156268662866:  Hold'em Limit ($3/$6 USD) - 2016/07/21 16:07:41 ET
Table 'Titania II' 6-max Seat #2 is the button
Seat 2: Gusost ($101.76 in chips)
Seat 4: Actionni13 ($194.76 in chips)
Gusost: posts small blind $1
Actionni13: posts big blind $3
*** HOLE CARDS ***
Gusost: folds
Uncalled bet ($2) returned to Actionni13
Actionni13 collected $2 from pot
Actionni13: doesn't show hand
*** SUMMARY ***
Total pot $2 | Rake $0
Seat 2: Gusost (button) (small blind) folded before Flop
Seat 4: Actionni13 (big blind) collected ($2)


PokerStars Hand #156268638821:  Hold'em Limit ($3/$6 USD) - 2016/07/21 16:07:12 ET
Table 'Titania II' 6-max Seat #4 is the button
Seat 2: Gusost ($116.76 in chips)
Seat 4: Actionni13 ($180.26 in chips)
Actionni13: posts small blind $1
Gusost: posts big blind $3
*** HOLE CARDS ***
The_Flid joins the table at seat #6
Actionni13: raises $3 to $6
Gusost: calls $3
*** FLOP *** [3d Th Tc]
Gusost: checks
GoliafUa joins the table at seat #1
Actionni13: bets $3
Gusost: calls $3
*** TURN *** [3d Th Tc] [5h]
Gusost: checks
Actionni13: bets $6
Gusost: calls $6
*** RIVER *** [3d Th Tc 5h] [9s]
Gusost: checks
Actionni13: checks
*** SHOW DOWN ***
Gusost: shows [Ks Js] (a pair of Tens)
Actionni13: shows [Ad 7c] (a pair of Tens - Ace kicker)
Actionni13 collected $29.50 from pot
*** SUMMARY ***
Total pot $30 | Rake $0.50
Board [3d Th Tc 5h 9s]
Seat 2: Gusost (big blind) showed [Ks Js] and lost with a pair of Tens
Seat 4: Actionni13 (button) (small blind) showed [Ad 7c] and won ($29.50) with a pair of Tens


