PokerStars Hand #148142115090:  Hold'em Limit ($3/$6 USD) - 2016/02/02 19:49:37 ET
Table 'Titania' 6-max Seat #6 is the button
Seat 1: NIGHTyxa ($72 in chips)
Seat 6: barranqueiro ($72 in chips)
barranqueiro: posts small blind $1
NIGHTyxa: posts big blind $3
*** HOLE CARDS ***
barranqueiro: folds
Uncalled bet ($2) returned to NIGHTyxa
NIGHTyxa collected $2 from pot
*** SUMMARY ***
Total pot $2 | Rake $0
Seat 1: NIGHTyxa (big blind) collected ($2)
Seat 6: barranqueiro (button) (small blind) folded before Flop


PokerStars Hand #148142143718:  Hold'em Limit ($3/$6 USD) - 2016/02/02 19:50:22 ET
Table 'Titania' 6-max Seat #6 is the button
Seat 1: NIGHTyxa ($78.76 in chips)
Seat 6: barranqueiro ($65 in chips)
barranqueiro: posts small blind $1
NIGHTyxa: posts big blind $3
*** HOLE CARDS ***
barranqueiro: raises $3 to $6
NIGHTyxa: raises $3 to $9
barranqueiro: calls $3
*** FLOP *** [Qs Ts 3h]
NIGHTyxa: bets $3
barranqueiro: calls $3
*** TURN *** [Qs Ts 3h] [5s]
NIGHTyxa: bets $6
barranqueiro: raises $6 to $12
NIGHTyxa: folds
Uncalled bet ($6) returned to barranqueiro
barranqueiro collected $35.50 from pot
barranqueiro: doesn't show hand
*** SUMMARY ***
Total pot $36 | Rake $0.50
Board [Qs Ts 3h 5s]
Seat 1: NIGHTyxa (big blind) folded on the Turn
Seat 6: barranqueiro (button) (small blind) collected ($35.50)


PokerStars Hand #148142124583:  Hold'em Limit ($3/$6 USD) - 2016/02/02 19:49:52 ET
Table 'Titania' 6-max Seat #1 is the button
Seat 1: NIGHTyxa ($73 in chips)
Seat 6: barranqueiro ($71 in chips)
NIGHTyxa: posts small blind $1
barranqueiro: posts big blind $3
*** HOLE CARDS ***
NIGHTyxa: raises $3 to $6
barranqueiro: calls $3
*** FLOP *** [Qd Kd 5d]
barranqueiro: checks
NIGHTyxa: bets $3
barranqueiro: folds
Uncalled bet ($3) returned to NIGHTyxa
NIGHTyxa collected $11.76 from pot
NIGHTyxa: doesn't show hand
*** SUMMARY ***
Total pot $12 | Rake $0.24
Board [Qd Kd 5d]
Seat 1: NIGHTyxa (button) (small blind) collected ($11.76)
Seat 6: barranqueiro (big blind) folded on the Flop


PokerStars Hand #148142181143:  Hold'em Limit ($3/$6 USD) - 2016/02/02 19:51:20 ET
Table 'Titania' 6-max Seat #6 is the button
Seat 1: NIGHTyxa ($72 in chips)
Seat 6: barranqueiro ($97 in chips)
barranqueiro: posts small blind $1
NIGHTyxa: posts big blind $3
*** HOLE CARDS ***
barranqueiro: folds
Uncalled bet ($2) returned to NIGHTyxa
NIGHTyxa collected $2 from pot
NIGHTyxa: doesn't show hand
*** SUMMARY ***
Total pot $2 | Rake $0
Seat 1: NIGHTyxa (big blind) collected ($2)
Seat 6: barranqueiro (button) (small blind) folded before Flop


PokerStars Hand #148142158722:  Hold'em Limit ($3/$6 USD) - 2016/02/02 19:50:45 ET
Table 'Titania' 6-max Seat #1 is the button
Seat 1: NIGHTyxa ($72 in chips)
Seat 6: barranqueiro ($82.50 in chips)
NIGHTyxa: posts small blind $1
barranqueiro: posts big blind $3
*** HOLE CARDS ***
NIGHTyxa: raises $3 to $6
barranqueiro: calls $3
*** FLOP *** [3s 7d 6h]
barranqueiro: checks
NIGHTyxa: bets $3
barranqueiro: calls $3
*** TURN *** [3s 7d 6h] [7s]
ToDaFelt joins the table at seat #2
barranqueiro: checks
NIGHTyxa: bets $6
barranqueiro: raises $6 to $12
NIGHTyxa: folds
Uncalled bet ($6) returned to barranqueiro
barranqueiro collected $29.50 from pot
barranqueiro: doesn't show hand
*** SUMMARY ***
Total pot $30 | Rake $0.50
Board [3s 7d 6h 7s]
Seat 1: NIGHTyxa (button) (small blind) folded on the Turn
Seat 6: barranqueiro (big blind) collected ($29.50)


PokerStars Hand #148143006169:  Hold'em Limit ($3/$6 USD) - 2016/02/02 20:14:43 ET
Table 'Titania' 6-max Seat #1 is the button
Seat 1: NIGHTyxa ($146.93 in chips)
Seat 3: chezlaw ($182.16 in chips)
NIGHTyxa: posts small blind $1
TinaTurner72: is sitting out
chezlaw: posts big blind $3
*** HOLE CARDS ***
TinaTurner72 leaves the table
NIGHTyxa: raises $3 to $6
chezlaw: calls $3
*** FLOP *** [4h As 3d]
chezlaw: checks
NIGHTyxa: bets $3
chezlaw: calls $3
*** TURN *** [4h As 3d] [Kc]
chezlaw: checks
NIGHTyxa: checks
*** RIVER *** [4h As 3d Kc] [3s]
chezlaw: checks
NIGHTyxa: bets $6
chezlaw: calls $6
*** SHOW DOWN ***
NIGHTyxa: shows [5d 4s] (two pair, Fours and Threes)
chezlaw: shows [Ks Jd] (two pair, Kings and Threes)
chezlaw collected $29.50 from pot
*** SUMMARY ***
Total pot $30 | Rake $0.50
Board [4h As 3d Kc 3s]
Seat 1: NIGHTyxa (button) (small blind) showed [5d 4s] and lost with two pair, Fours and Threes
Seat 3: chezlaw (big blind) showed [Ks Jd] and won ($29.50) with two pair, Kings and Threes


PokerStars Hand #148143043815:  Hold'em Limit ($3/$6 USD) - 2016/02/02 20:15:47 ET
Table 'Titania' 6-max Seat #3 is the button
Seat 1: NIGHTyxa ($131.93 in chips)
Seat 3: chezlaw ($196.66 in chips)
chezlaw: posts small blind $1
NIGHTyxa: posts big blind $3
*** HOLE CARDS ***
chezlaw: raises $3 to $6
NIGHTyxa: calls $3
*** FLOP *** [8d 3d 3c]
NIGHTyxa: checks
chezlaw: bets $3
NIGHTyxa: raises $3 to $6
chezlaw: calls $3
*** TURN *** [8d 3d 3c] [Ks]
NIGHTyxa: bets $6
chezlaw: calls $6
*** RIVER *** [8d 3d 3c Ks] [8s]
NIGHTyxa: bets $6
chezlaw: calls $6
*** SHOW DOWN ***
NIGHTyxa: shows [6h 5d] (two pair, Eights and Threes)
chezlaw: shows [5c 5h] (two pair, Eights and Fives)
chezlaw collected $47.50 from pot
*** SUMMARY ***
Total pot $48 | Rake $0.50
Board [8d 3d 3c Ks 8s]
Seat 1: NIGHTyxa (big blind) showed [6h 5d] and lost with two pair, Eights and Threes
Seat 3: chezlaw (button) (small blind) showed [5c 5h] and won ($47.50) with two pair, Eights and Fives


PokerStars Hand #148143086026:  Hold'em Limit ($3/$6 USD) - 2016/02/02 20:16:59 ET
Table 'Titania' 6-max Seat #1 is the button
Seat 1: NIGHTyxa ($107.93 in chips)
Seat 3: chezlaw ($220.16 in chips)
NIGHTyxa: posts small blind $1
chezlaw: posts big blind $3
*** HOLE CARDS ***
NIGHTyxa: raises $3 to $6
chezlaw: folds
Uncalled bet ($3) returned to NIGHTyxa
NIGHTyxa collected $6 from pot
NIGHTyxa: doesn't show hand
*** SUMMARY ***
Total pot $6 | Rake $0
Seat 1: NIGHTyxa (button) (small blind) collected ($6)
Seat 3: chezlaw (big blind) folded before Flop


PokerStars Hand #148143092843:  Hold'em Limit ($3/$6 USD) - 2016/02/02 20:17:11 ET
Table 'Titania' 6-max Seat #3 is the button
Seat 1: NIGHTyxa ($110.93 in chips)
Seat 3: chezlaw ($217.16 in chips)
chezlaw: posts small blind $1
NIGHTyxa: posts big blind $3
*** HOLE CARDS ***
chezlaw: raises $3 to $6
NIGHTyxa: folds
Uncalled bet ($3) returned to chezlaw
chezlaw collected $6 from pot
chezlaw: doesn't show hand
*** SUMMARY ***
Total pot $6 | Rake $0
Seat 1: NIGHTyxa (big blind) folded before Flop
Seat 3: chezlaw (button) (small blind) collected ($6)


PokerStars Hand #148143100654:  Hold'em Limit ($3/$6 USD) - 2016/02/02 20:17:25 ET
Table 'Titania' 6-max Seat #1 is the button
Seat 1: NIGHTyxa ($107.93 in chips)
Seat 3: chezlaw ($220.16 in chips)
NIGHTyxa: posts small blind $1
chezlaw: posts big blind $3
*** HOLE CARDS ***
NIGHTyxa: raises $3 to $6
chezlaw: folds
Uncalled bet ($3) returned to NIGHTyxa
NIGHTyxa collected $6 from pot
NIGHTyxa: doesn't show hand
*** SUMMARY ***
Total pot $6 | Rake $0
Seat 1: NIGHTyxa (button) (small blind) collected ($6)
Seat 3: chezlaw (big blind) folded before Flop


PokerStars Hand #148143107109:  Hold'em Limit ($3/$6 USD) - 2016/02/02 20:17:36 ET
Table 'Titania' 6-max Seat #3 is the button
Seat 1: NIGHTyxa ($110.93 in chips)
Seat 3: chezlaw ($217.16 in chips)
chezlaw: posts small blind $1
NIGHTyxa: posts big blind $3
*** HOLE CARDS ***
chezlaw: raises $3 to $6
NIGHTyxa: calls $3
*** FLOP *** [Ts 6h 8d]
NIGHTyxa: checks
chezlaw: bets $3
NIGHTyxa: raises $3 to $6
chezlaw: calls $3
*** TURN *** [Ts 6h 8d] [7h]
NIGHTyxa: checks
chezlaw: checks
*** RIVER *** [Ts 6h 8d 7h] [Ah]
NIGHTyxa: checks
chezlaw: checks
*** SHOW DOWN ***
NIGHTyxa: shows [Td Qh] (a pair of Tens)
chezlaw: mucks hand
NIGHTyxa collected $23.52 from pot
*** SUMMARY ***
Total pot $24 | Rake $0.48
Board [Ts 6h 8d 7h Ah]
Seat 1: NIGHTyxa (big blind) showed [Td Qh] and won ($23.52) with a pair of Tens
Seat 3: chezlaw (button) (small blind) mucked


PokerStars Hand #148143141690:  Hold'em Limit ($3/$6 USD) - 2016/02/02 20:18:37 ET
Table 'Titania' 6-max Seat #1 is the button
Seat 1: NIGHTyxa ($122.45 in chips)
Seat 3: chezlaw ($205.16 in chips)
NIGHTyxa: posts small blind $1
chezlaw: posts big blind $3
*** HOLE CARDS ***
NIGHTyxa: raises $3 to $6
chezlaw: calls $3
*** FLOP *** [Tc 8s 8c]
chezlaw: checks
NIGHTyxa: bets $3
chezlaw: calls $3
*** TURN *** [Tc 8s 8c] [6d]
chezlaw: checks
NIGHTyxa: bets $6
chezlaw: calls $6
*** RIVER *** [Tc 8s 8c 6d] [4h]
chezlaw: checks
NIGHTyxa: bets $6
chezlaw: calls $6
*** SHOW DOWN ***
NIGHTyxa: shows [9d 7h] (a straight, Six to Ten)
chezlaw: mucks hand
NIGHTyxa collected $41.50 from pot
*** SUMMARY ***
Total pot $42 | Rake $0.50
Board [Tc 8s 8c 6d 4h]
Seat 1: NIGHTyxa (button) (small blind) showed [9d 7h] and won ($41.50) with a straight, Six to Ten
Seat 3: chezlaw (big blind) mucked


PokerStars Hand #148143197116:  Hold'em Limit ($3/$6 USD) - 2016/02/02 20:20:14 ET
Table 'Titania' 6-max Seat #1 is the button
Seat 1: NIGHTyxa ($166.45 in chips)
Seat 3: chezlaw ($160.16 in chips)
NIGHTyxa: posts small blind $1
chezlaw: posts big blind $3
*** HOLE CARDS ***
NIGHTyxa: folds
Uncalled bet ($2) returned to chezlaw
chezlaw collected $2 from pot
chezlaw: doesn't show hand
*** SUMMARY ***
Total pot $2 | Rake $0
Seat 1: NIGHTyxa (button) (small blind) folded before Flop
Seat 3: chezlaw (big blind) collected ($2)


PokerStars Hand #148143169595:  Hold'em Limit ($3/$6 USD) - 2016/02/02 20:19:26 ET
Table 'Titania' 6-max Seat #3 is the button
Seat 1: NIGHTyxa ($142.95 in chips)
Seat 3: chezlaw ($184.16 in chips)
chezlaw: posts small blind $1
NIGHTyxa: posts big blind $3
*** HOLE CARDS ***
chezlaw: raises $3 to $6
NIGHTyxa: raises $3 to $9
chezlaw: calls $3
*** FLOP *** [Qs 7s 7h]
NIGHTyxa: bets $3
chezlaw: calls $3
*** TURN *** [Qs 7s 7h] [6s]
NIGHTyxa: bets $6
chezlaw: calls $6
*** RIVER *** [Qs 7s 7h 6s] [3s]
NIGHTyxa: bets $6
chezlaw: calls $6
*** SHOW DOWN ***
NIGHTyxa: shows [9s 9c] (a flush, Queen high)
chezlaw: mucks hand
NIGHTyxa collected $47.50 from pot
*** SUMMARY ***
Total pot $48 | Rake $0.50
Board [Qs 7s 7h 6s 3s]
Seat 1: NIGHTyxa (big blind) showed [9s 9c] and won ($47.50) with a flush, Queen high
Seat 3: chezlaw (button) (small blind) mucked


