PokerStars Hand #147570593654:  Hold'em Limit ($3/$6 USD) - 2016/01/23 20:36:13 ET
Table 'Titan' 6-max Seat #6 is the button
Seat 4: AzureCaper ($72 in chips)
Seat 6: bIGDOnkeee14 ($60 in chips)
bIGDOnkeee14: posts small blind $1
AzureCaper: posts big blind $3
*** HOLE CARDS ***
bIGDOnkeee14: raises $3 to $6
AzureCaper: calls $3
*** FLOP *** [2h 2d Jh]
AzureCaper: checks
bIGDOnkeee14: bets $3
AzureCaper: folds
Uncalled bet ($3) returned to bIGDOnkeee14
bIGDOnkeee14 collected $11.76 from pot
bIGDOnkeee14: doesn't show hand
*** SUMMARY ***
Total pot $12 | Rake $0.24
Board [2h 2d Jh]
Seat 4: AzureCaper (big blind) folded on the Flop
Seat 6: bIGDOnkeee14 (button) (small blind) collected ($11.76)


PokerStars Hand #147570608907:  Hold'em Limit ($3/$6 USD) - 2016/01/23 20:36:41 ET
Table 'Titan' 6-max Seat #4 is the button
Seat 4: AzureCaper ($72 in chips)
Seat 6: bIGDOnkeee14 ($65.76 in chips)
AzureCaper: posts small blind $1
bIGDOnkeee14: posts big blind $3
*** HOLE CARDS ***
AzureCaper: raises $3 to $6
bIGDOnkeee14: raises $3 to $9
AzureCaper: calls $3
*** FLOP *** [4h 6s Ks]
REZOLUTION84 joins the table at seat #1
bIGDOnkeee14: checks
AzureCaper: checks
*** TURN *** [4h 6s Ks] [Td]
bIGDOnkeee14: bets $6
AzureCaper: calls $6
*** RIVER *** [4h 6s Ks Td] [Tc]
bIGDOnkeee14: bets $6
AzureCaper: calls $6
*** SHOW DOWN ***
bIGDOnkeee14: shows [6c 6d] (a full house, Sixes full of Tens)
AzureCaper: mucks hand
bIGDOnkeee14 collected $41.50 from pot
*** SUMMARY ***
Total pot $42 | Rake $0.50
Board [4h 6s Ks Td Tc]
Seat 4: AzureCaper (button) (small blind) mucked
Seat 6: bIGDOnkeee14 (big blind) showed [6c 6d] and won ($41.50) with a full house, Sixes full of Tens


