PokerStars Hand #146105498645:  Hold'em Limit ($3/$6 USD) - 2015/12/29 7:00:03 ET
Table 'Titania II' 2-max Seat #2 is the button
Seat 1: TheU10 ($134.40 in chips)
Seat 2: aremom4e ($105 in chips)
aremom4e: posts small blind $1
TheU10: posts big blind $3
*** HOLE CARDS ***
aremom4e: calls $2
TheU10: checks
*** FLOP *** [Ac 9c Ah]
TheU10: checks
aremom4e: bets $3
TheU10: folds
Uncalled bet ($3) returned to aremom4e
aremom4e collected $5.88 from pot
aremom4e: doesn't show hand
*** SUMMARY ***
Total pot $6 | Rake $0.12
Board [Ac 9c Ah]
Seat 1: TheU10 (big blind) folded on the Flop
Seat 2: aremom4e (button) (small blind) collected ($5.88)


PokerStars Hand #146105493567:  Hold'em Limit ($3/$6 USD) - 2015/12/29 6:59:52 ET
Table 'Titania II' 2-max Seat #1 is the button
Seat 1: TheU10 ($128.64 in chips)
Seat 2: aremom4e ($111 in chips)
TheU10: posts small blind $1
aremom4e: posts big blind $3
*** HOLE CARDS ***
TheU10: raises $3 to $6
aremom4e: calls $3
*** FLOP *** [Jd 7h 6s]
aremom4e: checks
TheU10: bets $3
aremom4e: folds
Uncalled bet ($3) returned to TheU10
TheU10 collected $11.76 from pot
TheU10: doesn't show hand
*** SUMMARY ***
Total pot $12 | Rake $0.24
Board [Jd 7h 6s]
Seat 1: TheU10 (button) (small blind) collected ($11.76)
Seat 2: aremom4e (big blind) folded on the Flop


PokerStars Hand #146105478747:  Hold'em Limit ($3/$6 USD) - 2015/12/29 6:59:21 ET
Table 'Titania II' 2-max Seat #2 is the button
Seat 1: TheU10 ($120 in chips)
Seat 2: aremom4e ($120 in chips)
aremom4e: posts small blind $1
TheU10: posts big blind $3
*** HOLE CARDS ***
aremom4e: raises $3 to $6
TheU10: calls $3
*** FLOP *** [Jd 5h 3s]
TheU10: checks
aremom4e: bets $3
TheU10: calls $3
*** TURN *** [Jd 5h 3s] [Td]
TheU10: checks
aremom4e: checks
*** RIVER *** [Jd 5h 3s Td] [2s]
TheU10: checks
aremom4e: checks
*** SHOW DOWN ***
TheU10: shows [Jc 6d] (a pair of Jacks)
aremom4e: mucks hand
TheU10 collected $17.64 from pot
*** SUMMARY ***
Total pot $18 | Rake $0.36
Board [Jd 5h 3s Td 2s]
Seat 1: TheU10 (big blind) showed [Jc 6d] and won ($17.64) with a pair of Jacks
Seat 2: aremom4e (button) (small blind) mucked


PokerStars Hand #146105527462:  Hold'em Limit ($3/$6 USD) - 2015/12/29 7:01:01 ET
Table 'Titania II' 2-max Seat #2 is the button
Seat 1: TheU10 ($169.40 in chips)
Seat 2: aremom4e ($68.64 in chips)
aremom4e: posts small blind $1
TheU10: posts big blind $3
*** HOLE CARDS ***
aremom4e: raises $3 to $6
TheU10: calls $3
*** FLOP *** [2c Kh 4h]
TheU10: checks
aremom4e: checks
*** TURN *** [2c Kh 4h] [8c]
TheU10: checks
aremom4e: bets $6
TheU10: folds
Uncalled bet ($6) returned to aremom4e
aremom4e collected $11.76 from pot
aremom4e: doesn't show hand
*** SUMMARY ***
Total pot $12 | Rake $0.24
Board [2c Kh 4h 8c]
Seat 1: TheU10 (big blind) folded on the Turn
Seat 2: aremom4e (button) (small blind) collected ($11.76)


PokerStars Hand #146105521120:  Hold'em Limit ($3/$6 USD) - 2015/12/29 7:00:48 ET
Table 'Titania II' 2-max Seat #1 is the button
Seat 1: TheU10 ($154.90 in chips)
Seat 2: aremom4e ($83.64 in chips)
TheU10: posts small blind $1
aremom4e: posts big blind $3
*** HOLE CARDS ***
TheU10: raises $3 to $6
aremom4e: calls $3
*** FLOP *** [Js Tc 2s]
aremom4e: checks
TheU10: bets $3
aremom4e: calls $3
*** TURN *** [Js Tc 2s] [5h]
aremom4e: checks
TheU10: checks
*** RIVER *** [Js Tc 2s 5h] [6h]
aremom4e: bets $6
TheU10: calls $6
*** SHOW DOWN ***
aremom4e: shows [7d 8c] (high card Jack)
TheU10: shows [2c Kh] (a pair of Deuces)
TheU10 collected $29.50 from pot
*** SUMMARY ***
Total pot $30 | Rake $0.50
Board [Js Tc 2s 5h 6h]
Seat 1: TheU10 (button) (small blind) showed [2c Kh] and won ($29.50) with a pair of Deuces
Seat 2: aremom4e (big blind) showed [7d 8c] and lost with high card Jack


PokerStars Hand #146105509683:  Hold'em Limit ($3/$6 USD) - 2015/12/29 7:00:25 ET
Table 'Titania II' 2-max Seat #2 is the button
Seat 1: TheU10 ($125.40 in chips)
Seat 2: aremom4e ($113.64 in chips)
aremom4e: posts small blind $1
TheU10: posts big blind $3
*** HOLE CARDS ***
aremom4e: raises $3 to $6
TheU10: calls $3
*** FLOP *** [9s 4s 2s]
TheU10: checks
aremom4e: bets $3
TheU10: raises $3 to $6
aremom4e: calls $3
*** TURN *** [9s 4s 2s] [Ts]
TheU10: checks
aremom4e: bets $6
TheU10: calls $6
*** RIVER *** [9s 4s 2s Ts] [4c]
TheU10: checks
aremom4e: bets $6
TheU10: raises $6 to $12
aremom4e: calls $6
*** SHOW DOWN ***
TheU10: shows [Th 4d] (a full house, Fours full of Tens)
aremom4e: mucks hand
TheU10 collected $59.50 from pot
*** SUMMARY ***
Total pot $60 | Rake $0.50
Board [9s 4s 2s Ts 4c]
Seat 1: TheU10 (big blind) showed [Th 4d] and won ($59.50) with a full house, Fours full of Tens
Seat 2: aremom4e (button) (small blind) mucked


PokerStars Hand #146105504761:  Hold'em Limit ($3/$6 USD) - 2015/12/29 7:00:15 ET
Table 'Titania II' 2-max Seat #1 is the button
Seat 1: TheU10 ($131.40 in chips)
Seat 2: aremom4e ($107.88 in chips)
TheU10: posts small blind $1
aremom4e: posts big blind $3
*** HOLE CARDS ***
TheU10: calls $2
aremom4e: raises $3 to $6
TheU10: calls $3
*** FLOP *** [6d Td 5d]
aremom4e: bets $3
TheU10: folds
Uncalled bet ($3) returned to aremom4e
aremom4e collected $11.76 from pot
aremom4e: doesn't show hand
*** SUMMARY ***
Total pot $12 | Rake $0.24
Board [6d Td 5d]
Seat 1: TheU10 (button) (small blind) folded on the Flop
Seat 2: aremom4e (big blind) collected ($11.76)


PokerStars Hand #146105562207:  Hold'em Limit ($3/$6 USD) - 2015/12/29 7:02:08 ET
Table 'Titania II' 2-max Seat #1 is the button
Seat 1: TheU10 ($159.40 in chips)
Seat 2: aremom4e ($76.66 in chips)
TheU10: posts small blind $1
aremom4e: posts big blind $3
*** HOLE CARDS ***
TheU10: calls $2
aremom4e: raises $3 to $6
TheU10: calls $3
*** FLOP *** [Qh 9c 4h]
aremom4e: bets $3
TheU10: folds
Uncalled bet ($3) returned to aremom4e
aremom4e collected $11.76 from pot
aremom4e: doesn't show hand
*** SUMMARY ***
Total pot $12 | Rake $0.24
Board [Qh 9c 4h]
Seat 1: TheU10 (button) (small blind) folded on the Flop
Seat 2: aremom4e (big blind) collected ($11.76)


PokerStars Hand #146105555939:  Hold'em Limit ($3/$6 USD) - 2015/12/29 7:01:56 ET
Table 'Titania II' 2-max Seat #2 is the button
Seat 1: TheU10 ($144.90 in chips)
Seat 2: aremom4e ($91.66 in chips)
aremom4e: posts small blind $1
TheU10: posts big blind $3
*** HOLE CARDS ***
aremom4e: raises $3 to $6
TheU10: calls $3
*** FLOP *** [2c 5d Kd]
TheU10: checks
aremom4e: bets $3
TheU10: calls $3
*** TURN *** [2c 5d Kd] [Ah]
TheU10: checks
aremom4e: bets $6
TheU10: raises $6 to $12
aremom4e: folds
Uncalled bet ($6) returned to TheU10
TheU10 collected $29.50 from pot
TheU10: doesn't show hand
*** SUMMARY ***
Total pot $30 | Rake $0.50
Board [2c 5d Kd Ah]
Seat 1: TheU10 (big blind) collected ($29.50)
Seat 2: aremom4e (button) (small blind) folded on the Turn


PokerStars Hand #146105546116:  Hold'em Limit ($3/$6 USD) - 2015/12/29 7:01:37 ET
Table 'Titania II' 2-max Seat #1 is the button
Seat 1: TheU10 ($174.90 in chips)
Seat 2: aremom4e ($62.16 in chips)
TheU10: posts small blind $1
aremom4e: posts big blind $3
*** HOLE CARDS ***
TheU10: raises $3 to $6
aremom4e: calls $3
*** FLOP *** [As 6s 7s]
aremom4e: checks
TheU10: checks
*** TURN *** [As 6s 7s] [Kh]
aremom4e: checks
TheU10: bets $6
aremom4e: raises $6 to $12
TheU10: raises $6 to $18
aremom4e: calls $6
*** RIVER *** [As 6s 7s Kh] [3h]
aremom4e: checks
TheU10: bets $6
aremom4e: calls $6
*** SHOW DOWN ***
TheU10: shows [Ah Qh] (a pair of Aces)
aremom4e: shows [9s 4s] (a flush, Ace high)
aremom4e collected $59.50 from pot
*** SUMMARY ***
Total pot $60 | Rake $0.50
Board [As 6s 7s Kh 3h]
Seat 1: TheU10 (button) (small blind) showed [Ah Qh] and lost with a pair of Aces
Seat 2: aremom4e (big blind) showed [9s 4s] and won ($59.50) with a flush, Ace high


PokerStars Hand #146105542042:  Hold'em Limit ($3/$6 USD) - 2015/12/29 7:01:29 ET
Table 'Titania II' 2-max Seat #2 is the button
Seat 1: TheU10 ($180.90 in chips)
Seat 2: aremom4e ($56.40 in chips)
aremom4e: posts small blind $1
TheU10: posts big blind $3
*** HOLE CARDS ***
aremom4e: raises $3 to $6
TheU10: calls $3
*** FLOP *** [Qh Jh 6h]
TheU10: checks
aremom4e: bets $3
TheU10: folds
Uncalled bet ($3) returned to aremom4e
aremom4e collected $11.76 from pot
aremom4e: doesn't show hand
*** SUMMARY ***
Total pot $12 | Rake $0.24
Board [Qh Jh 6h]
Seat 1: TheU10 (big blind) folded on the Flop
Seat 2: aremom4e (button) (small blind) collected ($11.76)


PokerStars Hand #146105532993:  Hold'em Limit ($3/$6 USD) - 2015/12/29 7:01:12 ET
Table 'Titania II' 2-max Seat #1 is the button
Seat 1: TheU10 ($163.40 in chips)
Seat 2: aremom4e ($74.40 in chips)
TheU10: posts small blind $1
aremom4e: posts big blind $3
*** HOLE CARDS ***
TheU10: raises $3 to $6
aremom4e: calls $3
*** FLOP *** [9s Ah Qs]
aremom4e: checks
TheU10: bets $3
aremom4e: raises $3 to $6
TheU10: calls $3
*** TURN *** [9s Ah Qs] [8s]
aremom4e: bets $6
TheU10: calls $6
*** RIVER *** [9s Ah Qs 8s] [Kh]
aremom4e: checks
TheU10: checks
*** SHOW DOWN ***
aremom4e: shows [6d Qd] (a pair of Queens)
TheU10: shows [4h Ac] (a pair of Aces)
TheU10 collected $35.50 from pot
*** SUMMARY ***
Total pot $36 | Rake $0.50
Board [9s Ah Qs 8s Kh]
Seat 1: TheU10 (button) (small blind) showed [4h Ac] and won ($35.50) with a pair of Aces
Seat 2: aremom4e (big blind) showed [6d Qd] and lost with a pair of Queens


PokerStars Hand #146105590085:  Hold'em Limit ($3/$6 USD) - 2015/12/29 7:02:59 ET
Table 'Titania II' 2-max Seat #1 is the button
Seat 1: TheU10 ($182.54 in chips)
Seat 2: aremom4e ($52.30 in chips)
TheU10: posts small blind $1
aremom4e: posts big blind $3
*** HOLE CARDS ***
TheU10: raises $3 to $6
aremom4e: raises $3 to $9
TheU10: calls $3
*** FLOP *** [6c 9s 3c]
aremom4e: bets $3
TheU10: calls $3
*** TURN *** [6c 9s 3c] [2c]
aremom4e: bets $6
TheU10: calls $6
*** RIVER *** [6c 9s 3c 2c] [8h]
aremom4e: bets $6
TheU10: calls $6
*** SHOW DOWN ***
aremom4e: shows [Kh 9h] (a pair of Nines)
TheU10: mucks hand
aremom4e collected $47.50 from pot
*** SUMMARY ***
Total pot $48 | Rake $0.50
Board [6c 9s 3c 2c 8h]
Seat 1: TheU10 (button) (small blind) mucked
Seat 2: aremom4e (big blind) showed [Kh 9h] and won ($47.50) with a pair of Nines


PokerStars Hand #146105582329:  Hold'em Limit ($3/$6 USD) - 2015/12/29 7:02:45 ET
Table 'Titania II' 2-max Seat #2 is the button
Seat 1: TheU10 ($173.90 in chips)
Seat 2: aremom4e ($61.30 in chips)
aremom4e: posts small blind $1
TheU10: posts big blind $3
*** HOLE CARDS ***
aremom4e: raises $3 to $6
TheU10: calls $3
*** FLOP *** [9s Tc Kd]
TheU10: checks
aremom4e: bets $3
TheU10: calls $3
*** TURN *** [9s Tc Kd] [8d]
TheU10: checks
aremom4e: checks
*** RIVER *** [9s Tc Kd 8d] [As]
TheU10: bets $6
aremom4e: folds
Uncalled bet ($6) returned to TheU10
TheU10 collected $17.64 from pot
TheU10: doesn't show hand
*** SUMMARY ***
Total pot $18 | Rake $0.36
Board [9s Tc Kd 8d As]
Seat 1: TheU10 (big blind) collected ($17.64)
Seat 2: aremom4e (button) (small blind) folded on the River


PokerStars Hand #146105576310:  Hold'em Limit ($3/$6 USD) - 2015/12/29 7:02:35 ET
Table 'Titania II' 2-max Seat #1 is the button
Seat 1: TheU10 ($176.90 in chips)
Seat 2: aremom4e ($58.42 in chips)
TheU10: posts small blind $1
aremom4e: posts big blind $3
*** HOLE CARDS ***
TheU10: calls $2
aremom4e: checks
*** FLOP *** [5s Ts 2c]
aremom4e: checks
TheU10: checks
*** TURN *** [5s Ts 2c] [2h]
aremom4e: bets $6
TheU10: folds
Uncalled bet ($6) returned to aremom4e
aremom4e collected $5.88 from pot
aremom4e: doesn't show hand
*** SUMMARY ***
Total pot $6 | Rake $0.12
Board [5s Ts 2c 2h]
Seat 1: TheU10 (button) (small blind) folded on the Turn
Seat 2: aremom4e (big blind) collected ($5.88)


PokerStars Hand #146105567190:  Hold'em Limit ($3/$6 USD) - 2015/12/29 7:02:17 ET
Table 'Titania II' 2-max Seat #2 is the button
Seat 1: TheU10 ($153.40 in chips)
Seat 2: aremom4e ($82.42 in chips)
aremom4e: posts small blind $1
TheU10: posts big blind $3
*** HOLE CARDS ***
aremom4e: raises $3 to $6
TheU10: raises $3 to $9
aremom4e: calls $3
*** FLOP *** [8s 4s Jd]
TheU10: bets $3
aremom4e: calls $3
*** TURN *** [8s 4s Jd] [8c]
TheU10: bets $6
aremom4e: calls $6
*** RIVER *** [8s 4s Jd 8c] [Th]
TheU10: bets $6
aremom4e: calls $6
*** SHOW DOWN ***
TheU10: shows [Ac Ah] (two pair, Aces and Eights)
aremom4e: mucks hand
TheU10 collected $47.50 from pot
*** SUMMARY ***
Total pot $48 | Rake $0.50
Board [8s 4s Jd 8c Th]
Seat 1: TheU10 (big blind) showed [Ac Ah] and won ($47.50) with two pair, Aces and Eights
Seat 2: aremom4e (button) (small blind) mucked


PokerStars Hand #146105628569:  Hold'em Limit ($3/$6 USD) - 2015/12/29 7:04:09 ET
Table 'Titania II' 2-max Seat #1 is the button
Seat 1: TheU10 ($128.18 in chips)
Seat 2: aremom4e ($104.70 in chips)
TheU10: posts small blind $1
aremom4e: posts big blind $3
*** HOLE CARDS ***
TheU10: calls $2
aremom4e: checks
*** FLOP *** [Qs 6s 7s]
aremom4e: bets $3
TheU10: folds
Uncalled bet ($3) returned to aremom4e
aremom4e collected $5.88 from pot
aremom4e: doesn't show hand
*** SUMMARY ***
Total pot $6 | Rake $0.12
Board [Qs 6s 7s]
Seat 1: TheU10 (button) (small blind) folded on the Flop
Seat 2: aremom4e (big blind) collected ($5.88)


PokerStars Hand #146105618919:  Hold'em Limit ($3/$6 USD) - 2015/12/29 7:03:52 ET
Table 'Titania II' 2-max Seat #2 is the button
Seat 1: TheU10 ($152.18 in chips)
Seat 2: aremom4e ($81.20 in chips)
aremom4e: posts small blind $1
TheU10: posts big blind $3
*** HOLE CARDS ***
aremom4e: raises $3 to $6
TheU10: calls $3
*** FLOP *** [2s Kc 7c]
TheU10: checks
aremom4e: bets $3
TheU10: raises $3 to $6
aremom4e: calls $3
*** TURN *** [2s Kc 7c] [Ts]
TheU10: bets $6
aremom4e: calls $6
*** RIVER *** [2s Kc 7c Ts] [9c]
TheU10: checks
aremom4e: bets $6
TheU10: calls $6
*** SHOW DOWN ***
aremom4e: shows [Ah Ac] (a pair of Aces)
TheU10: mucks hand
aremom4e collected $47.50 from pot
*** SUMMARY ***
Total pot $48 | Rake $0.50
Board [2s Kc 7c Ts 9c]
Seat 1: TheU10 (big blind) mucked
Seat 2: aremom4e (button) (small blind) showed [Ah Ac] and won ($47.50) with a pair of Aces


PokerStars Hand #146105613399:  Hold'em Limit ($3/$6 USD) - 2015/12/29 7:03:42 ET
Table 'Titania II' 2-max Seat #1 is the button
Seat 1: TheU10 ($155.18 in chips)
Seat 2: aremom4e ($78.32 in chips)
TheU10: posts small blind $1
aremom4e: posts big blind $3
*** HOLE CARDS ***
TheU10: calls $2
aremom4e: checks
*** FLOP *** [9c 5d Js]
aremom4e: bets $3
TheU10: folds
Uncalled bet ($3) returned to aremom4e
aremom4e collected $5.88 from pot
aremom4e: doesn't show hand
*** SUMMARY ***
Total pot $6 | Rake $0.12
Board [9c 5d Js]
Seat 1: TheU10 (button) (small blind) folded on the Flop
Seat 2: aremom4e (big blind) collected ($5.88)


PokerStars Hand #146105608841:  Hold'em Limit ($3/$6 USD) - 2015/12/29 7:03:33 ET
Table 'Titania II' 2-max Seat #2 is the button
Seat 1: TheU10 ($161.18 in chips)
Seat 2: aremom4e ($72.56 in chips)
aremom4e: posts small blind $1
TheU10: posts big blind $3
*** HOLE CARDS ***
aremom4e: raises $3 to $6
TheU10: calls $3
*** FLOP *** [As 4c Ts]
TheU10: checks
aremom4e: bets $3
TheU10: folds
Uncalled bet ($3) returned to aremom4e
aremom4e collected $11.76 from pot
aremom4e: doesn't show hand
*** SUMMARY ***
Total pot $12 | Rake $0.24
Board [As 4c Ts]
Seat 1: TheU10 (big blind) folded on the Flop
Seat 2: aremom4e (button) (small blind) collected ($11.76)


PokerStars Hand #146105603868:  Hold'em Limit ($3/$6 USD) - 2015/12/29 7:03:25 ET
Table 'Titania II' 2-max Seat #1 is the button
Seat 1: TheU10 ($167.18 in chips)
Seat 2: aremom4e ($66.80 in chips)
TheU10: posts small blind $1
aremom4e: posts big blind $3
*** HOLE CARDS ***
TheU10: calls $2
aremom4e: raises $3 to $6
TheU10: calls $3
*** FLOP *** [3d 8h Jc]
aremom4e: bets $3
TheU10: folds
Uncalled bet ($3) returned to aremom4e
aremom4e collected $11.76 from pot
aremom4e: doesn't show hand
*** SUMMARY ***
Total pot $12 | Rake $0.24
Board [3d 8h Jc]
Seat 1: TheU10 (button) (small blind) folded on the Flop
Seat 2: aremom4e (big blind) collected ($11.76)


PokerStars Hand #146105598458:  Hold'em Limit ($3/$6 USD) - 2015/12/29 7:03:15 ET
Table 'Titania II' 2-max Seat #2 is the button
Seat 1: TheU10 ($158.54 in chips)
Seat 2: aremom4e ($75.80 in chips)
aremom4e: posts small blind $1
TheU10: posts big blind $3
*** HOLE CARDS ***
aremom4e: raises $3 to $6
TheU10: calls $3
*** FLOP *** [3c 5s Ac]
TheU10: checks
aremom4e: bets $3
TheU10: raises $3 to $6
aremom4e: folds
Uncalled bet ($3) returned to TheU10
TheU10 collected $17.64 from pot
TheU10: doesn't show hand
*** SUMMARY ***
Total pot $18 | Rake $0.36
Board [3c 5s Ac]
Seat 1: TheU10 (big blind) collected ($17.64)
Seat 2: aremom4e (button) (small blind) folded on the Flop


PokerStars Hand #146105653483:  Hold'em Limit ($3/$6 USD) - 2015/12/29 7:04:54 ET
Table 'Titania II' 2-max Seat #1 is the button
Seat 1: TheU10 ($159.96 in chips)
Seat 2: aremom4e ($71.58 in chips)
TheU10: posts small blind $1
aremom4e: posts big blind $3
*** HOLE CARDS ***
TheU10: raises $3 to $6
aremom4e: calls $3
*** FLOP *** [Kd Qc Qd]
aremom4e: checks
TheU10: checks
*** TURN *** [Kd Qc Qd] [3s]
aremom4e: bets $6
TheU10: folds
Uncalled bet ($6) returned to aremom4e
aremom4e collected $11.76 from pot
aremom4e: doesn't show hand
*** SUMMARY ***
Total pot $12 | Rake $0.24
Board [Kd Qc Qd 3s]
Seat 1: TheU10 (button) (small blind) folded on the Turn
Seat 2: aremom4e (big blind) collected ($11.76)


PokerStars Hand #146105645915:  Hold'em Limit ($3/$6 USD) - 2015/12/29 7:04:41 ET
Table 'Titania II' 2-max Seat #2 is the button
Seat 1: TheU10 ($142.46 in chips)
Seat 2: aremom4e ($89.58 in chips)
aremom4e: posts small blind $1
TheU10: posts big blind $3
*** HOLE CARDS ***
aremom4e: raises $3 to $6
TheU10: raises $3 to $9
aremom4e: calls $3
*** FLOP *** [5c 3h Ks]
TheU10: bets $3
aremom4e: calls $3
*** TURN *** [5c 3h Ks] [5d]
TheU10: bets $6
aremom4e: calls $6
*** RIVER *** [5c 3h Ks 5d] [Qs]
TheU10: bets $6
aremom4e: folds
Uncalled bet ($6) returned to TheU10
TheU10 collected $35.50 from pot
TheU10: doesn't show hand
*** SUMMARY ***
Total pot $36 | Rake $0.50
Board [5c 3h Ks 5d Qs]
Seat 1: TheU10 (big blind) collected ($35.50)
Seat 2: aremom4e (button) (small blind) folded on the River


PokerStars Hand #146105639712:  Hold'em Limit ($3/$6 USD) - 2015/12/29 7:04:30 ET
Table 'Titania II' 2-max Seat #1 is the button
Seat 1: TheU10 ($133.82 in chips)
Seat 2: aremom4e ($98.58 in chips)
TheU10: posts small blind $1
aremom4e: posts big blind $3
*** HOLE CARDS ***
TheU10: raises $3 to $6
aremom4e: calls $3
*** FLOP *** [2c 9d 5h]
aremom4e: checks
TheU10: bets $3
aremom4e: calls $3
*** TURN *** [2c 9d 5h] [3c]
aremom4e: checks
TheU10: bets $6
aremom4e: folds
Uncalled bet ($6) returned to TheU10
TheU10 collected $17.64 from pot
TheU10: doesn't show hand
*** SUMMARY ***
Total pot $18 | Rake $0.36
Board [2c 9d 5h 3c]
Seat 1: TheU10 (button) (small blind) collected ($17.64)
Seat 2: aremom4e (big blind) folded on the Turn


PokerStars Hand #146105632991:  Hold'em Limit ($3/$6 USD) - 2015/12/29 7:04:17 ET
Table 'Titania II' 2-max Seat #2 is the button
Seat 1: TheU10 ($125.18 in chips)
Seat 2: aremom4e ($107.58 in chips)
aremom4e: posts small blind $1
TheU10: posts big blind $3
*** HOLE CARDS ***
aremom4e: raises $3 to $6
TheU10: calls $3
*** FLOP *** [As 3s Ts]
TheU10: checks
aremom4e: bets $3
TheU10: calls $3
*** TURN *** [As 3s Ts] [3c]
TheU10: checks
aremom4e: checks
*** RIVER *** [As 3s Ts 3c] [Kd]
TheU10: checks
aremom4e: checks
*** SHOW DOWN ***
TheU10: shows [3h Jd] (three of a kind, Threes)
aremom4e: mucks hand
TheU10 collected $17.64 from pot
*** SUMMARY ***
Total pot $18 | Rake $0.36
Board [As 3s Ts 3c Kd]
Seat 1: TheU10 (big blind) showed [3h Jd] and won ($17.64) with three of a kind, Threes
Seat 2: aremom4e (button) (small blind) mucked


PokerStars Hand #146105658732:  Hold'em Limit ($3/$6 USD) - 2015/12/29 7:05:04 ET
Table 'Titania II' 2-max Seat #2 is the button
Seat 1: TheU10 ($153.96 in chips)
Seat 2: aremom4e ($77.34 in chips)
aremom4e: posts small blind $1
TheU10: posts big blind $3
*** HOLE CARDS ***
aremom4e: raises $3 to $6
TheU10: calls $3
*** FLOP *** [3d 7c 3s]
TheU10: checks
aremom4e: bets $3
TheU10: calls $3
*** TURN *** [3d 7c 3s] [2s]
TheU10: checks
aremom4e: checks
*** RIVER *** [3d 7c 3s 2s] [Qh]
TheU10: checks
aremom4e: bets $6
TheU10: calls $6
*** SHOW DOWN ***
aremom4e: shows [5h Qd] (two pair, Queens and Threes)
TheU10: mucks hand
aremom4e collected $29.50 from pot
*** SUMMARY ***
Total pot $30 | Rake $0.50
Board [3d 7c 3s 2s Qh]
Seat 1: TheU10 (big blind) mucked
Seat 2: aremom4e (button) (small blind) showed [5h Qd] and won ($29.50) with two pair, Queens and Threes


PokerStars Hand #146105692949:  Hold'em Limit ($3/$6 USD) - 2015/12/29 7:06:06 ET
Table 'Titania II' 2-max Seat #1 is the button
Seat 1: TheU10 ($174.10 in chips)
Seat 2: aremom4e ($55.72 in chips)
TheU10: posts small blind $1
aremom4e: posts big blind $3
*** HOLE CARDS ***
TheU10: raises $3 to $6
aremom4e: calls $3
*** FLOP *** [Td 6s Qs]
aremom4e: checks
TheU10: bets $3
aremom4e: folds
Uncalled bet ($3) returned to TheU10
TheU10 collected $11.76 from pot
TheU10: doesn't show hand
*** SUMMARY ***
Total pot $12 | Rake $0.24
Board [Td 6s Qs]
Seat 1: TheU10 (button) (small blind) collected ($11.76)
Seat 2: aremom4e (big blind) folded on the Flop


PokerStars Hand #146105688298:  Hold'em Limit ($3/$6 USD) - 2015/12/29 7:05:57 ET
Table 'Titania II' 2-max Seat #2 is the button
Seat 1: TheU10 ($177.10 in chips)
Seat 2: aremom4e ($52.84 in chips)
aremom4e: posts small blind $1
TheU10: posts big blind $3
*** HOLE CARDS ***
aremom4e: calls $2
TheU10: checks
*** FLOP *** [Ts 9d Ac]
TheU10: checks
aremom4e: bets $3
TheU10: folds
Uncalled bet ($3) returned to aremom4e
aremom4e collected $5.88 from pot
aremom4e: doesn't show hand
*** SUMMARY ***
Total pot $6 | Rake $0.12
Board [Ts 9d Ac]
Seat 1: TheU10 (big blind) folded on the Flop
Seat 2: aremom4e (button) (small blind) collected ($5.88)


PokerStars Hand #146105686047:  Hold'em Limit ($3/$6 USD) - 2015/12/29 7:05:53 ET
Table 'Titania II' 2-max Seat #1 is the button
Seat 1: TheU10 ($178.10 in chips)
Seat 2: aremom4e ($51.84 in chips)
TheU10: posts small blind $1
aremom4e: posts big blind $3
*** HOLE CARDS ***
TheU10: folds
Uncalled bet ($2) returned to aremom4e
aremom4e collected $2 from pot
aremom4e: doesn't show hand
*** SUMMARY ***
Total pot $2 | Rake $0
Seat 1: TheU10 (button) (small blind) folded before Flop
Seat 2: aremom4e (big blind) collected ($2)


PokerStars Hand #146105677690:  Hold'em Limit ($3/$6 USD) - 2015/12/29 7:05:38 ET
Table 'Titania II' 2-max Seat #2 is the button
Seat 1: TheU10 ($151.60 in chips)
Seat 2: aremom4e ($78.84 in chips)
aremom4e: posts small blind $1
TheU10: posts big blind $3
*** HOLE CARDS ***
aremom4e: raises $3 to $6
TheU10: calls $3
*** FLOP *** [2s 2d As]
TheU10: checks
aremom4e: bets $3
TheU10: calls $3
*** TURN *** [2s 2d As] [3s]
TheU10: checks
aremom4e: bets $6
TheU10: raises $6 to $12
aremom4e: calls $6
*** RIVER *** [2s 2d As 3s] [7c]
TheU10: bets $6
aremom4e: calls $6
*** SHOW DOWN ***
TheU10: shows [4d 5h] (a straight, Ace to Five)
aremom4e: mucks hand
TheU10 collected $53.50 from pot
*** SUMMARY ***
Total pot $54 | Rake $0.50
Board [2s 2d As 3s 7c]
Seat 1: TheU10 (big blind) showed [4d 5h] and won ($53.50) with a straight, Ace to Five
Seat 2: aremom4e (button) (small blind) mucked


PokerStars Hand #146105675058:  Hold'em Limit ($3/$6 USD) - 2015/12/29 7:05:33 ET
Table 'Titania II' 2-max Seat #1 is the button
Seat 1: TheU10 ($148.60 in chips)
Seat 2: aremom4e ($81.84 in chips)
TheU10: posts small blind $1
aremom4e: posts big blind $3
*** HOLE CARDS ***
TheU10: raises $3 to $6
aremom4e: folds
Uncalled bet ($3) returned to TheU10
TheU10 collected $6 from pot
TheU10: doesn't show hand
*** SUMMARY ***
Total pot $6 | Rake $0
Seat 1: TheU10 (button) (small blind) collected ($6)
Seat 2: aremom4e (big blind) folded before Flop


PokerStars Hand #146105672399:  Hold'em Limit ($3/$6 USD) - 2015/12/29 7:05:29 ET
Table 'Titania II' 2-max Seat #2 is the button
Seat 1: TheU10 ($147.60 in chips)
Seat 2: aremom4e ($82.84 in chips)
aremom4e: posts small blind $1
TheU10: posts big blind $3
*** HOLE CARDS ***
aremom4e: folds
Uncalled bet ($2) returned to TheU10
TheU10 collected $2 from pot
TheU10: doesn't show hand
*** SUMMARY ***
Total pot $2 | Rake $0
Seat 1: TheU10 (big blind) collected ($2)
Seat 2: aremom4e (button) (small blind) folded before Flop


PokerStars Hand #146105666026:  Hold'em Limit ($3/$6 USD) - 2015/12/29 7:05:17 ET
Table 'Titania II' 2-max Seat #1 is the button
Seat 1: TheU10 ($138.96 in chips)
Seat 2: aremom4e ($91.84 in chips)
TheU10: posts small blind $1
aremom4e: posts big blind $3
*** HOLE CARDS ***
TheU10: raises $3 to $6
aremom4e: calls $3
*** FLOP *** [6c 5s 2h]
aremom4e: checks
TheU10: bets $3
aremom4e: calls $3
*** TURN *** [6c 5s 2h] [2d]
aremom4e: checks
TheU10: bets $6
aremom4e: folds
Uncalled bet ($6) returned to TheU10
TheU10 collected $17.64 from pot
TheU10: doesn't show hand
*** SUMMARY ***
Total pot $18 | Rake $0.36
Board [6c 5s 2h 2d]
Seat 1: TheU10 (button) (small blind) collected ($17.64)
Seat 2: aremom4e (big blind) folded on the Turn


PokerStars Hand #146105706280:  Hold'em Limit ($3/$6 USD) - 2015/12/29 7:06:29 ET
Table 'Titania II' 2-max Seat #2 is the button
Seat 1: TheU10 ($190.38 in chips)
Seat 2: aremom4e ($38.72 in chips)
aremom4e: posts small blind $1
TheU10: posts big blind $3
*** HOLE CARDS ***
aremom4e: raises $3 to $6
TheU10: calls $3
*** FLOP *** [Kh 7c 4h]
TheU10: checks
aremom4e: bets $3
TheU10: folds
Uncalled bet ($3) returned to aremom4e
aremom4e collected $11.76 from pot
aremom4e: doesn't show hand
*** SUMMARY ***
Total pot $12 | Rake $0.24
Board [Kh 7c 4h]
Seat 1: TheU10 (big blind) folded on the Flop
Seat 2: aremom4e (button) (small blind) collected ($11.76)


PokerStars Hand #146105704065:  Hold'em Limit ($3/$6 USD) - 2015/12/29 7:06:25 ET
Table 'Titania II' 2-max Seat #1 is the button
Seat 1: TheU10 ($191.38 in chips)
Seat 2: aremom4e ($37.72 in chips)
TheU10: posts small blind $1
aremom4e: posts big blind $3
*** HOLE CARDS ***
TheU10: folds
Uncalled bet ($2) returned to aremom4e
aremom4e collected $2 from pot
aremom4e: doesn't show hand
*** SUMMARY ***
Total pot $2 | Rake $0
Seat 1: TheU10 (button) (small blind) folded before Flop
Seat 2: aremom4e (big blind) collected ($2)


PokerStars Hand #146105697585:  Hold'em Limit ($3/$6 USD) - 2015/12/29 7:06:14 ET
Table 'Titania II' 2-max Seat #2 is the button
Seat 1: TheU10 ($179.86 in chips)
Seat 2: aremom4e ($49.72 in chips)
aremom4e: posts small blind $1
TheU10: posts big blind $3
*** HOLE CARDS ***
aremom4e: raises $3 to $6
TheU10: calls $3
*** FLOP *** [7s Ts 8h]
TheU10: checks
aremom4e: bets $3
TheU10: raises $3 to $6
aremom4e: calls $3
*** TURN *** [7s Ts 8h] [5h]
TheU10: bets $6
aremom4e: folds
Uncalled bet ($6) returned to TheU10
TheU10 collected $23.52 from pot
TheU10: doesn't show hand
*** SUMMARY ***
Total pot $24 | Rake $0.48
Board [7s Ts 8h 5h]
Seat 1: TheU10 (big blind) collected ($23.52)
Seat 2: aremom4e (button) (small blind) folded on the Turn


PokerStars Hand #146105749687:  Hold'em Limit ($3/$6 USD) - 2015/12/29 7:07:48 ET
Table 'Titania II' 2-max Seat #2 is the button
Seat 1: TheU10 ($193.02 in chips)
Seat 2: aremom4e ($35.48 in chips)
aremom4e: posts small blind $1
TheU10: posts big blind $3
*** HOLE CARDS ***
aremom4e: raises $3 to $6
TheU10: calls $3
*** FLOP *** [Qs 5s 4s]
TheU10: checks
aremom4e: bets $3
TheU10: folds
Uncalled bet ($3) returned to aremom4e
aremom4e collected $11.76 from pot
aremom4e: doesn't show hand
*** SUMMARY ***
Total pot $12 | Rake $0.24
Board [Qs 5s 4s]
Seat 1: TheU10 (big blind) folded on the Flop
Seat 2: aremom4e (button) (small blind) collected ($11.76)


PokerStars Hand #146105714114:  Hold'em Limit ($3/$6 USD) - 2015/12/29 7:06:44 ET
Table 'Titania II' 2-max Seat #1 is the button
Seat 1: TheU10 ($184.38 in chips)
Seat 2: aremom4e ($44.48 in chips)
TheU10: posts small blind $1
aremom4e: posts big blind $3
*** HOLE CARDS ***
TheU10: calls $2
aremom4e: checks
*** FLOP *** [8s Kh 3s]
aremom4e: checks
TheU10: checks
*** TURN *** [8s Kh 3s] [4d]
aremom4e: bets $6
TheU10: calls $6
*** RIVER *** [8s Kh 3s 4d] [Kd]
aremom4e: checks
TheU10: bets $6
aremom4e: folds
Uncalled bet ($6) returned to TheU10
TheU10 collected $17.64 from pot
TheU10: doesn't show hand
*** SUMMARY ***
Total pot $18 | Rake $0.36
Board [8s Kh 3s 4d Kd]
Seat 1: TheU10 (button) (small blind) collected ($17.64)
Seat 2: aremom4e (big blind) folded on the River


PokerStars Hand #146105783796:  Hold'em Limit ($3/$6 USD) - 2015/12/29 7:08:49 ET
Table 'Titania II' 2-max Seat #2 is the button
Seat 1: TheU10 ($195.66 in chips)
Seat 2: aremom4e ($32.24 in chips)
aremom4e: posts small blind $1
TheU10: posts big blind $3
*** HOLE CARDS ***
aremom4e: calls $2
TheU10: checks
*** FLOP *** [7c As 5h]
TheU10: bets $3
aremom4e: calls $3
*** TURN *** [7c As 5h] [9h]
TheU10: checks
aremom4e: bets $6
TheU10: folds
Uncalled bet ($6) returned to aremom4e
aremom4e collected $11.76 from pot
aremom4e: doesn't show hand
*** SUMMARY ***
Total pot $12 | Rake $0.24
Board [7c As 5h 9h]
Seat 1: TheU10 (big blind) folded on the Turn
Seat 2: aremom4e (button) (small blind) collected ($11.76)


PokerStars Hand #146105766454:  Hold'em Limit ($3/$6 USD) - 2015/12/29 7:08:18 ET
Table 'Titania II' 2-max Seat #1 is the button
Seat 1: TheU10 ($187.02 in chips)
Seat 2: aremom4e ($41.24 in chips)
TheU10: posts small blind $1
aremom4e: posts big blind $3
*** HOLE CARDS ***
TheU10: calls $2
aremom4e: raises $3 to $6
TheU10: calls $3
*** FLOP *** [Ts 3s 8h]
aremom4e: bets $3
TheU10: raises $3 to $6
aremom4e: folds
Uncalled bet ($3) returned to TheU10
TheU10 collected $17.64 from pot
TheU10: doesn't show hand
*** SUMMARY ***
Total pot $18 | Rake $0.36
Board [Ts 3s 8h]
Seat 1: TheU10 (button) (small blind) collected ($17.64)
Seat 2: aremom4e (big blind) folded on the Flop


PokerStars Hand #146105792228:  Hold'em Limit ($3/$6 USD) - 2015/12/29 7:09:04 ET
Table 'Titania II' 2-max Seat #1 is the button
Seat 1: TheU10 ($189.66 in chips)
Seat 2: aremom4e ($38 in chips)
TheU10: posts small blind $1
aremom4e: posts big blind $3
*** HOLE CARDS ***
TheU10: raises $3 to $6
aremom4e: calls $3
*** FLOP *** [7h 5c Ac]
aremom4e: checks
TheU10: bets $3
aremom4e: folds
Uncalled bet ($3) returned to TheU10
TheU10 collected $11.76 from pot
TheU10: doesn't show hand
*** SUMMARY ***
Total pot $12 | Rake $0.24
Board [7h 5c Ac]
Seat 1: TheU10 (button) (small blind) collected ($11.76)
Seat 2: aremom4e (big blind) folded on the Flop


PokerStars Hand #146105809168:  Hold'em Limit ($3/$6 USD) - 2015/12/29 7:09:35 ET
Table 'Titania II' 2-max Seat #1 is the button
Seat 1: TheU10 ($204.06 in chips)
Seat 2: aremom4e ($23 in chips)
TheU10: posts small blind $1
aremom4e: posts big blind $3
*** HOLE CARDS ***
TheU10: raises $3 to $6
aremom4e: folds
Uncalled bet ($3) returned to TheU10
TheU10 collected $6 from pot
TheU10: doesn't show hand
*** SUMMARY ***
Total pot $6 | Rake $0
Seat 1: TheU10 (button) (small blind) collected ($6)
Seat 2: aremom4e (big blind) folded before Flop


PokerStars Hand #146105800664:  Hold'em Limit ($3/$6 USD) - 2015/12/29 7:09:19 ET
Table 'Titania II' 2-max Seat #2 is the button
Seat 1: TheU10 ($195.42 in chips)
Seat 2: aremom4e ($32 in chips)
aremom4e: posts small blind $1
TheU10: posts big blind $3
*** HOLE CARDS ***
aremom4e: raises $3 to $6
TheU10: calls $3
*** FLOP *** [9d Tc 9s]
TheU10: checks
aremom4e: bets $3
TheU10: raises $3 to $6
aremom4e: folds
Uncalled bet ($3) returned to TheU10
TheU10 collected $17.64 from pot
TheU10: doesn't show hand
*** SUMMARY ***
Total pot $18 | Rake $0.36
Board [9d Tc 9s]
Seat 1: TheU10 (big blind) collected ($17.64)
Seat 2: aremom4e (button) (small blind) folded on the Flop


