PokerStars Hand #147819431137:  Hold'em Limit ($3/$6 USD) - 2016/01/28 10:00:26 ET
Table 'Titania' 6-max Seat #6 is the button
Seat 3: DimaZips ($120 in chips)
Seat 6: julenchu ($200 in chips)
julenchu: posts small blind $1
DimaZips: posts big blind $3
*** HOLE CARDS ***
julenchu: folds
Uncalled bet ($2) returned to DimaZips
DimaZips collected $2 from pot
DimaZips: doesn't show hand
*** SUMMARY ***
Total pot $2 | Rake $0
Seat 3: DimaZips (big blind) collected ($2)
Seat 6: julenchu (button) (small blind) folded before Flop


PokerStars Hand #147819428387:  Hold'em Limit ($3/$6 USD) - 2016/01/28 10:00:22 ET
Table 'Titania' 6-max Seat #3 is the button
Seat 3: DimaZips ($121 in chips)
Seat 6: julenchu ($199 in chips)
DimaZips: posts small blind $1
julenchu: posts big blind $3
*** HOLE CARDS ***
DimaZips: folds
Uncalled bet ($2) returned to julenchu
julenchu collected $2 from pot
julenchu: doesn't show hand
*** SUMMARY ***
Total pot $2 | Rake $0
Seat 3: DimaZips (button) (small blind) folded before Flop
Seat 6: julenchu (big blind) collected ($2)


PokerStars Hand #147819420702:  Hold'em Limit ($3/$6 USD) - 2016/01/28 10:00:10 ET
Table 'Titania' 6-max Seat #6 is the button
Seat 3: DimaZips ($120 in chips)
Seat 6: julenchu ($200 in chips)
julenchu: posts small blind $1
DimaZips: posts big blind $3
*** HOLE CARDS ***
julenchu: folds
Uncalled bet ($2) returned to DimaZips
DimaZips collected $2 from pot
DimaZips: doesn't show hand
*** SUMMARY ***
Total pot $2 | Rake $0
Seat 3: DimaZips (big blind) collected ($2)
Seat 6: julenchu (button) (small blind) folded before Flop


PokerStars Hand #147819434335:  Hold'em Limit ($3/$6 USD) - 2016/01/28 10:00:31 ET
Table 'Titania' 6-max Seat #3 is the button
Seat 3: DimaZips ($121 in chips)
Seat 6: julenchu ($199 in chips)
DimaZips: posts small blind $1
julenchu: posts big blind $3
*** HOLE CARDS ***
DimaZips: raises $3 to $6
julenchu: folds
Uncalled bet ($3) returned to DimaZips
DimaZips collected $6 from pot
DimaZips: doesn't show hand
*** SUMMARY ***
Total pot $6 | Rake $0
Seat 3: DimaZips (button) (small blind) collected ($6)
Seat 6: julenchu (big blind) folded before Flop


PokerStars Hand #147819461988:  Hold'em Limit ($3/$6 USD) - 2016/01/28 10:01:13 ET
Table 'Titania' 6-max Seat #6 is the button
Seat 3: DimaZips ($123.64 in chips)
Seat 6: julenchu ($195.64 in chips)
julenchu: posts small blind $1
DimaZips: posts big blind $3
*** HOLE CARDS ***
julenchu: folds
Uncalled bet ($2) returned to DimaZips
DimaZips collected $2 from pot
DimaZips: doesn't show hand
*** SUMMARY ***
Total pot $2 | Rake $0
Seat 3: DimaZips (big blind) collected ($2)
Seat 6: julenchu (button) (small blind) folded before Flop


PokerStars Hand #147819450953:  Hold'em Limit ($3/$6 USD) - 2016/01/28 10:00:56 ET
Table 'Titania' 6-max Seat #3 is the button
Seat 3: DimaZips ($115 in chips)
Seat 6: julenchu ($204.64 in chips)
DimaZips: posts small blind $1
julenchu: posts big blind $3
*** HOLE CARDS ***
DimaZips: raises $3 to $6
julenchu: calls $3
*** FLOP *** [Qs 3d 2h]
julenchu: checks
DimaZips: bets $3
julenchu: calls $3
*** TURN *** [Qs 3d 2h] [7d]
julenchu: checks
DimaZips: checks
*** RIVER *** [Qs 3d 2h 7d] [3h]
julenchu: checks
DimaZips: checks
*** SHOW DOWN ***
julenchu: shows [Jh 8h] (a pair of Threes)
DimaZips: shows [As 6c] (a pair of Threes - Ace kicker)
DimaZips collected $17.64 from pot
*** SUMMARY ***
Total pot $18 | Rake $0.36
Board [Qs 3d 2h 7d 3h]
Seat 3: DimaZips (button) (small blind) showed [As 6c] and won ($17.64) with a pair of Threes
Seat 6: julenchu (big blind) showed [Jh 8h] and lost with a pair of Threes


PokerStars Hand #147819468470:  Hold'em Limit ($3/$6 USD) - 2016/01/28 10:01:22 ET
Table 'Titania' 6-max Seat #6 is the button
Seat 3: DimaZips ($123.64 in chips)
Seat 6: julenchu ($195.64 in chips)
julenchu: posts small blind $1
DimaZips: posts big blind $3
*** HOLE CARDS ***
julenchu: raises $3 to $6
DimaZips: folds
Uncalled bet ($3) returned to julenchu
julenchu collected $6 from pot
julenchu: doesn't show hand
*** SUMMARY ***
Total pot $6 | Rake $0
Seat 3: DimaZips (big blind) folded before Flop
Seat 6: julenchu (button) (small blind) collected ($6)


PokerStars Hand #147819465435:  Hold'em Limit ($3/$6 USD) - 2016/01/28 10:01:17 ET
Table 'Titania' 6-max Seat #3 is the button
Seat 3: DimaZips ($124.64 in chips)
Seat 6: julenchu ($194.64 in chips)
DimaZips: posts small blind $1
julenchu: posts big blind $3
*** HOLE CARDS ***
DimaZips: folds
Uncalled bet ($2) returned to julenchu
julenchu collected $2 from pot
julenchu: doesn't show hand
*** SUMMARY ***
Total pot $2 | Rake $0
Seat 3: DimaZips (button) (small blind) folded before Flop
Seat 6: julenchu (big blind) collected ($2)


PokerStars Hand #147819440599:  Hold'em Limit ($3/$6 USD) - 2016/01/28 10:00:41 ET
Table 'Titania' 6-max Seat #6 is the button
Seat 3: DimaZips ($124 in chips)
Seat 6: julenchu ($196 in chips)
julenchu: posts small blind $1
DimaZips: posts big blind $3
*** HOLE CARDS ***
julenchu: raises $3 to $6
DimaZips: calls $3
*** FLOP *** [Qc 3h 6h]
DimaZips: checks
julenchu: bets $3
DimaZips: calls $3
*** TURN *** [Qc 3h 6h] [7c]
DimaZips: checks
julenchu: bets $6
DimaZips: folds
Uncalled bet ($6) returned to julenchu
julenchu collected $17.64 from pot
julenchu: doesn't show hand
*** SUMMARY ***
Total pot $18 | Rake $0.36
Board [Qc 3h 6h 7c]
Seat 3: DimaZips (big blind) folded on the Turn
Seat 6: julenchu (button) (small blind) collected ($17.64)


