PokerStars Hand #155567539579:  Hold'em Limit ($3/$6 USD) - 2016/07/04 17:20:33 ET
Table 'Titan II' 6-max Seat #2 is the button
Seat 1: anebodil ($74.46 in chips)
Seat 2: Zubasa07 ($508.64 in chips)
Zubasa07: posts small blind $1
anebodil: posts big blind $3
*** HOLE CARDS ***
Zubasa07: folds
Uncalled bet ($2) returned to anebodil
anebodil collected $2 from pot
anebodil: doesn't show hand
*** SUMMARY ***
Total pot $2 | Rake $0
Seat 1: anebodil (big blind) collected ($2)
Seat 2: Zubasa07 (button) (small blind) folded before Flop


PokerStars Hand #155567517132:  Hold'em Limit ($3/$6 USD) - 2016/07/04 17:20:05 ET
Table 'Titan II' 6-max Seat #1 is the button
Seat 1: anebodil ($83.46 in chips)
Seat 2: Zubasa07 ($500 in chips)
anebodil: posts small blind $1
Zubasa07: posts big blind $3
*** HOLE CARDS ***
anebodil: calls $2
Zubasa07: raises $3 to $6
anebodil: calls $3
*** FLOP *** [Jd Tc 7s]
Zubasa07: bets $3
anebodil: calls $3
*** TURN *** [Jd Tc 7s] [7c]
Zubasa07: bets $6
anebodil: folds
Uncalled bet ($6) returned to Zubasa07
Zubasa07 collected $17.64 from pot
Zubasa07: doesn't show hand
*** SUMMARY ***
Total pot $18 | Rake $0.36
Board [Jd Tc 7s 7c]
Seat 1: anebodil (button) (small blind) folded on the Turn
Seat 2: Zubasa07 (big blind) collected ($17.64)


PokerStars Hand #155567548347:  Hold'em Limit ($3/$6 USD) - 2016/07/04 17:20:44 ET
Table 'Titan II' 6-max Seat #2 is the button
Seat 1: anebodil ($74.46 in chips)
Seat 2: Zubasa07 ($508.64 in chips)
Zubasa07: posts small blind $1
anebodil: posts big blind $3
*** HOLE CARDS ***
Zubasa07: raises $3 to $6
anebodil: calls $3
*** FLOP *** [Ah 7c 8s]
anebodil: bets $3
Zubasa07: calls $3
*** TURN *** [Ah 7c 8s] [Kc]
anebodil: bets $6
Zubasa07: calls $6
*** RIVER *** [Ah 7c 8s Kc] [Jd]
anebodil: bets $6
Zubasa07: calls $6
*** SHOW DOWN ***
anebodil: shows [7d Js] (two pair, Jacks and Sevens)
Zubasa07: mucks hand
anebodil collected $41.50 from pot
*** SUMMARY ***
Total pot $42 | Rake $0.50
Board [Ah 7c 8s Kc Jd]
Seat 1: anebodil (big blind) showed [7d Js] and won ($41.50) with two pair, Jacks and Sevens
Seat 2: Zubasa07 (button) (small blind) mucked


PokerStars Hand #155567544149:  Hold'em Limit ($3/$6 USD) - 2016/07/04 17:20:39 ET
Table 'Titan II' 6-max Seat #1 is the button
Seat 1: anebodil ($75.46 in chips)
Seat 2: Zubasa07 ($507.64 in chips)
anebodil: posts small blind $1
Zubasa07: posts big blind $3
*** HOLE CARDS ***
anebodil: folds
Uncalled bet ($2) returned to Zubasa07
Zubasa07 collected $2 from pot
Zubasa07: doesn't show hand
*** SUMMARY ***
Total pot $2 | Rake $0
Seat 1: anebodil (button) (small blind) folded before Flop
Seat 2: Zubasa07 (big blind) collected ($2)


PokerStars Hand #155567621793:  Hold'em Limit ($3/$6 USD) - 2016/07/04 17:22:17 ET
Table 'Titan II' 6-max Seat #2 is the button
Seat 1: anebodil ($95.46 in chips)
Seat 2: Zubasa07 ($486.14 in chips)
Zubasa07: posts small blind $1
anebodil: posts big blind $3
*** HOLE CARDS ***
Zubasa07: raises $3 to $6
anebodil: folds
Uncalled bet ($3) returned to Zubasa07
Zubasa07 collected $6 from pot
Zubasa07: doesn't show hand
*** SUMMARY ***
Total pot $6 | Rake $0
Seat 1: anebodil (big blind) folded before Flop
Seat 2: Zubasa07 (button) (small blind) collected ($6)


PokerStars Hand #155567617792:  Hold'em Limit ($3/$6 USD) - 2016/07/04 17:22:12 ET
Table 'Titan II' 6-max Seat #1 is the button
Seat 1: anebodil ($96.46 in chips)
Seat 2: Zubasa07 ($485.14 in chips)
anebodil: posts small blind $1
Zubasa07: posts big blind $3
*** HOLE CARDS ***
anebodil: folds
Uncalled bet ($2) returned to Zubasa07
Zubasa07 collected $2 from pot
Zubasa07: doesn't show hand
*** SUMMARY ***
Total pot $2 | Rake $0
Seat 1: anebodil (button) (small blind) folded before Flop
Seat 2: Zubasa07 (big blind) collected ($2)


PokerStars Hand #155567603902:  Hold'em Limit ($3/$6 USD) - 2016/07/04 17:21:55 ET
Table 'Titan II' 6-max Seat #2 is the button
Seat 1: anebodil ($75.96 in chips)
Seat 2: Zubasa07 ($506.14 in chips)
Zubasa07: posts small blind $1
anebodil: posts big blind $3
*** HOLE CARDS ***
Zubasa07: raises $3 to $6
anebodil: calls $3
*** FLOP *** [Qc 6c 5c]
anebodil: bets $3
Zubasa07: calls $3
*** TURN *** [Qc 6c 5c] [3d]
anebodil: bets $6
Zubasa07: calls $6
*** RIVER *** [Qc 6c 5c 3d] [Ah]
anebodil: bets $6
Zubasa07: calls $6
*** SHOW DOWN ***
anebodil: shows [Qs 3c] (two pair, Queens and Threes)
Zubasa07: mucks hand
anebodil collected $41.50 from pot
*** SUMMARY ***
Total pot $42 | Rake $0.50
Board [Qc 6c 5c 3d Ah]
Seat 1: anebodil (big blind) showed [Qs 3c] and won ($41.50) with two pair, Queens and Threes
Seat 2: Zubasa07 (button) (small blind) mucked


PokerStars Hand #155567599954:  Hold'em Limit ($3/$6 USD) - 2016/07/04 17:21:50 ET
Table 'Titan II' 6-max Seat #1 is the button
Seat 1: anebodil ($76.96 in chips)
Seat 2: Zubasa07 ($505.14 in chips)
anebodil: posts small blind $1
Zubasa07: posts big blind $3
*** HOLE CARDS ***
anebodil: folds
Uncalled bet ($2) returned to Zubasa07
Zubasa07 collected $2 from pot
Zubasa07: doesn't show hand
*** SUMMARY ***
Total pot $2 | Rake $0
Seat 1: anebodil (button) (small blind) folded before Flop
Seat 2: Zubasa07 (big blind) collected ($2)


PokerStars Hand #155567595499:  Hold'em Limit ($3/$6 USD) - 2016/07/04 17:21:44 ET
Table 'Titan II' 6-max Seat #2 is the button
Seat 1: anebodil ($79.96 in chips)
Seat 2: Zubasa07 ($502.14 in chips)
Zubasa07: posts small blind $1
anebodil: posts big blind $3
*** HOLE CARDS ***
Zubasa07: raises $3 to $6
anebodil: folds
Uncalled bet ($3) returned to Zubasa07
Zubasa07 collected $6 from pot
Zubasa07: doesn't show hand
*** SUMMARY ***
Total pot $6 | Rake $0
Seat 1: anebodil (big blind) folded before Flop
Seat 2: Zubasa07 (button) (small blind) collected ($6)


PokerStars Hand #155567565709:  Hold'em Limit ($3/$6 USD) - 2016/07/04 17:21:06 ET
Table 'Titan II' 6-max Seat #1 is the button
Seat 1: anebodil ($94.96 in chips)
Seat 2: Zubasa07 ($487.64 in chips)
anebodil: posts small blind $1
Zubasa07: posts big blind $3
*** HOLE CARDS ***
anebodil: calls $2
Zubasa07: raises $3 to $6
anebodil: calls $3
*** FLOP *** [5c Th Qc]
Zubasa07: bets $3
anebodil: calls $3
*** TURN *** [5c Th Qc] [8d]
Zubasa07: checks
anebodil: checks
*** RIVER *** [5c Th Qc 8d] [Ad]
Zubasa07: bets $6
anebodil: calls $6
*** SHOW DOWN ***
Zubasa07: shows [Js Kd] (a straight, Ten to Ace)
anebodil: mucks hand
Zubasa07 collected $29.50 from pot
*** SUMMARY ***
Total pot $30 | Rake $0.50
Board [5c Th Qc 8d Ad]
Seat 1: anebodil (button) (small blind) mucked
Seat 2: Zubasa07 (big blind) showed [Js Kd] and won ($29.50) with a straight, Ten to Ace


PokerStars Hand #155567665606:  Hold'em Limit ($3/$6 USD) - 2016/07/04 17:23:13 ET
Table 'Titan II' 6-max Seat #1 is the button
Seat 1: anebodil ($112.96 in chips)
Seat 2: Zubasa07 ($468.14 in chips)
anebodil: posts small blind $1
Zubasa07: posts big blind $3
*** HOLE CARDS ***
anebodil: raises $3 to $6
Zubasa07: calls $3
*** FLOP *** [5h Jd 3d]
Zubasa07: checks
anebodil: checks
*** TURN *** [5h Jd 3d] [4c]
Zubasa07: bets $6
anebodil: folds
Uncalled bet ($6) returned to Zubasa07
Zubasa07 collected $11.76 from pot
Zubasa07: doesn't show hand
*** SUMMARY ***
Total pot $12 | Rake $0.24
Board [5h Jd 3d 4c]
Seat 1: anebodil (button) (small blind) folded on the Turn
Seat 2: Zubasa07 (big blind) collected ($11.76)


PokerStars Hand #155567661285:  Hold'em Limit ($3/$6 USD) - 2016/07/04 17:23:08 ET
Table 'Titan II' 6-max Seat #2 is the button
Seat 1: anebodil ($115.96 in chips)
Seat 2: Zubasa07 ($465.14 in chips)
Zubasa07: posts small blind $1
anebodil: posts big blind $3
*** HOLE CARDS ***
Zubasa07: raises $3 to $6
anebodil: folds
Uncalled bet ($3) returned to Zubasa07
Zubasa07 collected $6 from pot
Zubasa07: doesn't show hand
*** SUMMARY ***
Total pot $6 | Rake $0
Seat 1: anebodil (big blind) folded before Flop
Seat 2: Zubasa07 (button) (small blind) collected ($6)


PokerStars Hand #155567628505:  Hold'em Limit ($3/$6 USD) - 2016/07/04 17:22:26 ET
Table 'Titan II' 6-max Seat #1 is the button
Seat 1: anebodil ($92.46 in chips)
Seat 2: Zubasa07 ($489.14 in chips)
anebodil: posts small blind $1
Zubasa07: posts big blind $3
*** HOLE CARDS ***
anebodil: raises $3 to $6
Zubasa07: calls $3
*** FLOP *** [7h 9c 8s]
Zubasa07: checks
anebodil: bets $3
Zubasa07: raises $3 to $6
anebodil: calls $3
*** TURN *** [7h 9c 8s] [9s]
Zubasa07: bets $6
anebodil: raises $6 to $12
Zubasa07: calls $6
*** RIVER *** [7h 9c 8s 9s] [8h]
Zubasa07: checks
anebodil: bets $6
Zubasa07: folds
Uncalled bet ($6) returned to anebodil
anebodil collected $47.50 from pot
anebodil: doesn't show hand
*** SUMMARY ***
Total pot $48 | Rake $0.50
Board [7h 9c 8s 9s 8h]
Seat 1: anebodil (button) (small blind) collected ($47.50)
Seat 2: Zubasa07 (big blind) folded on the River


PokerStars Hand #155567680979:  Hold'em Limit ($3/$6 USD) - 2016/07/04 17:23:33 ET
Table 'Titan II' 6-max Seat #2 is the button
Seat 1: anebodil ($106.96 in chips)
Seat 2: Zubasa07 ($473.90 in chips)
Zubasa07: posts small blind $1
anebodil: posts big blind $3
*** HOLE CARDS ***
Zubasa07: raises $3 to $6
anebodil: calls $3
*** FLOP *** [2c 3s 9h]
anebodil: checks
Zubasa07: bets $3
anebodil: raises $3 to $6
Zubasa07: calls $3
*** TURN *** [2c 3s 9h] [5c]
anebodil: bets $6
Chessnok joins the table at seat #3
Zubasa07: calls $6
*** RIVER *** [2c 3s 9h 5c] [Js]
anebodil: bets $6
Zubasa07: calls $6
*** SHOW DOWN ***
anebodil: shows [7d 6s] (high card Jack)
Zubasa07: shows [Jh 6c] (a pair of Jacks)
Zubasa07 collected $47.50 from pot
*** SUMMARY ***
Total pot $48 | Rake $0.50
Board [2c 3s 9h 5c Js]
Seat 1: anebodil (big blind) showed [7d 6s] and lost with high card Jack
Seat 2: Zubasa07 (button) (small blind) showed [Jh 6c] and won ($47.50) with a pair of Jacks


PokerStars Hand #155567727540:  Hold'em Limit ($3/$6 USD) - 2016/07/04 17:24:32 ET
Table 'Titan II' 6-max Seat #1 is the button
Seat 1: anebodil ($82.96 in chips)
Seat 2: Zubasa07 ($497.40 in chips)
anebodil: posts small blind $1
Zubasa07: posts big blind $3
*** HOLE CARDS ***
anebodil: calls $2
Zubasa07: checks
*** FLOP *** [4c Ah 7s]
Zubasa07: bets $3
anebodil: folds
Uncalled bet ($3) returned to Zubasa07
Zubasa07 collected $5.88 from pot
Zubasa07: doesn't show hand
*** SUMMARY ***
Total pot $6 | Rake $0.12
Board [4c Ah 7s]
Seat 1: anebodil (button) (small blind) folded on the Flop
Seat 2: Zubasa07 (big blind) collected ($5.88)


PokerStars Hand #155568857677:  Hold'em Limit ($3/$6 USD) - 2016/07/04 17:46:53 ET
Table 'Titan II' 6-max Seat #5 is the button
Seat 3: Chessnok ($138.85 in chips)
Seat 5: jackRizzar ($343.42 in chips)
jackRizzar: posts small blind $1
ValeryRon: is sitting out
Zubasa07: is sitting out
Chessnok: posts big blind $3
*** HOLE CARDS ***
ValeryRon leaves the table
Zubasa07 leaves the table
jackRizzar: raises $3 to $6
Chessnok: calls $3
*** FLOP *** [2d 5h 3d]
Chessnok: checks
jackRizzar: bets $3
Chessnok: calls $3
*** TURN *** [2d 5h 3d] [Th]
Chessnok: checks
jackRizzar: bets $6
Chessnok: calls $6
*** RIVER *** [2d 5h 3d Th] [8s]
Chessnok: checks
jackRizzar: bets $6
Chessnok: calls $6
*** SHOW DOWN ***
jackRizzar: shows [Qh 5d] (a pair of Fives)
Chessnok: mucks hand
jackRizzar collected $41.50 from pot
*** SUMMARY ***
Total pot $42 | Rake $0.50
Board [2d 5h 3d Th 8s]
Seat 3: Chessnok (big blind) mucked
Seat 5: jackRizzar (button) (small blind) showed [Qh 5d] and won ($41.50) with a pair of Fives


