PokerStars Hand #162912768508:  Hold'em Limit ($3/$6 USD) - 2016/12/13 21:52:41 ET
Table 'Titan' 6-max Seat #2 is the button
Seat 1: LifeisagameX ($89.76 in chips)
Seat 2: etycy ($114 in chips)
etycy: posts small blind $1
LifeisagameX: posts big blind $3
*** HOLE CARDS ***
etycy: calls $2
LifeisagameX: checks
*** FLOP *** [Qh As 7s]
LifeisagameX: checks
etycy: bets $3
LifeisagameX: raises $3 to $6
etycy: calls $3
*** TURN *** [Qh As 7s] [4c]
LifeisagameX: bets $6
etycy: folds
Uncalled bet ($6) returned to LifeisagameX
LifeisagameX collected $17.64 from pot
LifeisagameX: doesn't show hand
*** SUMMARY ***
Total pot $18 | Rake $0.36
Board [Qh As 7s 4c]
Seat 1: LifeisagameX (big blind) collected ($17.64)
Seat 2: etycy (button) (small blind) folded on the Turn


PokerStars Hand #162912779296:  Hold'em Limit ($3/$6 USD) - 2016/12/13 21:53:07 ET
Table 'Titan' 6-max Seat #1 is the button
Seat 1: LifeisagameX ($98.40 in chips)
Seat 2: etycy ($105 in chips)
ToDaFelt joins the table at seat #3
LifeisagameX: posts small blind $1
etycy: posts big blind $3
*** HOLE CARDS ***
LifeisagameX: raises $3 to $6
etycy: folds
Uncalled bet ($3) returned to LifeisagameX
LifeisagameX collected $6 from pot
LifeisagameX: doesn't show hand
*** SUMMARY ***
Total pot $6 | Rake $0
Seat 1: LifeisagameX (button) (small blind) collected ($6)
Seat 2: etycy (big blind) folded before Flop


PokerStars Hand #162912821239:  Hold'em Limit ($3/$6 USD) - 2016/12/13 21:54:47 ET
Table 'Titan' 6-max Seat #2 is the button
Seat 2: etycy ($98 in chips)
Seat 3: ToDaFelt ($136.25 in chips)
etycy: posts small blind $1
ToDaFelt: posts big blind $3
*** HOLE CARDS ***
etycy: folds
Uncalled bet ($2) returned to ToDaFelt
ToDaFelt collected $2 from pot
ToDaFelt: doesn't show hand
*** SUMMARY ***
Total pot $2 | Rake $0
Seat 2: etycy (button) (small blind) folded before Flop
Seat 3: ToDaFelt (big blind) collected ($2)


PokerStars Hand #162912824407:  Hold'em Limit ($3/$6 USD) - 2016/12/13 21:54:55 ET
Table 'Titan' 6-max Seat #3 is the button
Seat 2: etycy ($97 in chips)
Seat 3: ToDaFelt ($137.25 in chips)
ToDaFelt: posts small blind $1
etycy: posts big blind $3
*** HOLE CARDS ***
ToDaFelt: raises $3 to $6
etycy: folds
Uncalled bet ($3) returned to ToDaFelt
ToDaFelt collected $6 from pot
ToDaFelt: doesn't show hand
*** SUMMARY ***
Total pot $6 | Rake $0
Seat 2: etycy (big blind) folded before Flop
Seat 3: ToDaFelt (button) (small blind) collected ($6)


PokerStars Hand #162912830122:  Hold'em Limit ($3/$6 USD) - 2016/12/13 21:55:08 ET
Table 'Titan' 6-max Seat #2 is the button
Seat 2: etycy ($94 in chips)
Seat 3: ToDaFelt ($140.25 in chips)
etycy: posts small blind $1
ToDaFelt: posts big blind $3
*** HOLE CARDS ***
etycy: raises $3 to $6
ToDaFelt: calls $3
*** FLOP *** [4c Th 9h]
ToDaFelt: checks
etycy: checks
*** TURN *** [4c Th 9h] [9c]
ToDaFelt: checks
etycy: checks
*** RIVER *** [4c Th 9h 9c] [Ac]
ToDaFelt: checks
etycy: bets $6
ToDaFelt: folds
Uncalled bet ($6) returned to etycy
etycy collected $11.76 from pot
etycy: doesn't show hand
*** SUMMARY ***
Total pot $12 | Rake $0.24
Board [4c Th 9h 9c Ac]
Seat 2: etycy (button) (small blind) collected ($11.76)
Seat 3: ToDaFelt (big blind) folded on the River


PokerStars Hand #162912848495:  Hold'em Limit ($3/$6 USD) - 2016/12/13 21:55:59 ET
Table 'Titan' 6-max Seat #2 is the button
Seat 2: etycy ($96.76 in chips)
Seat 3: ToDaFelt ($137.25 in chips)
etycy: posts small blind $1
ToDaFelt: posts big blind $3
*** HOLE CARDS ***
etycy: folds
Uncalled bet ($2) returned to ToDaFelt
ToDaFelt collected $2 from pot
ToDaFelt: doesn't show hand
*** SUMMARY ***
Total pot $2 | Rake $0
Seat 2: etycy (button) (small blind) folded before Flop
Seat 3: ToDaFelt (big blind) collected ($2)


PokerStars Hand #162912845462:  Hold'em Limit ($3/$6 USD) - 2016/12/13 21:55:50 ET
Table 'Titan' 6-max Seat #3 is the button
Seat 2: etycy ($99.76 in chips)
Seat 3: ToDaFelt ($134.25 in chips)
ToDaFelt: posts small blind $1
etycy: posts big blind $3
*** HOLE CARDS ***
ToDaFelt: raises $3 to $6
etycy: folds
Uncalled bet ($3) returned to ToDaFelt
ToDaFelt collected $6 from pot
ToDaFelt: doesn't show hand
*** SUMMARY ***
Total pot $6 | Rake $0
Seat 2: etycy (big blind) folded before Flop
Seat 3: ToDaFelt (button) (small blind) collected ($6)


PokerStars Hand #162912850571:  Hold'em Limit ($3/$6 USD) - 2016/12/13 21:56:05 ET
Table 'Titan' 6-max Seat #3 is the button
Seat 2: etycy ($95.76 in chips)
Seat 3: ToDaFelt ($138.25 in chips)
ToDaFelt: posts small blind $1
etycy: posts big blind $3
*** HOLE CARDS ***
ToDaFelt: raises $3 to $6
etycy: folds
Uncalled bet ($3) returned to ToDaFelt
ToDaFelt collected $6 from pot
ToDaFelt: doesn't show hand
*** SUMMARY ***
Total pot $6 | Rake $0
Seat 2: etycy (big blind) folded before Flop
Seat 3: ToDaFelt (button) (small blind) collected ($6)


PokerStars Hand #162912868079:  Hold'em Limit ($3/$6 USD) - 2016/12/13 21:56:53 ET
Table 'Titan' 6-max Seat #3 is the button
Seat 2: etycy ($68.76 in chips)
Seat 3: ToDaFelt ($164.75 in chips)
ToDaFelt: posts small blind $1
etycy: posts big blind $3
*** HOLE CARDS ***
ToDaFelt: raises $3 to $6
etycy: raises $3 to $9
ToDaFelt: calls $3
*** FLOP *** [Js 9c Jd]
etycy: checks
ToDaFelt: bets $3
etycy: folds
Uncalled bet ($3) returned to ToDaFelt
ToDaFelt collected $17.64 from pot
ToDaFelt: doesn't show hand
*** SUMMARY ***
Total pot $18 | Rake $0.36
Board [Js 9c Jd]
Seat 2: etycy (big blind) folded on the Flop
Seat 3: ToDaFelt (button) (small blind) collected ($17.64)


PokerStars Hand #162912854247:  Hold'em Limit ($3/$6 USD) - 2016/12/13 21:56:15 ET
Table 'Titan' 6-max Seat #2 is the button
Seat 2: etycy ($92.76 in chips)
Seat 3: ToDaFelt ($141.25 in chips)
etycy: posts small blind $1
ToDaFelt: posts big blind $3
*** HOLE CARDS ***
etycy: raises $3 to $6
ToDaFelt: calls $3
*** FLOP *** [Kh 9c 7d]
ToDaFelt: checks
etycy: bets $3
ToDaFelt: raises $3 to $6
etycy: calls $3
*** TURN *** [Kh 9c 7d] [5h]
ToDaFelt: bets $6
etycy: calls $6
*** RIVER *** [Kh 9c 7d 5h] [Jd]
ToDaFelt: bets $6
etycy: calls $6
*** SHOW DOWN ***
ToDaFelt: shows [6c Kd] (a pair of Kings)
etycy: mucks hand
ToDaFelt collected $47.50 from pot
*** SUMMARY ***
Total pot $48 | Rake $0.50
Board [Kh 9c 7d 5h Jd]
Seat 2: etycy (button) (small blind) mucked
Seat 3: ToDaFelt (big blind) showed [6c Kd] and won ($47.50) with a pair of Kings


PokerStars Hand #162912893319:  Hold'em Limit ($3/$6 USD) - 2016/12/13 21:58:03 ET
Table 'Titan' 6-max Seat #2 is the button
Seat 2: etycy ($45.76 in chips)
Seat 3: ToDaFelt ($187.03 in chips)
etycy: posts small blind $1
ToDaFelt: posts big blind $3
*** HOLE CARDS ***
etycy: folds
Uncalled bet ($2) returned to ToDaFelt
ToDaFelt collected $2 from pot
ToDaFelt: doesn't show hand
*** SUMMARY ***
Total pot $2 | Rake $0
Seat 2: etycy (button) (small blind) folded before Flop
Seat 3: ToDaFelt (big blind) collected ($2)


PokerStars Hand #162912886643:  Hold'em Limit ($3/$6 USD) - 2016/12/13 21:57:44 ET
Table 'Titan' 6-max Seat #3 is the button
Seat 2: etycy ($54.76 in chips)
Seat 3: ToDaFelt ($178.39 in chips)
ToDaFelt: posts small blind $1
etycy: posts big blind $3
*** HOLE CARDS ***
ToDaFelt: raises $3 to $6
etycy: raises $3 to $9
ToDaFelt: calls $3
*** FLOP *** [Kc Ts 4d]
etycy: checks
ToDaFelt: bets $3
etycy: folds
Uncalled bet ($3) returned to ToDaFelt
ToDaFelt collected $17.64 from pot
ToDaFelt: doesn't show hand
*** SUMMARY ***
Total pot $18 | Rake $0.36
Board [Kc Ts 4d]
Seat 2: etycy (big blind) folded on the Flop
Seat 3: ToDaFelt (button) (small blind) collected ($17.64)


PokerStars Hand #162912884578:  Hold'em Limit ($3/$6 USD) - 2016/12/13 21:57:38 ET
Table 'Titan' 6-max Seat #2 is the button
Seat 2: etycy ($55.76 in chips)
Seat 3: ToDaFelt ($177.39 in chips)
etycy: posts small blind $1
ToDaFelt: posts big blind $3
*** HOLE CARDS ***
etycy: folds
Uncalled bet ($2) returned to ToDaFelt
ToDaFelt collected $2 from pot
ToDaFelt: doesn't show hand
*** SUMMARY ***
Total pot $2 | Rake $0
Seat 2: etycy (button) (small blind) folded before Flop
Seat 3: ToDaFelt (big blind) collected ($2)


PokerStars Hand #162912881521:  Hold'em Limit ($3/$6 USD) - 2016/12/13 21:57:30 ET
Table 'Titan' 6-max Seat #3 is the button
Seat 2: etycy ($58.76 in chips)
Seat 3: ToDaFelt ($174.39 in chips)
ToDaFelt: posts small blind $1
etycy: posts big blind $3
*** HOLE CARDS ***
ToDaFelt: raises $3 to $6
etycy: folds
Uncalled bet ($3) returned to ToDaFelt
ToDaFelt collected $6 from pot
ToDaFelt: doesn't show hand
*** SUMMARY ***
Total pot $6 | Rake $0
Seat 2: etycy (big blind) folded before Flop
Seat 3: ToDaFelt (button) (small blind) collected ($6)


PokerStars Hand #162912879167:  Hold'em Limit ($3/$6 USD) - 2016/12/13 21:57:23 ET
Table 'Titan' 6-max Seat #2 is the button
Seat 2: etycy ($59.76 in chips)
Seat 3: ToDaFelt ($173.39 in chips)
etycy: posts small blind $1
ToDaFelt: posts big blind $3
*** HOLE CARDS ***
etycy: folds
Uncalled bet ($2) returned to ToDaFelt
ToDaFelt collected $2 from pot
ToDaFelt: doesn't show hand
*** SUMMARY ***
Total pot $2 | Rake $0
Seat 2: etycy (button) (small blind) folded before Flop
Seat 3: ToDaFelt (big blind) collected ($2)


PokerStars Hand #162912898037:  Hold'em Limit ($3/$6 USD) - 2016/12/13 21:58:16 ET
Table 'Titan' 6-max Seat #3 is the button
Seat 2: etycy ($44.76 in chips)
Seat 3: ToDaFelt ($188.03 in chips)
ToDaFelt: posts small blind $1
etycy: posts big blind $3
*** HOLE CARDS ***
ToDaFelt: raises $3 to $6
etycy: folds
Uncalled bet ($3) returned to ToDaFelt
ToDaFelt collected $6 from pot
ToDaFelt: doesn't show hand
*** SUMMARY ***
Total pot $6 | Rake $0
Seat 2: etycy (big blind) folded before Flop
Seat 3: ToDaFelt (button) (small blind) collected ($6)


PokerStars Hand #162912927380:  Hold'em Limit ($3/$6 USD) - 2016/12/13 21:59:19 ET
Table 'Titan' 6-max Seat #3 is the button
Seat 2: etycy ($25.76 in chips)
Seat 3: ToDaFelt ($206.55 in chips)
ToDaFelt: posts small blind $1
etycy: posts big blind $3
*** HOLE CARDS ***
ToDaFelt: folds
Uncalled bet ($2) returned to etycy
etycy collected $2 from pot
etycy: doesn't show hand
*** SUMMARY ***
Total pot $2 | Rake $0
Seat 2: etycy (big blind) collected ($2)
Seat 3: ToDaFelt (button) (small blind) folded before Flop


PokerStars Hand #162912908068:  Hold'em Limit ($3/$6 USD) - 2016/12/13 21:58:44 ET
Table 'Titan' 6-max Seat #2 is the button
Seat 2: etycy ($37.76 in chips)
Seat 3: ToDaFelt ($195.03 in chips)
etycy: posts small blind $1
ToDaFelt: posts big blind $3
*** HOLE CARDS ***
etycy: raises $3 to $6
ToDaFelt: raises $3 to $9
etycy: raises $3 to $12
Betting is capped
ToDaFelt: calls $3
*** FLOP *** [Td 4d Kd]
ToDaFelt: checks
etycy: checks
*** TURN *** [Td 4d Kd] [4c]
ToDaFelt: bets $6
etycy: folds
Uncalled bet ($6) returned to ToDaFelt
ToDaFelt collected $23.52 from pot
ToDaFelt: doesn't show hand
*** SUMMARY ***
Total pot $24 | Rake $0.48
Board [Td 4d Kd 4c]
Seat 2: etycy (button) (small blind) folded on the Turn
Seat 3: ToDaFelt (big blind) collected ($23.52)


PokerStars Hand #162912900846:  Hold'em Limit ($3/$6 USD) - 2016/12/13 21:58:24 ET
Table 'Titan' 6-max Seat #2 is the button
Seat 2: etycy ($41.76 in chips)
Seat 3: ToDaFelt ($191.03 in chips)
etycy: posts small blind $1
ToDaFelt: posts big blind $3
*** HOLE CARDS ***
etycy: folds
Uncalled bet ($2) returned to ToDaFelt
ToDaFelt collected $2 from pot
ToDaFelt: doesn't show hand
*** SUMMARY ***
Total pot $2 | Rake $0
Seat 2: etycy (button) (small blind) folded before Flop
Seat 3: ToDaFelt (big blind) collected ($2)


PokerStars Hand #162912903676:  Hold'em Limit ($3/$6 USD) - 2016/12/13 21:58:32 ET
Table 'Titan' 6-max Seat #3 is the button
Seat 2: etycy ($40.76 in chips)
Seat 3: ToDaFelt ($192.03 in chips)
ToDaFelt: posts small blind $1
etycy: posts big blind $3
*** HOLE CARDS ***
ToDaFelt: raises $3 to $6
etycy: folds
Uncalled bet ($3) returned to ToDaFelt
ToDaFelt collected $6 from pot
ToDaFelt: doesn't show hand
*** SUMMARY ***
Total pot $6 | Rake $0
Seat 2: etycy (big blind) folded before Flop
Seat 3: ToDaFelt (button) (small blind) collected ($6)


PokerStars Hand #162912931802:  Hold'em Limit ($3/$6 USD) - 2016/12/13 21:59:31 ET
Table 'Titan' 6-max Seat #3 is the button
Seat 2: etycy ($25.76 in chips)
Seat 3: ToDaFelt ($206.55 in chips)
ToDaFelt: posts small blind $1
etycy: posts big blind $3
*** HOLE CARDS ***
ToDaFelt: raises $3 to $6
etycy: calls $3
*** FLOP *** [6h 9d Qs]
etycy: checks
ToDaFelt: bets $3
etycy: calls $3
*** TURN *** [6h 9d Qs] [3c]
etycy: checks
ToDaFelt: bets $6
etycy: calls $6
*** RIVER *** [6h 9d Qs 3c] [Ts]
etycy: checks
ToDaFelt: bets $6
etycy: calls $6
*** SHOW DOWN ***
ToDaFelt: shows [Qh 9s] (two pair, Queens and Nines)
etycy: mucks hand
ToDaFelt collected $41.50 from pot
*** SUMMARY ***
Total pot $42 | Rake $0.50
Board [6h 9d Qs 3c Ts]
Seat 2: etycy (big blind) mucked
Seat 3: ToDaFelt (button) (small blind) showed [Qh 9s] and won ($41.50) with two pair, Queens and Nines


PokerStars Hand #162912943224:  Hold'em Limit ($3/$6 USD) - 2016/12/13 22:00:03 ET
Table 'Titan' 6-max Seat #2 is the button
Seat 2: etycy ($4.76 in chips)
Seat 3: ToDaFelt ($227.05 in chips)
etycy: posts small blind $1
ToDaFelt: posts big blind $3
*** HOLE CARDS ***
etycy: raises $1.76 to $4.76 and is all-in
ToDaFelt: calls $1.76
*** FLOP *** [Qc 4c Ts]
*** TURN *** [Qc 4c Ts] [7c]
*** RIVER *** [Qc 4c Ts 7c] [4h]
*** SHOW DOWN ***
ToDaFelt: shows [5h 5d] (two pair, Fives and Fours)
etycy: shows [Ah 2s] (a pair of Fours)
ToDaFelt collected $9.33 from pot
*** SUMMARY ***
Total pot $9.52 | Rake $0.19
Board [Qc 4c Ts 7c 4h]
Seat 2: etycy (button) (small blind) showed [Ah 2s] and lost with a pair of Fours
Seat 3: ToDaFelt (big blind) showed [5h 5d] and won ($9.33) with two pair, Fives and Fours


PokerStars Hand #162912929784:  Hold'em Limit ($3/$6 USD) - 2016/12/13 21:59:26 ET
Table 'Titan' 6-max Seat #2 is the button
Seat 2: etycy ($26.76 in chips)
Seat 3: ToDaFelt ($205.55 in chips)
etycy: posts small blind $1
ToDaFelt: posts big blind $3
*** HOLE CARDS ***
etycy: folds
Uncalled bet ($2) returned to ToDaFelt
ToDaFelt collected $2 from pot
ToDaFelt: doesn't show hand
*** SUMMARY ***
Total pot $2 | Rake $0
Seat 2: etycy (button) (small blind) folded before Flop
Seat 3: ToDaFelt (big blind) collected ($2)


