PokerStars Hand #153681546238:  Hold'em Limit ($3/$6 USD) - 2016/05/22 11:13:28 ET
Table 'Titania III' 10-max Seat #5 is the button
Seat 5: ct-650 ($159.64 in chips)
Seat 8: artecris ($139.02 in chips)
ct-650: posts small blind $1
artecris: posts big blind $3
*** HOLE CARDS ***
ct-650: raises $3 to $6
boony444 joins the table at seat #9
artecris: folds
Uncalled bet ($3) returned to ct-650
ct-650 collected $6 from pot
*** SUMMARY ***
Total pot $6 | Rake $0
Seat 5: ct-650 (button) (small blind) collected ($6)
Seat 8: artecris (big blind) folded before Flop


PokerStars Hand #153681542650:  Hold'em Limit ($3/$6 USD) - 2016/05/22 11:13:24 ET
Table 'Titania III' 10-max Seat #8 is the button
Seat 5: ct-650 ($158.64 in chips)
Seat 8: artecris ($140.02 in chips)
artecris: posts small blind $1
ct-650: posts big blind $3
*** HOLE CARDS ***
artecris: folds
Uncalled bet ($2) returned to ct-650
ct-650 collected $2 from pot
*** SUMMARY ***
Total pot $2 | Rake $0
Seat 5: ct-650 (big blind) collected ($2)
Seat 8: artecris (button) (small blind) folded before Flop


PokerStars Hand #153681535818:  Hold'em Limit ($3/$6 USD) - 2016/05/22 11:13:15 ET
Table 'Titania III' 10-max Seat #8 is the button
Seat 5: ct-650 ($158.64 in chips)
Seat 8: artecris ($140.02 in chips)
artecris: posts small blind $1
ct-650: posts big blind $3
*** HOLE CARDS ***
artecris: folds
Uncalled bet ($2) returned to ct-650
ct-650 collected $2 from pot
*** SUMMARY ***
Total pot $2 | Rake $0
Seat 5: ct-650 (big blind) collected ($2)
Seat 8: artecris (button) (small blind) folded before Flop


PokerStars Hand #153681519263:  Hold'em Limit ($3/$6 USD) - 2016/05/22 11:12:54 ET
Table 'Titania III' 10-max Seat #5 is the button
Seat 5: ct-650 ($150 in chips)
Seat 8: artecris ($149.02 in chips)
ct-650: posts small blind $1
artecris: posts big blind $3
*** HOLE CARDS ***
ct-650: raises $3 to $6
artecris: calls $3
*** FLOP *** [2c 6s Kd]
artecris: checks
ct-650: bets $3
artecris: calls $3
*** TURN *** [2c 6s Kd] [2s]
artecris: checks
ct-650: bets $6
artecris: folds
Uncalled bet ($6) returned to ct-650
ct-650 collected $17.64 from pot
*** SUMMARY ***
Total pot $18 | Rake $0.36
Board [2c 6s Kd 2s]
Seat 5: ct-650 (button) (small blind) collected ($17.64)
Seat 8: artecris (big blind) folded on the Turn


PokerStars Hand #153681780119:  Hold'em Limit ($3/$6 USD) - 2016/05/22 11:18:22 ET
Table 'Titania III' 10-max Seat #5 is the button
Seat 5: ct-650 ($160.13 in chips)
Seat 9: boony444 ($165.66 in chips)
ct-650: posts small blind $1
boony444: posts big blind $3
*** HOLE CARDS ***
ct-650: raises $3 to $6
boony444: calls $3
*** FLOP *** [9h 6h 8h]
boony444: checks
ct-650: bets $3
boony444: calls $3
*** TURN *** [9h 6h 8h] [8c]
boony444: checks
ct-650: checks
*** RIVER *** [9h 6h 8h 8c] [7c]
boony444: checks
ct-650: bets $6
boony444: calls $6
*** SHOW DOWN ***
ct-650: shows [Jc 5h] (a straight, Five to Nine)
boony444: mucks hand
ct-650 collected $29.50 from pot
*** SUMMARY ***
Total pot $30 | Rake $0.50
Board [9h 6h 8h 8c 7c]
Seat 5: ct-650 (button) (small blind) showed [Jc 5h] and won ($29.50) with a straight, Five to Nine
Seat 9: boony444 (big blind) mucked


