PokerStars Hand #152960475309:  Hold'em Limit ($3/$6 USD) - 2016/05/06 23:46:23 ET
Table 'Titan' 6-max Seat #3 is the button
Seat 3: Cookieskards ($51 in chips)
Seat 4: VolkovDmitri ($180.73 in chips)
Cookieskards: posts small blind $1
VolkovDmitri: posts big blind $3
*** HOLE CARDS ***
hairy1961 leaves the table
Cookieskards: calls $2
VolkovDmitri: raises $3 to $6
Cookieskards: calls $3
*** FLOP *** [4s 5h 3d]
VolkovDmitri: checks
Cookieskards: bets $3
VolkovDmitri: calls $3
*** TURN *** [4s 5h 3d] [7c]
VolkovDmitri: checks
Cookieskards: bets $6
VolkovDmitri: calls $6
*** RIVER *** [4s 5h 3d 7c] [5d]
VolkovDmitri: checks
Cookieskards: bets $6
VolkovDmitri: folds
Uncalled bet ($6) returned to Cookieskards
Cookieskards collected $29.50 from pot
Cookieskards: doesn't show hand
*** SUMMARY ***
Total pot $30 | Rake $0.50
Board [4s 5h 3d 7c 5d]
Seat 3: Cookieskards (button) (small blind) collected ($29.50)
Seat 4: VolkovDmitri (big blind) folded on the River


PokerStars Hand #152960485975:  Hold'em Limit ($3/$6 USD) - 2016/05/06 23:47:00 ET
Table 'Titan' 6-max Seat #4 is the button
Seat 3: Cookieskards ($65.50 in chips)
Seat 4: VolkovDmitri ($165.73 in chips)
VolkovDmitri: posts small blind $1
Cookieskards: posts big blind $3
*** HOLE CARDS ***
VolkovDmitri: raises $3 to $6
Cookieskards: calls $3
*** FLOP *** [9d 7s Ad]
Cookieskards: checks
VolkovDmitri: bets $3
Cookieskards: calls $3
*** TURN *** [9d 7s Ad] [Kh]
Cookieskards: checks
VolkovDmitri: bets $6
Cookieskards: raises $6 to $12
VolkovDmitri: calls $6
*** RIVER *** [9d 7s Ad Kh] [As]
Cookieskards: bets $6
VolkovDmitri: calls $6
*** SHOW DOWN ***
Cookieskards: shows [8h 6d] (a pair of Aces)
VolkovDmitri: shows [8c Ks] (two pair, Aces and Kings)
VolkovDmitri collected $53.50 from pot
*** SUMMARY ***
Total pot $54 | Rake $0.50
Board [9d 7s Ad Kh As]
Seat 3: Cookieskards (big blind) showed [8h 6d] and lost with a pair of Aces
Seat 4: VolkovDmitri (button) (small blind) showed [8c Ks] and won ($53.50) with two pair, Aces and Kings


PokerStars Hand #152960512481:  Hold'em Limit ($3/$6 USD) - 2016/05/06 23:48:33 ET
Table 'Titan' 6-max Seat #3 is the button
Seat 3: Cookieskards ($46.14 in chips)
Seat 4: VolkovDmitri ($184.23 in chips)
Cookieskards: posts small blind $1
VolkovDmitri: posts big blind $3
*** HOLE CARDS ***
Cookieskards: folds
Uncalled bet ($2) returned to VolkovDmitri
VolkovDmitri collected $2 from pot
VolkovDmitri: doesn't show hand
*** SUMMARY ***
Total pot $2 | Rake $0
Seat 3: Cookieskards (button) (small blind) folded before Flop
Seat 4: VolkovDmitri (big blind) collected ($2)


PokerStars Hand #152960501804:  Hold'em Limit ($3/$6 USD) - 2016/05/06 23:47:55 ET
Table 'Titan' 6-max Seat #4 is the button
Seat 3: Cookieskards ($37.50 in chips)
Seat 4: VolkovDmitri ($193.23 in chips)
VolkovDmitri: posts small blind $1
Cookieskards: posts big blind $3
*** HOLE CARDS ***
VolkovDmitri: raises $3 to $6
Cookieskards: calls $3
*** FLOP *** [Qs 8d 9c]
Cookieskards: checks
VolkovDmitri: bets $3
Cookieskards: calls $3
*** TURN *** [Qs 8d 9c] [As]
Cookieskards: bets $6
VolkovDmitri: folds
Uncalled bet ($6) returned to Cookieskards
Cookieskards collected $17.64 from pot
Cookieskards: doesn't show hand
*** SUMMARY ***
Total pot $18 | Rake $0.36
Board [Qs 8d 9c As]
Seat 3: Cookieskards (big blind) collected ($17.64)
Seat 4: VolkovDmitri (button) (small blind) folded on the Turn


PokerStars Hand #152960500246:  Hold'em Limit ($3/$6 USD) - 2016/05/06 23:47:50 ET
Table 'Titan' 6-max Seat #3 is the button
Seat 3: Cookieskards ($38.50 in chips)
Seat 4: VolkovDmitri ($192.23 in chips)
Cookieskards: posts small blind $1
VolkovDmitri: posts big blind $3
*** HOLE CARDS ***
Cookieskards: folds
Uncalled bet ($2) returned to VolkovDmitri
VolkovDmitri collected $2 from pot
VolkovDmitri: doesn't show hand
*** SUMMARY ***
Total pot $2 | Rake $0
Seat 3: Cookieskards (button) (small blind) folded before Flop
Seat 4: VolkovDmitri (big blind) collected ($2)


PokerStars Hand #152960523119:  Hold'em Limit ($3/$6 USD) - 2016/05/06 23:49:11 ET
Table 'Titan' 6-max Seat #3 is the button
Seat 3: Cookieskards ($53.78 in chips)
Seat 4: VolkovDmitri ($176.23 in chips)
Cookieskards: posts small blind $1
VolkovDmitri: posts big blind $3
*** HOLE CARDS ***
Cookieskards: folds
Uncalled bet ($2) returned to VolkovDmitri
VolkovDmitri collected $2 from pot
VolkovDmitri: doesn't show hand
*** SUMMARY ***
Total pot $2 | Rake $0
Seat 3: Cookieskards (button) (small blind) folded before Flop
Seat 4: VolkovDmitri (big blind) collected ($2)


PokerStars Hand #152960566343:  Hold'em Limit ($3/$6 USD) - 2016/05/06 23:51:44 ET
Table 'Titan' 6-max Seat #4 is the button
Seat 3: Cookieskards ($84.07 in chips)
Seat 4: VolkovDmitri ($173.09 in chips)
VolkovDmitri: posts small blind $1
Cookieskards: posts big blind $3
*** HOLE CARDS ***
serega111181 leaves the table
VolkovDmitri: raises $3 to $6
Cookieskards: calls $3
*** FLOP *** [2d 3d 8d]
Cookieskards: checks
VolkovDmitri: bets $3
Cookieskards: folds
Uncalled bet ($3) returned to VolkovDmitri
VolkovDmitri collected $11.76 from pot
VolkovDmitri: doesn't show hand
*** SUMMARY ***
Total pot $12 | Rake $0.24
Board [2d 3d 8d]
Seat 3: Cookieskards (big blind) folded on the Flop
Seat 4: VolkovDmitri (button) (small blind) collected ($11.76)


PokerStars Hand #152960589410:  Hold'em Limit ($3/$6 USD) - 2016/05/06 23:53:06 ET
Table 'Titan' 6-max Seat #4 is the button
Seat 3: Cookieskards ($83.83 in chips)
Seat 4: VolkovDmitri ($172.85 in chips)
VolkovDmitri: posts small blind $1
Cookieskards: posts big blind $3
*** HOLE CARDS ***
VolkovDmitri: folds
Uncalled bet ($2) returned to Cookieskards
Cookieskards collected $2 from pot
Cookieskards: doesn't show hand
*** SUMMARY ***
Total pot $2 | Rake $0
Seat 3: Cookieskards (big blind) collected ($2)
Seat 4: VolkovDmitri (button) (small blind) folded before Flop


PokerStars Hand #152960573970:  Hold'em Limit ($3/$6 USD) - 2016/05/06 23:52:11 ET
Table 'Titan' 6-max Seat #3 is the button
Seat 3: Cookieskards ($78.07 in chips)
Seat 4: VolkovDmitri ($178.85 in chips)
Cookieskards: posts small blind $1
VolkovDmitri: posts big blind $3
*** HOLE CARDS ***
Cookieskards: calls $2
VolkovDmitri: raises $3 to $6
Cookieskards: calls $3
*** FLOP *** [Kd Kc Th]
VolkovDmitri: checks
Cookieskards: checks
*** TURN *** [Kd Kc Th] [6c]
VolkovDmitri: checks
Cookieskards: checks
*** RIVER *** [Kd Kc Th 6c] [8d]
VolkovDmitri: checks
Cookieskards: bets $6
VolkovDmitri: folds
Uncalled bet ($6) returned to Cookieskards
Cookieskards collected $11.76 from pot
Cookieskards: doesn't show hand
*** SUMMARY ***
Total pot $12 | Rake $0.24
Board [Kd Kc Th 6c 8d]
Seat 3: Cookieskards (button) (small blind) collected ($11.76)
Seat 4: VolkovDmitri (big blind) folded on the River


PokerStars Hand #152960609727:  Hold'em Limit ($3/$6 USD) - 2016/05/06 23:54:18 ET
Table 'Titan' 6-max Seat #4 is the button
Seat 3: Cookieskards ($69.83 in chips)
Seat 4: VolkovDmitri ($186.35 in chips)
VolkovDmitri: posts small blind $1
Cookieskards: posts big blind $3
*** HOLE CARDS ***
VolkovDmitri: raises $3 to $6
Cookieskards: calls $3
*** FLOP *** [Qs Qh 9s]
Cookieskards: checks
VolkovDmitri: bets $3
Cookieskards: folds
Uncalled bet ($3) returned to VolkovDmitri
VolkovDmitri collected $11.76 from pot
VolkovDmitri: doesn't show hand
*** SUMMARY ***
Total pot $12 | Rake $0.24
Board [Qs Qh 9s]
Seat 3: Cookieskards (big blind) folded on the Flop
Seat 4: VolkovDmitri (button) (small blind) collected ($11.76)


PokerStars Hand #152960592046:  Hold'em Limit ($3/$6 USD) - 2016/05/06 23:53:15 ET
Table 'Titan' 6-max Seat #3 is the button
Seat 3: Cookieskards ($84.83 in chips)
Seat 4: VolkovDmitri ($171.85 in chips)
Cookieskards: posts small blind $1
VolkovDmitri: posts big blind $3
*** HOLE CARDS ***
Cookieskards: calls $2
VolkovDmitri: raises $3 to $6
Cookieskards: calls $3
*** FLOP *** [8c 7s 9s]
VolkovDmitri: checks
Cookieskards: bets $3
VolkovDmitri: calls $3
*** TURN *** [8c 7s 9s] [8h]
VolkovDmitri: checks
Cookieskards: bets $6
VolkovDmitri: calls $6
*** RIVER *** [8c 7s 9s 8h] [Jh]
VolkovDmitri: bets $6
Cookieskards: folds
Uncalled bet ($6) returned to VolkovDmitri
VolkovDmitri collected $29.50 from pot
VolkovDmitri: doesn't show hand
*** SUMMARY ***
Total pot $30 | Rake $0.50
Board [8c 7s 9s 8h Jh]
Seat 3: Cookieskards (button) (small blind) folded on the River
Seat 4: VolkovDmitri (big blind) collected ($29.50)


