PokerStars Hand #146627460505:  Hold'em Limit ($3/$6 USD) - 2016/01/07 11:36:04 ET
Table 'Titania' 2-max Seat #1 is the button
Seat 1: TheRivRat22 ($58.90 in chips)
Seat 2: ChrisTuff ($165.06 in chips)
TheRivRat22: posts small blind $1
ChrisTuff: posts big blind $3
*** HOLE CARDS ***
TheRivRat22: raises $3 to $6
ChrisTuff: folds
Uncalled bet ($3) returned to TheRivRat22
TheRivRat22 collected $6 from pot
TheRivRat22: doesn't show hand
*** SUMMARY ***
Total pot $6 | Rake $0
Seat 1: TheRivRat22 (button) (small blind) collected ($6)
Seat 2: ChrisTuff (big blind) folded before Flop


PokerStars Hand #146627456568:  Hold'em Limit ($3/$6 USD) - 2016/01/07 11:35:59 ET
Table 'Titania' 2-max Seat #2 is the button
Seat 1: TheRivRat22 ($57.90 in chips)
Seat 2: ChrisTuff ($166.06 in chips)
ChrisTuff: posts small blind $1
TheRivRat22: posts big blind $3
*** HOLE CARDS ***
ChrisTuff: folds
Uncalled bet ($2) returned to TheRivRat22
TheRivRat22 collected $2 from pot
TheRivRat22: doesn't show hand
*** SUMMARY ***
Total pot $2 | Rake $0
Seat 1: TheRivRat22 (big blind) collected ($2)
Seat 2: ChrisTuff (button) (small blind) folded before Flop


PokerStars Hand #146627446883:  Hold'em Limit ($3/$6 USD) - 2016/01/07 11:35:48 ET
Table 'Titania' 2-max Seat #1 is the button
Seat 1: TheRivRat22 ($60.90 in chips)
Seat 2: ChrisTuff ($163.18 in chips)
TheRivRat22: posts small blind $1
ChrisTuff: posts big blind $3
*** HOLE CARDS ***
TheRivRat22: calls $2
ChrisTuff: checks
*** FLOP *** [Js Ah 2h]
ChrisTuff: checks
TheRivRat22: checks
*** TURN *** [Js Ah 2h] [6c]
ChrisTuff: bets $6
TheRivRat22: folds
Uncalled bet ($6) returned to ChrisTuff
ChrisTuff collected $5.88 from pot
ChrisTuff: doesn't show hand
*** SUMMARY ***
Total pot $6 | Rake $0.12
Board [Js Ah 2h 6c]
Seat 1: TheRivRat22 (button) (small blind) folded on the Turn
Seat 2: ChrisTuff (big blind) collected ($5.88)


PokerStars Hand #146627434953:  Hold'em Limit ($3/$6 USD) - 2016/01/07 11:35:34 ET
Table 'Titania' 2-max Seat #2 is the button
Seat 1: TheRivRat22 ($69.90 in chips)
Seat 2: ChrisTuff ($154.54 in chips)
ChrisTuff: posts small blind $1
TheRivRat22: posts big blind $3
*** HOLE CARDS ***
ChrisTuff: raises $3 to $6
TheRivRat22: calls $3
*** FLOP *** [Ah As Ad]
TheRivRat22: checks
ChrisTuff: bets $3
TheRivRat22: calls $3
*** TURN *** [Ah As Ad] [9s]
TheRivRat22: checks
ChrisTuff: bets $6
TheRivRat22: folds
Uncalled bet ($6) returned to ChrisTuff
ChrisTuff collected $17.64 from pot
ChrisTuff: doesn't show hand
*** SUMMARY ***
Total pot $18 | Rake $0.36
Board [Ah As Ad 9s]
Seat 1: TheRivRat22 (big blind) folded on the Turn
Seat 2: ChrisTuff (button) (small blind) collected ($17.64)


PokerStars Hand #146627430685:  Hold'em Limit ($3/$6 USD) - 2016/01/07 11:35:29 ET
Table 'Titania' 2-max Seat #1 is the button
Seat 1: TheRivRat22 ($70.90 in chips)
Seat 2: ChrisTuff ($153.54 in chips)
TheRivRat22: posts small blind $1
ChrisTuff: posts big blind $3
*** HOLE CARDS ***
TheRivRat22: folds
Uncalled bet ($2) returned to ChrisTuff
ChrisTuff collected $2 from pot
ChrisTuff: doesn't show hand
*** SUMMARY ***
Total pot $2 | Rake $0
Seat 1: TheRivRat22 (button) (small blind) folded before Flop
Seat 2: ChrisTuff (big blind) collected ($2)


PokerStars Hand #146627426494:  Hold'em Limit ($3/$6 USD) - 2016/01/07 11:35:25 ET
Table 'Titania' 2-max Seat #2 is the button
Seat 1: TheRivRat22 ($69.90 in chips)
Seat 2: ChrisTuff ($154.54 in chips)
ChrisTuff: posts small blind $1
TheRivRat22: posts big blind $3
*** HOLE CARDS ***
ChrisTuff: folds
Uncalled bet ($2) returned to TheRivRat22
TheRivRat22 collected $2 from pot
TheRivRat22: doesn't show hand
*** SUMMARY ***
Total pot $2 | Rake $0
Seat 1: TheRivRat22 (big blind) collected ($2)
Seat 2: ChrisTuff (button) (small blind) folded before Flop


PokerStars Hand #146627415918:  Hold'em Limit ($3/$6 USD) - 2016/01/07 11:35:12 ET
Table 'Titania' 2-max Seat #1 is the button
Seat 1: TheRivRat22 ($67.02 in chips)
Seat 2: ChrisTuff ($157.54 in chips)
TheRivRat22: posts small blind $1
ChrisTuff: posts big blind $3
*** HOLE CARDS ***
TheRivRat22: calls $2
ChrisTuff: checks
*** FLOP *** [Kc 5d Qh]
ChrisTuff: checks
TheRivRat22: checks
*** TURN *** [Kc 5d Qh] [Ad]
ChrisTuff: checks
TheRivRat22: checks
*** RIVER *** [Kc 5d Qh Ad] [Kd]
ChrisTuff: checks
TheRivRat22: checks
*** SHOW DOWN ***
ChrisTuff: shows [2s 9h] (a pair of Kings)
TheRivRat22: shows [Td 8s] (a pair of Kings - Ace+Queen+Ten kicker)
TheRivRat22 collected $5.88 from pot
*** SUMMARY ***
Total pot $6 | Rake $0.12
Board [Kc 5d Qh Ad Kd]
Seat 1: TheRivRat22 (button) (small blind) showed [Td 8s] and won ($5.88) with a pair of Kings
Seat 2: ChrisTuff (big blind) showed [2s 9h] and lost with a pair of Kings


PokerStars Hand #146627493180:  Hold'em Limit ($3/$6 USD) - 2016/01/07 11:36:41 ET
Table 'Titania' 2-max Seat #2 is the button
Seat 1: TheRivRat22 ($22.90 in chips)
Seat 2: ChrisTuff ($200.20 in chips)
ChrisTuff: posts small blind $1
TheRivRat22: posts big blind $3
*** HOLE CARDS ***
ChrisTuff: raises $3 to $6
TheRivRat22: folds
Uncalled bet ($3) returned to ChrisTuff
ChrisTuff collected $6 from pot
ChrisTuff: doesn't show hand
*** SUMMARY ***
Total pot $6 | Rake $0
Seat 1: TheRivRat22 (big blind) folded before Flop
Seat 2: ChrisTuff (button) (small blind) collected ($6)


PokerStars Hand #146627481985:  Hold'em Limit ($3/$6 USD) - 2016/01/07 11:36:28 ET
Table 'Titania' 2-max Seat #1 is the button
Seat 1: TheRivRat22 ($31.90 in chips)
Seat 2: ChrisTuff ($191.56 in chips)
TheRivRat22: posts small blind $1
ChrisTuff: posts big blind $3
*** HOLE CARDS ***
TheRivRat22: raises $3 to $6
ChrisTuff: calls $3
*** FLOP *** [5s Kh Kc]
ChrisTuff: checks
TheRivRat22: bets $3
ChrisTuff: raises $3 to $6
TheRivRat22: folds
Uncalled bet ($3) returned to ChrisTuff
ChrisTuff collected $17.64 from pot
ChrisTuff: doesn't show hand
*** SUMMARY ***
Total pot $18 | Rake $0.36
Board [5s Kh Kc]
Seat 1: TheRivRat22 (button) (small blind) folded on the Flop
Seat 2: ChrisTuff (big blind) collected ($17.64)


PokerStars Hand #146627465525:  Hold'em Limit ($3/$6 USD) - 2016/01/07 11:36:09 ET
Table 'Titania' 2-max Seat #2 is the button
Seat 1: TheRivRat22 ($61.90 in chips)
Seat 2: ChrisTuff ($162.06 in chips)
ChrisTuff: posts small blind $1
TheRivRat22: posts big blind $3
*** HOLE CARDS ***
ChrisTuff: raises $3 to $6
TheRivRat22: raises $3 to $9
ChrisTuff: calls $3
*** FLOP *** [Jh 8h 5c]
TheRivRat22: bets $3
ChrisTuff: calls $3
*** TURN *** [Jh 8h 5c] [8d]
TheRivRat22: bets $6
ChrisTuff: raises $6 to $12
TheRivRat22: calls $6
*** RIVER *** [Jh 8h 5c 8d] [3c]
TheRivRat22: checks
ChrisTuff: bets $6
TheRivRat22: calls $6
*** SHOW DOWN ***
ChrisTuff: shows [Kc 8s] (three of a kind, Eights)
TheRivRat22: mucks hand
ChrisTuff collected $59.50 from pot
*** SUMMARY ***
Total pot $60 | Rake $0.50
Board [Jh 8h 5c 8d 3c]
Seat 1: TheRivRat22 (big blind) mucked
Seat 2: ChrisTuff (button) (small blind) showed [Kc 8s] and won ($59.50) with three of a kind, Eights


