PokerStars Hand #158128769730:  Hold'em Limit ($3/$6 USD) - 2016/09/03 21:47:20 ET
Table 'Tithonus' 6-max Seat #2 is the button
Seat 2: knas4 ($264.87 in chips)
Seat 3: RaisemyNut$ ($180.08 in chips)
knas4: posts small blind $1
RaisemyNut$: posts big blind $3
*** HOLE CARDS ***
knas4: folds
Uncalled bet ($2) returned to RaisemyNut$
RaisemyNut$ collected $2 from pot
RaisemyNut$: doesn't show hand
*** SUMMARY ***
Total pot $2 | Rake $0
Seat 2: knas4 (button) (small blind) folded before Flop
Seat 3: RaisemyNut$ (big blind) collected ($2)


PokerStars Hand #158128768008:  Hold'em Limit ($3/$6 USD) - 2016/09/03 21:47:16 ET
Table 'Tithonus' 6-max Seat #3 is the button
Seat 2: knas4 ($263.87 in chips)
Seat 3: RaisemyNut$ ($181.08 in chips)
RaisemyNut$: posts small blind $1
knas4: posts big blind $3
*** HOLE CARDS ***
RaisemyNut$: folds
Uncalled bet ($2) returned to knas4
knas4 collected $2 from pot
*** SUMMARY ***
Total pot $2 | Rake $0
Seat 2: knas4 (big blind) collected ($2)
Seat 3: RaisemyNut$ (button) (small blind) folded before Flop


