PokerStars Hand #165646387517:  Hold'em Limit ($3/$6 USD) - 2017/02/03 22:14:09 ET
Table 'Tithonus' 6-max Seat #5 is the button
Seat 2: karambakilla ($146.36 in chips)
Seat 5: Mirkoo68 ($48 in chips)
Mirkoo68: posts small blind $1
karambakilla: posts big blind $3
*** HOLE CARDS ***
Mirkoo68: folds
Uncalled bet ($2) returned to karambakilla
karambakilla collected $2 from pot
karambakilla: doesn't show hand
*** SUMMARY ***
Total pot $2 | Rake $0
Seat 2: karambakilla (big blind) collected ($2)
Seat 5: Mirkoo68 (button) (small blind) folded before Flop


PokerStars Hand #165646382642:  Hold'em Limit ($3/$6 USD) - 2017/02/03 22:13:58 ET
Table 'Tithonus' 6-max Seat #2 is the button
Seat 2: karambakilla ($143.36 in chips)
Seat 5: Mirkoo68 ($51 in chips)
karambakilla: posts small blind $1
Chessnok: is sitting out
Mirkoo68: posts big blind $3
*** HOLE CARDS ***
karambakilla: raises $3 to $6
Mirkoo68: folds
Uncalled bet ($3) returned to karambakilla
karambakilla collected $6 from pot
karambakilla: doesn't show hand
*** SUMMARY ***
Total pot $6 | Rake $0
Seat 2: karambakilla (button) (small blind) collected ($6)
Seat 5: Mirkoo68 (big blind) folded before Flop


