PokerStars Hand #154115729307:  Hold'em Limit ($3/$6 USD) - 2016/05/31 18:12:59 ET
Table 'Tithonus' 6-max Seat #2 is the button
Seat 2: TinaTurner72 ($105 in chips)
Seat 6: Solydz ($85.10 in chips)
TinaTurner72: posts small blind $1
Solydz: posts big blind $3
*** HOLE CARDS ***
TinaTurner72: folds
Uncalled bet ($2) returned to Solydz
Solydz collected $2 from pot
*** SUMMARY ***
Total pot $2 | Rake $0
Seat 2: TinaTurner72 (button) (small blind) folded before Flop
Seat 6: Solydz (big blind) collected ($2)


PokerStars Hand #154115711082:  Hold'em Limit ($3/$6 USD) - 2016/05/31 18:12:35 ET
Table 'Tithonus' 6-max Seat #6 is the button
Seat 2: TinaTurner72 ($108 in chips)
Seat 6: Solydz ($82.22 in chips)
Solydz: posts small blind $1
TinaTurner72: posts big blind $3
*** HOLE CARDS ***
Solydz: calls $2
TinaTurner72: checks
*** FLOP *** [Ks 9c 5d]
TinaTurner72: checks
Solydz: checks
*** TURN *** [Ks 9c 5d] [2s]
TinaTurner72: checks
ToDaFelt joins the table at seat #1
Solydz: bets $6
TinaTurner72: folds
Uncalled bet ($6) returned to Solydz
Solydz collected $5.88 from pot
Solydz: doesn't show hand
*** SUMMARY ***
Total pot $6 | Rake $0.12
Board [Ks 9c 5d 2s]
Seat 2: TinaTurner72 (big blind) folded on the Turn
Seat 6: Solydz (button) (small blind) collected ($5.88)


PokerStars Hand #154115692662:  Hold'em Limit ($3/$6 USD) - 2016/05/31 18:12:10 ET
Table 'Tithonus' 6-max Seat #2 is the button
Seat 2: TinaTurner72 ($117 in chips)
Seat 6: Solydz ($73.58 in chips)
TinaTurner72: posts small blind $1
Solydz: posts big blind $3
*** HOLE CARDS ***
TinaTurner72: raises $3 to $6
Solydz: calls $3
*** FLOP *** [Ac 5s As]
Solydz: bets $3
TinaTurner72: calls $3
*** TURN *** [Ac 5s As] [Th]
Solydz: bets $6
TinaTurner72: folds
Uncalled bet ($6) returned to Solydz
Solydz collected $17.64 from pot
Solydz: doesn't show hand
*** SUMMARY ***
Total pot $18 | Rake $0.36
Board [Ac 5s As Th]
Seat 2: TinaTurner72 (button) (small blind) folded on the Turn
Seat 6: Solydz (big blind) collected ($17.64)


PokerStars Hand #154115804914:  Hold'em Limit ($3/$6 USD) - 2016/05/31 18:14:41 ET
Table 'Tithonus' 6-max Seat #4 is the button
Seat 1: ToDaFelt ($204.46 in chips)
Seat 4: **Geka**555 ($50.15 in chips)
**Geka**555: posts small blind $1
ToDaFelt: posts big blind $3
*** HOLE CARDS ***
**Geka**555: calls $2
TinaTurner72 leaves the table
ToDaFelt: raises $3 to $6
**Geka**555: calls $3
*** FLOP *** [Qc Ah 9s]
ToDaFelt: bets $3
**Geka**555: calls $3
*** TURN *** [Qc Ah 9s] [Th]
ToDaFelt: bets $6
**Geka**555: calls $6
*** RIVER *** [Qc Ah 9s Th] [4c]
ToDaFelt: bets $6
**Geka**555: calls $6
*** SHOW DOWN ***
ToDaFelt: shows [Jc 5d] (high card Ace)
**Geka**555: shows [Tc Kd] (a pair of Tens)
**Geka**555 collected $41.50 from pot
*** SUMMARY ***
Total pot $42 | Rake $0.50
Board [Qc Ah 9s Th 4c]
Seat 1: ToDaFelt (big blind) showed [Jc 5d] and lost with high card Ace
Seat 4: **Geka**555 (button) (small blind) showed [Tc Kd] and won ($41.50) with a pair of Tens


PokerStars Hand #154115800008:  Hold'em Limit ($3/$6 USD) - 2016/05/31 18:14:35 ET
Table 'Tithonus' 6-max Seat #1 is the button
Seat 1: ToDaFelt ($201.46 in chips)
Seat 4: **Geka**555 ($53.15 in chips)
ToDaFelt: posts small blind $1
TinaTurner72: is sitting out
**Geka**555: posts big blind $3
*** HOLE CARDS ***
ToDaFelt: raises $3 to $6
**Geka**555: folds
Uncalled bet ($3) returned to ToDaFelt
ToDaFelt collected $6 from pot
ToDaFelt: doesn't show hand
*** SUMMARY ***
Total pot $6 | Rake $0
Seat 1: ToDaFelt (button) (small blind) collected ($6)
Seat 4: **Geka**555 (big blind) folded before Flop


PokerStars Hand #154115836469:  Hold'em Limit ($3/$6 USD) - 2016/05/31 18:15:24 ET
Table 'Tithonus' 6-max Seat #4 is the button
Seat 1: ToDaFelt ($180 in chips)
Seat 4: **Geka**555 ($94.15 in chips)
**Geka**555: posts small blind $1
ToDaFelt: posts big blind $3
*** HOLE CARDS ***
**Geka**555: calls $2
ToDaFelt: raises $3 to $6
**Geka**555: calls $3
*** FLOP *** [2s 3s Qh]
ToDaFelt: bets $3
**Geka**555: folds
Uncalled bet ($3) returned to ToDaFelt
ToDaFelt collected $11.76 from pot
ToDaFelt: doesn't show hand
*** SUMMARY ***
Total pot $12 | Rake $0.24
Board [2s 3s Qh]
Seat 1: ToDaFelt (big blind) collected ($11.76)
Seat 4: **Geka**555 (button) (small blind) folded on the Flop


PokerStars Hand #154115851883:  Hold'em Limit ($3/$6 USD) - 2016/05/31 18:15:45 ET
Table 'Tithonus' 6-max Seat #1 is the button
Seat 1: ToDaFelt ($185.76 in chips)
Seat 4: **Geka**555 ($88.15 in chips)
ToDaFelt: posts small blind $1
**Geka**555: posts big blind $3
*** HOLE CARDS ***
ToDaFelt: raises $3 to $6
**Geka**555: folds
Uncalled bet ($3) returned to ToDaFelt
ToDaFelt collected $6 from pot
ToDaFelt: doesn't show hand
*** SUMMARY ***
Total pot $6 | Rake $0
Seat 1: ToDaFelt (button) (small blind) collected ($6)
Seat 4: **Geka**555 (big blind) folded before Flop


PokerStars Hand #154115857257:  Hold'em Limit ($3/$6 USD) - 2016/05/31 18:15:52 ET
Table 'Tithonus' 6-max Seat #4 is the button
Seat 1: ToDaFelt ($188.76 in chips)
Seat 4: **Geka**555 ($85.15 in chips)
**Geka**555: posts small blind $1
ToDaFelt: posts big blind $3
*** HOLE CARDS ***
**Geka**555: folds
Uncalled bet ($2) returned to ToDaFelt
ToDaFelt collected $2 from pot
ToDaFelt: doesn't show hand
*** SUMMARY ***
Total pot $2 | Rake $0
Seat 1: ToDaFelt (big blind) collected ($2)
Seat 4: **Geka**555 (button) (small blind) folded before Flop


PokerStars Hand #154115826089:  Hold'em Limit ($3/$6 USD) - 2016/05/31 18:15:10 ET
Table 'Tithonus' 6-max Seat #1 is the button
Seat 1: ToDaFelt ($183.46 in chips)
Seat 4: **Geka**555 ($70.65 in chips)
ToDaFelt: posts small blind $1
**Geka**555: posts big blind $3
*** HOLE CARDS ***
ToDaFelt: raises $3 to $6
**Geka**555: calls $3
*** FLOP *** [Ts Kh 2s]
**Geka**555: checks
ToDaFelt: bets $3
**Geka**555: raises $3 to $6
ToDaFelt: calls $3
*** TURN *** [Ts Kh 2s] [3h]
**Geka**555: bets $6
ToDaFelt: calls $6
*** RIVER *** [Ts Kh 2s 3h] [5h]
**Geka**555: bets $6
ToDaFelt: calls $6
*** SHOW DOWN ***
**Geka**555: shows [Kc Qs] (a pair of Kings)
ToDaFelt: mucks hand
**Geka**555 collected $47.50 from pot
*** SUMMARY ***
Total pot $48 | Rake $0.50
Board [Ts Kh 2s 3h 5h]
Seat 1: ToDaFelt (button) (small blind) mucked
Seat 4: **Geka**555 (big blind) showed [Kc Qs] and won ($47.50) with a pair of Kings


PokerStars Hand #154115864736:  Hold'em Limit ($3/$6 USD) - 2016/05/31 18:16:03 ET
Table 'Tithonus' 6-max Seat #1 is the button
Seat 1: ToDaFelt ($189.76 in chips)
Seat 4: **Geka**555 ($84.15 in chips)
ToDaFelt: posts small blind $1
**Geka**555: posts big blind $3
*** HOLE CARDS ***
ToDaFelt: raises $3 to $6
**Geka**555: calls $3
*** FLOP *** [9d 5d 2s]
**Geka**555: checks
ToDaFelt: bets $3
**Geka**555: calls $3
*** TURN *** [9d 5d 2s] [Qc]
**Geka**555: checks
ToDaFelt: checks
*** RIVER *** [9d 5d 2s Qc] [5c]
**Geka**555: bets $6
ToDaFelt: calls $6
*** SHOW DOWN ***
**Geka**555: shows [Qs Ks] (two pair, Queens and Fives)
ToDaFelt: mucks hand
**Geka**555 collected $29.50 from pot
*** SUMMARY ***
Total pot $30 | Rake $0.50
Board [9d 5d 2s Qc 5c]
Seat 1: ToDaFelt (button) (small blind) mucked
Seat 4: **Geka**555 (big blind) showed [Qs Ks] and won ($29.50) with two pair, Queens and Fives


PokerStars Hand #154115886524:  Hold'em Limit ($3/$6 USD) - 2016/05/31 18:16:32 ET
Table 'Tithonus' 6-max Seat #4 is the button
Seat 1: ToDaFelt ($180 in chips)
Seat 4: **Geka**555 ($98.65 in chips)
**Geka**555: posts small blind $1
ToDaFelt: posts big blind $3
*** HOLE CARDS ***
**Geka**555: raises $3 to $6
ToDaFelt: calls $3
*** FLOP *** [8s 9d Ts]
ToDaFelt: checks
**Geka**555: bets $3
ToDaFelt: raises $3 to $6
**Geka**555: calls $3
*** TURN *** [8s 9d Ts] [3s]
ToDaFelt: bets $6
**Geka**555: calls $6
*** RIVER *** [8s 9d Ts 3s] [9s]
ToDaFelt: bets $6
**Geka**555: calls $6
*** SHOW DOWN ***
ToDaFelt: shows [4s 6s] (a flush, Ten high)
**Geka**555: mucks hand
ToDaFelt collected $47.50 from pot
*** SUMMARY ***
Total pot $48 | Rake $0.50
Board [8s 9d Ts 3s 9s]
Seat 1: ToDaFelt (big blind) showed [4s 6s] and won ($47.50) with a flush, Ten high
Seat 4: **Geka**555 (button) (small blind) mucked


PokerStars Hand #154115903615:  Hold'em Limit ($3/$6 USD) - 2016/05/31 18:16:56 ET
Table 'Tithonus' 6-max Seat #1 is the button
Seat 1: ToDaFelt ($203.50 in chips)
Seat 4: **Geka**555 ($74.65 in chips)
ToDaFelt: posts small blind $1
**Geka**555: posts big blind $3
*** HOLE CARDS ***
ToDaFelt: raises $3 to $6
**Geka**555: raises $3 to $9
ToDaFelt: calls $3
*** FLOP *** [Td 2h 4c]
**Geka**555: bets $3
ToDaFelt: calls $3
*** TURN *** [Td 2h 4c] [2c]
**Geka**555: bets $6
ToDaFelt: folds
Uncalled bet ($6) returned to **Geka**555
**Geka**555 collected $23.52 from pot
**Geka**555: doesn't show hand
*** SUMMARY ***
Total pot $24 | Rake $0.48
Board [Td 2h 4c 2c]
Seat 1: ToDaFelt (button) (small blind) folded on the Turn
Seat 4: **Geka**555 (big blind) collected ($23.52)


PokerStars Hand #154115924533:  Hold'em Limit ($3/$6 USD) - 2016/05/31 18:17:24 ET
Table 'Tithonus' 6-max Seat #4 is the button
Seat 1: ToDaFelt ($191.50 in chips)
Seat 4: **Geka**555 ($86.17 in chips)
**Geka**555: posts small blind $1
ToDaFelt: posts big blind $3
*** HOLE CARDS ***
**Geka**555: folds
Uncalled bet ($2) returned to ToDaFelt
ToDaFelt collected $2 from pot
ToDaFelt: doesn't show hand
*** SUMMARY ***
Total pot $2 | Rake $0
Seat 1: ToDaFelt (big blind) collected ($2)
Seat 4: **Geka**555 (button) (small blind) folded before Flop


PokerStars Hand #154115952781:  Hold'em Limit ($3/$6 USD) - 2016/05/31 18:18:03 ET
Table 'Tithonus' 6-max Seat #4 is the button
Seat 1: ToDaFelt ($207 in chips)
Seat 4: **Geka**555 ($70.17 in chips)
**Geka**555: posts small blind $1
ToDaFelt: posts big blind $3
*** HOLE CARDS ***
**Geka**555: folds
Uncalled bet ($2) returned to ToDaFelt
ToDaFelt collected $2 from pot
ToDaFelt: doesn't show hand
*** SUMMARY ***
Total pot $2 | Rake $0
Seat 1: ToDaFelt (big blind) collected ($2)
Seat 4: **Geka**555 (button) (small blind) folded before Flop


PokerStars Hand #154115928086:  Hold'em Limit ($3/$6 USD) - 2016/05/31 18:17:29 ET
Table 'Tithonus' 6-max Seat #1 is the button
Seat 1: ToDaFelt ($192.50 in chips)
Seat 4: **Geka**555 ($85.17 in chips)
ToDaFelt: posts small blind $1
**Geka**555: posts big blind $3
*** HOLE CARDS ***
ToDaFelt: raises $3 to $6
**Geka**555: calls $3
*** FLOP *** [4s Tc 6s]
**Geka**555: checks
ToDaFelt: bets $3
**Geka**555: calls $3
*** TURN *** [4s Tc 6s] [3c]
**Geka**555: checks
ToDaFelt: bets $6
**Geka**555: calls $6
*** RIVER *** [4s Tc 6s 3c] [9h]
**Geka**555: checks
ToDaFelt: bets $6
**Geka**555: folds
Uncalled bet ($6) returned to ToDaFelt
ToDaFelt collected $29.50 from pot
ToDaFelt: doesn't show hand
*** SUMMARY ***
Total pot $30 | Rake $0.50
Board [4s Tc 6s 3c 9h]
Seat 1: ToDaFelt (button) (small blind) collected ($29.50)
Seat 4: **Geka**555 (big blind) folded on the River


PokerStars Hand #154115974210:  Hold'em Limit ($3/$6 USD) - 2016/05/31 18:18:32 ET
Table 'Tithonus' 6-max Seat #4 is the button
Seat 1: ToDaFelt ($203 in chips)
Seat 4: **Geka**555 ($73.81 in chips)
**Geka**555: posts small blind $1
ToDaFelt: posts big blind $3
*** HOLE CARDS ***
**Geka**555: calls $2
ToDaFelt: checks
*** FLOP *** [7c 6s Kc]
ToDaFelt: checks
**Geka**555: bets $3
ToDaFelt: folds
Uncalled bet ($3) returned to **Geka**555
**Geka**555 collected $5.88 from pot
**Geka**555: doesn't show hand
*** SUMMARY ***
Total pot $6 | Rake $0.12
Board [7c 6s Kc]
Seat 1: ToDaFelt (big blind) folded on the Flop
Seat 4: **Geka**555 (button) (small blind) collected ($5.88)


PokerStars Hand #154115986768:  Hold'em Limit ($3/$6 USD) - 2016/05/31 18:18:49 ET
Table 'Tithonus' 6-max Seat #1 is the button
Seat 1: ToDaFelt ($200 in chips)
Seat 4: **Geka**555 ($76.69 in chips)
ToDaFelt: posts small blind $1
**Geka**555: posts big blind $3
*** HOLE CARDS ***
ToDaFelt: raises $3 to $6
**Geka**555: calls $3
*** FLOP *** [2d 6h 3h]
**Geka**555: checks
ToDaFelt: bets $3
**Geka**555: raises $3 to $6
ToDaFelt: calls $3
*** TURN *** [2d 6h 3h] [2c]
**Geka**555: bets $6
ToDaFelt: calls $6
*** RIVER *** [2d 6h 3h 2c] [3d]
**Geka**555: bets $6
ToDaFelt: calls $6
*** SHOW DOWN ***
**Geka**555: shows [4d 6s] (two pair, Sixes and Threes)
ToDaFelt: mucks hand
**Geka**555 collected $47.50 from pot
*** SUMMARY ***
Total pot $48 | Rake $0.50
Board [2d 6h 3h 2c 3d]
Seat 1: ToDaFelt (button) (small blind) mucked
Seat 4: **Geka**555 (big blind) showed [4d 6s] and won ($47.50) with two pair, Sixes and Threes


PokerStars Hand #154115969727:  Hold'em Limit ($3/$6 USD) - 2016/05/31 18:18:26 ET
Table 'Tithonus' 6-max Seat #1 is the button
Seat 1: ToDaFelt ($200 in chips)
Seat 4: **Geka**555 ($76.81 in chips)
ToDaFelt: posts small blind $1
**Geka**555: posts big blind $3
*** HOLE CARDS ***
ToDaFelt: raises $3 to $6
**Geka**555: folds
Uncalled bet ($3) returned to ToDaFelt
ToDaFelt collected $6 from pot
ToDaFelt: doesn't show hand
*** SUMMARY ***
Total pot $6 | Rake $0
Seat 1: ToDaFelt (button) (small blind) collected ($6)
Seat 4: **Geka**555 (big blind) folded before Flop


PokerStars Hand #154115966491:  Hold'em Limit ($3/$6 USD) - 2016/05/31 18:18:22 ET
Table 'Tithonus' 6-max Seat #4 is the button
Seat 1: ToDaFelt ($199 in chips)
Seat 4: **Geka**555 ($77.81 in chips)
**Geka**555: posts small blind $1
ToDaFelt: posts big blind $3
*** HOLE CARDS ***
**Geka**555: folds
Uncalled bet ($2) returned to ToDaFelt
ToDaFelt collected $2 from pot
ToDaFelt: doesn't show hand
*** SUMMARY ***
Total pot $2 | Rake $0
Seat 1: ToDaFelt (big blind) collected ($2)
Seat 4: **Geka**555 (button) (small blind) folded before Flop


PokerStars Hand #154115955880:  Hold'em Limit ($3/$6 USD) - 2016/05/31 18:18:07 ET
Table 'Tithonus' 6-max Seat #1 is the button
Seat 1: ToDaFelt ($208 in chips)
Seat 4: **Geka**555 ($69.17 in chips)
ToDaFelt: posts small blind $1
**Geka**555: posts big blind $3
*** HOLE CARDS ***
ToDaFelt: raises $3 to $6
**Geka**555: raises $3 to $9
ToDaFelt: calls $3
*** FLOP *** [9s 2s Jc]
**Geka**555: bets $3
ToDaFelt: folds
Uncalled bet ($3) returned to **Geka**555
**Geka**555 collected $17.64 from pot
**Geka**555: doesn't show hand
*** SUMMARY ***
Total pot $18 | Rake $0.36
Board [9s 2s Jc]
Seat 1: ToDaFelt (button) (small blind) folded on the Flop
Seat 4: **Geka**555 (big blind) collected ($17.64)


PokerStars Hand #154116021865:  Hold'em Limit ($3/$6 USD) - 2016/05/31 18:19:37 ET
Table 'Tithonus' 6-max Seat #4 is the button
Seat 1: ToDaFelt ($183 in chips)
Seat 4: **Geka**555 ($120.69 in chips)
**Geka**555: posts small blind $1
ToDaFelt: posts big blind $3
*** HOLE CARDS ***
**Geka**555: calls $2
ToDaFelt: raises $3 to $6
**Geka**555: calls $3
*** FLOP *** [Qd Ah Qs]
ToDaFelt: bets $3
**Geka**555: calls $3
*** TURN *** [Qd Ah Qs] [5c]
ToDaFelt: bets $6
**Geka**555: calls $6
*** RIVER *** [Qd Ah Qs 5c] [Ts]
ToDaFelt: checks
**Geka**555: checks
*** SHOW DOWN ***
ToDaFelt: shows [7c Kh] (a pair of Queens)
**Geka**555: shows [Jh Js] (two pair, Queens and Jacks)
**Geka**555 collected $29.50 from pot
*** SUMMARY ***
Total pot $30 | Rake $0.50
Board [Qd Ah Qs 5c Ts]
Seat 1: ToDaFelt (big blind) showed [7c Kh] and lost with a pair of Queens
Seat 4: **Geka**555 (button) (small blind) showed [Jh Js] and won ($29.50) with two pair, Queens and Jacks


PokerStars Hand #154116017166:  Hold'em Limit ($3/$6 USD) - 2016/05/31 18:19:31 ET
Table 'Tithonus' 6-max Seat #1 is the button
Seat 1: ToDaFelt ($180 in chips)
Seat 4: **Geka**555 ($123.69 in chips)
ToDaFelt: posts small blind $1
**Geka**555: posts big blind $3
*** HOLE CARDS ***
ToDaFelt: raises $3 to $6
**Geka**555: folds
Uncalled bet ($3) returned to ToDaFelt
ToDaFelt collected $6 from pot
ToDaFelt: doesn't show hand
*** SUMMARY ***
Total pot $6 | Rake $0
Seat 1: ToDaFelt (button) (small blind) collected ($6)
Seat 4: **Geka**555 (big blind) folded before Flop


PokerStars Hand #154116000953:  Hold'em Limit ($3/$6 USD) - 2016/05/31 18:19:09 ET
Table 'Tithonus' 6-max Seat #4 is the button
Seat 1: ToDaFelt ($180 in chips)
Seat 4: **Geka**555 ($100.19 in chips)
**Geka**555: posts small blind $1
ToDaFelt: posts big blind $3
*** HOLE CARDS ***
**Geka**555: calls $2
ToDaFelt: raises $3 to $6
**Geka**555: calls $3
*** FLOP *** [6c 7c Js]
ToDaFelt: bets $3
**Geka**555: raises $3 to $6
ToDaFelt: calls $3
*** TURN *** [6c 7c Js] [2s]
ToDaFelt: checks
**Geka**555: bets $6
ToDaFelt: calls $6
*** RIVER *** [6c 7c Js 2s] [4s]
ToDaFelt: checks
**Geka**555: bets $6
ToDaFelt: calls $6
*** SHOW DOWN ***
**Geka**555: shows [9s Jh] (a pair of Jacks)
ToDaFelt: mucks hand
**Geka**555 collected $47.50 from pot
*** SUMMARY ***
Total pot $48 | Rake $0.50
Board [6c 7c Js 2s 4s]
Seat 1: ToDaFelt (big blind) mucked
Seat 4: **Geka**555 (button) (small blind) showed [9s Jh] and won ($47.50) with a pair of Jacks


PokerStars Hand #154116037532:  Hold'em Limit ($3/$6 USD) - 2016/05/31 18:19:59 ET
Table 'Tithonus' 6-max Seat #1 is the button
Seat 1: ToDaFelt ($180 in chips)
Seat 4: **Geka**555 ($135.19 in chips)
ToDaFelt: posts small blind $1
**Geka**555: posts big blind $3
*** HOLE CARDS ***
ToDaFelt: raises $3 to $6
**Geka**555: calls $3
*** FLOP *** [Ks 7h Ts]
**Geka**555: checks
ToDaFelt: bets $3
**Geka**555: calls $3
*** TURN *** [Ks 7h Ts] [9s]
**Geka**555: checks
ToDaFelt: checks
*** RIVER *** [Ks 7h Ts 9s] [2d]
**Geka**555: bets $6
ToDaFelt: folds
Uncalled bet ($6) returned to **Geka**555
**Geka**555 collected $17.64 from pot
**Geka**555: doesn't show hand
*** SUMMARY ***
Total pot $18 | Rake $0.36
Board [Ks 7h Ts 9s 2d]
Seat 1: ToDaFelt (button) (small blind) folded on the River
Seat 4: **Geka**555 (big blind) collected ($17.64)


PokerStars Hand #154116051288:  Hold'em Limit ($3/$6 USD) - 2016/05/31 18:20:18 ET
Table 'Tithonus' 6-max Seat #4 is the button
Seat 1: ToDaFelt ($180 in chips)
Seat 4: **Geka**555 ($143.83 in chips)
**Geka**555: posts small blind $1
ToDaFelt: posts big blind $3
*** HOLE CARDS ***
**Geka**555: folds
Uncalled bet ($2) returned to ToDaFelt
ToDaFelt collected $2 from pot
ToDaFelt: doesn't show hand
*** SUMMARY ***
Total pot $2 | Rake $0
Seat 1: ToDaFelt (big blind) collected ($2)
Seat 4: **Geka**555 (button) (small blind) folded before Flop


PokerStars Hand #154116054540:  Hold'em Limit ($3/$6 USD) - 2016/05/31 18:20:22 ET
Table 'Tithonus' 6-max Seat #1 is the button
Seat 1: ToDaFelt ($181 in chips)
Seat 4: **Geka**555 ($142.83 in chips)
ToDaFelt: posts small blind $1
**Geka**555: posts big blind $3
*** HOLE CARDS ***
ToDaFelt: raises $3 to $6
**Geka**555: calls $3
*** FLOP *** [Kc 4h 9h]
**Geka**555: bets $3
ToDaFelt: folds
Uncalled bet ($3) returned to **Geka**555
**Geka**555 collected $11.76 from pot
**Geka**555: doesn't show hand
*** SUMMARY ***
Total pot $12 | Rake $0.24
Board [Kc 4h 9h]
Seat 1: ToDaFelt (button) (small blind) folded on the Flop
Seat 4: **Geka**555 (big blind) collected ($11.76)


