PokerStars Hand #169039104564:  Hold'em Limit ($3/$6 USD) - 2017/04/14 15:25:25 ET
Table 'Tithonus' 6-max Seat #3 is the button
Seat 1: RaisemyNut$ ($134.68 in chips)
Seat 3: 40 ft cliff ($270.48 in chips)
40 ft cliff: posts small blind $1
Krazy90: is sitting out
RaisemyNut$: posts big blind $3
*** HOLE CARDS ***
ConorSkiWest joins the table at seat #4
40 ft cliff: raises $3 to $6
RaisemyNut$: calls $3
*** FLOP *** [8h Ac 2h]
RaisemyNut$: checks
40 ft cliff: bets $3
RaisemyNut$: folds
Uncalled bet ($3) returned to 40 ft cliff
40 ft cliff collected $11.76 from pot
40 ft cliff: doesn't show hand
*** SUMMARY ***
Total pot $12 | Rake $0.24
Board [8h Ac 2h]
Seat 1: RaisemyNut$ (big blind) folded on the Flop
Seat 3: 40 ft cliff (button) (small blind) collected ($11.76)


PokerStars Hand #169039117375:  Hold'em Limit ($3/$6 USD) - 2017/04/14 15:25:39 ET
Table 'Tithonus' 6-max Seat #1 is the button
Seat 1: RaisemyNut$ ($128.68 in chips)
Seat 3: 40 ft cliff ($276.24 in chips)
RaisemyNut$: posts small blind $1
40 ft cliff: posts big blind $3
*** HOLE CARDS ***
RaisemyNut$: raises $3 to $6
40 ft cliff: raises $3 to $9
RaisemyNut$: calls $3
*** FLOP *** [2s 5c 5d]
40 ft cliff: bets $3
RaisemyNut$: calls $3
*** TURN *** [2s 5c 5d] [Qd]
40 ft cliff: bets $6
RaisemyNut$: raises $6 to $12
40 ft cliff: calls $6
*** RIVER *** [2s 5c 5d Qd] [Kd]
vestimokrec joins the table at seat #5
40 ft cliff: checks
RaisemyNut$: bets $6
40 ft cliff: calls $6
*** SHOW DOWN ***
RaisemyNut$: shows [8d Qh] (two pair, Queens and Fives)
40 ft cliff: shows [As Qs] (two pair, Queens and Fives - Ace kicker)
40 ft cliff collected $59.50 from pot
*** SUMMARY ***
Total pot $60 | Rake $0.50
Board [2s 5c 5d Qd Kd]
Seat 1: RaisemyNut$ (button) (small blind) showed [8d Qh] and lost with two pair, Queens and Fives
Seat 3: 40 ft cliff (big blind) showed [As Qs] and won ($59.50) with two pair, Queens and Fives


PokerStars Hand #169039686164:  Hold'em Limit ($3/$6 USD) - 2017/04/14 15:36:33 ET
Table 'Tithonus' 6-max Seat #2 is the button
Seat 1: RaisemyNut$ ($86.89 in chips)
Seat 2: Shapizzzy ($85.74 in chips)
Shapizzzy: posts small blind $1
Krazy90: is sitting out
RaisemyNut$: posts big blind $3
*** HOLE CARDS ***
Shapizzzy: raises $3 to $6
Krazy90 leaves the table
RaisemyNut$: calls $3
*** FLOP *** [Qc Jd Ts]
RaisemyNut$: checks
Shapizzzy: bets $3
RaisemyNut$: calls $3
*** TURN *** [Qc Jd Ts] [7d]
RaisemyNut$: checks
Shapizzzy: bets $6
RaisemyNut$: calls $6
*** RIVER *** [Qc Jd Ts 7d] [7c]
RaisemyNut$: checks
Shapizzzy: bets $6
RaisemyNut$: folds
Uncalled bet ($6) returned to Shapizzzy
Shapizzzy collected $29.50 from pot
*** SUMMARY ***
Total pot $30 | Rake $0.50
Board [Qc Jd Ts 7d 7c]
Seat 1: RaisemyNut$ (big blind) folded on the River
Seat 2: Shapizzzy (button) (small blind) collected ($29.50)


