PokerStars Hand #156823370409:  Hold'em Limit ($3/$6 USD) - 2016/08/03 15:40:31 ET
Table 'Titius' 6-max Seat #4 is the button
Seat 1: wrxgibby ($131.26 in chips)
Seat 4: VolkovDmitri ($122.76 in chips)
VolkovDmitri: posts small blind $1
wrxgibby: posts big blind $3
*** HOLE CARDS ***
VolkovDmitri: raises $3 to $6
wrxgibby: folds
Uncalled bet ($3) returned to VolkovDmitri
VolkovDmitri collected $6 from pot
VolkovDmitri: doesn't show hand
*** SUMMARY ***
Total pot $6 | Rake $0
Seat 1: wrxgibby (big blind) folded before Flop
Seat 4: VolkovDmitri (button) (small blind) collected ($6)


PokerStars Hand #156823353503:  Hold'em Limit ($3/$6 USD) - 2016/08/03 15:40:10 ET
Table 'Titius' 6-max Seat #1 is the button
Seat 1: wrxgibby ($131.50 in chips)
Seat 4: VolkovDmitri ($123 in chips)
wrxgibby: posts small blind $1
VolkovDmitri: posts big blind $3
*** HOLE CARDS ***
wrxgibby: raises $3 to $6
VolkovDmitri: calls $3
*** FLOP *** [Qc 5d Kh]
VolkovDmitri: checks
wrxgibby: checks
*** TURN *** [Qc 5d Kh] [Js]
VolkovDmitri: checks
wrxgibby: checks
*** RIVER *** [Qc 5d Kh Js] [Td]
VolkovDmitri: bets $6
wrxgibby: calls $6
*** SHOW DOWN ***
VolkovDmitri: shows [9d 6c] (a straight, Nine to King)
wrxgibby: shows [7d 9h] (a straight, Nine to King)
VolkovDmitri collected $11.76 from pot
wrxgibby collected $11.76 from pot
*** SUMMARY ***
Total pot $24 | Rake $0.48
Board [Qc 5d Kh Js Td]
Seat 1: wrxgibby (button) (small blind) showed [7d 9h] and won ($11.76) with a straight, Nine to King
Seat 4: VolkovDmitri (big blind) showed [9d 6c] and won ($11.76) with a straight, Nine to King


PokerStars Hand #156823346563:  Hold'em Limit ($3/$6 USD) - 2016/08/03 15:40:01 ET
Table 'Titius' 6-max Seat #4 is the button
Seat 1: wrxgibby ($134.50 in chips)
Seat 4: VolkovDmitri ($120 in chips)
VolkovDmitri: posts small blind $1
wrxgibby: posts big blind $3
*** HOLE CARDS ***
VolkovDmitri: raises $3 to $6
wrxgibby: folds
Uncalled bet ($3) returned to VolkovDmitri
VolkovDmitri collected $6 from pot
VolkovDmitri: doesn't show hand
*** SUMMARY ***
Total pot $6 | Rake $0
Seat 1: wrxgibby (big blind) folded before Flop
Seat 4: VolkovDmitri (button) (small blind) collected ($6)


PokerStars Hand #156823313362:  Hold'em Limit ($3/$6 USD) - 2016/08/03 15:39:20 ET
Table 'Titius' 6-max Seat #1 is the button
Seat 1: wrxgibby ($120 in chips)
Seat 4: VolkovDmitri ($120 in chips)
wrxgibby: posts small blind $1
VolkovDmitri: posts big blind $3
*** HOLE CARDS ***
wrxgibby: raises $3 to $6
VolkovDmitri: calls $3
*** FLOP *** [5s 8s Ac]
VolkovDmitri: checks
wrxgibby: bets $3
VolkovDmitri: calls $3
*** TURN *** [5s 8s Ac] [9h]
VolkovDmitri: checks
wrxgibby: checks
*** RIVER *** [5s 8s Ac 9h] [Jc]
VolkovDmitri: checks
wrxgibby: bets $6
VolkovDmitri: calls $6
*** SHOW DOWN ***
wrxgibby: shows [Jd Th] (a pair of Jacks)
VolkovDmitri: mucks hand
wrxgibby collected $29.50 from pot
*** SUMMARY ***
Total pot $30 | Rake $0.50
Board [5s 8s Ac 9h Jc]
Seat 1: wrxgibby (button) (small blind) showed [Jd Th] and won ($29.50) with a pair of Jacks
Seat 4: VolkovDmitri (big blind) mucked


PokerStars Hand #156823420339:  Hold'em Limit ($3/$6 USD) - 2016/08/03 15:41:32 ET
Table 'Titius' 6-max Seat #1 is the button
Seat 1: wrxgibby ($96.26 in chips)
Seat 4: VolkovDmitri ($157.02 in chips)
wrxgibby: posts small blind $1
VolkovDmitri: posts big blind $3
*** HOLE CARDS ***
wrxgibby: folds
Uncalled bet ($2) returned to VolkovDmitri
VolkovDmitri collected $2 from pot
VolkovDmitri: doesn't show hand
*** SUMMARY ***
Total pot $2 | Rake $0
Seat 1: wrxgibby (button) (small blind) folded before Flop
Seat 4: VolkovDmitri (big blind) collected ($2)


PokerStars Hand #156823409381:  Hold'em Limit ($3/$6 USD) - 2016/08/03 15:41:19 ET
Table 'Titius' 6-max Seat #4 is the button
Seat 1: wrxgibby ($102.26 in chips)
Seat 4: VolkovDmitri ($151.26 in chips)
VolkovDmitri: posts small blind $1
wrxgibby: posts big blind $3
*** HOLE CARDS ***
VolkovDmitri: raises $3 to $6
wrxgibby: calls $3
*** FLOP *** [Th 5h 2s]
wrxgibby: checks
VolkovDmitri: bets $3
wrxgibby: folds
Uncalled bet ($3) returned to VolkovDmitri
VolkovDmitri collected $11.76 from pot
VolkovDmitri: doesn't show hand
*** SUMMARY ***
Total pot $12 | Rake $0.24
Board [Th 5h 2s]
Seat 1: wrxgibby (big blind) folded on the Flop
Seat 4: VolkovDmitri (button) (small blind) collected ($11.76)


PokerStars Hand #156823405027:  Hold'em Limit ($3/$6 USD) - 2016/08/03 15:41:13 ET
Table 'Titius' 6-max Seat #1 is the button
Seat 1: wrxgibby ($103.26 in chips)
Seat 4: VolkovDmitri ($150.26 in chips)
wrxgibby: posts small blind $1
VolkovDmitri: posts big blind $3
*** HOLE CARDS ***
wrxgibby: folds
Uncalled bet ($2) returned to VolkovDmitri
VolkovDmitri collected $2 from pot
VolkovDmitri: doesn't show hand
*** SUMMARY ***
Total pot $2 | Rake $0
Seat 1: wrxgibby (button) (small blind) folded before Flop
Seat 4: VolkovDmitri (big blind) collected ($2)


PokerStars Hand #156823380365:  Hold'em Limit ($3/$6 USD) - 2016/08/03 15:40:43 ET
Table 'Titius' 6-max Seat #4 is the button
Seat 1: wrxgibby ($127.26 in chips)
Seat 4: VolkovDmitri ($126.76 in chips)
VolkovDmitri: posts small blind $1
wrxgibby: posts big blind $3
*** HOLE CARDS ***
VolkovDmitri: raises $3 to $6
wrxgibby: raises $3 to $9
VolkovDmitri: calls $3
*** FLOP *** [5s 4d 6c]
wrxgibby: bets $3
VolkovDmitri: calls $3
*** TURN *** [5s 4d 6c] [5h]
wrxgibby: bets $6
VolkovDmitri: calls $6
*** RIVER *** [5s 4d 6c 5h] [4s]
wrxgibby: bets $6
VolkovDmitri: calls $6
*** SHOW DOWN ***
wrxgibby: shows [Ks 3h] (two pair, Fives and Fours)
VolkovDmitri: shows [Ad 9c] (two pair, Fives and Fours - Ace kicker)
VolkovDmitri collected $47.50 from pot
*** SUMMARY ***
Total pot $48 | Rake $0.50
Board [5s 4d 6c 5h 4s]
Seat 1: wrxgibby (big blind) showed [Ks 3h] and lost with two pair, Fives and Fours
Seat 4: VolkovDmitri (button) (small blind) showed [Ad 9c] and won ($47.50) with two pair, Fives and Fours


PokerStars Hand #156823375572:  Hold'em Limit ($3/$6 USD) - 2016/08/03 15:40:37 ET
Table 'Titius' 6-max Seat #1 is the button
Seat 1: wrxgibby ($128.26 in chips)
Seat 4: VolkovDmitri ($125.76 in chips)
wrxgibby: posts small blind $1
VolkovDmitri: posts big blind $3
*** HOLE CARDS ***
wrxgibby: folds
Uncalled bet ($2) returned to VolkovDmitri
VolkovDmitri collected $2 from pot
VolkovDmitri: doesn't show hand
*** SUMMARY ***
Total pot $2 | Rake $0
Seat 1: wrxgibby (button) (small blind) folded before Flop
Seat 4: VolkovDmitri (big blind) collected ($2)


PokerStars Hand #156823464934:  Hold'em Limit ($3/$6 USD) - 2016/08/03 15:42:28 ET
Table 'Titius' 6-max Seat #1 is the button
Seat 1: wrxgibby ($106.66 in chips)
Seat 4: VolkovDmitri ($146.02 in chips)
wrxgibby: posts small blind $1
VolkovDmitri: posts big blind $3
*** HOLE CARDS ***
wrxgibby: folds
Uncalled bet ($2) returned to VolkovDmitri
VolkovDmitri collected $2 from pot
VolkovDmitri: doesn't show hand
*** SUMMARY ***
Total pot $2 | Rake $0
Seat 1: wrxgibby (button) (small blind) folded before Flop
Seat 4: VolkovDmitri (big blind) collected ($2)


PokerStars Hand #156823441609:  Hold'em Limit ($3/$6 USD) - 2016/08/03 15:41:59 ET
Table 'Titius' 6-max Seat #4 is the button
Seat 1: wrxgibby ($98.02 in chips)
Seat 4: VolkovDmitri ($155.02 in chips)
VolkovDmitri: posts small blind $1
wrxgibby: posts big blind $3
*** HOLE CARDS ***
VolkovDmitri: raises $3 to $6
wrxgibby: calls $3
*** FLOP *** [Kh 9c 7s]
wrxgibby: checks
VolkovDmitri: bets $3
wrxgibby: calls $3
*** TURN *** [Kh 9c 7s] [5h]
wrxgibby: checks
VolkovDmitri: checks
*** RIVER *** [Kh 9c 7s 5h] [As]
wrxgibby: checks
VolkovDmitri: checks
*** SHOW DOWN ***
wrxgibby: shows [6c 7c] (a pair of Sevens)
VolkovDmitri: mucks hand
wrxgibby collected $17.64 from pot
*** SUMMARY ***
Total pot $18 | Rake $0.36
Board [Kh 9c 7s 5h As]
Seat 1: wrxgibby (big blind) showed [6c 7c] and won ($17.64) with a pair of Sevens
Seat 4: VolkovDmitri (button) (small blind) mucked


PokerStars Hand #156823429090:  Hold'em Limit ($3/$6 USD) - 2016/08/03 15:41:43 ET
Table 'Titius' 6-max Seat #1 is the button
Seat 1: wrxgibby ($92.26 in chips)
Seat 4: VolkovDmitri ($161.02 in chips)
wrxgibby: posts small blind $1
VolkovDmitri: posts big blind $3
*** HOLE CARDS ***
wrxgibby: raises $3 to $6
VolkovDmitri: calls $3
*** FLOP *** [4s 7d 8d]
VolkovDmitri: checks
wrxgibby: bets $3
VolkovDmitri: folds
Uncalled bet ($3) returned to wrxgibby
wrxgibby collected $11.76 from pot
wrxgibby: doesn't show hand
*** SUMMARY ***
Total pot $12 | Rake $0.24
Board [4s 7d 8d]
Seat 1: wrxgibby (button) (small blind) collected ($11.76)
Seat 4: VolkovDmitri (big blind) folded on the Flop


PokerStars Hand #156823424470:  Hold'em Limit ($3/$6 USD) - 2016/08/03 15:41:37 ET
Table 'Titius' 6-max Seat #4 is the button
Seat 1: wrxgibby ($95.26 in chips)
Seat 4: VolkovDmitri ($158.02 in chips)
VolkovDmitri: posts small blind $1
wrxgibby: posts big blind $3
*** HOLE CARDS ***
VolkovDmitri: raises $3 to $6
wrxgibby: folds
Uncalled bet ($3) returned to VolkovDmitri
VolkovDmitri collected $6 from pot
VolkovDmitri: doesn't show hand
*** SUMMARY ***
Total pot $6 | Rake $0
Seat 1: wrxgibby (big blind) folded before Flop
Seat 4: VolkovDmitri (button) (small blind) collected ($6)


PokerStars Hand #156823471612:  Hold'em Limit ($3/$6 USD) - 2016/08/03 15:42:36 ET
Table 'Titius' 6-max Seat #4 is the button
Seat 1: wrxgibby ($105.66 in chips)
Seat 4: VolkovDmitri ($147.02 in chips)
VolkovDmitri: posts small blind $1
wrxgibby: posts big blind $3
*** HOLE CARDS ***
VolkovDmitri: raises $3 to $6
wrxgibby: folds
Uncalled bet ($3) returned to VolkovDmitri
VolkovDmitri collected $6 from pot
VolkovDmitri: doesn't show hand
*** SUMMARY ***
Total pot $6 | Rake $0
Seat 1: wrxgibby (big blind) folded before Flop
Seat 4: VolkovDmitri (button) (small blind) collected ($6)


PokerStars Hand #156823503731:  Hold'em Limit ($3/$6 USD) - 2016/08/03 15:43:16 ET
Table 'Titius' 6-max Seat #4 is the button
Seat 1: wrxgibby ($104.42 in chips)
Seat 4: VolkovDmitri ($148.02 in chips)
VolkovDmitri: posts small blind $1
wrxgibby: posts big blind $3
*** HOLE CARDS ***
vovojc joins the table at seat #3
VolkovDmitri: folds
Uncalled bet ($2) returned to wrxgibby
wrxgibby collected $2 from pot
wrxgibby: doesn't show hand
*** SUMMARY ***
Total pot $2 | Rake $0
Seat 1: wrxgibby (big blind) collected ($2)
Seat 4: VolkovDmitri (button) (small blind) folded before Flop


PokerStars Hand #156823498933:  Hold'em Limit ($3/$6 USD) - 2016/08/03 15:43:10 ET
Table 'Titius' 6-max Seat #1 is the button
Seat 1: wrxgibby ($105.42 in chips)
Seat 4: VolkovDmitri ($147.02 in chips)
wrxgibby: posts small blind $1
VolkovDmitri: posts big blind $3
*** HOLE CARDS ***
wrxgibby: folds
Uncalled bet ($2) returned to VolkovDmitri
VolkovDmitri collected $2 from pot
VolkovDmitri: doesn't show hand
*** SUMMARY ***
Total pot $2 | Rake $0
Seat 1: wrxgibby (button) (small blind) folded before Flop
Seat 4: VolkovDmitri (big blind) collected ($2)


PokerStars Hand #156823491320:  Hold'em Limit ($3/$6 USD) - 2016/08/03 15:43:01 ET
Table 'Titius' 6-max Seat #4 is the button
Seat 1: wrxgibby ($108.42 in chips)
Seat 4: VolkovDmitri ($144.02 in chips)
VolkovDmitri: posts small blind $1
wrxgibby: posts big blind $3
*** HOLE CARDS ***
VolkovDmitri: raises $3 to $6
wrxgibby: folds
Uncalled bet ($3) returned to VolkovDmitri
VolkovDmitri collected $6 from pot
VolkovDmitri: doesn't show hand
*** SUMMARY ***
Total pot $6 | Rake $0
Seat 1: wrxgibby (big blind) folded before Flop
Seat 4: VolkovDmitri (button) (small blind) collected ($6)


PokerStars Hand #156823476455:  Hold'em Limit ($3/$6 USD) - 2016/08/03 15:42:42 ET
Table 'Titius' 6-max Seat #1 is the button
Seat 1: wrxgibby ($102.66 in chips)
Seat 4: VolkovDmitri ($150.02 in chips)
wrxgibby: posts small blind $1
VolkovDmitri: posts big blind $3
*** HOLE CARDS ***
wrxgibby: raises $3 to $6
VolkovDmitri: calls $3
*** FLOP *** [Td Ac 5d]
VolkovDmitri: checks
wrxgibby: bets $3
VolkovDmitri: folds
Uncalled bet ($3) returned to wrxgibby
wrxgibby collected $11.76 from pot
wrxgibby: doesn't show hand
*** SUMMARY ***
Total pot $12 | Rake $0.24
Board [Td Ac 5d]
Seat 1: wrxgibby (button) (small blind) collected ($11.76)
Seat 4: VolkovDmitri (big blind) folded on the Flop


PokerStars Hand #156823634481:  Hold'em Limit ($3/$6 USD) - 2016/08/03 15:45:58 ET
Table 'Titius' 6-max Seat #1 is the button
Seat 1: wrxgibby ($50.42 in chips)
Seat 4: VolkovDmitri ($140.02 in chips)
wrxgibby: posts small blind $1
Wurst2000: is sitting out
VolkovDmitri: posts big blind $3
*** HOLE CARDS ***
wrxgibby: raises $3 to $6
Wurst2000 leaves the table
VolkovDmitri: folds
Uncalled bet ($3) returned to wrxgibby
wrxgibby collected $6 from pot
wrxgibby: doesn't show hand
*** SUMMARY ***
Total pot $6 | Rake $0
Seat 1: wrxgibby (button) (small blind) collected ($6)
Seat 4: VolkovDmitri (big blind) folded before Flop


PokerStars Hand #156823639377:  Hold'em Limit ($3/$6 USD) - 2016/08/03 15:46:05 ET
Table 'Titius' 6-max Seat #4 is the button
Seat 1: wrxgibby ($53.42 in chips)
Seat 4: VolkovDmitri ($137.02 in chips)
VolkovDmitri: posts small blind $1
wrxgibby: posts big blind $3
*** HOLE CARDS ***
VolkovDmitri: raises $3 to $6
wrxgibby: calls $3
*** FLOP *** [6s 2s 2h]
wrxgibby: checks
VolkovDmitri: bets $3
wrxgibby: calls $3
*** TURN *** [6s 2s 2h] [Jh]
wrxgibby: checks
VolkovDmitri: bets $6
wrxgibby: calls $6
*** RIVER *** [6s 2s 2h Jh] [4s]
wrxgibby: checks
VolkovDmitri: checks
*** SHOW DOWN ***
wrxgibby: shows [Qs 8s] (a flush, Queen high)
VolkovDmitri: mucks hand
wrxgibby collected $29.50 from pot
*** SUMMARY ***
Total pot $30 | Rake $0.50
Board [6s 2s 2h Jh 4s]
Seat 1: wrxgibby (big blind) showed [Qs 8s] and won ($29.50) with a flush, Queen high
Seat 4: VolkovDmitri (button) (small blind) mucked


PokerStars Hand #156823683932:  Hold'em Limit ($3/$6 USD) - 2016/08/03 15:47:00 ET
Table 'Titius' 6-max Seat #1 is the button
Seat 1: wrxgibby ($130.68 in chips)
Seat 4: VolkovDmitri ($123 in chips)
wrxgibby: posts small blind $1
VolkovDmitri: posts big blind $3
*** HOLE CARDS ***
wrxgibby: folds
Uncalled bet ($2) returned to VolkovDmitri
VolkovDmitri collected $2 from pot
VolkovDmitri: doesn't show hand
*** SUMMARY ***
Total pot $2 | Rake $0
Seat 1: wrxgibby (button) (small blind) folded before Flop
Seat 4: VolkovDmitri (big blind) collected ($2)


PokerStars Hand #156823703809:  Hold'em Limit ($3/$6 USD) - 2016/08/03 15:47:24 ET
Table 'Titius' 6-max Seat #4 is the button
Seat 1: wrxgibby ($117.68 in chips)
Seat 4: VolkovDmitri ($135.64 in chips)
VolkovDmitri: posts small blind $1
wrxgibby: posts big blind $3
*** HOLE CARDS ***
VolkovDmitri: raises $3 to $6
wrxgibby: folds
Uncalled bet ($3) returned to VolkovDmitri
VolkovDmitri collected $6 from pot
VolkovDmitri: doesn't show hand
*** SUMMARY ***
Total pot $6 | Rake $0
Seat 1: wrxgibby (big blind) folded before Flop
Seat 4: VolkovDmitri (button) (small blind) collected ($6)


PokerStars Hand #156823693154:  Hold'em Limit ($3/$6 USD) - 2016/08/03 15:47:11 ET
Table 'Titius' 6-max Seat #1 is the button
Seat 1: wrxgibby ($126.68 in chips)
Seat 4: VolkovDmitri ($127 in chips)
wrxgibby: posts small blind $1
VolkovDmitri: posts big blind $3
*** HOLE CARDS ***
wrxgibby: raises $3 to $6
VolkovDmitri: calls $3
*** FLOP *** [2c 6s 7h]
VolkovDmitri: checks
wrxgibby: bets $3
VolkovDmitri: raises $3 to $6
wrxgibby: folds
Uncalled bet ($3) returned to VolkovDmitri
VolkovDmitri collected $17.64 from pot
VolkovDmitri: doesn't show hand
*** SUMMARY ***
Total pot $18 | Rake $0.36
Board [2c 6s 7h]
Seat 1: wrxgibby (button) (small blind) folded on the Flop
Seat 4: VolkovDmitri (big blind) collected ($17.64)


PokerStars Hand #156823679120:  Hold'em Limit ($3/$6 USD) - 2016/08/03 15:46:54 ET
Table 'Titius' 6-max Seat #4 is the button
Seat 1: wrxgibby ($133.68 in chips)
Seat 4: VolkovDmitri ($120 in chips)
VolkovDmitri: posts small blind $1
wrxgibby: posts big blind $3
*** HOLE CARDS ***
VolkovDmitri: raises $3 to $6
wrxgibby: folds
Uncalled bet ($3) returned to VolkovDmitri
VolkovDmitri collected $6 from pot
VolkovDmitri: doesn't show hand
*** SUMMARY ***
Total pot $6 | Rake $0
Seat 1: wrxgibby (big blind) folded before Flop
Seat 4: VolkovDmitri (button) (small blind) collected ($6)


PokerStars Hand #156823662334:  Hold'em Limit ($3/$6 USD) - 2016/08/03 15:46:33 ET
Table 'Titius' 6-max Seat #1 is the button
Seat 1: wrxgibby ($127.92 in chips)
Seat 4: VolkovDmitri ($122.02 in chips)
wrxgibby: posts small blind $1
VolkovDmitri: posts big blind $3
*** HOLE CARDS ***
wrxgibby: raises $3 to $6
VolkovDmitri: calls $3
*** FLOP *** [5d Ks 7d]
VolkovDmitri: checks
wrxgibby: checks
*** TURN *** [5d Ks 7d] [5h]
VolkovDmitri: checks
wrxgibby: bets $6
VolkovDmitri: folds
Uncalled bet ($6) returned to wrxgibby
wrxgibby collected $11.76 from pot
wrxgibby: doesn't show hand
*** SUMMARY ***
Total pot $12 | Rake $0.24
Board [5d Ks 7d 5h]
Seat 1: wrxgibby (button) (small blind) collected ($11.76)
Seat 4: VolkovDmitri (big blind) folded on the Turn


PokerStars Hand #156823688645:  Hold'em Limit ($3/$6 USD) - 2016/08/03 15:47:06 ET
Table 'Titius' 6-max Seat #4 is the button
Seat 1: wrxgibby ($129.68 in chips)
Seat 4: VolkovDmitri ($124 in chips)
VolkovDmitri: posts small blind $1
wrxgibby: posts big blind $3
*** HOLE CARDS ***
VolkovDmitri: raises $3 to $6
wrxgibby: folds
Uncalled bet ($3) returned to VolkovDmitri
VolkovDmitri collected $6 from pot
VolkovDmitri: doesn't show hand
*** SUMMARY ***
Total pot $6 | Rake $0
Seat 1: wrxgibby (big blind) folded before Flop
Seat 4: VolkovDmitri (button) (small blind) collected ($6)


PokerStars Hand #156823708273:  Hold'em Limit ($3/$6 USD) - 2016/08/03 15:47:30 ET
Table 'Titius' 6-max Seat #1 is the button
Seat 1: wrxgibby ($114.68 in chips)
Seat 4: VolkovDmitri ($138.64 in chips)
wrxgibby: posts small blind $1
VolkovDmitri: posts big blind $3
*** HOLE CARDS ***
wrxgibby: folds
Uncalled bet ($2) returned to VolkovDmitri
VolkovDmitri collected $2 from pot
VolkovDmitri: doesn't show hand
*** SUMMARY ***
Total pot $2 | Rake $0
Seat 1: wrxgibby (button) (small blind) folded before Flop
Seat 4: VolkovDmitri (big blind) collected ($2)


PokerStars Hand #156823712453:  Hold'em Limit ($3/$6 USD) - 2016/08/03 15:47:35 ET
Table 'Titius' 6-max Seat #4 is the button
Seat 1: wrxgibby ($113.68 in chips)
Seat 4: VolkovDmitri ($139.64 in chips)
VolkovDmitri: posts small blind $1
wrxgibby: posts big blind $3
*** HOLE CARDS ***
VolkovDmitri: raises $3 to $6
wrxgibby: raises $3 to $9
VolkovDmitri: calls $3
*** FLOP *** [Ts 6d Tc]
wrxgibby: bets $3
VolkovDmitri: folds
Uncalled bet ($3) returned to wrxgibby
wrxgibby collected $17.64 from pot
wrxgibby: doesn't show hand
*** SUMMARY ***
Total pot $18 | Rake $0.36
Board [Ts 6d Tc]
Seat 1: wrxgibby (big blind) collected ($17.64)
Seat 4: VolkovDmitri (button) (small blind) folded on the Flop


PokerStars Hand #156823741884:  Hold'em Limit ($3/$6 USD) - 2016/08/03 15:48:12 ET
Table 'Titius' 6-max Seat #4 is the button
Seat 1: wrxgibby ($145.82 in chips)
Seat 4: VolkovDmitri ($120 in chips)
VolkovDmitri: posts small blind $1
wrxgibby: posts big blind $3
*** HOLE CARDS ***
VolkovDmitri: raises $3 to $6
wrxgibby: folds
Uncalled bet ($3) returned to VolkovDmitri
VolkovDmitri collected $6 from pot
VolkovDmitri: doesn't show hand
*** SUMMARY ***
Total pot $6 | Rake $0
Seat 1: wrxgibby (big blind) folded before Flop
Seat 4: VolkovDmitri (button) (small blind) collected ($6)


PokerStars Hand #156823723832:  Hold'em Limit ($3/$6 USD) - 2016/08/03 15:47:49 ET
Table 'Titius' 6-max Seat #1 is the button
Seat 1: wrxgibby ($122.32 in chips)
Seat 4: VolkovDmitri ($130.64 in chips)
wrxgibby: posts small blind $1
VolkovDmitri: posts big blind $3
*** HOLE CARDS ***
wrxgibby: raises $3 to $6
VolkovDmitri: calls $3
*** FLOP *** [Qs 6d 9d]
VolkovDmitri: checks
wrxgibby: bets $3
VolkovDmitri: raises $3 to $6
wrxgibby: calls $3
*** TURN *** [Qs 6d 9d] [8h]
VolkovDmitri: bets $6
wrxgibby: calls $6
*** RIVER *** [Qs 6d 9d 8h] [3s]
VolkovDmitri: bets $6
wrxgibby: calls $6
*** SHOW DOWN ***
VolkovDmitri: shows [7h Jd] (high card Queen)
wrxgibby: shows [6h 5s] (a pair of Sixes)
wrxgibby collected $47.50 from pot
*** SUMMARY ***
Total pot $48 | Rake $0.50
Board [Qs 6d 9d 8h 3s]
Seat 1: wrxgibby (button) (small blind) showed [6h 5s] and won ($47.50) with a pair of Sixes
Seat 4: VolkovDmitri (big blind) showed [7h Jd] and lost with high card Queen


PokerStars Hand #156823787835:  Hold'em Limit ($3/$6 USD) - 2016/08/03 15:49:09 ET
Table 'Titius' 6-max Seat #1 is the button
Seat 1: wrxgibby ($145.46 in chips)
Seat 4: VolkovDmitri ($120 in chips)
wrxgibby: posts small blind $1
VolkovDmitri: posts big blind $3
*** HOLE CARDS ***
wrxgibby: folds
Uncalled bet ($2) returned to VolkovDmitri
VolkovDmitri collected $2 from pot
VolkovDmitri: doesn't show hand
*** SUMMARY ***
Total pot $2 | Rake $0
Seat 1: wrxgibby (button) (small blind) folded before Flop
Seat 4: VolkovDmitri (big blind) collected ($2)


PokerStars Hand #156823747737:  Hold'em Limit ($3/$6 USD) - 2016/08/03 15:48:19 ET
Table 'Titius' 6-max Seat #1 is the button
Seat 1: wrxgibby ($142.82 in chips)
Seat 4: VolkovDmitri ($123 in chips)
wrxgibby: posts small blind $1
VolkovDmitri: posts big blind $3
*** HOLE CARDS ***
wrxgibby: raises $3 to $6
VolkovDmitri: calls $3
*** FLOP *** [2h Ah 2d]
VolkovDmitri: checks
wrxgibby: checks
*** TURN *** [2h Ah 2d] [8d]
VolkovDmitri: checks
wrxgibby: checks
*** RIVER *** [2h Ah 2d 8d] [Ac]
VolkovDmitri: bets $6
wrxgibby: folds
Uncalled bet ($6) returned to VolkovDmitri
VolkovDmitri collected $11.76 from pot
VolkovDmitri: doesn't show hand
*** SUMMARY ***
Total pot $12 | Rake $0.24
Board [2h Ah 2d 8d Ac]
Seat 1: wrxgibby (button) (small blind) folded on the River
Seat 4: VolkovDmitri (big blind) collected ($11.76)


PokerStars Hand #156823794196:  Hold'em Limit ($3/$6 USD) - 2016/08/03 15:49:17 ET
Table 'Titius' 6-max Seat #4 is the button
Seat 1: wrxgibby ($144.46 in chips)
Seat 4: VolkovDmitri ($121 in chips)
VolkovDmitri: posts small blind $1
wrxgibby: posts big blind $3
*** HOLE CARDS ***
VolkovDmitri: raises $3 to $6
wrxgibby: calls $3
*** FLOP *** [Ac 5d 7c]
wrxgibby: checks
VolkovDmitri: bets $3
wrxgibby: folds
Uncalled bet ($3) returned to VolkovDmitri
VolkovDmitri collected $11.76 from pot
VolkovDmitri: doesn't show hand
*** SUMMARY ***
Total pot $12 | Rake $0.24
Board [Ac 5d 7c]
Seat 1: wrxgibby (big blind) folded on the Flop
Seat 4: VolkovDmitri (button) (small blind) collected ($11.76)


PokerStars Hand #156823762988:  Hold'em Limit ($3/$6 USD) - 2016/08/03 15:48:38 ET
Table 'Titius' 6-max Seat #4 is the button
Seat 1: wrxgibby ($136.82 in chips)
Seat 4: VolkovDmitri ($128.76 in chips)
VolkovDmitri: posts small blind $1
wrxgibby: posts big blind $3
*** HOLE CARDS ***
VolkovDmitri: raises $3 to $6
wrxgibby: calls $3
*** FLOP *** [8d 5d Td]
wrxgibby: checks
VolkovDmitri: bets $3
wrxgibby: calls $3
*** TURN *** [8d 5d Td] [6c]
wrxgibby: checks
VolkovDmitri: checks
*** RIVER *** [8d 5d Td 6c] [4h]
wrxgibby: checks
VolkovDmitri: checks
*** SHOW DOWN ***
wrxgibby: shows [Kd Jc] (high card King)
VolkovDmitri: mucks hand
wrxgibby collected $17.64 from pot
*** SUMMARY ***
Total pot $18 | Rake $0.36
Board [8d 5d Td 6c 4h]
Seat 1: wrxgibby (big blind) showed [Kd Jc] and won ($17.64) with high card King
Seat 4: VolkovDmitri (button) (small blind) mucked


PokerStars Hand #156823810761:  Hold'em Limit ($3/$6 USD) - 2016/08/03 15:49:37 ET
Table 'Titius' 6-max Seat #1 is the button
Seat 1: wrxgibby ($138.46 in chips)
Seat 4: VolkovDmitri ($126.76 in chips)
wrxgibby: posts small blind $1
VolkovDmitri: posts big blind $3
*** HOLE CARDS ***
wrxgibby: raises $3 to $6
VolkovDmitri: raises $3 to $9
wrxgibby: calls $3
*** FLOP *** [4s As 9s]
VolkovDmitri: bets $3
wrxgibby: calls $3
*** TURN *** [4s As 9s] [Kc]
VolkovDmitri: bets $6
wrxgibby: calls $6
*** RIVER *** [4s As 9s Kc] [3c]
VolkovDmitri: checks
wrxgibby: bets $6
VolkovDmitri: calls $6
*** SHOW DOWN ***
wrxgibby: shows [6d 7s] (high card Ace)
VolkovDmitri: shows [5s 5d] (a pair of Fives)
VolkovDmitri collected $47.50 from pot
*** SUMMARY ***
Total pot $48 | Rake $0.50
Board [4s As 9s Kc 3c]
Seat 1: wrxgibby (button) (small blind) showed [6d 7s] and lost with high card Ace
Seat 4: VolkovDmitri (big blind) showed [5s 5d] and won ($47.50) with a pair of Fives


PokerStars Hand #156823836072:  Hold'em Limit ($3/$6 USD) - 2016/08/03 15:50:09 ET
Table 'Titius' 6-max Seat #4 is the button
Seat 1: wrxgibby ($114.46 in chips)
Seat 4: VolkovDmitri ($150.26 in chips)
VolkovDmitri: posts small blind $1
wrxgibby: posts big blind $3
*** HOLE CARDS ***
VolkovDmitri: raises $3 to $6
wrxgibby: calls $3
*** FLOP *** [Js Jh 2d]
wrxgibby: checks
VolkovDmitri: bets $3
wrxgibby: raises $3 to $6
VolkovDmitri: calls $3
*** TURN *** [Js Jh 2d] [9d]
wrxgibby: bets $6
VolkovDmitri: folds
Uncalled bet ($6) returned to wrxgibby
wrxgibby collected $23.52 from pot
wrxgibby: doesn't show hand
*** SUMMARY ***
Total pot $24 | Rake $0.48
Board [Js Jh 2d 9d]
Seat 1: wrxgibby (big blind) collected ($23.52)
Seat 4: VolkovDmitri (button) (small blind) folded on the Turn


PokerStars Hand #156823868647:  Hold'em Limit ($3/$6 USD) - 2016/08/03 15:50:50 ET
Table 'Titius' 6-max Seat #1 is the button
Seat 1: wrxgibby ($125.98 in chips)
Seat 4: VolkovDmitri ($138.26 in chips)
wrxgibby: posts small blind $1
VolkovDmitri: posts big blind $3
*** HOLE CARDS ***
wrxgibby: raises $3 to $6
VolkovDmitri: calls $3
*** FLOP *** [2c 2d 8d]
VolkovDmitri: checks
wrxgibby: bets $3
VolkovDmitri: folds
Uncalled bet ($3) returned to wrxgibby
wrxgibby collected $11.76 from pot
wrxgibby: doesn't show hand
*** SUMMARY ***
Total pot $12 | Rake $0.24
Board [2c 2d 8d]
Seat 1: wrxgibby (button) (small blind) collected ($11.76)
Seat 4: VolkovDmitri (big blind) folded on the Flop


PokerStars Hand #156823927338:  Hold'em Limit ($3/$6 USD) - 2016/08/03 15:52:03 ET
Table 'Titius' 6-max Seat #1 is the button
Seat 1: wrxgibby ($125.50 in chips)
Seat 4: VolkovDmitri ($137.90 in chips)
wrxgibby: posts small blind $1
VolkovDmitri: posts big blind $3
*** HOLE CARDS ***
wrxgibby: folds
Uncalled bet ($2) returned to VolkovDmitri
VolkovDmitri collected $2 from pot
VolkovDmitri: doesn't show hand
*** SUMMARY ***
Total pot $2 | Rake $0
Seat 1: wrxgibby (button) (small blind) folded before Flop
Seat 4: VolkovDmitri (big blind) collected ($2)


PokerStars Hand #156823921188:  Hold'em Limit ($3/$6 USD) - 2016/08/03 15:51:55 ET
Table 'Titius' 6-max Seat #4 is the button
Seat 1: wrxgibby ($128.50 in chips)
Seat 4: VolkovDmitri ($134.90 in chips)
VolkovDmitri: posts small blind $1
wrxgibby: posts big blind $3
*** HOLE CARDS ***
VolkovDmitri: raises $3 to $6
wrxgibby: folds
Uncalled bet ($3) returned to VolkovDmitri
VolkovDmitri collected $6 from pot
VolkovDmitri: doesn't show hand
*** SUMMARY ***
Total pot $6 | Rake $0
Seat 1: wrxgibby (big blind) folded before Flop
Seat 4: VolkovDmitri (button) (small blind) collected ($6)


PokerStars Hand #156823887915:  Hold'em Limit ($3/$6 USD) - 2016/08/03 15:51:14 ET
Table 'Titius' 6-max Seat #4 is the button
Seat 1: wrxgibby ($131.74 in chips)
Seat 4: VolkovDmitri ($132.26 in chips)
VolkovDmitri: posts small blind $1
wrxgibby: posts big blind $3
*** HOLE CARDS ***
VolkovDmitri: raises $3 to $6
wrxgibby: calls $3
*** FLOP *** [7d Tc Qh]
wrxgibby: checks
VolkovDmitri: bets $3
wrxgibby: calls $3
*** TURN *** [7d Tc Qh] [Qd]
wrxgibby: checks
VolkovDmitri: bets $6
wrxgibby: folds
Uncalled bet ($6) returned to VolkovDmitri
VolkovDmitri collected $17.64 from pot
VolkovDmitri: doesn't show hand
*** SUMMARY ***
Total pot $18 | Rake $0.36
Board [7d Tc Qh Qd]
Seat 1: wrxgibby (big blind) folded on the Turn
Seat 4: VolkovDmitri (button) (small blind) collected ($17.64)


PokerStars Hand #156823910664:  Hold'em Limit ($3/$6 USD) - 2016/08/03 15:51:42 ET
Table 'Titius' 6-max Seat #1 is the button
Seat 1: wrxgibby ($122.74 in chips)
Seat 4: VolkovDmitri ($140.90 in chips)
wrxgibby: posts small blind $1
VolkovDmitri: posts big blind $3
*** HOLE CARDS ***
wrxgibby: raises $3 to $6
VolkovDmitri: calls $3
*** FLOP *** [7s 2c 2d]
VolkovDmitri: checks
wrxgibby: bets $3
VolkovDmitri: folds
Uncalled bet ($3) returned to wrxgibby
wrxgibby collected $11.76 from pot
wrxgibby: doesn't show hand
*** SUMMARY ***
Total pot $12 | Rake $0.24
Board [7s 2c 2d]
Seat 1: wrxgibby (button) (small blind) collected ($11.76)
Seat 4: VolkovDmitri (big blind) folded on the Flop


PokerStars Hand #156823932441:  Hold'em Limit ($3/$6 USD) - 2016/08/03 15:52:09 ET
Table 'Titius' 6-max Seat #4 is the button
Seat 1: wrxgibby ($124.50 in chips)
Seat 4: VolkovDmitri ($138.90 in chips)
VolkovDmitri: posts small blind $1
wrxgibby: posts big blind $3
*** HOLE CARDS ***
VolkovDmitri: raises $3 to $6
wrxgibby: raises $3 to $9
VolkovDmitri: calls $3
*** FLOP *** [As Kc 5s]
wrxgibby: bets $3
VolkovDmitri: calls $3
*** TURN *** [As Kc 5s] [Ad]
wrxgibby: bets $6
VolkovDmitri: calls $6
*** RIVER *** [As Kc 5s Ad] [7d]
wrxgibby: bets $6
VolkovDmitri: folds
Uncalled bet ($6) returned to wrxgibby
wrxgibby collected $35.50 from pot
wrxgibby: doesn't show hand
*** SUMMARY ***
Total pot $36 | Rake $0.50
Board [As Kc 5s Ad 7d]
Seat 1: wrxgibby (big blind) collected ($35.50)
Seat 4: VolkovDmitri (button) (small blind) folded on the River


PokerStars Hand #156823966313:  Hold'em Limit ($3/$6 USD) - 2016/08/03 15:52:52 ET
Table 'Titius' 6-max Seat #1 is the button
Seat 1: wrxgibby ($142 in chips)
Seat 4: VolkovDmitri ($120.90 in chips)
wrxgibby: posts small blind $1
VolkovDmitri: posts big blind $3
*** HOLE CARDS ***
wrxgibby: raises $3 to $6
VolkovDmitri: calls $3
*** FLOP *** [3s 5d Qh]
VolkovDmitri: checks
wrxgibby: checks
*** TURN *** [3s 5d Qh] [Jc]
VolkovDmitri: bets $6
wrxgibby: folds
Uncalled bet ($6) returned to VolkovDmitri
VolkovDmitri collected $11.76 from pot
VolkovDmitri: doesn't show hand
*** SUMMARY ***
Total pot $12 | Rake $0.24
Board [3s 5d Qh Jc]
Seat 1: wrxgibby (button) (small blind) folded on the Turn
Seat 4: VolkovDmitri (big blind) collected ($11.76)


PokerStars Hand #156824000507:  Hold'em Limit ($3/$6 USD) - 2016/08/03 15:53:35 ET
Table 'Titius' 6-max Seat #1 is the button
Seat 1: wrxgibby ($150.50 in chips)
Seat 4: VolkovDmitri ($120 in chips)
wrxgibby: posts small blind $1
VolkovDmitri: posts big blind $3
*** HOLE CARDS ***
wrxgibby: folds
Uncalled bet ($2) returned to VolkovDmitri
VolkovDmitri collected $2 from pot
VolkovDmitri: doesn't show hand
*** SUMMARY ***
Total pot $2 | Rake $0
Seat 1: wrxgibby (button) (small blind) folded before Flop
Seat 4: VolkovDmitri (big blind) collected ($2)


PokerStars Hand #156823977508:  Hold'em Limit ($3/$6 USD) - 2016/08/03 15:53:06 ET
Table 'Titius' 6-max Seat #4 is the button
Seat 1: wrxgibby ($136 in chips)
Seat 4: VolkovDmitri ($126.66 in chips)
VolkovDmitri: posts small blind $1
wrxgibby: posts big blind $3
*** HOLE CARDS ***
VolkovDmitri: raises $3 to $6
wrxgibby: calls $3
*** FLOP *** [Kh 4c Kd]
wrxgibby: checks
VolkovDmitri: bets $3
wrxgibby: calls $3
*** TURN *** [Kh 4c Kd] [7d]
wrxgibby: checks
VolkovDmitri: bets $6
wrxgibby: raises $6 to $12
VolkovDmitri: folds
Uncalled bet ($6) returned to wrxgibby
wrxgibby collected $29.50 from pot
wrxgibby: doesn't show hand
*** SUMMARY ***
Total pot $30 | Rake $0.50
Board [Kh 4c Kd 7d]
Seat 1: wrxgibby (big blind) collected ($29.50)
Seat 4: VolkovDmitri (button) (small blind) folded on the Turn


PokerStars Hand #156824004708:  Hold'em Limit ($3/$6 USD) - 2016/08/03 15:53:41 ET
Table 'Titius' 6-max Seat #4 is the button
Seat 1: wrxgibby ($149.50 in chips)
Seat 4: VolkovDmitri ($121 in chips)
VolkovDmitri: posts small blind $1
wrxgibby: posts big blind $3
*** HOLE CARDS ***
VolkovDmitri: raises $3 to $6
wrxgibby: calls $3
*** FLOP *** [4c 7h 6s]
wrxgibby: checks
VolkovDmitri: bets $3
wrxgibby: folds
Uncalled bet ($3) returned to VolkovDmitri
VolkovDmitri collected $11.76 from pot
VolkovDmitri: doesn't show hand
*** SUMMARY ***
Total pot $12 | Rake $0.24
Board [4c 7h 6s]
Seat 1: wrxgibby (big blind) folded on the Flop
Seat 4: VolkovDmitri (button) (small blind) collected ($11.76)


PokerStars Hand #156824016611:  Hold'em Limit ($3/$6 USD) - 2016/08/03 15:53:56 ET
Table 'Titius' 6-max Seat #1 is the button
Seat 1: wrxgibby ($143.50 in chips)
Seat 4: VolkovDmitri ($126.76 in chips)
wrxgibby: posts small blind $1
VolkovDmitri: posts big blind $3
*** HOLE CARDS ***
wrxgibby: raises $3 to $6
VolkovDmitri: calls $3
*** FLOP *** [4h 8d 4d]
VolkovDmitri: checks
wrxgibby: checks
*** TURN *** [4h 8d 4d] [5h]
VolkovDmitri: bets $6
wrxgibby: calls $6
*** RIVER *** [4h 8d 4d 5h] [5c]
VolkovDmitri: bets $6
wrxgibby: calls $6
*** SHOW DOWN ***
VolkovDmitri: shows [2h Jh] (two pair, Fives and Fours)
wrxgibby: shows [Jc Qc] (two pair, Fives and Fours - Queen kicker)
wrxgibby collected $35.50 from pot
*** SUMMARY ***
Total pot $36 | Rake $0.50
Board [4h 8d 4d 5h 5c]
Seat 1: wrxgibby (button) (small blind) showed [Jc Qc] and won ($35.50) with two pair, Fives and Fours
Seat 4: VolkovDmitri (big blind) showed [2h Jh] and lost with two pair, Fives and Fours


PokerStars Hand #156824066483:  Hold'em Limit ($3/$6 USD) - 2016/08/03 15:54:59 ET
Table 'Titius' 6-max Seat #4 is the button
Seat 1: wrxgibby ($168.64 in chips)
Seat 4: VolkovDmitri ($121 in chips)
VolkovDmitri: posts small blind $1
wrxgibby: posts big blind $3
*** HOLE CARDS ***
VolkovDmitri: raises $3 to $6
wrxgibby: calls $3
*** FLOP *** [Qh Kh 2c]
wrxgibby: checks
VolkovDmitri: checks
*** TURN *** [Qh Kh 2c] [8c]
wrxgibby: checks
VolkovDmitri: bets $6
wrxgibby: folds
Uncalled bet ($6) returned to VolkovDmitri
VolkovDmitri collected $11.76 from pot
VolkovDmitri: doesn't show hand
*** SUMMARY ***
Total pot $12 | Rake $0.24
Board [Qh Kh 2c 8c]
Seat 1: wrxgibby (big blind) folded on the Turn
Seat 4: VolkovDmitri (button) (small blind) collected ($11.76)


PokerStars Hand #156824062330:  Hold'em Limit ($3/$6 USD) - 2016/08/03 15:54:53 ET
Table 'Titius' 6-max Seat #1 is the button
Seat 1: wrxgibby ($169.64 in chips)
Seat 4: VolkovDmitri ($120 in chips)
wrxgibby: posts small blind $1
VolkovDmitri: posts big blind $3
*** HOLE CARDS ***
wrxgibby: folds
Uncalled bet ($2) returned to VolkovDmitri
VolkovDmitri collected $2 from pot
VolkovDmitri: doesn't show hand
*** SUMMARY ***
Total pot $2 | Rake $0
Seat 1: wrxgibby (button) (small blind) folded before Flop
Seat 4: VolkovDmitri (big blind) collected ($2)


PokerStars Hand #156824040212:  Hold'em Limit ($3/$6 USD) - 2016/08/03 15:54:25 ET
Table 'Titius' 6-max Seat #4 is the button
Seat 1: wrxgibby ($161 in chips)
Seat 4: VolkovDmitri ($120 in chips)
VolkovDmitri: posts small blind $1
wrxgibby: posts big blind $3
*** HOLE CARDS ***
VolkovDmitri: raises $3 to $6
wrxgibby: calls $3
*** FLOP *** [7h 8c 8d]
wrxgibby: checks
VolkovDmitri: bets $3
wrxgibby: calls $3
*** TURN *** [7h 8c 8d] [Kh]
wrxgibby: checks
VolkovDmitri: checks
*** RIVER *** [7h 8c 8d Kh] [5h]
wrxgibby: checks
VolkovDmitri: checks
*** SHOW DOWN ***
wrxgibby: shows [9h 7s] (two pair, Eights and Sevens)
VolkovDmitri: mucks hand
wrxgibby collected $17.64 from pot
*** SUMMARY ***
Total pot $18 | Rake $0.36
Board [7h 8c 8d Kh 5h]
Seat 1: wrxgibby (big blind) showed [9h 7s] and won ($17.64) with two pair, Eights and Sevens
Seat 4: VolkovDmitri (button) (small blind) mucked


PokerStars Hand #156824100391:  Hold'em Limit ($3/$6 USD) - 2016/08/03 15:55:52 ET
Table 'Titius' 6-max Seat #4 is the button
Seat 1: wrxgibby ($153.64 in chips)
Seat 4: VolkovDmitri ($135.40 in chips)
VolkovDmitri: posts small blind $1
wrxgibby: posts big blind $3
*** HOLE CARDS ***
VolkovDmitri: raises $3 to $6
wrxgibby: folds
Uncalled bet ($3) returned to VolkovDmitri
VolkovDmitri collected $6 from pot
VolkovDmitri: doesn't show hand
*** SUMMARY ***
Total pot $6 | Rake $0
Seat 1: wrxgibby (big blind) folded before Flop
Seat 4: VolkovDmitri (button) (small blind) collected ($6)


PokerStars Hand #156824081130:  Hold'em Limit ($3/$6 USD) - 2016/08/03 15:55:20 ET
Table 'Titius' 6-max Seat #1 is the button
Seat 1: wrxgibby ($162.64 in chips)
Seat 4: VolkovDmitri ($126.76 in chips)
wrxgibby: posts small blind $1
VolkovDmitri: posts big blind $3
*** HOLE CARDS ***
wrxgibby: raises $3 to $6
VolkovDmitri: calls $3
*** FLOP *** [Qh 5d Kd]
VolkovDmitri: checks
wrxgibby: bets $3
VolkovDmitri: calls $3
*** TURN *** [Qh 5d Kd] [5c]
VolkovDmitri: checks
wrxgibby: checks
*** RIVER *** [Qh 5d Kd 5c] [2d]
VolkovDmitri: bets $6
wrxgibby: folds
Uncalled bet ($6) returned to VolkovDmitri
VolkovDmitri collected $17.64 from pot
VolkovDmitri: doesn't show hand
*** SUMMARY ***
Total pot $18 | Rake $0.36
Board [Qh 5d Kd 5c 2d]
Seat 1: wrxgibby (button) (small blind) folded on the River
Seat 4: VolkovDmitri (big blind) collected ($17.64)


PokerStars Hand #156824106002:  Hold'em Limit ($3/$6 USD) - 2016/08/03 15:56:01 ET
Table 'Titius' 6-max Seat #1 is the button
Seat 1: wrxgibby ($150.64 in chips)
Seat 4: VolkovDmitri ($138.40 in chips)
wrxgibby: posts small blind $1
VolkovDmitri: posts big blind $3
*** HOLE CARDS ***
wrxgibby: folds
Uncalled bet ($2) returned to VolkovDmitri
VolkovDmitri collected $2 from pot
VolkovDmitri: doesn't show hand
*** SUMMARY ***
Total pot $2 | Rake $0
Seat 1: wrxgibby (button) (small blind) folded before Flop
Seat 4: VolkovDmitri (big blind) collected ($2)


PokerStars Hand #156824131815:  Hold'em Limit ($3/$6 USD) - 2016/08/03 15:56:43 ET
Table 'Titius' 6-max Seat #1 is the button
Seat 1: wrxgibby ($128.64 in chips)
Seat 4: VolkovDmitri ($159.90 in chips)
wrxgibby: posts small blind $1
VolkovDmitri: posts big blind $3
*** HOLE CARDS ***
wrxgibby: raises $3 to $6
VolkovDmitri: folds
Uncalled bet ($3) returned to wrxgibby
wrxgibby collected $6 from pot
wrxgibby: doesn't show hand
*** SUMMARY ***
Total pot $6 | Rake $0
Seat 1: wrxgibby (button) (small blind) collected ($6)
Seat 4: VolkovDmitri (big blind) folded before Flop


PokerStars Hand #156824109356:  Hold'em Limit ($3/$6 USD) - 2016/08/03 15:56:07 ET
Table 'Titius' 6-max Seat #4 is the button
Seat 1: wrxgibby ($149.64 in chips)
Seat 4: VolkovDmitri ($139.40 in chips)
VolkovDmitri: posts small blind $1
wrxgibby: posts big blind $3
*** HOLE CARDS ***
VolkovDmitri: raises $3 to $6
wrxgibby: calls $3
*** FLOP *** [7d 9s 9d]
wrxgibby: checks
VolkovDmitri: bets $3
wrxgibby: calls $3
*** TURN *** [7d 9s 9d] [6h]
wrxgibby: checks
VolkovDmitri: bets $6
wrxgibby: calls $6
*** RIVER *** [7d 9s 9d 6h] [9h]
wrxgibby: checks
VolkovDmitri: bets $6
wrxgibby: calls $6
*** SHOW DOWN ***
VolkovDmitri: shows [7h Jc] (a full house, Nines full of Sevens)
wrxgibby: mucks hand
VolkovDmitri collected $41.50 from pot
*** SUMMARY ***
Total pot $42 | Rake $0.50
Board [7d 9s 9d 6h 9h]
Seat 1: wrxgibby (big blind) mucked
Seat 4: VolkovDmitri (button) (small blind) showed [7h Jc] and won ($41.50) with a full house, Nines full of Sevens


PokerStars Hand #156824136621:  Hold'em Limit ($3/$6 USD) - 2016/08/03 15:56:51 ET
Table 'Titius' 6-max Seat #4 is the button
Seat 1: wrxgibby ($131.64 in chips)
Seat 4: VolkovDmitri ($156.90 in chips)
VolkovDmitri: posts small blind $1
wrxgibby: posts big blind $3
*** HOLE CARDS ***
VolkovDmitri: raises $3 to $6
wrxgibby: folds
Uncalled bet ($3) returned to VolkovDmitri
VolkovDmitri collected $6 from pot
VolkovDmitri: doesn't show hand
*** SUMMARY ***
Total pot $6 | Rake $0
Seat 1: wrxgibby (big blind) folded before Flop
Seat 4: VolkovDmitri (button) (small blind) collected ($6)


PokerStars Hand #156824140648:  Hold'em Limit ($3/$6 USD) - 2016/08/03 15:56:58 ET
Table 'Titius' 6-max Seat #1 is the button
Seat 1: wrxgibby ($128.64 in chips)
Seat 4: VolkovDmitri ($159.90 in chips)
wrxgibby: posts small blind $1
VolkovDmitri: posts big blind $3
*** HOLE CARDS ***
wrxgibby: folds
Uncalled bet ($2) returned to VolkovDmitri
VolkovDmitri collected $2 from pot
VolkovDmitri: doesn't show hand
*** SUMMARY ***
Total pot $2 | Rake $0
Seat 1: wrxgibby (button) (small blind) folded before Flop
Seat 4: VolkovDmitri (big blind) collected ($2)


PokerStars Hand #156824165032:  Hold'em Limit ($3/$6 USD) - 2016/08/03 15:57:38 ET
Table 'Titius' 6-max Seat #1 is the button
Seat 1: wrxgibby ($109.64 in chips)
Seat 4: VolkovDmitri ($178.40 in chips)
wrxgibby: posts small blind $1
VolkovDmitri: posts big blind $3
*** HOLE CARDS ***
wrxgibby: folds
Uncalled bet ($2) returned to VolkovDmitri
VolkovDmitri collected $2 from pot
VolkovDmitri: doesn't show hand
*** SUMMARY ***
Total pot $2 | Rake $0
Seat 1: wrxgibby (button) (small blind) folded before Flop
Seat 4: VolkovDmitri (big blind) collected ($2)


PokerStars Hand #156824144532:  Hold'em Limit ($3/$6 USD) - 2016/08/03 15:57:04 ET
Table 'Titius' 6-max Seat #4 is the button
Seat 1: wrxgibby ($127.64 in chips)
Seat 4: VolkovDmitri ($160.90 in chips)
VolkovDmitri: posts small blind $1
wrxgibby: posts big blind $3
*** HOLE CARDS ***
VolkovDmitri: raises $3 to $6
wrxgibby: raises $3 to $9
VolkovDmitri: calls $3
*** FLOP *** [As Kd Jd]
wrxgibby: bets $3
VolkovDmitri: calls $3
*** TURN *** [As Kd Jd] [Kh]
wrxgibby: bets $6
VolkovDmitri: calls $6
*** RIVER *** [As Kd Jd Kh] [Qs]
wrxgibby: checks
VolkovDmitri: bets $6
wrxgibby: folds
Uncalled bet ($6) returned to VolkovDmitri
VolkovDmitri collected $35.50 from pot
VolkovDmitri: doesn't show hand
*** SUMMARY ***
Total pot $36 | Rake $0.50
Board [As Kd Jd Kh Qs]
Seat 1: wrxgibby (big blind) folded on the River
Seat 4: VolkovDmitri (button) (small blind) collected ($35.50)


PokerStars Hand #156824168078:  Hold'em Limit ($3/$6 USD) - 2016/08/03 15:57:43 ET
Table 'Titius' 6-max Seat #4 is the button
Seat 1: wrxgibby ($108.64 in chips)
Seat 4: VolkovDmitri ($179.40 in chips)
VolkovDmitri: posts small blind $1
wrxgibby: posts big blind $3
*** HOLE CARDS ***
VolkovDmitri: raises $3 to $6
wrxgibby: folds
Uncalled bet ($3) returned to VolkovDmitri
VolkovDmitri collected $6 from pot
VolkovDmitri: doesn't show hand
*** SUMMARY ***
Total pot $6 | Rake $0
Seat 1: wrxgibby (big blind) folded before Flop
Seat 4: VolkovDmitri (button) (small blind) collected ($6)


PokerStars Hand #156824172541:  Hold'em Limit ($3/$6 USD) - 2016/08/03 15:57:50 ET
Table 'Titius' 6-max Seat #1 is the button
Seat 1: wrxgibby ($105.64 in chips)
Seat 4: VolkovDmitri ($182.40 in chips)
wrxgibby: posts small blind $1
VolkovDmitri: posts big blind $3
*** HOLE CARDS ***
wrxgibby: raises $3 to $6
VolkovDmitri: folds
Uncalled bet ($3) returned to wrxgibby
wrxgibby collected $6 from pot
wrxgibby: doesn't show hand
*** SUMMARY ***
Total pot $6 | Rake $0
Seat 1: wrxgibby (button) (small blind) collected ($6)
Seat 4: VolkovDmitri (big blind) folded before Flop


PokerStars Hand #156824176910:  Hold'em Limit ($3/$6 USD) - 2016/08/03 15:57:57 ET
Table 'Titius' 6-max Seat #4 is the button
Seat 1: wrxgibby ($108.64 in chips)
Seat 4: VolkovDmitri ($179.40 in chips)
VolkovDmitri: posts small blind $1
wrxgibby: posts big blind $3
*** HOLE CARDS ***
VolkovDmitri: raises $3 to $6
wrxgibby: calls $3
*** FLOP *** [Jd 9h 3s]
wrxgibby: checks
VolkovDmitri: checks
*** TURN *** [Jd 9h 3s] [Qh]
wrxgibby: checks
VolkovDmitri: checks
*** RIVER *** [Jd 9h 3s Qh] [Jh]
wrxgibby: checks
VolkovDmitri: checks
*** SHOW DOWN ***
wrxgibby: shows [7s Kh] (a pair of Jacks)
VolkovDmitri: shows [8d Ac] (a pair of Jacks - Ace kicker)
VolkovDmitri collected $11.76 from pot
*** SUMMARY ***
Total pot $12 | Rake $0.24
Board [Jd 9h 3s Qh Jh]
Seat 1: wrxgibby (big blind) showed [7s Kh] and lost with a pair of Jacks
Seat 4: VolkovDmitri (button) (small blind) showed [8d Ac] and won ($11.76) with a pair of Jacks


PokerStars Hand #156824189436:  Hold'em Limit ($3/$6 USD) - 2016/08/03 15:58:17 ET
Table 'Titius' 6-max Seat #1 is the button
Seat 1: wrxgibby ($102.64 in chips)
Seat 4: VolkovDmitri ($185.16 in chips)
wrxgibby: posts small blind $1
VolkovDmitri: posts big blind $3
*** HOLE CARDS ***
wrxgibby: raises $3 to $6
VolkovDmitri: calls $3
*** FLOP *** [Js 9h 5c]
VolkovDmitri: checks
wrxgibby: bets $3
VolkovDmitri: calls $3
*** TURN *** [Js 9h 5c] [4c]
VolkovDmitri: checks
wrxgibby: bets $6
VolkovDmitri: calls $6
*** RIVER *** [Js 9h 5c 4c] [6s]
VolkovDmitri: checks
wrxgibby: bets $6
VolkovDmitri: calls $6
*** SHOW DOWN ***
wrxgibby: shows [Kd Jc] (a pair of Jacks)
VolkovDmitri: mucks hand
wrxgibby collected $41.50 from pot
*** SUMMARY ***
Total pot $42 | Rake $0.50
Board [Js 9h 5c 4c 6s]
Seat 1: wrxgibby (button) (small blind) showed [Kd Jc] and won ($41.50) with a pair of Jacks
Seat 4: VolkovDmitri (big blind) mucked


PokerStars Hand #156824209826:  Hold'em Limit ($3/$6 USD) - 2016/08/03 15:58:50 ET
Table 'Titius' 6-max Seat #4 is the button
Seat 1: wrxgibby ($123.14 in chips)
Seat 4: VolkovDmitri ($164.16 in chips)
VolkovDmitri: posts small blind $1
wrxgibby: posts big blind $3
*** HOLE CARDS ***
VolkovDmitri: raises $3 to $6
wrxgibby: calls $3
*** FLOP *** [6h Jc Kd]
wrxgibby: checks
VolkovDmitri: bets $3
wrxgibby: folds
Uncalled bet ($3) returned to VolkovDmitri
VolkovDmitri collected $11.76 from pot
VolkovDmitri: doesn't show hand
*** SUMMARY ***
Total pot $12 | Rake $0.24
Board [6h Jc Kd]
Seat 1: wrxgibby (big blind) folded on the Flop
Seat 4: VolkovDmitri (button) (small blind) collected ($11.76)


PokerStars Hand #156824220583:  Hold'em Limit ($3/$6 USD) - 2016/08/03 15:59:08 ET
Table 'Titius' 6-max Seat #1 is the button
Seat 1: wrxgibby ($117.14 in chips)
Seat 4: VolkovDmitri ($169.92 in chips)
wrxgibby: posts small blind $1
VolkovDmitri: posts big blind $3
*** HOLE CARDS ***
wrxgibby: raises $3 to $6
VolkovDmitri: calls $3
*** FLOP *** [8d 4c 9c]
VolkovDmitri: checks
wrxgibby: bets $3
VolkovDmitri: folds
Uncalled bet ($3) returned to wrxgibby
wrxgibby collected $11.76 from pot
wrxgibby: doesn't show hand
*** SUMMARY ***
Total pot $12 | Rake $0.24
Board [8d 4c 9c]
Seat 1: wrxgibby (button) (small blind) collected ($11.76)
Seat 4: VolkovDmitri (big blind) folded on the Flop


PokerStars Hand #156824238298:  Hold'em Limit ($3/$6 USD) - 2016/08/03 15:59:36 ET
Table 'Titius' 6-max Seat #1 is the button
Seat 1: wrxgibby ($116.90 in chips)
Seat 4: VolkovDmitri ($169.68 in chips)
wrxgibby: posts small blind $1
VolkovDmitri: posts big blind $3
*** HOLE CARDS ***
wrxgibby: folds
Uncalled bet ($2) returned to VolkovDmitri
VolkovDmitri collected $2 from pot
VolkovDmitri: doesn't show hand
*** SUMMARY ***
Total pot $2 | Rake $0
Seat 1: wrxgibby (button) (small blind) folded before Flop
Seat 4: VolkovDmitri (big blind) collected ($2)


PokerStars Hand #156824229712:  Hold'em Limit ($3/$6 USD) - 2016/08/03 15:59:22 ET
Table 'Titius' 6-max Seat #4 is the button
Seat 1: wrxgibby ($122.90 in chips)
Seat 4: VolkovDmitri ($163.92 in chips)
VolkovDmitri: posts small blind $1
wrxgibby: posts big blind $3
*** HOLE CARDS ***
VolkovDmitri: raises $3 to $6
wrxgibby: calls $3
*** FLOP *** [9d 8d Kc]
wrxgibby: checks
VolkovDmitri: bets $3
wrxgibby: folds
Uncalled bet ($3) returned to VolkovDmitri
VolkovDmitri collected $11.76 from pot
VolkovDmitri: doesn't show hand
*** SUMMARY ***
Total pot $12 | Rake $0.24
Board [9d 8d Kc]
Seat 1: wrxgibby (big blind) folded on the Flop
Seat 4: VolkovDmitri (button) (small blind) collected ($11.76)


PokerStars Hand #156824241557:  Hold'em Limit ($3/$6 USD) - 2016/08/03 15:59:41 ET
Table 'Titius' 6-max Seat #4 is the button
Seat 1: wrxgibby ($115.90 in chips)
Seat 4: VolkovDmitri ($170.68 in chips)
VolkovDmitri: posts small blind $1
wrxgibby: posts big blind $3
*** HOLE CARDS ***
VolkovDmitri: raises $3 to $6
wrxgibby: calls $3
*** FLOP *** [2c 4c Ah]
wrxgibby: checks
VolkovDmitri: bets $3
wrxgibby: calls $3
*** TURN *** [2c 4c Ah] [Qh]
wrxgibby: checks
VolkovDmitri: checks
*** RIVER *** [2c 4c Ah Qh] [As]
wrxgibby: bets $6
VolkovDmitri: folds
Uncalled bet ($6) returned to wrxgibby
wrxgibby collected $17.64 from pot
wrxgibby: doesn't show hand
*** SUMMARY ***
Total pot $18 | Rake $0.36
Board [2c 4c Ah Qh As]
Seat 1: wrxgibby (big blind) collected ($17.64)
Seat 4: VolkovDmitri (button) (small blind) folded on the River


PokerStars Hand #156824256261:  Hold'em Limit ($3/$6 USD) - 2016/08/03 16:00:05 ET
Table 'Titius' 6-max Seat #4 is the button
Seat 1: wrxgibby ($123.54 in chips)
Seat 4: VolkovDmitri ($162.68 in chips)
VolkovDmitri: posts small blind $1
wrxgibby: posts big blind $3
*** HOLE CARDS ***
VolkovDmitri: raises $3 to $6
wrxgibby: folds
Uncalled bet ($3) returned to VolkovDmitri
VolkovDmitri collected $6 from pot
VolkovDmitri: doesn't show hand
*** SUMMARY ***
Total pot $6 | Rake $0
Seat 1: wrxgibby (big blind) folded before Flop
Seat 4: VolkovDmitri (button) (small blind) collected ($6)


PokerStars Hand #156824252883:  Hold'em Limit ($3/$6 USD) - 2016/08/03 16:00:00 ET
Table 'Titius' 6-max Seat #1 is the button
Seat 1: wrxgibby ($124.54 in chips)
Seat 4: VolkovDmitri ($161.68 in chips)
wrxgibby: posts small blind $1
VolkovDmitri: posts big blind $3
*** HOLE CARDS ***
wrxgibby: folds
Uncalled bet ($2) returned to VolkovDmitri
VolkovDmitri collected $2 from pot
VolkovDmitri: doesn't show hand
*** SUMMARY ***
Total pot $2 | Rake $0
Seat 1: wrxgibby (button) (small blind) folded before Flop
Seat 4: VolkovDmitri (big blind) collected ($2)


PokerStars Hand #156824260355:  Hold'em Limit ($3/$6 USD) - 2016/08/03 16:00:11 ET
Table 'Titius' 6-max Seat #1 is the button
Seat 1: wrxgibby ($120.54 in chips)
Seat 4: VolkovDmitri ($165.68 in chips)
wrxgibby: posts small blind $1
VolkovDmitri: posts big blind $3
*** HOLE CARDS ***
wrxgibby: raises $3 to $6
VolkovDmitri: calls $3
*** FLOP *** [3h 4c 6d]
VolkovDmitri: bets $3
wrxgibby: raises $3 to $6
VolkovDmitri: calls $3
*** TURN *** [3h 4c 6d] [2d]
VolkovDmitri: bets $6
wrxgibby: raises $6 to $12
VolkovDmitri: calls $6
*** RIVER *** [3h 4c 6d 2d] [Jd]
VolkovDmitri: checks
wrxgibby: checks
*** SHOW DOWN ***
VolkovDmitri: shows [4h 5d] (a straight, Deuce to Six)
wrxgibby: mucks hand
VolkovDmitri collected $47.50 from pot
*** SUMMARY ***
Total pot $48 | Rake $0.50
Board [3h 4c 6d 2d Jd]
Seat 1: wrxgibby (button) (small blind) mucked
Seat 4: VolkovDmitri (big blind) showed [4h 5d] and won ($47.50) with a straight, Deuce to Six


PokerStars Hand #156824275021:  Hold'em Limit ($3/$6 USD) - 2016/08/03 16:00:34 ET
Table 'Titius' 6-max Seat #4 is the button
Seat 1: wrxgibby ($96.54 in chips)
Seat 4: VolkovDmitri ($189.18 in chips)
VolkovDmitri: posts small blind $1
wrxgibby: posts big blind $3
*** HOLE CARDS ***
VolkovDmitri: raises $3 to $6
wrxgibby: calls $3
*** FLOP *** [Qc 8d Tc]
wrxgibby: checks
VolkovDmitri: bets $3
wrxgibby: calls $3
*** TURN *** [Qc 8d Tc] [Th]
wrxgibby: checks
VolkovDmitri: checks
*** RIVER *** [Qc 8d Tc Th] [7s]
wrxgibby: checks
dmonr joins the table at seat #3
VolkovDmitri: checks
*** SHOW DOWN ***
wrxgibby: shows [9h 7d] (two pair, Tens and Sevens)
VolkovDmitri: mucks hand
wrxgibby collected $17.64 from pot
*** SUMMARY ***
Total pot $18 | Rake $0.36
Board [Qc 8d Tc Th 7s]
Seat 1: wrxgibby (big blind) showed [9h 7d] and won ($17.64) with two pair, Tens and Sevens
Seat 4: VolkovDmitri (button) (small blind) mucked


PokerStars Hand #156826917929:  Hold'em Limit ($3/$6 USD) - 2016/08/03 16:54:58 ET
Table 'Titius' 6-max Seat #1 is the button
Seat 1: wrxgibby ($79.45 in chips)
Seat 5: Chessnok ($160.82 in chips)
wrxgibby: posts small blind $1
Kasinojunge*: is sitting out
Chessnok: posts big blind $3
*** HOLE CARDS ***
wrxgibby: folds
Uncalled bet ($2) returned to Chessnok
Kasinojunge* leaves the table
Chessnok collected $2 from pot
Chessnok: doesn't show hand
*** SUMMARY ***
Total pot $2 | Rake $0
Seat 1: wrxgibby (button) (small blind) folded before Flop
Seat 5: Chessnok (big blind) collected ($2)


PokerStars Hand #156826922091:  Hold'em Limit ($3/$6 USD) - 2016/08/03 16:55:04 ET
Table 'Titius' 6-max Seat #5 is the button
Seat 1: wrxgibby ($78.45 in chips)
Seat 5: Chessnok ($161.82 in chips)
Chessnok: posts small blind $1
wrxgibby: posts big blind $3
*** HOLE CARDS ***
Chessnok: raises $3 to $6
wrxgibby: calls $3
*** FLOP *** [6h 4s Jd]
wrxgibby: checks
Chessnok: bets $3
wrxgibby: raises $3 to $6
Chessnok: calls $3
*** TURN *** [6h 4s Jd] [Qs]
wrxgibby: bets $6
Chessnok: calls $6
*** RIVER *** [6h 4s Jd Qs] [As]
wrxgibby: bets $6
Chessnok: raises $6 to $12
wrxgibby: folds
Uncalled bet ($6) returned to Chessnok
Chessnok collected $47.50 from pot
Chessnok: doesn't show hand
*** SUMMARY ***
Total pot $48 | Rake $0.50
Board [6h 4s Jd Qs As]
Seat 1: wrxgibby (big blind) folded on the River
Seat 5: Chessnok (button) (small blind) collected ($47.50)


PokerStars Hand #156826944886:  Hold'em Limit ($3/$6 USD) - 2016/08/03 16:55:30 ET
Table 'Titius' 6-max Seat #1 is the button
Seat 1: wrxgibby ($54.45 in chips)
Seat 5: Chessnok ($185.32 in chips)
wrxgibby: posts small blind $1
Chessnok: posts big blind $3
*** HOLE CARDS ***
wrxgibby: raises $3 to $6
Chessnok: raises $3 to $9
wrxgibby: calls $3
*** FLOP *** [5d 4h 2h]
Chessnok: bets $3
wrxgibby: calls $3
*** TURN *** [5d 4h 2h] [Qh]
Chessnok: bets $6
wrxgibby: raises $6 to $12
Chessnok: calls $6
*** RIVER *** [5d 4h 2h Qh] [5h]
Chessnok: checks
wrxgibby: checks
*** SHOW DOWN ***
Chessnok: shows [As Ts] (a pair of Fives)
wrxgibby: shows [Qc 9h] (a flush, Queen high)
wrxgibby collected $47.50 from pot
*** SUMMARY ***
Total pot $48 | Rake $0.50
Board [5d 4h 2h Qh 5h]
Seat 1: wrxgibby (button) (small blind) showed [Qc 9h] and won ($47.50) with a flush, Queen high
Seat 5: Chessnok (big blind) showed [As Ts] and lost with a pair of Fives


PokerStars Hand #156826972679:  Hold'em Limit ($3/$6 USD) - 2016/08/03 16:56:16 ET
Table 'Titius' 6-max Seat #1 is the button
Seat 1: wrxgibby ($98.45 in chips)
Seat 5: Chessnok ($140.32 in chips)
wrxgibby: posts small blind $1
Chessnok: posts big blind $3
*** HOLE CARDS ***
wrxgibby: folds
Uncalled bet ($2) returned to Chessnok
Chessnok collected $2 from pot
Chessnok: doesn't show hand
*** SUMMARY ***
Total pot $2 | Rake $0
Seat 1: wrxgibby (button) (small blind) folded before Flop
Seat 5: Chessnok (big blind) collected ($2)


PokerStars Hand #156826956627:  Hold'em Limit ($3/$6 USD) - 2016/08/03 16:55:50 ET
Table 'Titius' 6-max Seat #5 is the button
Seat 1: wrxgibby ($77.95 in chips)
Seat 5: Chessnok ($161.32 in chips)
Chessnok: posts small blind $1
wrxgibby: posts big blind $3
*** HOLE CARDS ***
Chessnok: raises $3 to $6
wrxgibby: calls $3
*** FLOP *** [Qd Kd 8d]
wrxgibby: checks
Chessnok: bets $3
wrxgibby: calls $3
*** TURN *** [Qd Kd 8d] [3c]
wrxgibby: checks
Chessnok: bets $6
wrxgibby: raises $6 to $12
Chessnok: calls $6
*** RIVER *** [Qd Kd 8d 3c] [Tc]
wrxgibby: bets $6
Chessnok: folds
Uncalled bet ($6) returned to wrxgibby
wrxgibby collected $41.50 from pot
wrxgibby: doesn't show hand
*** SUMMARY ***
Total pot $42 | Rake $0.50
Board [Qd Kd 8d 3c Tc]
Seat 1: wrxgibby (big blind) collected ($41.50)
Seat 5: Chessnok (button) (small blind) folded on the River


PokerStars Hand #156826975949:  Hold'em Limit ($3/$6 USD) - 2016/08/03 16:56:21 ET
Table 'Titius' 6-max Seat #5 is the button
Seat 1: wrxgibby ($97.45 in chips)
Seat 5: Chessnok ($141.32 in chips)
Chessnok: posts small blind $1
wrxgibby: posts big blind $3
*** HOLE CARDS ***
Chessnok: folds
Uncalled bet ($2) returned to wrxgibby
wrxgibby collected $2 from pot
wrxgibby: doesn't show hand
*** SUMMARY ***
Total pot $2 | Rake $0
Seat 1: wrxgibby (big blind) collected ($2)
Seat 5: Chessnok (button) (small blind) folded before Flop


PokerStars Hand #156826991542:  Hold'em Limit ($3/$6 USD) - 2016/08/03 16:56:46 ET
Table 'Titius' 6-max Seat #5 is the button
Seat 1: wrxgibby ($74.45 in chips)
Seat 5: Chessnok ($163.82 in chips)
Chessnok: posts small blind $1
wrxgibby: posts big blind $3
*** HOLE CARDS ***
Chessnok: folds
Uncalled bet ($2) returned to wrxgibby
wrxgibby collected $2 from pot
wrxgibby: doesn't show hand
*** SUMMARY ***
Total pot $2 | Rake $0
Seat 1: wrxgibby (big blind) collected ($2)
Seat 5: Chessnok (button) (small blind) folded before Flop


PokerStars Hand #156826979138:  Hold'em Limit ($3/$6 USD) - 2016/08/03 16:56:26 ET
Table 'Titius' 6-max Seat #1 is the button
Seat 1: wrxgibby ($98.45 in chips)
Seat 5: Chessnok ($140.32 in chips)
wrxgibby: posts small blind $1
Chessnok: posts big blind $3
*** HOLE CARDS ***
wrxgibby: raises $3 to $6
Chessnok: raises $3 to $9
wrxgibby: calls $3
*** FLOP *** [Ac 8c 8h]
Chessnok: bets $3
wrxgibby: calls $3
*** TURN *** [Ac 8c 8h] [Qc]
Chessnok: bets $6
wrxgibby: calls $6
*** RIVER *** [Ac 8c 8h Qc] [7s]
Chessnok: bets $6
wrxgibby: calls $6
*** SHOW DOWN ***
Chessnok: shows [As 7c] (two pair, Aces and Eights)
wrxgibby: mucks hand
Chessnok collected $47.50 from pot
*** SUMMARY ***
Total pot $48 | Rake $0.50
Board [Ac 8c 8h Qc 7s]
Seat 1: wrxgibby (button) (small blind) mucked
Seat 5: Chessnok (big blind) showed [As 7c] and won ($47.50) with two pair, Aces and Eights


PokerStars Hand #156826994244:  Hold'em Limit ($3/$6 USD) - 2016/08/03 16:56:51 ET
Table 'Titius' 6-max Seat #1 is the button
Seat 1: wrxgibby ($75.45 in chips)
Seat 5: Chessnok ($162.82 in chips)
wrxgibby: posts small blind $1
Chessnok: posts big blind $3
*** HOLE CARDS ***
wrxgibby: raises $3 to $6
Chessnok: folds
Uncalled bet ($3) returned to wrxgibby
wrxgibby collected $6 from pot
wrxgibby: doesn't show hand
*** SUMMARY ***
Total pot $6 | Rake $0
Seat 1: wrxgibby (button) (small blind) collected ($6)
Seat 5: Chessnok (big blind) folded before Flop


PokerStars Hand #156826998473:  Hold'em Limit ($3/$6 USD) - 2016/08/03 16:56:58 ET
Table 'Titius' 6-max Seat #5 is the button
Seat 1: wrxgibby ($78.45 in chips)
Seat 5: Chessnok ($159.82 in chips)
Chessnok: posts small blind $1
wrxgibby: posts big blind $3
*** HOLE CARDS ***
Chessnok: raises $3 to $6
wrxgibby: calls $3
*** FLOP *** [4s Tc Td]
wrxgibby: checks
Chessnok: bets $3
wrxgibby: folds
Uncalled bet ($3) returned to Chessnok
Chessnok collected $11.76 from pot
Chessnok: doesn't show hand
*** SUMMARY ***
Total pot $12 | Rake $0.24
Board [4s Tc Td]
Seat 1: wrxgibby (big blind) folded on the Flop
Seat 5: Chessnok (button) (small blind) collected ($11.76)


PokerStars Hand #156827050414:  Hold'em Limit ($3/$6 USD) - 2016/08/03 16:58:21 ET
Table 'Titius' 6-max Seat #1 is the button
Seat 1: wrxgibby ($78.95 in chips)
Seat 5: Chessnok ($158.08 in chips)
wrxgibby: posts small blind $1
Chessnok: posts big blind $3
*** HOLE CARDS ***
wrxgibby: raises $3 to $6
Chessnok: folds
Uncalled bet ($3) returned to wrxgibby
wrxgibby collected $6 from pot
wrxgibby: doesn't show hand
*** SUMMARY ***
Total pot $6 | Rake $0
Seat 1: wrxgibby (button) (small blind) collected ($6)
Seat 5: Chessnok (big blind) folded before Flop


PokerStars Hand #156827058511:  Hold'em Limit ($3/$6 USD) - 2016/08/03 16:58:34 ET
Table 'Titius' 6-max Seat #1 is the button
Seat 1: wrxgibby ($82.95 in chips)
Seat 5: Chessnok ($154.08 in chips)
wrxgibby: posts small blind $1
Chessnok: posts big blind $3
*** HOLE CARDS ***
wrxgibby: folds
Uncalled bet ($2) returned to Chessnok
Chessnok collected $2 from pot
Chessnok: doesn't show hand
*** SUMMARY ***
Total pot $2 | Rake $0
Seat 1: wrxgibby (button) (small blind) folded before Flop
Seat 5: Chessnok (big blind) collected ($2)


PokerStars Hand #156827055582:  Hold'em Limit ($3/$6 USD) - 2016/08/03 16:58:30 ET
Table 'Titius' 6-max Seat #5 is the button
Seat 1: wrxgibby ($81.95 in chips)
Seat 5: Chessnok ($155.08 in chips)
Chessnok: posts small blind $1
wrxgibby: posts big blind $3
*** HOLE CARDS ***
Chessnok: folds
Uncalled bet ($2) returned to wrxgibby
wrxgibby collected $2 from pot
wrxgibby: doesn't show hand
*** SUMMARY ***
Total pot $2 | Rake $0
Seat 1: wrxgibby (big blind) collected ($2)
Seat 5: Chessnok (button) (small blind) folded before Flop


PokerStars Hand #156827026725:  Hold'em Limit ($3/$6 USD) - 2016/08/03 16:57:43 ET
Table 'Titius' 6-max Seat #5 is the button
Seat 1: wrxgibby ($98.95 in chips)
Seat 5: Chessnok ($138.58 in chips)
Chessnok: posts small blind $1
wrxgibby: posts big blind $3
*** HOLE CARDS ***
Chessnok: folds
Uncalled bet ($2) returned to wrxgibby
wrxgibby collected $2 from pot
wrxgibby: doesn't show hand
*** SUMMARY ***
Total pot $2 | Rake $0
Seat 1: wrxgibby (big blind) collected ($2)
Seat 5: Chessnok (button) (small blind) folded before Flop


PokerStars Hand #156827005876:  Hold'em Limit ($3/$6 USD) - 2016/08/03 16:57:10 ET
Table 'Titius' 6-max Seat #1 is the button
Seat 1: wrxgibby ($72.45 in chips)
Seat 5: Chessnok ($165.58 in chips)
wrxgibby: posts small blind $1
Chessnok: posts big blind $3
*** HOLE CARDS ***
wrxgibby: raises $3 to $6
Chessnok: calls $3
*** FLOP *** [8c Jh Qc]
Chessnok: checks
wrxgibby: bets $3
Chessnok: calls $3
*** TURN *** [8c Jh Qc] [9d]
Chessnok: bets $6
wrxgibby: calls $6
*** RIVER *** [8c Jh Qc 9d] [4s]
Chessnok: bets $6
wrxgibby: raises $6 to $12
Chessnok: calls $6
*** SHOW DOWN ***
wrxgibby: shows [Td 2d] (a straight, Eight to Queen)
Chessnok: mucks hand
wrxgibby collected $53.50 from pot
*** SUMMARY ***
Total pot $54 | Rake $0.50
Board [8c Jh Qc 9d 4s]
Seat 1: wrxgibby (button) (small blind) showed [Td 2d] and won ($53.50) with a straight, Eight to Queen
Seat 5: Chessnok (big blind) mucked


PokerStars Hand #156827030257:  Hold'em Limit ($3/$6 USD) - 2016/08/03 16:57:49 ET
Table 'Titius' 6-max Seat #1 is the button
Seat 1: wrxgibby ($99.95 in chips)
Seat 5: Chessnok ($137.58 in chips)
wrxgibby: posts small blind $1
Chessnok: posts big blind $3
*** HOLE CARDS ***
wrxgibby: raises $3 to $6
Chessnok: folds
Uncalled bet ($3) returned to wrxgibby
wrxgibby collected $6 from pot
wrxgibby: doesn't show hand
*** SUMMARY ***
Total pot $6 | Rake $0
Seat 1: wrxgibby (button) (small blind) collected ($6)
Seat 5: Chessnok (big blind) folded before Flop


PokerStars Hand #156827035311:  Hold'em Limit ($3/$6 USD) - 2016/08/03 16:57:57 ET
Table 'Titius' 6-max Seat #5 is the button
Seat 1: wrxgibby ($102.95 in chips)
Seat 5: Chessnok ($134.58 in chips)
Chessnok: posts small blind $1
wrxgibby: posts big blind $3
*** HOLE CARDS ***
Chessnok: raises $3 to $6
wrxgibby: raises $3 to $9
Chessnok: calls $3
*** FLOP *** [7s 9h Td]
wrxgibby: bets $3
Chessnok: calls $3
*** TURN *** [7s 9h Td] [9d]
wrxgibby: bets $6
Chessnok: raises $6 to $12
wrxgibby: calls $6
*** RIVER *** [7s 9h Td 9d] [Qc]
wrxgibby: checks
Chessnok: bets $6
wrxgibby: folds
Uncalled bet ($6) returned to Chessnok
Chessnok collected $47.50 from pot
Chessnok: doesn't show hand
*** SUMMARY ***
Total pot $48 | Rake $0.50
Board [7s 9h Td 9d Qc]
Seat 1: wrxgibby (big blind) folded on the River
Seat 5: Chessnok (button) (small blind) collected ($47.50)


PokerStars Hand #156827061871:  Hold'em Limit ($3/$6 USD) - 2016/08/03 16:58:40 ET
Table 'Titius' 6-max Seat #5 is the button
Seat 1: wrxgibby ($81.95 in chips)
Seat 5: Chessnok ($155.08 in chips)
Chessnok: posts small blind $1
wrxgibby: posts big blind $3
*** HOLE CARDS ***
Chessnok: raises $3 to $6
wrxgibby: folds
Uncalled bet ($3) returned to Chessnok
Chessnok collected $6 from pot
Chessnok: doesn't show hand
*** SUMMARY ***
Total pot $6 | Rake $0
Seat 1: wrxgibby (big blind) folded before Flop
Seat 5: Chessnok (button) (small blind) collected ($6)


PokerStars Hand #156827068155:  Hold'em Limit ($3/$6 USD) - 2016/08/03 16:58:50 ET
Table 'Titius' 6-max Seat #1 is the button
Seat 1: wrxgibby ($78.95 in chips)
Seat 5: Chessnok ($158.08 in chips)
wrxgibby: posts small blind $1
Chessnok: posts big blind $3
*** HOLE CARDS ***
wrxgibby: raises $3 to $6
Chessnok: raises $3 to $9
wrxgibby: calls $3
*** FLOP *** [Ks 3d 2h]
Chessnok: bets $3
wrxgibby: calls $3
*** TURN *** [Ks 3d 2h] [Tc]
Chessnok: checks
ChipsOrre joins the table at seat #6
wrxgibby: bets $6
Chessnok: calls $6
*** RIVER *** [Ks 3d 2h Tc] [8c]
Chessnok: checks
wrxgibby: bets $6
Chessnok: folds
Uncalled bet ($6) returned to wrxgibby
wrxgibby collected $35.50 from pot
wrxgibby: doesn't show hand
*** SUMMARY ***
Total pot $36 | Rake $0.50
Board [Ks 3d 2h Tc 8c]
Seat 1: wrxgibby (button) (small blind) collected ($35.50)
Seat 5: Chessnok (big blind) folded on the River


PokerStars Hand #156828566956:  Hold'em Limit ($3/$6 USD) - 2016/08/03 17:30:35 ET
Table 'Titius' 6-max Seat #5 is the button
Seat 4: ZOGI ($143.94 in chips)
Seat 5: Chessnok ($88.87 in chips)
Chessnok: posts small blind $1
ZOGI: posts big blind $3
*** HOLE CARDS ***
Chessnok: folds
Uncalled bet ($2) returned to ZOGI
ZOGI collected $2 from pot
*** SUMMARY ***
Total pot $2 | Rake $0
Seat 4: ZOGI (big blind) collected ($2)
Seat 5: Chessnok (button) (small blind) folded before Flop


PokerStars Hand #156828587867:  Hold'em Limit ($3/$6 USD) - 2016/08/03 17:30:57 ET
Table 'Titius' 6-max Seat #5 is the button
Seat 4: ZOGI ($141.94 in chips)
Seat 5: Chessnok ($90.75 in chips)
Chessnok: posts small blind $1
ZOGI: posts big blind $3
*** HOLE CARDS ***
Chessnok: raises $3 to $6
ZOGI: calls $3
*** FLOP *** [Td Ts 8s]
ZOGI: bets $3
Chessnok: calls $3
*** TURN *** [Td Ts 8s] [2s]
ZOGI: bets $6
Chessnok: calls $6
*** RIVER *** [Td Ts 8s 2s] [7d]
ZOGI: bets $6
Chessnok: calls $6
*** SHOW DOWN ***
ZOGI: shows [8h 6c] (two pair, Tens and Eights)
Chessnok: mucks hand
ZOGI collected $41.50 from pot
*** SUMMARY ***
Total pot $42 | Rake $0.50
Board [Td Ts 8s 2s 7d]
Seat 4: ZOGI (big blind) showed [8h 6c] and won ($41.50) with two pair, Tens and Eights
Seat 5: Chessnok (button) (small blind) mucked


PokerStars Hand #156828607285:  Hold'em Limit ($3/$6 USD) - 2016/08/03 17:31:18 ET
Table 'Titius' 6-max Seat #4 is the button
Seat 4: ZOGI ($162.44 in chips)
Seat 5: Chessnok ($69.75 in chips)
ZOGI: posts small blind $1
Chessnok: posts big blind $3
*** HOLE CARDS ***
ZOGI: calls $2
Chessnok: checks
*** FLOP *** [5d Kc As]
Chessnok: bets $3
ZOGI: calls $3
*** TURN *** [5d Kc As] [Ac]
Chessnok: bets $6
ZOGI: calls $6
*** RIVER *** [5d Kc As Ac] [9d]
Chessnok: bets $6
ZOGI: calls $6
*** SHOW DOWN ***
Chessnok: shows [Kh 2d] (two pair, Aces and Kings)
ZOGI: shows [Ah 7c] (three of a kind, Aces)
ZOGI collected $35.50 from pot
*** SUMMARY ***
Total pot $36 | Rake $0.50
Board [5d Kc As Ac 9d]
Seat 4: ZOGI (button) (small blind) showed [Ah 7c] and won ($35.50) with three of a kind, Aces
Seat 5: Chessnok (big blind) showed [Kh 2d] and lost with two pair, Aces and Kings


PokerStars Hand #156828575398:  Hold'em Limit ($3/$6 USD) - 2016/08/03 17:30:44 ET
Table 'Titius' 6-max Seat #4 is the button
Seat 4: ZOGI ($144.94 in chips)
Seat 5: Chessnok ($87.87 in chips)
ZOGI: posts small blind $1
Chessnok: posts big blind $3
*** HOLE CARDS ***
ZOGI: calls $2
Chessnok: checks
*** FLOP *** [4d Kc Ts]
Chessnok: bets $3
ZOGI: folds
Uncalled bet ($3) returned to Chessnok
Chessnok collected $5.88 from pot
Chessnok: doesn't show hand
*** SUMMARY ***
Total pot $6 | Rake $0.12
Board [4d Kc Ts]
Seat 4: ZOGI (button) (small blind) folded on the Flop
Seat 5: Chessnok (big blind) collected ($5.88)


PokerStars Hand #156830643931:  Hold'em Limit ($3/$6 USD) - 2016/08/03 18:17:27 ET
Table 'Titius' 6-max Seat #5 is the button
Seat 3: krytalex ($97.38 in chips)
Seat 5: Chessnok ($177.67 in chips)
Chessnok: posts small blind $1
Necromadx: is sitting out
krytalex: posts big blind $3
*** HOLE CARDS ***
Chessnok: raises $3 to $6
krytalex: calls $3
*** FLOP *** [Qs Qd 4s]
Necromadx leaves the table
krytalex: checks
Chessnok: bets $3
krytalex: calls $3
*** TURN *** [Qs Qd 4s] [Ah]
krytalex: checks
Chessnok: checks
*** RIVER *** [Qs Qd 4s Ah] [7h]
krytalex: checks
Chessnok: checks
*** SHOW DOWN ***
krytalex: shows [Kc 3c] (a pair of Queens)
Chessnok: shows [5c Kh] (a pair of Queens)
krytalex collected $8.82 from pot
Chessnok collected $8.82 from pot
*** SUMMARY ***
Total pot $18 | Rake $0.36
Board [Qs Qd 4s Ah 7h]
Seat 3: krytalex (big blind) showed [Kc 3c] and won ($8.82) with a pair of Queens
Seat 5: Chessnok (button) (small blind) showed [5c Kh] and won ($8.82) with a pair of Queens


