PokerStars Hand #147838645356:  Hold'em Limit ($3/$6 USD) - 2016/01/28 15:38:54 ET
Table 'Titius III' 2-max Seat #2 is the button
Seat 1: SmellyToes4u ($109.12 in chips)
Seat 2: dragon1893 ($150 in chips)
dragon1893: posts small blind $1
SmellyToes4u: posts big blind $3
*** HOLE CARDS ***
dragon1893: raises $3 to $6
SmellyToes4u: calls $3
*** FLOP *** [8d Kh 4s]
SmellyToes4u: checks
dragon1893: bets $3
SmellyToes4u: raises $3 to $6
dragon1893: calls $3
*** TURN *** [8d Kh 4s] [Jd]
SmellyToes4u: bets $6
dragon1893: calls $6
*** RIVER *** [8d Kh 4s Jd] [Jc]
SmellyToes4u: bets $6
dragon1893: calls $6
*** SHOW DOWN ***
SmellyToes4u: shows [9h Ks] (two pair, Kings and Jacks)
dragon1893: mucks hand
SmellyToes4u collected $47.50 from pot
*** SUMMARY ***
Total pot $48 | Rake $0.50
Board [8d Kh 4s Jd Jc]
Seat 1: SmellyToes4u (big blind) showed [9h Ks] and won ($47.50) with two pair, Kings and Jacks
Seat 2: dragon1893 (button) (small blind) mucked


PokerStars Hand #147838720966:  Hold'em Limit ($3/$6 USD) - 2016/01/28 15:40:04 ET
Table 'Titius III' 2-max Seat #1 is the button
Seat 1: SmellyToes4u ($105.44 in chips)
Seat 2: dragon1893 ($176.08 in chips)
SmellyToes4u: posts small blind $1
dragon1893: posts big blind $3
*** HOLE CARDS ***
SmellyToes4u: raises $3 to $6
dragon1893: folds
Uncalled bet ($3) returned to SmellyToes4u
SmellyToes4u collected $6 from pot
SmellyToes4u: doesn't show hand
*** SUMMARY ***
Total pot $6 | Rake $0
Seat 1: SmellyToes4u (button) (small blind) collected ($6)
Seat 2: dragon1893 (big blind) folded before Flop


PokerStars Hand #147838706445:  Hold'em Limit ($3/$6 USD) - 2016/01/28 15:39:50 ET
Table 'Titius III' 2-max Seat #2 is the button
Seat 1: SmellyToes4u ($111.44 in chips)
Seat 2: dragon1893 ($170.32 in chips)
dragon1893: posts small blind $1
SmellyToes4u: posts big blind $3
*** HOLE CARDS ***
dragon1893: raises $3 to $6
SmellyToes4u: calls $3
*** FLOP *** [4s 3h 4c]
SmellyToes4u: checks
dragon1893: bets $3
SmellyToes4u: folds
Uncalled bet ($3) returned to dragon1893
dragon1893 collected $11.76 from pot
dragon1893: doesn't show hand
*** SUMMARY ***
Total pot $12 | Rake $0.24
Board [4s 3h 4c]
Seat 1: SmellyToes4u (big blind) folded on the Flop
Seat 2: dragon1893 (button) (small blind) collected ($11.76)


PokerStars Hand #147838693731:  Hold'em Limit ($3/$6 USD) - 2016/01/28 15:39:39 ET
Table 'Titius III' 2-max Seat #1 is the button
Seat 1: SmellyToes4u ($111.62 in chips)
Seat 2: dragon1893 ($170.50 in chips)
SmellyToes4u: posts small blind $1
dragon1893: posts big blind $3
*** HOLE CARDS ***
SmellyToes4u: raises $3 to $6
dragon1893: calls $3
*** FLOP *** [4h 7d 9c]
dragon1893: checks
SmellyToes4u: bets $3
dragon1893: calls $3
*** TURN *** [4h 7d 9c] [4d]
dragon1893: checks
SmellyToes4u: checks
*** RIVER *** [4h 7d 9c 4d] [7s]
dragon1893: checks
SmellyToes4u: checks
*** SHOW DOWN ***
dragon1893: shows [2h 2s] (two pair, Sevens and Fours)
SmellyToes4u: shows [2c 3c] (two pair, Sevens and Fours)
dragon1893 collected $8.82 from pot
SmellyToes4u collected $8.82 from pot
*** SUMMARY ***
Total pot $18 | Rake $0.36
Board [4h 7d 9c 4d 7s]
Seat 1: SmellyToes4u (button) (small blind) showed [2c 3c] and won ($8.82) with two pair, Sevens and Fours
Seat 2: dragon1893 (big blind) showed [2h 2s] and won ($8.82) with two pair, Sevens and Fours


PokerStars Hand #147838688773:  Hold'em Limit ($3/$6 USD) - 2016/01/28 15:39:34 ET
Table 'Titius III' 2-max Seat #2 is the button
Seat 1: SmellyToes4u ($114.62 in chips)
Seat 2: dragon1893 ($167.50 in chips)
dragon1893: posts small blind $1
SmellyToes4u: posts big blind $3
*** HOLE CARDS ***
dragon1893: raises $3 to $6
SmellyToes4u: folds
Uncalled bet ($3) returned to dragon1893
dragon1893 collected $6 from pot
dragon1893: doesn't show hand
*** SUMMARY ***
Total pot $6 | Rake $0
Seat 1: SmellyToes4u (big blind) folded before Flop
Seat 2: dragon1893 (button) (small blind) collected ($6)


PokerStars Hand #147838666466:  Hold'em Limit ($3/$6 USD) - 2016/01/28 15:39:14 ET
Table 'Titius III' 2-max Seat #1 is the button
Seat 1: SmellyToes4u ($132.62 in chips)
Seat 2: dragon1893 ($150 in chips)
SmellyToes4u: posts small blind $1
dragon1893: posts big blind $3
*** HOLE CARDS ***
SmellyToes4u: raises $3 to $6
dragon1893: calls $3
*** FLOP *** [Tc 5h 6d]
dragon1893: checks
SmellyToes4u: bets $3
dragon1893: raises $3 to $6
SmellyToes4u: calls $3
*** TURN *** [Tc 5h 6d] [Js]
dragon1893: bets $6
SmellyToes4u: calls $6
*** RIVER *** [Tc 5h 6d Js] [7h]
dragon1893: bets $6
SmellyToes4u: folds
Uncalled bet ($6) returned to dragon1893
dragon1893 collected $35.50 from pot
dragon1893: doesn't show hand
*** SUMMARY ***
Total pot $36 | Rake $0.50
Board [Tc 5h 6d Js 7h]
Seat 1: SmellyToes4u (button) (small blind) folded on the River
Seat 2: dragon1893 (big blind) collected ($35.50)


PokerStars Hand #147838802750:  Hold'em Limit ($3/$6 USD) - 2016/01/28 15:41:19 ET
Table 'Titius III' 2-max Seat #1 is the button
Seat 1: SmellyToes4u ($122.58 in chips)
Seat 2: dragon1893 ($158.64 in chips)
SmellyToes4u: posts small blind $1
dragon1893: posts big blind $3
*** HOLE CARDS ***
SmellyToes4u: raises $3 to $6
dragon1893: raises $3 to $9
SmellyToes4u: calls $3
*** FLOP *** [Qd 6h 9h]
dragon1893: bets $3
SmellyToes4u: calls $3
*** TURN *** [Qd 6h 9h] [8s]
dragon1893: bets $6
SmellyToes4u: raises $6 to $12
dragon1893: calls $6
*** RIVER *** [Qd 6h 9h 8s] [Tc]
dragon1893: checks
SmellyToes4u: checks
*** SHOW DOWN ***
dragon1893: shows [As Jc] (a straight, Eight to Queen)
SmellyToes4u: mucks hand
dragon1893 collected $47.50 from pot
*** SUMMARY ***
Total pot $48 | Rake $0.50
Board [Qd 6h 9h 8s Tc]
Seat 1: SmellyToes4u (button) (small blind) mucked
Seat 2: dragon1893 (big blind) showed [As Jc] and won ($47.50) with a straight, Eight to Queen


PokerStars Hand #147838783164:  Hold'em Limit ($3/$6 USD) - 2016/01/28 15:41:01 ET
Table 'Titius III' 2-max Seat #2 is the button
Seat 1: SmellyToes4u ($131.58 in chips)
Seat 2: dragon1893 ($150 in chips)
dragon1893: posts small blind $1
SmellyToes4u: posts big blind $3
*** HOLE CARDS ***
dragon1893: raises $3 to $6
SmellyToes4u: calls $3
*** FLOP *** [4c Ac 3s]
SmellyToes4u: checks
dragon1893: bets $3
SmellyToes4u: calls $3
*** TURN *** [4c Ac 3s] [5d]
SmellyToes4u: checks
dragon1893: bets $6
SmellyToes4u: folds
Uncalled bet ($6) returned to dragon1893
dragon1893 collected $17.64 from pot
dragon1893: doesn't show hand
*** SUMMARY ***
Total pot $18 | Rake $0.36
Board [4c Ac 3s 5d]
Seat 1: SmellyToes4u (big blind) folded on the Turn
Seat 2: dragon1893 (button) (small blind) collected ($17.64)


PokerStars Hand #147838755124:  Hold'em Limit ($3/$6 USD) - 2016/01/28 15:40:35 ET
Table 'Titius III' 2-max Seat #1 is the button
Seat 1: SmellyToes4u ($122.94 in chips)
Seat 2: dragon1893 ($158.08 in chips)
SmellyToes4u: posts small blind $1
dragon1893: posts big blind $3
*** HOLE CARDS ***
SmellyToes4u: raises $3 to $6
dragon1893: calls $3
*** FLOP *** [3d 3s 2h]
dragon1893: checks
SmellyToes4u: bets $3
dragon1893: calls $3
*** TURN *** [3d 3s 2h] [Qs]
dragon1893: checks
SmellyToes4u: bets $6
dragon1893: folds
Uncalled bet ($6) returned to SmellyToes4u
SmellyToes4u collected $17.64 from pot
SmellyToes4u: doesn't show hand
*** SUMMARY ***
Total pot $18 | Rake $0.36
Board [3d 3s 2h Qs]
Seat 1: SmellyToes4u (button) (small blind) collected ($17.64)
Seat 2: dragon1893 (big blind) folded on the Turn


PokerStars Hand #147838729737:  Hold'em Limit ($3/$6 USD) - 2016/01/28 15:40:12 ET
Table 'Titius III' 2-max Seat #2 is the button
Seat 1: SmellyToes4u ($108.44 in chips)
Seat 2: dragon1893 ($173.08 in chips)
dragon1893: posts small blind $1
SmellyToes4u: posts big blind $3
*** HOLE CARDS ***
dragon1893: raises $3 to $6
SmellyToes4u: calls $3
*** FLOP *** [Kh Qd Jc]
SmellyToes4u: checks
dragon1893: bets $3
SmellyToes4u: calls $3
*** TURN *** [Kh Qd Jc] [3d]
SmellyToes4u: checks
dragon1893: bets $6
SmellyToes4u: calls $6
*** RIVER *** [Kh Qd Jc 3d] [Tc]
SmellyToes4u: checks
dragon1893: checks
*** SHOW DOWN ***
SmellyToes4u: shows [Kd 5c] (a pair of Kings)
dragon1893: mucks hand
SmellyToes4u collected $29.50 from pot
*** SUMMARY ***
Total pot $30 | Rake $0.50
Board [Kh Qd Jc 3d Tc]
Seat 1: SmellyToes4u (big blind) showed [Kd 5c] and won ($29.50) with a pair of Kings
Seat 2: dragon1893 (button) (small blind) mucked


PokerStars Hand #147838875286:  Hold'em Limit ($3/$6 USD) - 2016/01/28 15:42:24 ET
Table 'Titius III' 2-max Seat #1 is the button
Seat 1: SmellyToes4u ($69.58 in chips)
Seat 2: dragon1893 ($210.40 in chips)
SmellyToes4u: posts small blind $1
dragon1893: posts big blind $3
*** HOLE CARDS ***
SmellyToes4u: raises $3 to $6
dragon1893: calls $3
*** FLOP *** [9d Qd As]
dragon1893: checks
SmellyToes4u: bets $3
dragon1893: folds
Uncalled bet ($3) returned to SmellyToes4u
SmellyToes4u collected $11.76 from pot
SmellyToes4u: doesn't show hand
*** SUMMARY ***
Total pot $12 | Rake $0.24
Board [9d Qd As]
Seat 1: SmellyToes4u (button) (small blind) collected ($11.76)
Seat 2: dragon1893 (big blind) folded on the Flop


PokerStars Hand #147838869524:  Hold'em Limit ($3/$6 USD) - 2016/01/28 15:42:19 ET
Table 'Titius III' 2-max Seat #2 is the button
Seat 1: SmellyToes4u ($68.58 in chips)
Seat 2: dragon1893 ($211.40 in chips)
dragon1893: posts small blind $1
SmellyToes4u: posts big blind $3
*** HOLE CARDS ***
dragon1893: folds
Uncalled bet ($2) returned to SmellyToes4u
SmellyToes4u collected $2 from pot
SmellyToes4u: doesn't show hand
*** SUMMARY ***
Total pot $2 | Rake $0
Seat 1: SmellyToes4u (big blind) collected ($2)
Seat 2: dragon1893 (button) (small blind) folded before Flop


PokerStars Hand #147838857959:  Hold'em Limit ($3/$6 USD) - 2016/01/28 15:42:08 ET
Table 'Titius III' 2-max Seat #1 is the button
Seat 1: SmellyToes4u ($65.58 in chips)
Seat 2: dragon1893 ($214.40 in chips)
SmellyToes4u: posts small blind $1
dragon1893: posts big blind $3
*** HOLE CARDS ***
SmellyToes4u: raises $3 to $6
dragon1893: folds
Uncalled bet ($3) returned to SmellyToes4u
SmellyToes4u collected $6 from pot
SmellyToes4u: doesn't show hand
*** SUMMARY ***
Total pot $6 | Rake $0
Seat 1: SmellyToes4u (button) (small blind) collected ($6)
Seat 2: dragon1893 (big blind) folded before Flop


PokerStars Hand #147838832695:  Hold'em Limit ($3/$6 USD) - 2016/01/28 15:41:46 ET
Table 'Titius III' 2-max Seat #2 is the button
Seat 1: SmellyToes4u ($71.58 in chips)
Seat 2: dragon1893 ($208.64 in chips)
dragon1893: posts small blind $1
SmellyToes4u: posts big blind $3
*** HOLE CARDS ***
dragon1893: raises $3 to $6
SmellyToes4u: calls $3
*** FLOP *** [Kd Jd 6s]
SmellyToes4u: checks
dragon1893: bets $3
SmellyToes4u: folds
Uncalled bet ($3) returned to dragon1893
dragon1893 collected $11.76 from pot
dragon1893: doesn't show hand
*** SUMMARY ***
Total pot $12 | Rake $0.24
Board [Kd Jd 6s]
Seat 1: SmellyToes4u (big blind) folded on the Flop
Seat 2: dragon1893 (button) (small blind) collected ($11.76)


PokerStars Hand #147838820851:  Hold'em Limit ($3/$6 USD) - 2016/01/28 15:41:35 ET
Table 'Titius III' 2-max Seat #1 is the button
Seat 1: SmellyToes4u ($95.58 in chips)
Seat 2: dragon1893 ($185.14 in chips)
SmellyToes4u: posts small blind $1
dragon1893: posts big blind $3
*** HOLE CARDS ***
SmellyToes4u: raises $3 to $6
dragon1893: calls $3
*** FLOP *** [7s 3d 6h]
dragon1893: checks
SmellyToes4u: bets $3
dragon1893: raises $3 to $6
SmellyToes4u: calls $3
*** TURN *** [7s 3d 6h] [Ad]
dragon1893: bets $6
SmellyToes4u: calls $6
*** RIVER *** [7s 3d 6h Ad] [Jc]
dragon1893: bets $6
SmellyToes4u: calls $6
*** SHOW DOWN ***
dragon1893: shows [7c Ks] (a pair of Sevens)
SmellyToes4u: mucks hand
dragon1893 collected $47.50 from pot
*** SUMMARY ***
Total pot $48 | Rake $0.50
Board [7s 3d 6h Ad Jc]
Seat 1: SmellyToes4u (button) (small blind) mucked
Seat 2: dragon1893 (big blind) showed [7c Ks] and won ($47.50) with a pair of Sevens


PokerStars Hand #147838814886:  Hold'em Limit ($3/$6 USD) - 2016/01/28 15:41:30 ET
Table 'Titius III' 2-max Seat #2 is the button
Seat 1: SmellyToes4u ($98.58 in chips)
Seat 2: dragon1893 ($182.14 in chips)
dragon1893: posts small blind $1
SmellyToes4u: posts big blind $3
*** HOLE CARDS ***
dragon1893: raises $3 to $6
SmellyToes4u: folds
Uncalled bet ($3) returned to dragon1893
dragon1893 collected $6 from pot
dragon1893: doesn't show hand
*** SUMMARY ***
Total pot $6 | Rake $0
Seat 1: SmellyToes4u (big blind) folded before Flop
Seat 2: dragon1893 (button) (small blind) collected ($6)


PokerStars Hand #147838902950:  Hold'em Limit ($3/$6 USD) - 2016/01/28 15:42:49 ET
Table 'Titius III' 2-max Seat #2 is the button
Seat 1: SmellyToes4u ($84.98 in chips)
Seat 2: dragon1893 ($194.40 in chips)
dragon1893: posts small blind $1
SmellyToes4u: posts big blind $3
*** HOLE CARDS ***
dragon1893: raises $3 to $6
SmellyToes4u: calls $3
*** FLOP *** [2c Tc Jd]
SmellyToes4u: checks
dragon1893: bets $3
SmellyToes4u: raises $3 to $6
dragon1893: calls $3
*** TURN *** [2c Tc Jd] [2d]
SmellyToes4u: bets $6
dragon1893: calls $6
*** RIVER *** [2c Tc Jd 2d] [Kh]
SmellyToes4u: bets $6
dragon1893: folds
Uncalled bet ($6) returned to SmellyToes4u
SmellyToes4u collected $35.50 from pot
SmellyToes4u: doesn't show hand
*** SUMMARY ***
Total pot $36 | Rake $0.50
Board [2c Tc Jd 2d Kh]
Seat 1: SmellyToes4u (big blind) collected ($35.50)
Seat 2: dragon1893 (button) (small blind) folded on the River


PokerStars Hand #147838889381:  Hold'em Limit ($3/$6 USD) - 2016/01/28 15:42:36 ET
Table 'Titius III' 2-max Seat #1 is the button
Seat 1: SmellyToes4u ($76.34 in chips)
Seat 2: dragon1893 ($203.40 in chips)
SmellyToes4u: posts small blind $1
dragon1893: posts big blind $3
*** HOLE CARDS ***
SmellyToes4u: raises $3 to $6
dragon1893: calls $3
*** FLOP *** [2h 3d 7d]
dragon1893: checks
SmellyToes4u: bets $3
dragon1893: calls $3
*** TURN *** [2h 3d 7d] [3h]
dragon1893: checks
SmellyToes4u: bets $6
dragon1893: folds
Uncalled bet ($6) returned to SmellyToes4u
SmellyToes4u collected $17.64 from pot
SmellyToes4u: doesn't show hand
*** SUMMARY ***
Total pot $18 | Rake $0.36
Board [2h 3d 7d 3h]
Seat 1: SmellyToes4u (button) (small blind) collected ($17.64)
Seat 2: dragon1893 (big blind) folded on the Turn


PokerStars Hand #147838884467:  Hold'em Limit ($3/$6 USD) - 2016/01/28 15:42:32 ET
Table 'Titius III' 2-max Seat #2 is the button
Seat 1: SmellyToes4u ($75.34 in chips)
Seat 2: dragon1893 ($204.40 in chips)
dragon1893: posts small blind $1
SmellyToes4u: posts big blind $3
*** HOLE CARDS ***
dragon1893: folds
Uncalled bet ($2) returned to SmellyToes4u
SmellyToes4u collected $2 from pot
SmellyToes4u: doesn't show hand
*** SUMMARY ***
Total pot $2 | Rake $0
Seat 1: SmellyToes4u (big blind) collected ($2)
Seat 2: dragon1893 (button) (small blind) folded before Flop


PokerStars Hand #147839003463:  Hold'em Limit ($3/$6 USD) - 2016/01/28 15:44:19 ET
Table 'Titius III' 2-max Seat #2 is the button
Seat 1: SmellyToes4u ($97.50 in chips)
Seat 2: dragon1893 ($179.66 in chips)
dragon1893: posts small blind $1
SmellyToes4u: posts big blind $3
*** HOLE CARDS ***
dragon1893: raises $3 to $6
SmellyToes4u: calls $3
*** FLOP *** [Ts Jc 5c]
SmellyToes4u: checks
dragon1893: bets $3
SmellyToes4u: calls $3
*** TURN *** [Ts Jc 5c] [Jd]
SmellyToes4u: checks
dragon1893: checks
*** RIVER *** [Ts Jc 5c Jd] [8h]
SmellyToes4u: checks
dragon1893: checks
*** SHOW DOWN ***
SmellyToes4u: shows [9s Kh] (a pair of Jacks)
dragon1893: shows [Ad 6d] (a pair of Jacks - Ace kicker)
dragon1893 collected $17.64 from pot
*** SUMMARY ***
Total pot $18 | Rake $0.36
Board [Ts Jc 5c Jd 8h]
Seat 1: SmellyToes4u (big blind) showed [9s Kh] and lost with a pair of Jacks
Seat 2: dragon1893 (button) (small blind) showed [Ad 6d] and won ($17.64) with a pair of Jacks


PokerStars Hand #147838997889:  Hold'em Limit ($3/$6 USD) - 2016/01/28 15:44:14 ET
Table 'Titius III' 2-max Seat #1 is the button
Seat 1: SmellyToes4u ($98.50 in chips)
Seat 2: dragon1893 ($178.66 in chips)
SmellyToes4u: posts small blind $1
dragon1893: posts big blind $3
*** HOLE CARDS ***
SmellyToes4u: folds
Uncalled bet ($2) returned to dragon1893
dragon1893 collected $2 from pot
dragon1893: doesn't show hand
*** SUMMARY ***
Total pot $2 | Rake $0
Seat 1: SmellyToes4u (button) (small blind) folded before Flop
Seat 2: dragon1893 (big blind) collected ($2)


PokerStars Hand #147838986080:  Hold'em Limit ($3/$6 USD) - 2016/01/28 15:44:03 ET
Table 'Titius III' 2-max Seat #2 is the button
Seat 1: SmellyToes4u ($86.98 in chips)
Seat 2: dragon1893 ($190.66 in chips)
dragon1893: posts small blind $1
SmellyToes4u: posts big blind $3
*** HOLE CARDS ***
dragon1893: raises $3 to $6
SmellyToes4u: raises $3 to $9
dragon1893: calls $3
*** FLOP *** [3h Qd 2s]
SmellyToes4u: bets $3
dragon1893: calls $3
*** TURN *** [3h Qd 2s] [5h]
SmellyToes4u: bets $6
dragon1893: folds
Uncalled bet ($6) returned to SmellyToes4u
SmellyToes4u collected $23.52 from pot
SmellyToes4u: doesn't show hand
*** SUMMARY ***
Total pot $24 | Rake $0.48
Board [3h Qd 2s 5h]
Seat 1: SmellyToes4u (big blind) collected ($23.52)
Seat 2: dragon1893 (button) (small blind) folded on the Turn


PokerStars Hand #147838981260:  Hold'em Limit ($3/$6 USD) - 2016/01/28 15:43:58 ET
Table 'Titius III' 2-max Seat #1 is the button
Seat 1: SmellyToes4u ($87.98 in chips)
Seat 2: dragon1893 ($189.66 in chips)
SmellyToes4u: posts small blind $1
dragon1893: posts big blind $3
*** HOLE CARDS ***
SmellyToes4u: folds
Uncalled bet ($2) returned to dragon1893
dragon1893 collected $2 from pot
*** SUMMARY ***
Total pot $2 | Rake $0
Seat 1: SmellyToes4u (button) (small blind) folded before Flop
Seat 2: dragon1893 (big blind) collected ($2)


PokerStars Hand #147838972741:  Hold'em Limit ($3/$6 USD) - 2016/01/28 15:43:51 ET
Table 'Titius III' 2-max Seat #2 is the button
Seat 1: SmellyToes4u ($93.98 in chips)
Seat 2: dragon1893 ($183.90 in chips)
dragon1893: posts small blind $1
SmellyToes4u: posts big blind $3
*** HOLE CARDS ***
dragon1893: raises $3 to $6
SmellyToes4u: calls $3
*** FLOP *** [Th 8d 5d]
SmellyToes4u: checks
dragon1893: bets $3
SmellyToes4u: folds
Uncalled bet ($3) returned to dragon1893
dragon1893 collected $11.76 from pot
dragon1893: doesn't show hand
*** SUMMARY ***
Total pot $12 | Rake $0.24
Board [Th 8d 5d]
Seat 1: SmellyToes4u (big blind) folded on the Flop
Seat 2: dragon1893 (button) (small blind) collected ($11.76)


PokerStars Hand #147838959460:  Hold'em Limit ($3/$6 USD) - 2016/01/28 15:43:39 ET
Table 'Titius III' 2-max Seat #1 is the button
Seat 1: SmellyToes4u ($79.48 in chips)
Seat 2: dragon1893 ($198.90 in chips)
SmellyToes4u: posts small blind $1
dragon1893: posts big blind $3
*** HOLE CARDS ***
SmellyToes4u: raises $3 to $6
dragon1893: calls $3
*** FLOP *** [7h 4h 6c]
dragon1893: checks
SmellyToes4u: bets $3
dragon1893: calls $3
*** TURN *** [7h 4h 6c] [2d]
dragon1893: checks
SmellyToes4u: bets $6
dragon1893: calls $6
*** RIVER *** [7h 4h 6c 2d] [Qd]
dragon1893: checks
SmellyToes4u: bets $6
dragon1893: folds
Uncalled bet ($6) returned to SmellyToes4u
SmellyToes4u collected $29.50 from pot
SmellyToes4u: doesn't show hand
*** SUMMARY ***
Total pot $30 | Rake $0.50
Board [7h 4h 6c 2d Qd]
Seat 1: SmellyToes4u (button) (small blind) collected ($29.50)
Seat 2: dragon1893 (big blind) folded on the River


PokerStars Hand #147838954348:  Hold'em Limit ($3/$6 USD) - 2016/01/28 15:43:34 ET
Table 'Titius III' 2-max Seat #2 is the button
Seat 1: SmellyToes4u ($78.48 in chips)
Seat 2: dragon1893 ($199.90 in chips)
dragon1893: posts small blind $1
SmellyToes4u: posts big blind $3
*** HOLE CARDS ***
dragon1893: folds
Uncalled bet ($2) returned to SmellyToes4u
SmellyToes4u collected $2 from pot
SmellyToes4u: doesn't show hand
*** SUMMARY ***
Total pot $2 | Rake $0
Seat 1: SmellyToes4u (big blind) collected ($2)
Seat 2: dragon1893 (button) (small blind) folded before Flop


PokerStars Hand #147838924337:  Hold'em Limit ($3/$6 USD) - 2016/01/28 15:43:08 ET
Table 'Titius III' 2-max Seat #1 is the button
Seat 1: SmellyToes4u ($102.48 in chips)
Seat 2: dragon1893 ($176.40 in chips)
SmellyToes4u: posts small blind $1
dragon1893: posts big blind $3
*** HOLE CARDS ***
SmellyToes4u: raises $3 to $6
dragon1893: calls $3
*** FLOP *** [Qh 7d 8c]
dragon1893: checks
SmellyToes4u: bets $3
dragon1893: raises $3 to $6
SmellyToes4u: calls $3
*** TURN *** [Qh 7d 8c] [5h]
dragon1893: bets $6
SmellyToes4u: calls $6
*** RIVER *** [Qh 7d 8c 5h] [6d]
dragon1893: bets $6
SmellyToes4u: calls $6
*** SHOW DOWN ***
dragon1893: shows [9c 6h] (a straight, Five to Nine)
SmellyToes4u: mucks hand
dragon1893 collected $47.50 from pot
*** SUMMARY ***
Total pot $48 | Rake $0.50
Board [Qh 7d 8c 5h 6d]
Seat 1: SmellyToes4u (button) (small blind) mucked
Seat 2: dragon1893 (big blind) showed [9c 6h] and won ($47.50) with a straight, Five to Nine


PokerStars Hand #147839072480:  Hold'em Limit ($3/$6 USD) - 2016/01/28 15:45:20 ET
Table 'Titius III' 2-max Seat #2 is the button
Seat 1: SmellyToes4u ($61.26 in chips)
Seat 2: dragon1893 ($214.44 in chips)
dragon1893: posts small blind $1
SmellyToes4u: posts big blind $3
*** HOLE CARDS ***
dragon1893: raises $3 to $6
SmellyToes4u: raises $3 to $9
dragon1893: calls $3
*** FLOP *** [7c Qd Ks]
SmellyToes4u: bets $3
dragon1893: folds
Uncalled bet ($3) returned to SmellyToes4u
SmellyToes4u collected $17.64 from pot
SmellyToes4u: doesn't show hand
*** SUMMARY ***
Total pot $18 | Rake $0.36
Board [7c Qd Ks]
Seat 1: SmellyToes4u (big blind) collected ($17.64)
Seat 2: dragon1893 (button) (small blind) folded on the Flop


PokerStars Hand #147839060234:  Hold'em Limit ($3/$6 USD) - 2016/01/28 15:45:09 ET
Table 'Titius III' 2-max Seat #1 is the button
Seat 1: SmellyToes4u ($58.26 in chips)
Seat 2: dragon1893 ($217.44 in chips)
SmellyToes4u: posts small blind $1
dragon1893: posts big blind $3
*** HOLE CARDS ***
SmellyToes4u: raises $3 to $6
dragon1893: folds
Uncalled bet ($3) returned to SmellyToes4u
SmellyToes4u collected $6 from pot
SmellyToes4u: doesn't show hand
*** SUMMARY ***
Total pot $6 | Rake $0
Seat 1: SmellyToes4u (button) (small blind) collected ($6)
Seat 2: dragon1893 (big blind) folded before Flop


PokerStars Hand #147839053219:  Hold'em Limit ($3/$6 USD) - 2016/01/28 15:45:03 ET
Table 'Titius III' 2-max Seat #2 is the button
Seat 1: SmellyToes4u ($61.26 in chips)
Seat 2: dragon1893 ($214.44 in chips)
dragon1893: posts small blind $1
SmellyToes4u: posts big blind $3
*** HOLE CARDS ***
dragon1893: raises $3 to $6
SmellyToes4u: folds
Uncalled bet ($3) returned to dragon1893
dragon1893 collected $6 from pot
dragon1893: doesn't show hand
*** SUMMARY ***
Total pot $6 | Rake $0
Seat 1: SmellyToes4u (big blind) folded before Flop
Seat 2: dragon1893 (button) (small blind) collected ($6)


PokerStars Hand #147839039522:  Hold'em Limit ($3/$6 USD) - 2016/01/28 15:44:51 ET
Table 'Titius III' 2-max Seat #1 is the button
Seat 1: SmellyToes4u ($85.26 in chips)
Seat 2: dragon1893 ($190.94 in chips)
SmellyToes4u: posts small blind $1
dragon1893: posts big blind $3
*** HOLE CARDS ***
SmellyToes4u: raises $3 to $6
dragon1893: calls $3
*** FLOP *** [6d 6c 5d]
dragon1893: checks
SmellyToes4u: bets $3
dragon1893: raises $3 to $6
SmellyToes4u: calls $3
*** TURN *** [6d 6c 5d] [Tc]
dragon1893: bets $6
SmellyToes4u: calls $6
*** RIVER *** [6d 6c 5d Tc] [Ac]
dragon1893: bets $6
SmellyToes4u: calls $6
*** SHOW DOWN ***
dragon1893: shows [5c 4c] (a flush, Ace high)
SmellyToes4u: mucks hand
dragon1893 collected $47.50 from pot
*** SUMMARY ***
Total pot $48 | Rake $0.50
Board [6d 6c 5d Tc Ac]
Seat 1: SmellyToes4u (button) (small blind) mucked
Seat 2: dragon1893 (big blind) showed [5c 4c] and won ($47.50) with a flush, Ace high


PokerStars Hand #147839017667:  Hold'em Limit ($3/$6 USD) - 2016/01/28 15:44:31 ET
Table 'Titius III' 2-max Seat #1 is the button
Seat 1: SmellyToes4u ($88.50 in chips)
Seat 2: dragon1893 ($188.30 in chips)
SmellyToes4u: posts small blind $1
dragon1893: posts big blind $3
*** HOLE CARDS ***
SmellyToes4u: raises $3 to $6
dragon1893: calls $3
*** FLOP *** [Qc Ad 7h]
dragon1893: checks
SmellyToes4u: bets $3
dragon1893: folds
Uncalled bet ($3) returned to SmellyToes4u
SmellyToes4u collected $11.76 from pot
SmellyToes4u: doesn't show hand
*** SUMMARY ***
Total pot $12 | Rake $0.24
Board [Qc Ad 7h]
Seat 1: SmellyToes4u (button) (small blind) collected ($11.76)
Seat 2: dragon1893 (big blind) folded on the Flop


PokerStars Hand #147839136419:  Hold'em Limit ($3/$6 USD) - 2016/01/28 15:46:17 ET
Table 'Titius III' 2-max Seat #1 is the button
Seat 1: SmellyToes4u ($91.04 in chips)
Seat 2: dragon1893 ($183.44 in chips)
SmellyToes4u: posts small blind $1
dragon1893: posts big blind $3
*** HOLE CARDS ***
SmellyToes4u: raises $3 to $6
dragon1893: calls $3
*** FLOP *** [7s 3d 5h]
dragon1893: checks
SmellyToes4u: bets $3
dragon1893: calls $3
*** TURN *** [7s 3d 5h] [8s]
dragon1893: checks
SmellyToes4u: bets $6
dragon1893: calls $6
*** RIVER *** [7s 3d 5h 8s] [2h]
dragon1893: checks
SmellyToes4u: checks
*** SHOW DOWN ***
dragon1893: shows [Ah 6s] (high card Ace)
SmellyToes4u: shows [2c As] (a pair of Deuces)
SmellyToes4u collected $29.50 from pot
*** SUMMARY ***
Total pot $30 | Rake $0.50
Board [7s 3d 5h 8s 2h]
Seat 1: SmellyToes4u (button) (small blind) showed [2c As] and won ($29.50) with a pair of Deuces
Seat 2: dragon1893 (big blind) showed [Ah 6s] and lost with high card Ace


PokerStars Hand #147839131255:  Hold'em Limit ($3/$6 USD) - 2016/01/28 15:46:12 ET
Table 'Titius III' 2-max Seat #2 is the button
Seat 1: SmellyToes4u ($90.04 in chips)
Seat 2: dragon1893 ($184.44 in chips)
dragon1893: posts small blind $1
SmellyToes4u: posts big blind $3
*** HOLE CARDS ***
dragon1893: folds
Uncalled bet ($2) returned to SmellyToes4u
SmellyToes4u collected $2 from pot
SmellyToes4u: doesn't show hand
*** SUMMARY ***
Total pot $2 | Rake $0
Seat 1: SmellyToes4u (big blind) collected ($2)
Seat 2: dragon1893 (button) (small blind) folded before Flop


PokerStars Hand #147839119983:  Hold'em Limit ($3/$6 USD) - 2016/01/28 15:46:02 ET
Table 'Titius III' 2-max Seat #1 is the button
Seat 1: SmellyToes4u ($91.04 in chips)
Seat 2: dragon1893 ($183.44 in chips)
SmellyToes4u: posts small blind $1
dragon1893: posts big blind $3
*** HOLE CARDS ***
SmellyToes4u: folds
Uncalled bet ($2) returned to dragon1893
dragon1893 collected $2 from pot
dragon1893: doesn't show hand
*** SUMMARY ***
Total pot $2 | Rake $0
Seat 1: SmellyToes4u (button) (small blind) folded before Flop
Seat 2: dragon1893 (big blind) collected ($2)


PokerStars Hand #147839114958:  Hold'em Limit ($3/$6 USD) - 2016/01/28 15:45:58 ET
Table 'Titius III' 2-max Seat #2 is the button
Seat 1: SmellyToes4u ($90.04 in chips)
Seat 2: dragon1893 ($184.44 in chips)
dragon1893: posts small blind $1
SmellyToes4u: posts big blind $3
*** HOLE CARDS ***
dragon1893: folds
Uncalled bet ($2) returned to SmellyToes4u
SmellyToes4u collected $2 from pot
SmellyToes4u: doesn't show hand
*** SUMMARY ***
Total pot $2 | Rake $0
Seat 1: SmellyToes4u (big blind) collected ($2)
Seat 2: dragon1893 (button) (small blind) folded before Flop


PokerStars Hand #147839092009:  Hold'em Limit ($3/$6 USD) - 2016/01/28 15:45:37 ET
Table 'Titius III' 2-max Seat #2 is the button
Seat 1: SmellyToes4u ($78.54 in chips)
Seat 2: dragon1893 ($196.44 in chips)
dragon1893: posts small blind $1
SmellyToes4u: posts big blind $3
*** HOLE CARDS ***
dragon1893: raises $3 to $6
SmellyToes4u: folds
Uncalled bet ($3) returned to dragon1893
dragon1893 collected $6 from pot
dragon1893: doesn't show hand
*** SUMMARY ***
Total pot $6 | Rake $0
Seat 1: SmellyToes4u (big blind) folded before Flop
Seat 2: dragon1893 (button) (small blind) collected ($6)


PokerStars Hand #147839082132:  Hold'em Limit ($3/$6 USD) - 2016/01/28 15:45:29 ET
Table 'Titius III' 2-max Seat #1 is the button
Seat 1: SmellyToes4u ($69.90 in chips)
Seat 2: dragon1893 ($205.44 in chips)
SmellyToes4u: posts small blind $1
dragon1893: posts big blind $3
*** HOLE CARDS ***
SmellyToes4u: raises $3 to $6
dragon1893: calls $3
*** FLOP *** [4c 5c 4h]
dragon1893: checks
SmellyToes4u: bets $3
dragon1893: calls $3
*** TURN *** [4c 5c 4h] [6c]
dragon1893: checks
SmellyToes4u: bets $6
dragon1893: folds
Uncalled bet ($6) returned to SmellyToes4u
SmellyToes4u collected $17.64 from pot
SmellyToes4u: doesn't show hand
*** SUMMARY ***
Total pot $18 | Rake $0.36
Board [4c 5c 4h 6c]
Seat 1: SmellyToes4u (button) (small blind) collected ($17.64)
Seat 2: dragon1893 (big blind) folded on the Turn


PokerStars Hand #147839183541:  Hold'em Limit ($3/$6 USD) - 2016/01/28 15:46:59 ET
Table 'Titius III' 2-max Seat #2 is the button
Seat 1: SmellyToes4u ($108.30 in chips)
Seat 2: dragon1893 ($165.44 in chips)
dragon1893: posts small blind $1
SmellyToes4u: posts big blind $3
*** HOLE CARDS ***
dragon1893: raises $3 to $6
SmellyToes4u: calls $3
*** FLOP *** [5h Js Ks]
SmellyToes4u: checks
dragon1893: bets $3
SmellyToes4u: calls $3
*** TURN *** [5h Js Ks] [7c]
SmellyToes4u: checks
dragon1893: checks
*** RIVER *** [5h Js Ks 7c] [7s]
SmellyToes4u: checks
dragon1893: bets $6
SmellyToes4u: folds
Uncalled bet ($6) returned to dragon1893
dragon1893 collected $17.64 from pot
dragon1893: doesn't show hand
*** SUMMARY ***
Total pot $18 | Rake $0.36
Board [5h Js Ks 7c 7s]
Seat 1: SmellyToes4u (big blind) folded on the River
Seat 2: dragon1893 (button) (small blind) collected ($17.64)


PokerStars Hand #147839167209:  Hold'em Limit ($3/$6 USD) - 2016/01/28 15:46:44 ET
Table 'Titius III' 2-max Seat #1 is the button
Seat 1: SmellyToes4u ($102.54 in chips)
Seat 2: dragon1893 ($171.44 in chips)
SmellyToes4u: posts small blind $1
dragon1893: posts big blind $3
*** HOLE CARDS ***
SmellyToes4u: raises $3 to $6
dragon1893: calls $3
*** FLOP *** [Qc 8d Kc]
dragon1893: checks
SmellyToes4u: bets $3
dragon1893: folds
Uncalled bet ($3) returned to SmellyToes4u
SmellyToes4u collected $11.76 from pot
SmellyToes4u: doesn't show hand
*** SUMMARY ***
Total pot $12 | Rake $0.24
Board [Qc 8d Kc]
Seat 1: SmellyToes4u (button) (small blind) collected ($11.76)
Seat 2: dragon1893 (big blind) folded on the Flop


PokerStars Hand #147839161242:  Hold'em Limit ($3/$6 USD) - 2016/01/28 15:46:39 ET
Table 'Titius III' 2-max Seat #2 is the button
Seat 1: SmellyToes4u ($105.54 in chips)
Seat 2: dragon1893 ($168.44 in chips)
dragon1893: posts small blind $1
SmellyToes4u: posts big blind $3
*** HOLE CARDS ***
dragon1893: raises $3 to $6
SmellyToes4u: folds
Uncalled bet ($3) returned to dragon1893
dragon1893 collected $6 from pot
dragon1893: doesn't show hand
*** SUMMARY ***
Total pot $6 | Rake $0
Seat 1: SmellyToes4u (big blind) folded before Flop
Seat 2: dragon1893 (button) (small blind) collected ($6)


PokerStars Hand #147839156284:  Hold'em Limit ($3/$6 USD) - 2016/01/28 15:46:35 ET
Table 'Titius III' 2-max Seat #1 is the button
Seat 1: SmellyToes4u ($102.54 in chips)
Seat 2: dragon1893 ($171.44 in chips)
SmellyToes4u: posts small blind $1
dragon1893: posts big blind $3
*** HOLE CARDS ***
SmellyToes4u: raises $3 to $6
dragon1893: folds
Uncalled bet ($3) returned to SmellyToes4u
SmellyToes4u collected $6 from pot
SmellyToes4u: doesn't show hand
*** SUMMARY ***
Total pot $6 | Rake $0
Seat 1: SmellyToes4u (button) (small blind) collected ($6)
Seat 2: dragon1893 (big blind) folded before Flop


PokerStars Hand #147839150458:  Hold'em Limit ($3/$6 USD) - 2016/01/28 15:46:29 ET
Table 'Titius III' 2-max Seat #2 is the button
Seat 1: SmellyToes4u ($105.54 in chips)
Seat 2: dragon1893 ($168.44 in chips)
dragon1893: posts small blind $1
SmellyToes4u: posts big blind $3
*** HOLE CARDS ***
dragon1893: raises $3 to $6
SmellyToes4u: folds
Uncalled bet ($3) returned to dragon1893
dragon1893 collected $6 from pot
dragon1893: doesn't show hand
*** SUMMARY ***
Total pot $6 | Rake $0
Seat 1: SmellyToes4u (big blind) folded before Flop
Seat 2: dragon1893 (button) (small blind) collected ($6)


PokerStars Hand #147839237278:  Hold'em Limit ($3/$6 USD) - 2016/01/28 15:47:47 ET
Table 'Titius III' 2-max Seat #1 is the button
Seat 1: SmellyToes4u ($88.30 in chips)
Seat 2: dragon1893 ($184.60 in chips)
SmellyToes4u: posts small blind $1
dragon1893: posts big blind $3
*** HOLE CARDS ***
SmellyToes4u: raises $3 to $6
dragon1893: calls $3
*** FLOP *** [Ad Jh Ts]
dragon1893: checks
SmellyToes4u: bets $3
dragon1893: calls $3
*** TURN *** [Ad Jh Ts] [7h]
dragon1893: checks
SmellyToes4u: checks
*** RIVER *** [Ad Jh Ts 7h] [6s]
dragon1893: bets $6
SmellyToes4u: folds
Uncalled bet ($6) returned to dragon1893
dragon1893 collected $17.64 from pot
dragon1893: doesn't show hand
*** SUMMARY ***
Total pot $18 | Rake $0.36
Board [Ad Jh Ts 7h 6s]
Seat 1: SmellyToes4u (button) (small blind) folded on the River
Seat 2: dragon1893 (big blind) collected ($17.64)


PokerStars Hand #147839231605:  Hold'em Limit ($3/$6 USD) - 2016/01/28 15:47:42 ET
Table 'Titius III' 2-max Seat #2 is the button
Seat 1: SmellyToes4u ($87.30 in chips)
Seat 2: dragon1893 ($185.60 in chips)
dragon1893: posts small blind $1
SmellyToes4u: posts big blind $3
*** HOLE CARDS ***
dragon1893: folds
Uncalled bet ($2) returned to SmellyToes4u
SmellyToes4u collected $2 from pot
SmellyToes4u: doesn't show hand
*** SUMMARY ***
Total pot $2 | Rake $0
Seat 1: SmellyToes4u (big blind) collected ($2)
Seat 2: dragon1893 (button) (small blind) folded before Flop


PokerStars Hand #147839203460:  Hold'em Limit ($3/$6 USD) - 2016/01/28 15:47:17 ET
Table 'Titius III' 2-max Seat #1 is the button
Seat 1: SmellyToes4u ($99.30 in chips)
Seat 2: dragon1893 ($174.08 in chips)
SmellyToes4u: posts small blind $1
dragon1893: posts big blind $3
*** HOLE CARDS ***
SmellyToes4u: raises $3 to $6
dragon1893: raises $3 to $9
SmellyToes4u: calls $3
*** FLOP *** [3h 6h 6c]
dragon1893: bets $3
SmellyToes4u: calls $3
*** TURN *** [3h 6h 6c] [Qs]
dragon1893: bets $6
SmellyToes4u: folds
Uncalled bet ($6) returned to dragon1893
dragon1893 collected $23.52 from pot
dragon1893: doesn't show hand
*** SUMMARY ***
Total pot $24 | Rake $0.48
Board [3h 6h 6c Qs]
Seat 1: SmellyToes4u (button) (small blind) folded on the Turn
Seat 2: dragon1893 (big blind) collected ($23.52)


