PokerStars Hand #147493758215:  Hold'em Limit ($3/$6 USD) - 2016/01/22 14:44:23 ET
Table 'Tito' 6-max Seat #1 is the button
Seat 1: VolkovDmitri ($120 in chips)
Seat 3: Puzanchik 11 ($54.22 in chips)
VolkovDmitri: posts small blind $1
Puzanchik 11: posts big blind $3
*** HOLE CARDS ***
VolkovDmitri: raises $3 to $6
Puzanchik 11: calls $3
*** FLOP *** [Js 3c 2d]
Puzanchik 11: checks
VolkovDmitri: bets $3
Puzanchik 11: folds
Uncalled bet ($3) returned to VolkovDmitri
VolkovDmitri collected $11.76 from pot
VolkovDmitri: doesn't show hand
*** SUMMARY ***
Total pot $12 | Rake $0.24
Board [Js 3c 2d]
Seat 1: VolkovDmitri (button) (small blind) collected ($11.76)
Seat 3: Puzanchik 11 (big blind) folded on the Flop


PokerStars Hand #147493726525:  Hold'em Limit ($3/$6 USD) - 2016/01/22 14:43:52 ET
Table 'Tito' 6-max Seat #3 is the button
Seat 1: VolkovDmitri ($120 in chips)
Seat 3: Puzanchik 11 ($48.46 in chips)
Puzanchik 11: posts small blind $1
VolkovDmitri: posts big blind $3
*** HOLE CARDS ***
Puzanchik 11: raises $3 to $6
VolkovDmitri: calls $3
*** FLOP *** [Ts 4c Qc]
VolkovDmitri: checks
Puzanchik 11: checks
*** TURN *** [Ts 4c Qc] [Ac]
VolkovDmitri: checks
Puzanchik 11: bets $6
VolkovDmitri: folds
Uncalled bet ($6) returned to Puzanchik 11
Puzanchik 11 collected $11.76 from pot
*** SUMMARY ***
Total pot $12 | Rake $0.24
Board [Ts 4c Qc Ac]
Seat 1: VolkovDmitri (big blind) folded on the Turn
Seat 3: Puzanchik 11 (button) (small blind) collected ($11.76)


PokerStars Hand #147493839240:  Hold'em Limit ($3/$6 USD) - 2016/01/22 14:45:44 ET
Table 'Tito' 6-max Seat #3 is the button
Seat 3: Puzanchik 11 ($89.24 in chips)
Seat 4: SmellyToes4u ($98 in chips)
Puzanchik 11: posts small blind $1
SmellyToes4u: posts big blind $3
*** HOLE CARDS ***
Puzanchik 11: folds
Uncalled bet ($2) returned to SmellyToes4u
VolkovDmitri leaves the table
SmellyToes4u collected $2 from pot
SmellyToes4u: doesn't show hand
*** SUMMARY ***
Total pot $2 | Rake $0
Seat 3: Puzanchik 11 (button) (small blind) folded before Flop
Seat 4: SmellyToes4u (big blind) collected ($2)


PokerStars Hand #147493818088:  Hold'em Limit ($3/$6 USD) - 2016/01/22 14:45:23 ET
Table 'Tito' 6-max Seat #1 is the button
Seat 1: VolkovDmitri ($120 in chips)
Seat 3: Puzanchik 11 ($77.72 in chips)
VolkovDmitri: posts small blind $1
Puzanchik 11: posts big blind $3
*** HOLE CARDS ***
VolkovDmitri: raises $3 to $6
Puzanchik 11: raises $3 to $9
VolkovDmitri: calls $3
*** FLOP *** [6s 3h 6d]
Puzanchik 11: bets $3
VolkovDmitri: calls $3
*** TURN *** [6s 3h 6d] [9h]
Puzanchik 11: bets $6
VolkovDmitri: folds
Uncalled bet ($6) returned to Puzanchik 11
Puzanchik 11 collected $23.52 from pot
*** SUMMARY ***
Total pot $24 | Rake $0.48
Board [6s 3h 6d 9h]
Seat 1: VolkovDmitri (button) (small blind) folded on the Turn
Seat 3: Puzanchik 11 (big blind) collected ($23.52)


PokerStars Hand #147493771968:  Hold'em Limit ($3/$6 USD) - 2016/01/22 14:44:37 ET
Table 'Tito' 6-max Seat #3 is the button
Seat 1: VolkovDmitri ($125.76 in chips)
Seat 3: Puzanchik 11 ($48.22 in chips)
Puzanchik 11: posts small blind $1
VolkovDmitri: posts big blind $3
*** HOLE CARDS ***
Puzanchik 11: raises $3 to $6
VolkovDmitri: raises $3 to $9
Puzanchik 11: raises $3 to $12
Betting is capped
VolkovDmitri: calls $3
*** FLOP *** [Jc Tc Ac]
VolkovDmitri: bets $3
Puzanchik 11: raises $3 to $6
SmellyToes4u joins the table at seat #4
VolkovDmitri: calls $3
*** TURN *** [Jc Tc Ac] [9d]
VolkovDmitri: checks
Puzanchik 11: bets $6
VolkovDmitri: calls $6
*** RIVER *** [Jc Tc Ac 9d] [5c]
VolkovDmitri: checks
Puzanchik 11: bets $6
VolkovDmitri: calls $6
*** SHOW DOWN ***
Puzanchik 11: shows [Qc Kc] (a Royal Flush)
VolkovDmitri: mucks hand
Puzanchik 11 collected $59.50 from pot
*** SUMMARY ***
Total pot $60 | Rake $0.50
Board [Jc Tc Ac 9d 5c]
Seat 1: VolkovDmitri (big blind) mucked
Seat 3: Puzanchik 11 (button) (small blind) showed [Qc Kc] and won ($59.50) with a Royal Flush


PokerStars Hand #147493889700:  Hold'em Limit ($3/$6 USD) - 2016/01/22 14:46:35 ET
Table 'Tito' 6-max Seat #4 is the button
Seat 3: Puzanchik 11 ($91.88 in chips)
Seat 4: SmellyToes4u ($95 in chips)
SmellyToes4u: posts small blind $1
Puzanchik 11: posts big blind $3
*** HOLE CARDS ***
SmellyToes4u: folds
Uncalled bet ($2) returned to Puzanchik 11
Puzanchik 11 collected $2 from pot
*** SUMMARY ***
Total pot $2 | Rake $0
Seat 3: Puzanchik 11 (big blind) collected ($2)
Seat 4: SmellyToes4u (button) (small blind) folded before Flop


PokerStars Hand #147493884767:  Hold'em Limit ($3/$6 USD) - 2016/01/22 14:46:30 ET
Table 'Tito' 6-max Seat #3 is the button
Seat 3: Puzanchik 11 ($92.88 in chips)
Seat 4: SmellyToes4u ($94 in chips)
Puzanchik 11: posts small blind $1
SmellyToes4u: posts big blind $3
*** HOLE CARDS ***
Puzanchik 11: folds
Uncalled bet ($2) returned to SmellyToes4u
SmellyToes4u collected $2 from pot
SmellyToes4u: doesn't show hand
*** SUMMARY ***
Total pot $2 | Rake $0
Seat 3: Puzanchik 11 (button) (small blind) folded before Flop
Seat 4: SmellyToes4u (big blind) collected ($2)


PokerStars Hand #147493879245:  Hold'em Limit ($3/$6 USD) - 2016/01/22 14:46:24 ET
Table 'Tito' 6-max Seat #4 is the button
Seat 3: Puzanchik 11 ($95.88 in chips)
Seat 4: SmellyToes4u ($91 in chips)
SmellyToes4u: posts small blind $1
Puzanchik 11: posts big blind $3
*** HOLE CARDS ***
SmellyToes4u: raises $3 to $6
Puzanchik 11: folds
Uncalled bet ($3) returned to SmellyToes4u
SmellyToes4u collected $6 from pot
SmellyToes4u: doesn't show hand
*** SUMMARY ***
Total pot $6 | Rake $0
Seat 3: Puzanchik 11 (big blind) folded before Flop
Seat 4: SmellyToes4u (button) (small blind) collected ($6)


PokerStars Hand #147493874651:  Hold'em Limit ($3/$6 USD) - 2016/01/22 14:46:20 ET
Table 'Tito' 6-max Seat #3 is the button
Seat 3: Puzanchik 11 ($96.88 in chips)
Seat 4: SmellyToes4u ($90 in chips)
Puzanchik 11: posts small blind $1
SmellyToes4u: posts big blind $3
*** HOLE CARDS ***
Puzanchik 11: folds
Uncalled bet ($2) returned to SmellyToes4u
SmellyToes4u collected $2 from pot
SmellyToes4u: doesn't show hand
*** SUMMARY ***
Total pot $2 | Rake $0
Seat 3: Puzanchik 11 (button) (small blind) folded before Flop
Seat 4: SmellyToes4u (big blind) collected ($2)


PokerStars Hand #147493844339:  Hold'em Limit ($3/$6 USD) - 2016/01/22 14:45:50 ET
Table 'Tito' 6-max Seat #4 is the button
Seat 3: Puzanchik 11 ($88.24 in chips)
Seat 4: SmellyToes4u ($99 in chips)
SmellyToes4u: posts small blind $1
Puzanchik 11: posts big blind $3
*** HOLE CARDS ***
SmellyToes4u: raises $3 to $6
Puzanchik 11: calls $3
*** FLOP *** [7h 7s 6d]
Puzanchik 11: checks
SmellyToes4u: bets $3
Puzanchik 11: calls $3
*** TURN *** [7h 7s 6d] [3d]
Puzanchik 11: checks
SmellyToes4u: checks
*** RIVER *** [7h 7s 6d 3d] [Ts]
Puzanchik 11: bets $6
SmellyToes4u: folds
Uncalled bet ($6) returned to Puzanchik 11
Puzanchik 11 collected $17.64 from pot
Puzanchik 11: shows [7c Tc] (a full house, Sevens full of Tens)
*** SUMMARY ***
Total pot $18 | Rake $0.36
Board [7h 7s 6d 3d Ts]
Seat 3: Puzanchik 11 (big blind) collected ($17.64)
Seat 4: SmellyToes4u (button) (small blind) folded on the River


PokerStars Hand #147493972461:  Hold'em Limit ($3/$6 USD) - 2016/01/22 14:47:57 ET
Table 'Tito' 6-max Seat #3 is the button
Seat 3: Puzanchik 11 ($109.14 in chips)
Seat 4: SmellyToes4u ($76.52 in chips)
Puzanchik 11: posts small blind $1
SmellyToes4u: posts big blind $3
*** HOLE CARDS ***
Puzanchik 11: folds
Uncalled bet ($2) returned to SmellyToes4u
SmellyToes4u collected $2 from pot
SmellyToes4u: doesn't show hand
*** SUMMARY ***
Total pot $2 | Rake $0
Seat 3: Puzanchik 11 (button) (small blind) folded before Flop
Seat 4: SmellyToes4u (big blind) collected ($2)


PokerStars Hand #147493948893:  Hold'em Limit ($3/$6 USD) - 2016/01/22 14:47:33 ET
Table 'Tito' 6-max Seat #4 is the button
Seat 3: Puzanchik 11 ($121.14 in chips)
Seat 4: SmellyToes4u ($65 in chips)
SmellyToes4u: posts small blind $1
Puzanchik 11: posts big blind $3
*** HOLE CARDS ***
SmellyToes4u: raises $3 to $6
Puzanchik 11: raises $3 to $9
SmellyToes4u: calls $3
*** FLOP *** [Th 8h 6h]
Puzanchik 11: checks
SmellyToes4u: bets $3
Puzanchik 11: calls $3
*** TURN *** [Th 8h 6h] [9s]
Puzanchik 11: checks
SmellyToes4u: bets $6
Puzanchik 11: folds
Uncalled bet ($6) returned to SmellyToes4u
SmellyToes4u collected $23.52 from pot
SmellyToes4u: doesn't show hand
*** SUMMARY ***
Total pot $24 | Rake $0.48
Board [Th 8h 6h 9s]
Seat 3: Puzanchik 11 (big blind) folded on the Turn
Seat 4: SmellyToes4u (button) (small blind) collected ($23.52)


PokerStars Hand #147493943873:  Hold'em Limit ($3/$6 USD) - 2016/01/22 14:47:28 ET
Table 'Tito' 6-max Seat #3 is the button
Seat 3: Puzanchik 11 ($122.14 in chips)
Seat 4: SmellyToes4u ($64 in chips)
Puzanchik 11: posts small blind $1
SmellyToes4u: posts big blind $3
*** HOLE CARDS ***
Puzanchik 11: folds
Uncalled bet ($2) returned to SmellyToes4u
SmellyToes4u collected $2 from pot
SmellyToes4u: doesn't show hand
*** SUMMARY ***
Total pot $2 | Rake $0
Seat 3: Puzanchik 11 (button) (small blind) folded before Flop
Seat 4: SmellyToes4u (big blind) collected ($2)


PokerStars Hand #147493918307:  Hold'em Limit ($3/$6 USD) - 2016/01/22 14:47:03 ET
Table 'Tito' 6-max Seat #4 is the button
Seat 3: Puzanchik 11 ($98.64 in chips)
Seat 4: SmellyToes4u ($88 in chips)
SmellyToes4u: posts small blind $1
Puzanchik 11: posts big blind $3
*** HOLE CARDS ***
SmellyToes4u: raises $3 to $6
Puzanchik 11: raises $3 to $9
SmellyToes4u: calls $3
*** FLOP *** [7s 3s Jd]
Puzanchik 11: bets $3
SmellyToes4u: calls $3
*** TURN *** [7s 3s Jd] [8s]
Puzanchik 11: bets $6
SmellyToes4u: calls $6
*** RIVER *** [7s 3s Jd 8s] [Jh]
Puzanchik 11: bets $6
SmellyToes4u: calls $6
*** SHOW DOWN ***
Puzanchik 11: shows [Jc As] (three of a kind, Jacks)
SmellyToes4u: mucks hand
Puzanchik 11 collected $47.50 from pot
*** SUMMARY ***
Total pot $48 | Rake $0.50
Board [7s 3s Jd 8s Jh]
Seat 3: Puzanchik 11 (big blind) showed [Jc As] and won ($47.50) with three of a kind, Jacks
Seat 4: SmellyToes4u (button) (small blind) mucked


PokerStars Hand #147493895109:  Hold'em Limit ($3/$6 USD) - 2016/01/22 14:46:40 ET
Table 'Tito' 6-max Seat #3 is the button
Seat 3: Puzanchik 11 ($92.88 in chips)
Seat 4: SmellyToes4u ($94 in chips)
Puzanchik 11: posts small blind $1
SmellyToes4u: posts big blind $3
*** HOLE CARDS ***
Puzanchik 11: raises $3 to $6
SmellyToes4u: calls $3
*** FLOP *** [Jc 7h 7d]
SmellyToes4u: checks
Puzanchik 11: bets $3
SmellyToes4u: folds
Uncalled bet ($3) returned to Puzanchik 11
Puzanchik 11 collected $11.76 from pot
*** SUMMARY ***
Total pot $12 | Rake $0.24
Board [Jc 7h 7d]
Seat 3: Puzanchik 11 (button) (small blind) collected ($11.76)
Seat 4: SmellyToes4u (big blind) folded on the Flop


PokerStars Hand #147494048079:  Hold'em Limit ($3/$6 USD) - 2016/01/22 14:49:12 ET
Table 'Tito' 6-max Seat #4 is the button
Seat 3: Puzanchik 11 ($83.90 in chips)
Seat 4: SmellyToes4u ($100.78 in chips)
SmellyToes4u: posts small blind $1
Puzanchik 11: posts big blind $3
*** HOLE CARDS ***
SmellyToes4u: raises $3 to $6
Puzanchik 11: raises $3 to $9
SmellyToes4u: calls $3
*** FLOP *** [9s Jd 4c]
Puzanchik 11: bets $3
SmellyToes4u: calls $3
*** TURN *** [9s Jd 4c] [8c]
Puzanchik 11: bets $6
SmellyToes4u: folds
Uncalled bet ($6) returned to Puzanchik 11
Puzanchik 11 collected $23.52 from pot
*** SUMMARY ***
Total pot $24 | Rake $0.48
Board [9s Jd 4c 8c]
Seat 3: Puzanchik 11 (big blind) collected ($23.52)
Seat 4: SmellyToes4u (button) (small blind) folded on the Turn


PokerStars Hand #147493978422:  Hold'em Limit ($3/$6 USD) - 2016/01/22 14:48:03 ET
Table 'Tito' 6-max Seat #4 is the button
Seat 3: Puzanchik 11 ($108.14 in chips)
Seat 4: SmellyToes4u ($77.52 in chips)
SmellyToes4u: posts small blind $1
Puzanchik 11: posts big blind $3
*** HOLE CARDS ***
SmellyToes4u: raises $3 to $6
Puzanchik 11: raises $3 to $9
SmellyToes4u: raises $3 to $12
Betting is capped
Puzanchik 11: calls $3
*** FLOP *** [Qs Jh 8c]
Puzanchik 11: bets $3
SmellyToes4u: calls $3
*** TURN *** [Qs Jh 8c] [Qh]
Puzanchik 11: bets $6
SmellyToes4u: raises $6 to $12
Puzanchik 11: calls $6
*** RIVER *** [Qs Jh 8c Qh] [Qd]
Puzanchik 11: checks
SmellyToes4u: bets $6
Puzanchik 11: folds
Uncalled bet ($6) returned to SmellyToes4u
SmellyToes4u collected $53.50 from pot
SmellyToes4u: doesn't show hand
*** SUMMARY ***
Total pot $54 | Rake $0.50
Board [Qs Jh 8c Qh Qd]
Seat 3: Puzanchik 11 (big blind) folded on the River
Seat 4: SmellyToes4u (button) (small blind) collected ($53.50)


PokerStars Hand #147494003537:  Hold'em Limit ($3/$6 USD) - 2016/01/22 14:48:28 ET
Table 'Tito' 6-max Seat #4 is the button
Seat 3: Puzanchik 11 ($80.14 in chips)
Seat 4: SmellyToes4u ($105.02 in chips)
SmellyToes4u: posts small blind $1
Puzanchik 11: posts big blind $3
*** HOLE CARDS ***
SmellyToes4u: folds
Uncalled bet ($2) returned to Puzanchik 11
Puzanchik 11 collected $2 from pot
*** SUMMARY ***
Total pot $2 | Rake $0
Seat 3: Puzanchik 11 (big blind) collected ($2)
Seat 4: SmellyToes4u (button) (small blind) folded before Flop


PokerStars Hand #147493998808:  Hold'em Limit ($3/$6 USD) - 2016/01/22 14:48:23 ET
Table 'Tito' 6-max Seat #3 is the button
Seat 3: Puzanchik 11 ($81.14 in chips)
Seat 4: SmellyToes4u ($104.02 in chips)
Puzanchik 11: posts small blind $1
SmellyToes4u: posts big blind $3
*** HOLE CARDS ***
Puzanchik 11: folds
Uncalled bet ($2) returned to SmellyToes4u
SmellyToes4u collected $2 from pot
SmellyToes4u: doesn't show hand
*** SUMMARY ***
Total pot $2 | Rake $0
Seat 3: Puzanchik 11 (button) (small blind) folded before Flop
Seat 4: SmellyToes4u (big blind) collected ($2)


