PokerStars Hand #156079551691:  Hold'em Limit ($3/$6 USD) - 2016/07/17 9:36:45 ET
Table 'Tito' 6-max Seat #1 is the button
Seat 1: conkris ($120 in chips)
Seat 4: Agrotait ($72 in chips)
conkris: posts small blind $1
Agrotait: posts big blind $3
*** HOLE CARDS ***
conkris: folds
Uncalled bet ($2) returned to Agrotait
Agrotait collected $2 from pot
Agrotait: doesn't show hand
*** SUMMARY ***
Total pot $2 | Rake $0
Seat 1: conkris (button) (small blind) folded before Flop
Seat 4: Agrotait (big blind) collected ($2)


PokerStars Hand #156079585915:  Hold'em Limit ($3/$6 USD) - 2016/07/17 9:37:44 ET
Table 'Tito' 6-max Seat #4 is the button
Seat 1: conkris ($132.50 in chips)
Seat 4: Agrotait ($73 in chips)
Agrotait: posts small blind $1
conkris: posts big blind $3
*** HOLE CARDS ***
Agrotait: raises $3 to $6
conkris: calls $3
*** FLOP *** [Qs 2h 2d]
conkris: checks
Agrotait: bets $3
conkris: folds
Uncalled bet ($3) returned to Agrotait
Agrotait collected $11.76 from pot
Agrotait: doesn't show hand
*** SUMMARY ***
Total pot $12 | Rake $0.24
Board [Qs 2h 2d]
Seat 1: conkris (big blind) folded on the Flop
Seat 4: Agrotait (button) (small blind) collected ($11.76)


PokerStars Hand #156079583174:  Hold'em Limit ($3/$6 USD) - 2016/07/17 9:37:40 ET
Table 'Tito' 6-max Seat #1 is the button
Seat 1: conkris ($133.50 in chips)
Seat 4: Agrotait ($72 in chips)
conkris: posts small blind $1
Agrotait: posts big blind $3
*** HOLE CARDS ***
conkris: folds
Uncalled bet ($2) returned to Agrotait
Agrotait collected $2 from pot
Agrotait: doesn't show hand
*** SUMMARY ***
Total pot $2 | Rake $0
Seat 1: conkris (button) (small blind) folded before Flop
Seat 4: Agrotait (big blind) collected ($2)


PokerStars Hand #156079560115:  Hold'em Limit ($3/$6 USD) - 2016/07/17 9:36:59 ET
Table 'Tito' 6-max Seat #4 is the button
Seat 1: conkris ($119 in chips)
Seat 4: Agrotait ($73 in chips)
Agrotait: posts small blind $1
conkris: posts big blind $3
*** HOLE CARDS ***
Agrotait: raises $3 to $6
conkris: calls $3
*** FLOP *** [2s 6h 4c]
conkris: checks
Agrotait: bets $3
conkris: calls $3
*** TURN *** [2s 6h 4c] [Qd]
conkris: bets $6
Agrotait: calls $6
*** RIVER *** [2s 6h 4c Qd] [7c]
conkris: bets $6
Agrotait: folds
Uncalled bet ($6) returned to conkris
conkris collected $29.50 from pot
conkris: doesn't show hand
*** SUMMARY ***
Total pot $30 | Rake $0.50
Board [2s 6h 4c Qd 7c]
Seat 1: conkris (big blind) collected ($29.50)
Seat 4: Agrotait (button) (small blind) folded on the River


PokerStars Hand #156079618073:  Hold'em Limit ($3/$6 USD) - 2016/07/17 9:38:40 ET
Table 'Tito' 6-max Seat #4 is the button
Seat 1: conkris ($152 in chips)
Seat 4: Agrotait ($69 in chips)
Agrotait: posts small blind $1
conkris: posts big blind $3
*** HOLE CARDS ***
Agrotait: raises $3 to $6
conkris: calls $3
*** FLOP *** [Qd 6d Kc]
conkris: checks
Agrotait: bets $3
conkris: folds
Uncalled bet ($3) returned to Agrotait
Agrotait collected $11.76 from pot
Agrotait: doesn't show hand
*** SUMMARY ***
Total pot $12 | Rake $0.24
Board [Qd 6d Kc]
Seat 1: conkris (big blind) folded on the Flop
Seat 4: Agrotait (button) (small blind) collected ($11.76)


PokerStars Hand #156079614061:  Hold'em Limit ($3/$6 USD) - 2016/07/17 9:38:33 ET
Table 'Tito' 6-max Seat #1 is the button
Seat 1: conkris ($149 in chips)
Seat 4: Agrotait ($72 in chips)
conkris: posts small blind $1
Agrotait: posts big blind $3
*** HOLE CARDS ***
conkris: raises $3 to $6
Agrotait: folds
Uncalled bet ($3) returned to conkris
conkris collected $6 from pot
conkris: doesn't show hand
*** SUMMARY ***
Total pot $6 | Rake $0
Seat 1: conkris (button) (small blind) collected ($6)
Seat 4: Agrotait (big blind) folded before Flop


PokerStars Hand #156079599284:  Hold'em Limit ($3/$6 USD) - 2016/07/17 9:38:08 ET
Table 'Tito' 6-max Seat #4 is the button
Seat 1: conkris ($125.50 in chips)
Seat 4: Agrotait ($79.76 in chips)
Agrotait: posts small blind $1
conkris: posts big blind $3
*** HOLE CARDS ***
Agrotait: raises $3 to $6
conkris: raises $3 to $9
Agrotait: calls $3
*** FLOP *** [2h Jh 4d]
conkris: bets $3
Agrotait: calls $3
*** TURN *** [2h Jh 4d] [As]
conkris: bets $6
Agrotait: calls $6
*** RIVER *** [2h Jh 4d As] [8d]
conkris: bets $6
Agrotait: calls $6
*** SHOW DOWN ***
conkris: shows [Ac 6c] (a pair of Aces)
Agrotait: mucks hand
conkris collected $47.50 from pot
*** SUMMARY ***
Total pot $48 | Rake $0.50
Board [2h Jh 4d As 8d]
Seat 1: conkris (big blind) showed [Ac 6c] and won ($47.50) with a pair of Aces
Seat 4: Agrotait (button) (small blind) mucked


PokerStars Hand #156079596403:  Hold'em Limit ($3/$6 USD) - 2016/07/17 9:38:03 ET
Table 'Tito' 6-max Seat #1 is the button
Seat 1: conkris ($126.50 in chips)
Seat 4: Agrotait ($78.76 in chips)
conkris: posts small blind $1
Agrotait: posts big blind $3
*** HOLE CARDS ***
conkris: folds
Uncalled bet ($2) returned to Agrotait
Agrotait collected $2 from pot
Agrotait: doesn't show hand
*** SUMMARY ***
Total pot $2 | Rake $0
Seat 1: conkris (button) (small blind) folded before Flop
Seat 4: Agrotait (big blind) collected ($2)


PokerStars Hand #156079643183:  Hold'em Limit ($3/$6 USD) - 2016/07/17 9:39:24 ET
Table 'Tito' 6-max Seat #1 is the button
Seat 1: conkris ($281.22 in chips)
Seat 4: Agrotait ($74.76 in chips)
conkris: posts small blind $1
Agrotait: posts big blind $3
*** HOLE CARDS ***
conkris: folds
Uncalled bet ($2) returned to Agrotait
Agrotait collected $2 from pot
Agrotait: doesn't show hand
*** SUMMARY ***
Total pot $2 | Rake $0
Seat 1: conkris (button) (small blind) folded before Flop
Seat 4: Agrotait (big blind) collected ($2)


PokerStars Hand #156079636238:  Hold'em Limit ($3/$6 USD) - 2016/07/17 9:39:12 ET
Table 'Tito' 6-max Seat #4 is the button
Seat 1: conkris ($149 in chips)
Seat 4: Agrotait ($71.76 in chips)
Agrotait: posts small blind $1
conkris: posts big blind $3
*** HOLE CARDS ***
Agrotait: raises $3 to $6
conkris: folds
Uncalled bet ($3) returned to Agrotait
Agrotait collected $6 from pot
Agrotait: doesn't show hand
*** SUMMARY ***
Total pot $6 | Rake $0
Seat 1: conkris (big blind) folded before Flop
Seat 4: Agrotait (button) (small blind) collected ($6)


PokerStars Hand #156079629461:  Hold'em Limit ($3/$6 USD) - 2016/07/17 9:39:00 ET
Table 'Tito' 6-max Seat #1 is the button
Seat 1: conkris ($146 in chips)
Seat 4: Agrotait ($74.76 in chips)
conkris: posts small blind $1
Agrotait: posts big blind $3
*** HOLE CARDS ***
conkris: raises $3 to $6
Agrotait: folds
Uncalled bet ($3) returned to conkris
conkris collected $6 from pot
conkris: doesn't show hand
*** SUMMARY ***
Total pot $6 | Rake $0
Seat 1: conkris (button) (small blind) collected ($6)
Seat 4: Agrotait (big blind) folded before Flop


PokerStars Hand #156079685178:  Hold'em Limit ($3/$6 USD) - 2016/07/17 9:40:36 ET
Table 'Tito' 6-max Seat #4 is the button
Seat 1: conkris ($303.60 in chips)
Seat 4: Agrotait ($69 in chips)
Agrotait: posts small blind $1
conkris: posts big blind $3
*** HOLE CARDS ***
Agrotait: raises $3 to $6
conkris: raises $3 to $9
Agrotait: calls $3
*** FLOP *** [5c 7d 4s]
conkris: bets $3
Agrotait: folds
Uncalled bet ($3) returned to conkris
conkris collected $17.64 from pot
conkris: doesn't show hand
*** SUMMARY ***
Total pot $18 | Rake $0.36
Board [5c 7d 4s]
Seat 1: conkris (big blind) collected ($17.64)
Seat 4: Agrotait (button) (small blind) folded on the Flop


PokerStars Hand #156079671534:  Hold'em Limit ($3/$6 USD) - 2016/07/17 9:40:13 ET
Table 'Tito' 6-max Seat #1 is the button
Seat 1: conkris ($300.72 in chips)
Seat 4: Agrotait ($72 in chips)
conkris: posts small blind $1
Agrotait: posts big blind $3
*** HOLE CARDS ***
conkris: calls $2
Agrotait: checks
*** FLOP *** [7d 9s Ks]
Agrotait: checks
conkris: bets $3
Agrotait: folds
Uncalled bet ($3) returned to conkris
conkris collected $5.88 from pot
conkris: doesn't show hand
*** SUMMARY ***
Total pot $6 | Rake $0.12
Board [7d 9s Ks]
Seat 1: conkris (button) (small blind) collected ($5.88)
Seat 4: Agrotait (big blind) folded on the Flop


PokerStars Hand #156079645796:  Hold'em Limit ($3/$6 USD) - 2016/07/17 9:39:28 ET
Table 'Tito' 6-max Seat #4 is the button
Seat 1: conkris ($280.22 in chips)
Seat 4: Agrotait ($75.76 in chips)
Agrotait: posts small blind $1
conkris: posts big blind $3
*** HOLE CARDS ***
Agrotait: raises $3 to $6
conkris: raises $3 to $9
Agrotait: raises $3 to $12
Betting is capped
conkris: calls $3
*** FLOP *** [5s 6h 9d]
conkris: checks
Agrotait: bets $3
conkris: calls $3
*** TURN *** [5s 6h 9d] [3s]
conkris: checks
Agrotait: bets $6
conkris: calls $6
*** RIVER *** [5s 6h 9d 3s] [Jc]
conkris: bets $6
Agrotait: folds
Uncalled bet ($6) returned to conkris
conkris collected $41.50 from pot
conkris: doesn't show hand
*** SUMMARY ***
Total pot $42 | Rake $0.50
Board [5s 6h 9d 3s Jc]
Seat 1: conkris (big blind) collected ($41.50)
Seat 4: Agrotait (button) (small blind) folded on the River


PokerStars Hand #156079734258:  Hold'em Limit ($3/$6 USD) - 2016/07/17 9:41:48 ET
Table 'Tito' 6-max Seat #4 is the button
Seat 1: conkris ($326.74 in chips)
Seat 4: Agrotait ($98.50 in chips)
Agrotait: posts small blind $1
conkris: posts big blind $3
*** HOLE CARDS ***
Mordnilap joins the table at seat #2
Agrotait: raises $3 to $6
conkris: folds
Uncalled bet ($3) returned to Agrotait
Agrotait collected $6 from pot
Agrotait: doesn't show hand
*** SUMMARY ***
Total pot $6 | Rake $0
Seat 1: conkris (big blind) folded before Flop
Seat 4: Agrotait (button) (small blind) collected ($6)


PokerStars Hand #156079722181:  Hold'em Limit ($3/$6 USD) - 2016/07/17 9:41:27 ET
Table 'Tito' 6-max Seat #1 is the button
Seat 1: conkris ($350.74 in chips)
Seat 4: Agrotait ($75 in chips)
conkris: posts small blind $1
Agrotait: posts big blind $3
*** HOLE CARDS ***
conkris: raises $3 to $6
Agrotait: calls $3
*** FLOP *** [9h 6h 2c]
Agrotait: checks
conkris: bets $3
Agrotait: raises $3 to $6
conkris: calls $3
*** TURN *** [9h 6h 2c] [Kd]
Agrotait: bets $6
conkris: calls $6
*** RIVER *** [9h 6h 2c Kd] [2h]
Agrotait: bets $6
conkris: calls $6
*** SHOW DOWN ***
Agrotait: shows [Tc 6s] (two pair, Sixes and Deuces)
conkris: mucks hand
Agrotait collected $47.50 from pot
*** SUMMARY ***
Total pot $48 | Rake $0.50
Board [9h 6h 2c Kd 2h]
Seat 1: conkris (button) (small blind) mucked
Seat 4: Agrotait (big blind) showed [Tc 6s] and won ($47.50) with two pair, Sixes and Deuces


PokerStars Hand #156079718259:  Hold'em Limit ($3/$6 USD) - 2016/07/17 9:41:20 ET
Table 'Tito' 6-max Seat #4 is the button
Seat 1: conkris ($353.74 in chips)
Seat 4: Agrotait ($72 in chips)
Agrotait: posts small blind $1
conkris: posts big blind $3
*** HOLE CARDS ***
Agrotait: raises $3 to $6
conkris: folds
Uncalled bet ($3) returned to Agrotait
Agrotait collected $6 from pot
Agrotait: doesn't show hand
*** SUMMARY ***
Total pot $6 | Rake $0
Seat 1: conkris (big blind) folded before Flop
Seat 4: Agrotait (button) (small blind) collected ($6)


PokerStars Hand #156079700098:  Hold'em Limit ($3/$6 USD) - 2016/07/17 9:40:48 ET
Table 'Tito' 6-max Seat #1 is the button
Seat 1: conkris ($312.24 in chips)
Seat 4: Agrotait ($60 in chips)
conkris: posts small blind $1
Agrotait: posts big blind $3
*** HOLE CARDS ***
conkris: raises $3 to $6
Agrotait: calls $3
*** FLOP *** [Kh Tc 4h]
Agrotait: checks
conkris: bets $3
Agrotait: raises $3 to $6
conkris: calls $3
*** TURN *** [Kh Tc 4h] [Th]
Agrotait: bets $6
conkris: raises $6 to $12
Agrotait: raises $6 to $18
conkris: raises $6 to $24
Betting is capped
Agrotait: calls $6
*** RIVER *** [Kh Tc 4h Th] [Qc]
Agrotait: checks
conkris: bets $6
Agrotait: calls $6
*** SHOW DOWN ***
conkris: shows [Td Ts] (four of a kind, Tens)
Agrotait: mucks hand
conkris collected $83.50 from pot
*** SUMMARY ***
Total pot $84 | Rake $0.50
Board [Kh Tc 4h Th Qc]
Seat 1: conkris (button) (small blind) showed [Td Ts] and won ($83.50) with four of a kind, Tens
Seat 4: Agrotait (big blind) mucked


PokerStars Hand #156080075893:  Hold'em Limit ($3/$6 USD) - 2016/07/17 9:51:10 ET
Table 'Tito' 6-max Seat #1 is the button
Seat 1: conkris ($362.49 in chips)
Seat 4: Agrotait ($109.11 in chips)
conkris: posts small blind $1
Agrotait: posts big blind $3
*** HOLE CARDS ***
conkris: calls $2
Agrotait: raises $3 to $6
conkris: calls $3
*** FLOP *** [4s Ts Ks]
Agrotait: bets $3
conkris: calls $3
*** TURN *** [4s Ts Ks] [6h]
Agrotait: checks
conkris: bets $6
Agrotait: calls $6
*** RIVER *** [4s Ts Ks 6h] [6c]
Agrotait: checks
conkris: bets $6
Agrotait: calls $6
*** SHOW DOWN ***
conkris: shows [5h Kh] (two pair, Kings and Sixes)
Agrotait: mucks hand
conkris collected $41.50 from pot
*** SUMMARY ***
Total pot $42 | Rake $0.50
Board [4s Ts Ks 6h 6c]
Seat 1: conkris (button) (small blind) showed [5h Kh] and won ($41.50) with two pair, Kings and Sixes
Seat 4: Agrotait (big blind) mucked


PokerStars Hand #156080098225:  Hold'em Limit ($3/$6 USD) - 2016/07/17 9:51:49 ET
Table 'Tito' 6-max Seat #4 is the button
Seat 1: conkris ($382.99 in chips)
Seat 4: Agrotait ($88.11 in chips)
Agrotait: posts small blind $1
conkris: posts big blind $3
*** HOLE CARDS ***
Agrotait: raises $3 to $6
conkris: calls $3
*** FLOP *** [2d 9s 3d]
conkris: checks
Agrotait: bets $3
conkris: calls $3
*** TURN *** [2d 9s 3d] [8c]
conkris: checks
Agrotait: bets $6
conkris: calls $6
*** RIVER *** [2d 9s 3d 8c] [8d]
conkris: checks
Agrotait: bets $6
conkris: folds
Uncalled bet ($6) returned to Agrotait
Agrotait collected $29.50 from pot
Agrotait: doesn't show hand
*** SUMMARY ***
Total pot $30 | Rake $0.50
Board [2d 9s 3d 8c 8d]
Seat 1: conkris (big blind) folded on the River
Seat 4: Agrotait (button) (small blind) collected ($29.50)


PokerStars Hand #156080113387:  Hold'em Limit ($3/$6 USD) - 2016/07/17 9:52:15 ET
Table 'Tito' 6-max Seat #1 is the button
Seat 1: conkris ($367.99 in chips)
Seat 4: Agrotait ($102.61 in chips)
conkris: posts small blind $1
Agrotait: posts big blind $3
*** HOLE CARDS ***
conkris: raises $3 to $6
Agrotait: folds
Uncalled bet ($3) returned to conkris
conkris collected $6 from pot
conkris: doesn't show hand
*** SUMMARY ***
Total pot $6 | Rake $0
Seat 1: conkris (button) (small blind) collected ($6)
Seat 4: Agrotait (big blind) folded before Flop


