PokerStars Hand #147281436069:  Hold'em Limit ($3/$6 USD) - 2016/01/18 18:08:14 ET
Table 'Tito II' 2-max Seat #1 is the button
Seat 1: Kostetikus ($77.76 in chips)
Seat 2: alleyx2011 ($155 in chips)
Kostetikus: posts small blind $1
alleyx2011: posts big blind $3
*** HOLE CARDS ***
Kostetikus: raises $3 to $6
alleyx2011: calls $3
*** FLOP *** [Qd 7h 9h]
alleyx2011: checks
Kostetikus: bets $3
alleyx2011: calls $3
*** TURN *** [Qd 7h 9h] [7d]
alleyx2011: checks
Kostetikus: bets $6
alleyx2011: calls $6
*** RIVER *** [Qd 7h 9h 7d] [4d]
alleyx2011: checks
Kostetikus: bets $6
alleyx2011: folds
Uncalled bet ($6) returned to Kostetikus
Kostetikus collected $29.50 from pot
Kostetikus: doesn't show hand
*** SUMMARY ***
Total pot $30 | Rake $0.50
Board [Qd 7h 9h 7d 4d]
Seat 1: Kostetikus (button) (small blind) collected ($29.50)
Seat 2: alleyx2011 (big blind) folded on the River


PokerStars Hand #147281427062:  Hold'em Limit ($3/$6 USD) - 2016/01/18 18:08:04 ET
Table 'Tito II' 2-max Seat #2 is the button
Seat 1: Kostetikus ($72 in chips)
Seat 2: alleyx2011 ($161 in chips)
alleyx2011: posts small blind $1
Kostetikus: posts big blind $3
*** HOLE CARDS ***
alleyx2011: calls $2
Kostetikus: raises $3 to $6
alleyx2011: calls $3
*** FLOP *** [9s Ah 6h]
Kostetikus: bets $3
alleyx2011: folds
Uncalled bet ($3) returned to Kostetikus
Kostetikus collected $11.76 from pot
Kostetikus: doesn't show hand
*** SUMMARY ***
Total pot $12 | Rake $0.24
Board [9s Ah 6h]
Seat 1: Kostetikus (big blind) collected ($11.76)
Seat 2: alleyx2011 (button) (small blind) folded on the Flop


PokerStars Hand #147281409366:  Hold'em Limit ($3/$6 USD) - 2016/01/18 18:07:45 ET
Table 'Tito II' 2-max Seat #1 is the button
Seat 1: Kostetikus ($72 in chips)
Seat 2: alleyx2011 ($137.50 in chips)
Kostetikus: posts small blind $1
alleyx2011: posts big blind $3
*** HOLE CARDS ***
Kostetikus: raises $3 to $6
alleyx2011: calls $3
*** FLOP *** [5d Td 2s]
alleyx2011: checks
Kostetikus: checks
*** TURN *** [5d Td 2s] [6h]
alleyx2011: checks
Kostetikus: bets $6
alleyx2011: raises $6 to $12
Kostetikus: calls $6
*** RIVER *** [5d Td 2s 6h] [3h]
alleyx2011: bets $6
Kostetikus: calls $6
*** SHOW DOWN ***
alleyx2011: shows [6d Jc] (a pair of Sixes)
Kostetikus: mucks hand
alleyx2011 collected $47.50 from pot
*** SUMMARY ***
Total pot $48 | Rake $0.50
Board [5d Td 2s 6h 3h]
Seat 1: Kostetikus (button) (small blind) mucked
Seat 2: alleyx2011 (big blind) showed [6d Jc] and won ($47.50) with a pair of Sixes


PokerStars Hand #147281457768:  Hold'em Limit ($3/$6 USD) - 2016/01/18 18:08:38 ET
Table 'Tito II' 2-max Seat #1 is the button
Seat 1: Kostetikus ($93.26 in chips)
Seat 2: alleyx2011 ($139 in chips)
Kostetikus: posts small blind $1
alleyx2011: posts big blind $3
*** HOLE CARDS ***
Kostetikus: raises $3 to $6
alleyx2011: raises $3 to $9
Kostetikus: calls $3
*** FLOP *** [9s Ts 3c]
alleyx2011: bets $3
Kostetikus: calls $3
*** TURN *** [9s Ts 3c] [Kc]
alleyx2011: bets $6
Kostetikus: calls $6
*** RIVER *** [9s Ts 3c Kc] [9c]
alleyx2011: bets $6
Kostetikus: calls $6
*** SHOW DOWN ***
alleyx2011: shows [As 4s] (a pair of Nines)
Kostetikus: shows [Qh Ah] (a pair of Nines - Ace+King+Queen kicker)
Kostetikus collected $47.50 from pot
*** SUMMARY ***
Total pot $48 | Rake $0.50
Board [9s Ts 3c Kc 9c]
Seat 1: Kostetikus (button) (small blind) showed [Qh Ah] and won ($47.50) with a pair of Nines
Seat 2: alleyx2011 (big blind) showed [As 4s] and lost with a pair of Nines


PokerStars Hand #147281453741:  Hold'em Limit ($3/$6 USD) - 2016/01/18 18:08:34 ET
Table 'Tito II' 2-max Seat #2 is the button
Seat 1: Kostetikus ($92.26 in chips)
Seat 2: alleyx2011 ($140 in chips)
alleyx2011: posts small blind $1
Kostetikus: posts big blind $3
*** HOLE CARDS ***
alleyx2011: folds
Uncalled bet ($2) returned to Kostetikus
Kostetikus collected $2 from pot
Kostetikus: doesn't show hand
*** SUMMARY ***
Total pot $2 | Rake $0
Seat 1: Kostetikus (big blind) collected ($2)
Seat 2: alleyx2011 (button) (small blind) folded before Flop


