PokerStars Hand #158708855326:  Hold'em Limit ($3/$6 USD) - 2016/09/17 2:48:54 ET
Table 'Tjilaki' 6-max Seat #4 is the button
Seat 1: gorcea_vs ($86.39 in chips)
Seat 4: Agrotait ($71.76 in chips)
Agrotait: posts small blind $1
gorcea_vs: posts big blind $3
*** HOLE CARDS ***
Agrotait: raises $3 to $6
gorcea_vs: calls $3
*** FLOP *** [Td 5c 7h]
gorcea_vs: checks
Agrotait: bets $3
gorcea_vs: calls $3
*** TURN *** [Td 5c 7h] [Qd]
gorcea_vs: checks
Agrotait: bets $6
gorcea_vs: folds
Uncalled bet ($6) returned to Agrotait
Agrotait collected $17.64 from pot
Agrotait: doesn't show hand
*** SUMMARY ***
Total pot $18 | Rake $0.36
Board [Td 5c 7h Qd]
Seat 1: gorcea_vs (big blind) folded on the Turn
Seat 4: Agrotait (button) (small blind) collected ($17.64)


PokerStars Hand #158708851227:  Hold'em Limit ($3/$6 USD) - 2016/09/17 2:48:39 ET
Table 'Tjilaki' 6-max Seat #1 is the button
Seat 1: gorcea_vs ($80.63 in chips)
Seat 4: Agrotait ($77.76 in chips)
gorcea_vs: posts small blind $1
Agrotait: posts big blind $3
*** HOLE CARDS ***
gorcea_vs: raises $3 to $6
Agrotait: calls $3
*** FLOP *** [5s Qs Kc]
Agrotait: checks
gorcea_vs: bets $3
Agrotait: folds
Uncalled bet ($3) returned to gorcea_vs
gorcea_vs collected $11.76 from pot
gorcea_vs: doesn't show hand
*** SUMMARY ***
Total pot $12 | Rake $0.24
Board [5s Qs Kc]
Seat 1: gorcea_vs (button) (small blind) collected ($11.76)
Seat 4: Agrotait (big blind) folded on the Flop


PokerStars Hand #158708860223:  Hold'em Limit ($3/$6 USD) - 2016/09/17 2:49:12 ET
Table 'Tjilaki' 6-max Seat #1 is the button
Seat 1: gorcea_vs ($77.39 in chips)
Seat 4: Agrotait ($80.40 in chips)
gorcea_vs: posts small blind $1
Agrotait: posts big blind $3
*** HOLE CARDS ***
gorcea_vs: raises $3 to $6
Agrotait: calls $3
*** FLOP *** [Jh 2h 9c]
Agrotait: checks
gorcea_vs: bets $3
Agrotait: folds
Uncalled bet ($3) returned to gorcea_vs
gorcea_vs collected $11.76 from pot
*** SUMMARY ***
Total pot $12 | Rake $0.24
Board [Jh 2h 9c]
Seat 1: gorcea_vs (button) (small blind) collected ($11.76)
Seat 4: Agrotait (big blind) folded on the Flop


PokerStars Hand #158708873805:  Hold'em Limit ($3/$6 USD) - 2016/09/17 2:50:02 ET
Table 'Tjilaki' 6-max Seat #1 is the button
Seat 1: gorcea_vs ($91.79 in chips)
Seat 4: Agrotait ($65.40 in chips)
gorcea_vs: posts small blind $1
Agrotait: posts big blind $3
*** HOLE CARDS ***
gorcea_vs: raises $3 to $6
Agrotait: calls $3
*** FLOP *** [2d 3d Tc]
Agrotait: checks
gorcea_vs: bets $3
Agrotait: calls $3
*** TURN *** [2d 3d Tc] [3h]
Agrotait: checks
gorcea_vs: checks
*** RIVER *** [2d 3d Tc 3h] [9h]
Agrotait: checks
gorcea_vs: bets $6
Agrotait: folds
Uncalled bet ($6) returned to gorcea_vs
gorcea_vs collected $17.64 from pot
gorcea_vs: doesn't show hand
*** SUMMARY ***
Total pot $18 | Rake $0.36
Board [2d 3d Tc 3h 9h]
Seat 1: gorcea_vs (button) (small blind) collected ($17.64)
Seat 4: Agrotait (big blind) folded on the River


PokerStars Hand #158708867809:  Hold'em Limit ($3/$6 USD) - 2016/09/17 2:49:40 ET
Table 'Tjilaki' 6-max Seat #4 is the button
Seat 1: gorcea_vs ($83.15 in chips)
Seat 4: Agrotait ($74.40 in chips)
Agrotait: posts small blind $1
gorcea_vs: posts big blind $3
*** HOLE CARDS ***
_fayzulllo_ joins the table at seat #6
Agrotait: raises $3 to $6
gorcea_vs: calls $3
*** FLOP *** [8s 3h Ah]
gorcea_vs: checks
Agrotait: bets $3
gorcea_vs: calls $3
*** TURN *** [8s 3h Ah] [Th]
gorcea_vs: checks
Agrotait: checks
*** RIVER *** [8s 3h Ah Th] [7c]
gorcea_vs: bets $6
Agrotait: folds
Uncalled bet ($6) returned to gorcea_vs
gorcea_vs collected $17.64 from pot
gorcea_vs: doesn't show hand
*** SUMMARY ***
Total pot $18 | Rake $0.36
Board [8s 3h Ah Th 7c]
Seat 1: gorcea_vs (big blind) collected ($17.64)
Seat 4: Agrotait (button) (small blind) folded on the River


PokerStars Hand #158709007601:  Hold'em Limit ($3/$6 USD) - 2016/09/17 2:58:04 ET
Table 'Tjilaki' 6-max Seat #6 is the button
Seat 1: gorcea_vs ($110.86 in chips)
Seat 6: _fayzulllo_ ($71.19 in chips)
_fayzulllo_: posts small blind $1
gorcea_vs: posts big blind $3
*** HOLE CARDS ***
_fayzulllo_: calls $2
gorcea_vs: checks
*** FLOP *** [7s 5s 6c]
gorcea_vs: checks
_fayzulllo_: checks
*** TURN *** [7s 5s 6c] [Ks]
gorcea_vs: bets $6
_fayzulllo_: folds
Uncalled bet ($6) returned to gorcea_vs
gorcea_vs collected $5.88 from pot
gorcea_vs: doesn't show hand
*** SUMMARY ***
Total pot $6 | Rake $0.12
Board [7s 5s 6c Ks]
Seat 1: gorcea_vs (big blind) collected ($5.88)
Seat 6: _fayzulllo_ (button) (small blind) folded on the Turn


PokerStars Hand #158709001520:  Hold'em Limit ($3/$6 USD) - 2016/09/17 2:57:40 ET
Table 'Tjilaki' 6-max Seat #1 is the button
Seat 1: gorcea_vs ($99.34 in chips)
Seat 6: _fayzulllo_ ($83.19 in chips)
gorcea_vs: posts small blind $1
Agrotait: is sitting out
_fayzulllo_: posts big blind $3
*** HOLE CARDS ***
Agrotait leaves the table
gorcea_vs: calls $2
_fayzulllo_: checks
*** FLOP *** [6s 2h 4d]
_fayzulllo_: bets $3
gorcea_vs: calls $3
*** TURN *** [6s 2h 4d] [Jd]
_fayzulllo_: bets $6
gorcea_vs: calls $6
*** RIVER *** [6s 2h 4d Jd] [8c]
_fayzulllo_: checks
gorcea_vs: checks
*** SHOW DOWN ***
_fayzulllo_: shows [As 5d] (high card Ace)
gorcea_vs: shows [Kh 4s] (a pair of Fours)
gorcea_vs collected $23.52 from pot
*** SUMMARY ***
Total pot $24 | Rake $0.48
Board [6s 2h 4d Jd 8c]
Seat 1: gorcea_vs (button) (small blind) showed [Kh 4s] and won ($23.52) with a pair of Fours
Seat 6: _fayzulllo_ (big blind) showed [As 5d] and lost with high card Ace


PokerStars Hand #158709019370:  Hold'em Limit ($3/$6 USD) - 2016/09/17 2:58:52 ET
Table 'Tjilaki' 6-max Seat #6 is the button
Seat 1: gorcea_vs ($98.74 in chips)
Seat 6: _fayzulllo_ ($82.69 in chips)
_fayzulllo_: posts small blind $1
gorcea_vs: posts big blind $3
*** HOLE CARDS ***
_fayzulllo_: folds
Uncalled bet ($2) returned to gorcea_vs
gorcea_vs collected $2 from pot
gorcea_vs: doesn't show hand
*** SUMMARY ***
Total pot $2 | Rake $0
Seat 1: gorcea_vs (big blind) collected ($2)
Seat 6: _fayzulllo_ (button) (small blind) folded before Flop


PokerStars Hand #158709026827:  Hold'em Limit ($3/$6 USD) - 2016/09/17 2:59:22 ET
Table 'Tjilaki' 6-max Seat #6 is the button
Seat 1: gorcea_vs ($123.24 in chips)
Seat 6: _fayzulllo_ ($57.69 in chips)
_fayzulllo_: posts small blind $1
gorcea_vs: posts big blind $3
*** HOLE CARDS ***
_fayzulllo_: raises $3 to $6
gorcea_vs: calls $3
*** FLOP *** [Jd Qd 2d]
gorcea_vs: checks
_fayzulllo_: checks
*** TURN *** [Jd Qd 2d] [Ac]
gorcea_vs: checks
_fayzulllo_: bets $6
gorcea_vs: folds
Uncalled bet ($6) returned to _fayzulllo_
_fayzulllo_ collected $11.76 from pot
_fayzulllo_: doesn't show hand
*** SUMMARY ***
Total pot $12 | Rake $0.24
Board [Jd Qd 2d Ac]
Seat 1: gorcea_vs (big blind) folded on the Turn
Seat 6: _fayzulllo_ (button) (small blind) collected ($11.76)


PokerStars Hand #158709011576:  Hold'em Limit ($3/$6 USD) - 2016/09/17 2:58:20 ET
Table 'Tjilaki' 6-max Seat #1 is the button
Seat 1: gorcea_vs ($113.74 in chips)
Seat 6: _fayzulllo_ ($68.19 in chips)
gorcea_vs: posts small blind $1
_fayzulllo_: posts big blind $3
*** HOLE CARDS ***
gorcea_vs: calls $2
_fayzulllo_: raises $3 to $6
gorcea_vs: calls $3
*** FLOP *** [Ah 5c 3h]
_fayzulllo_: bets $3
gorcea_vs: calls $3
*** TURN *** [Ah 5c 3h] [Js]
_fayzulllo_: checks
gorcea_vs: bets $6
_fayzulllo_: raises $6 to $12
gorcea_vs: folds
Uncalled bet ($6) returned to _fayzulllo_
_fayzulllo_ collected $29.50 from pot
_fayzulllo_: doesn't show hand
*** SUMMARY ***
Total pot $30 | Rake $0.50
Board [Ah 5c 3h Js]
Seat 1: gorcea_vs (button) (small blind) folded on the Turn
Seat 6: _fayzulllo_ (big blind) collected ($29.50)


PokerStars Hand #158709020686:  Hold'em Limit ($3/$6 USD) - 2016/09/17 2:58:57 ET
Table 'Tjilaki' 6-max Seat #1 is the button
Seat 1: gorcea_vs ($99.74 in chips)
Seat 6: _fayzulllo_ ($81.69 in chips)
gorcea_vs: posts small blind $1
_fayzulllo_: posts big blind $3
*** HOLE CARDS ***
gorcea_vs: raises $3 to $6
_fayzulllo_: calls $3
*** FLOP *** [Jd Kh Td]
_fayzulllo_: checks
gorcea_vs: bets $3
_fayzulllo_: raises $3 to $6
gorcea_vs: calls $3
*** TURN *** [Jd Kh Td] [4s]
_fayzulllo_: bets $6
gorcea_vs: raises $6 to $12
_fayzulllo_: calls $6
*** RIVER *** [Jd Kh Td 4s] [Jc]
_fayzulllo_: checks
gorcea_vs: bets $6
_fayzulllo_: folds
Uncalled bet ($6) returned to gorcea_vs
gorcea_vs collected $47.50 from pot
gorcea_vs: doesn't show hand
*** SUMMARY ***
Total pot $48 | Rake $0.50
Board [Jd Kh Td 4s Jc]
Seat 1: gorcea_vs (button) (small blind) collected ($47.50)
Seat 6: _fayzulllo_ (big blind) folded on the River


PokerStars Hand #158709030362:  Hold'em Limit ($3/$6 USD) - 2016/09/17 2:59:36 ET
Table 'Tjilaki' 6-max Seat #1 is the button
Seat 1: gorcea_vs ($117.24 in chips)
Seat 6: _fayzulllo_ ($63.45 in chips)
gorcea_vs: posts small blind $1
_fayzulllo_: posts big blind $3
*** HOLE CARDS ***
gorcea_vs: raises $3 to $6
_fayzulllo_: raises $3 to $9
gorcea_vs: calls $3
*** FLOP *** [Td Th As]
_fayzulllo_: bets $3
gorcea_vs: calls $3
*** TURN *** [Td Th As] [4d]
_fayzulllo_: bets $6
Apanage joins the table at seat #2
gorcea_vs: folds
Uncalled bet ($6) returned to _fayzulllo_
_fayzulllo_ collected $23.52 from pot
_fayzulllo_: doesn't show hand
*** SUMMARY ***
Total pot $24 | Rake $0.48
Board [Td Th As 4d]
Seat 1: gorcea_vs (button) (small blind) folded on the Turn
Seat 6: _fayzulllo_ (big blind) collected ($23.52)


PokerStars Hand #158709034462:  Hold'em Limit ($3/$6 USD) - 2016/09/17 2:59:52 ET
Table 'Tjilaki' 6-max Seat #6 is the button
Seat 1: gorcea_vs ($105.24 in chips)
Seat 6: _fayzulllo_ ($74.97 in chips)
_fayzulllo_: posts small blind $1
gorcea_vs: posts big blind $3
*** HOLE CARDS ***
_fayzulllo_: folds
Uncalled bet ($2) returned to gorcea_vs
gorcea_vs collected $2 from pot
gorcea_vs: doesn't show hand
*** SUMMARY ***
Total pot $2 | Rake $0
Seat 1: gorcea_vs (big blind) collected ($2)
Seat 6: _fayzulllo_ (button) (small blind) folded before Flop


PokerStars Hand #158712757409:  Hold'em Limit ($3/$6 USD) - 2016/09/17 6:04:13 ET
Table 'Tjilaki' 6-max Seat #3 is the button
Seat 3: Bubman78 ($410.30 in chips)
Seat 5: Ag3r0n ($72 in chips)
Bubman78: posts small blind $1
Hannibal2211: is sitting out
Ag3r0n: posts big blind $3
*** HOLE CARDS ***
Bubman78: raises $3 to $6
Ag3r0n: raises $3 to $9
Bubman78: calls $3
*** FLOP *** [9h 9c 8c]
Ag3r0n: bets $3
Bubman78: raises $3 to $6
Ag3r0n: calls $3
*** TURN *** [9h 9c 8c] [5d]
Ag3r0n: checks
Bubman78: checks
*** RIVER *** [9h 9c 8c 5d] [3h]
Ag3r0n: checks
Bubman78: checks
*** SHOW DOWN ***
Ag3r0n: shows [7d As] (a pair of Nines)
Bubman78: mucks hand
Ag3r0n collected $29.50 from pot
*** SUMMARY ***
Total pot $30 | Rake $0.50
Board [9h 9c 8c 5d 3h]
Seat 3: Bubman78 (button) (small blind) mucked
Seat 5: Ag3r0n (big blind) showed [7d As] and won ($29.50) with a pair of Nines


