PokerStars Hand #163376662779:  Hold'em Limit ($3/$6 USD) - 2016/12/22 23:10:35 ET
Table 'Tokai' 6-max Seat #3 is the button
Seat 3: yayaya ($117 in chips)
Seat 4: NEST201300 ($87.84 in chips)
yayaya: posts small blind $1
NEST201300: posts big blind $3
*** HOLE CARDS ***
yayaya: raises $3 to $6
NEST201300: calls $3
*** FLOP *** [Th 9s 3d]
NEST201300: checks
yayaya: bets $3
NEST201300: calls $3
*** TURN *** [Th 9s 3d] [3s]
NEST201300: checks
yayaya: bets $6
NEST201300: calls $6
*** RIVER *** [Th 9s 3d 3s] [8c]
NEST201300: checks
yayaya: bets $6
NEST201300: folds
Uncalled bet ($6) returned to yayaya
yayaya collected $29.50 from pot
yayaya: doesn't show hand
*** SUMMARY ***
Total pot $30 | Rake $0.50
Board [Th 9s 3d 3s 8c]
Seat 3: yayaya (button) (small blind) collected ($29.50)
Seat 4: NEST201300 (big blind) folded on the River


PokerStars Hand #163376640428:  Hold'em Limit ($3/$6 USD) - 2016/12/22 23:09:32 ET
Table 'Tokai' 6-max Seat #1 is the button
Seat 1: LifeisagameX ($84 in chips)
Seat 4: NEST201300 ($78.32 in chips)
yayaya joins the table at seat #3
LifeisagameX: posts small blind $1
NEST201300: posts big blind $3
*** HOLE CARDS ***
LifeisagameX: raises $3 to $6
NEST201300: raises $3 to $9
LifeisagameX: calls $3
*** FLOP *** [Jd Tc 5s]
NEST201300: bets $3
LifeisagameX: calls $3
*** TURN *** [Jd Tc 5s] [6h]
NEST201300: bets $6
LifeisagameX: folds
Uncalled bet ($6) returned to NEST201300
NEST201300 collected $23.52 from pot
NEST201300: doesn't show hand
*** SUMMARY ***
Total pot $24 | Rake $0.48
Board [Jd Tc 5s 6h]
Seat 1: LifeisagameX (button) (small blind) folded on the Turn
Seat 4: NEST201300 (big blind) collected ($23.52)


PokerStars Hand #163376651216:  Hold'em Limit ($3/$6 USD) - 2016/12/22 23:10:02 ET
Table 'Tokai' 6-max Seat #4 is the button
Seat 1: LifeisagameX ($84 in chips)
Seat 4: NEST201300 ($89.84 in chips)
NEST201300: posts small blind $1
LifeisagameX: posts big blind $3
*** HOLE CARDS ***
NEST201300: raises $3 to $6
LifeisagameX: calls $3
*** FLOP *** [Kd 2s Js]
LifeisagameX: checks
NEST201300: checks
*** TURN *** [Kd 2s Js] [Jc]
LifeisagameX: checks
NEST201300: checks
*** RIVER *** [Kd 2s Js Jc] [5h]
LifeisagameX: bets $6
NEST201300: folds
Uncalled bet ($6) returned to LifeisagameX
LifeisagameX collected $11.76 from pot
LifeisagameX: doesn't show hand
*** SUMMARY ***
Total pot $12 | Rake $0.24
Board [Kd 2s Js Jc 5h]
Seat 1: LifeisagameX (big blind) collected ($11.76)
Seat 4: NEST201300 (button) (small blind) folded on the River


PokerStars Hand #163376672933:  Hold'em Limit ($3/$6 USD) - 2016/12/22 23:11:04 ET
Table 'Tokai' 6-max Seat #3 is the button
Seat 3: yayaya ($122.50 in chips)
Seat 4: NEST201300 ($81.48 in chips)
yayaya: posts small blind $1
NEST201300: posts big blind $3
*** HOLE CARDS ***
yayaya: folds
Uncalled bet ($2) returned to NEST201300
NEST201300 collected $2 from pot
NEST201300: doesn't show hand
*** SUMMARY ***
Total pot $2 | Rake $0
Seat 3: yayaya (button) (small blind) folded before Flop
Seat 4: NEST201300 (big blind) collected ($2)


PokerStars Hand #163376668266:  Hold'em Limit ($3/$6 USD) - 2016/12/22 23:10:51 ET
Table 'Tokai' 6-max Seat #4 is the button
Seat 3: yayaya ($131.50 in chips)
Seat 4: NEST201300 ($72.84 in chips)
NEST201300: posts small blind $1
yayaya: posts big blind $3
*** HOLE CARDS ***
NEST201300: raises $3 to $6
yayaya: calls $3
*** FLOP *** [5c 9d 3c]
yayaya: checks
NEST201300: bets $3
yayaya: calls $3
*** TURN *** [5c 9d 3c] [Qh]
yayaya: checks
NEST201300: bets $6
yayaya: folds
Uncalled bet ($6) returned to NEST201300
NEST201300 collected $17.64 from pot
NEST201300: doesn't show hand
*** SUMMARY ***
Total pot $18 | Rake $0.36
Board [5c 9d 3c Qh]
Seat 3: yayaya (big blind) folded on the Turn
Seat 4: NEST201300 (button) (small blind) collected ($17.64)


PokerStars Hand #163376677152:  Hold'em Limit ($3/$6 USD) - 2016/12/22 23:11:17 ET
Table 'Tokai' 6-max Seat #3 is the button
Seat 3: yayaya ($115.50 in chips)
Seat 4: NEST201300 ($88.24 in chips)
yayaya: posts small blind $1
NEST201300: posts big blind $3
*** HOLE CARDS ***
yayaya: raises $3 to $6
NEST201300: raises $3 to $9
yayaya: raises $3 to $12
Betting is capped
NEST201300: calls $3
*** FLOP *** [Js 3h Ts]
ToDaFelt joins the table at seat #5
NEST201300: bets $3
yayaya: calls $3
*** TURN *** [Js 3h Ts] [9s]
NEST201300: bets $6
yayaya: calls $6
*** RIVER *** [Js 3h Ts 9s] [Jh]
NEST201300: bets $6
yayaya: folds
Uncalled bet ($6) returned to NEST201300
NEST201300 collected $41.50 from pot
NEST201300: doesn't show hand
*** SUMMARY ***
Total pot $42 | Rake $0.50
Board [Js 3h Ts 9s Jh]
Seat 3: yayaya (button) (small blind) folded on the River
Seat 4: NEST201300 (big blind) collected ($41.50)


PokerStars Hand #163376674611:  Hold'em Limit ($3/$6 USD) - 2016/12/22 23:11:09 ET
Table 'Tokai' 6-max Seat #4 is the button
Seat 3: yayaya ($121.50 in chips)
Seat 4: NEST201300 ($82.48 in chips)
NEST201300: posts small blind $1
yayaya: posts big blind $3
*** HOLE CARDS ***
NEST201300: raises $3 to $6
yayaya: calls $3
*** FLOP *** [4c 4s 7s]
yayaya: checks
NEST201300: bets $3
yayaya: folds
Uncalled bet ($3) returned to NEST201300
NEST201300 collected $11.76 from pot
NEST201300: doesn't show hand
*** SUMMARY ***
Total pot $12 | Rake $0.24
Board [4c 4s 7s]
Seat 3: yayaya (big blind) folded on the Flop
Seat 4: NEST201300 (button) (small blind) collected ($11.76)


PokerStars Hand #163377790258:  Hold'em Limit ($3/$6 USD) - 2016/12/23 0:07:18 ET
Table 'Tokai' 6-max Seat #6 is the button
Seat 2: Cigarete94 ($59.14 in chips)
Seat 6: neudachnik20 ($20.66 in chips)
neudachnik20: posts small blind $1
Cigarete94: posts big blind $3
*** HOLE CARDS ***
neudachnik20: raises $3 to $6
Cigarete94: calls $3
*** FLOP *** [2d 6h Ad]
Cigarete94: checks
neudachnik20: bets $3
Cigarete94: calls $3
*** TURN *** [2d 6h Ad] [9h]
Cigarete94: checks
neudachnik20: checks
*** RIVER *** [2d 6h Ad 9h] [7s]
Cigarete94: bets $6
pro_gosy leaves the table
neudachnik20: calls $6
*** SHOW DOWN ***
Cigarete94: shows [9c 8d] (a pair of Nines)
neudachnik20: mucks hand
Cigarete94 collected $29.50 from pot
*** SUMMARY ***
Total pot $30 | Rake $0.50
Board [2d 6h Ad 9h 7s]
Seat 2: Cigarete94 (big blind) showed [9c 8d] and won ($29.50) with a pair of Nines
Seat 6: neudachnik20 (button) (small blind) mucked


PokerStars Hand #163377787348:  Hold'em Limit ($3/$6 USD) - 2016/12/23 0:07:08 ET
Table 'Tokai' 6-max Seat #6 is the button
Seat 2: Cigarete94 ($59.14 in chips)
Seat 6: neudachnik20 ($20.66 in chips)
neudachnik20: posts small blind $1
Cigarete94: posts big blind $3
*** HOLE CARDS ***
neudachnik20: folds
Uncalled bet ($2) returned to Cigarete94
Cigarete94 collected $2 from pot
Cigarete94: doesn't show hand
*** SUMMARY ***
Total pot $2 | Rake $0
Seat 2: Cigarete94 (big blind) collected ($2)
Seat 6: neudachnik20 (button) (small blind) folded before Flop


PokerStars Hand #163377785816:  Hold'em Limit ($3/$6 USD) - 2016/12/23 0:07:04 ET
Table 'Tokai' 6-max Seat #2 is the button
Seat 2: Cigarete94 ($60.14 in chips)
Seat 6: neudachnik20 ($19.66 in chips)
Cigarete94: posts small blind $1
neudachnik20: posts big blind $3
*** HOLE CARDS ***
Cigarete94: folds
Uncalled bet ($2) returned to neudachnik20
neudachnik20 collected $2 from pot
*** SUMMARY ***
Total pot $2 | Rake $0
Seat 2: Cigarete94 (button) (small blind) folded before Flop
Seat 6: neudachnik20 (big blind) collected ($2)


PokerStars Hand #163377788818:  Hold'em Limit ($3/$6 USD) - 2016/12/23 0:07:13 ET
Table 'Tokai' 6-max Seat #2 is the button
Seat 2: Cigarete94 ($60.14 in chips)
Seat 6: neudachnik20 ($19.66 in chips)
Cigarete94: posts small blind $1
neudachnik20: posts big blind $3
*** HOLE CARDS ***
Cigarete94: folds
Uncalled bet ($2) returned to neudachnik20
neudachnik20 collected $2 from pot
*** SUMMARY ***
Total pot $2 | Rake $0
Seat 2: Cigarete94 (button) (small blind) folded before Flop
Seat 6: neudachnik20 (big blind) collected ($2)


