PokerStars Hand #144340455315:  Hold'em Limit ($3/$6 USD) - 2015/11/24 19:52:13 ET
Table 'Tokai' 2-max Seat #2 is the button
Seat 1: nrJitsu ($375.25 in chips)
Seat 2: leodolf ($19.35 in chips)
leodolf: posts small blind $1
nrJitsu: posts big blind $3
*** HOLE CARDS ***
leodolf: raises $3 to $6
nrJitsu: calls $3
*** FLOP *** [3h Ac 5s]
nrJitsu: checks
leodolf: bets $3
nrJitsu: raises $3 to $6
leodolf: calls $3
*** TURN *** [3h Ac 5s] [2h]
nrJitsu: bets $6
leodolf: folds
Uncalled bet ($6) returned to nrJitsu
nrJitsu collected $23.52 from pot
nrJitsu: doesn't show hand
*** SUMMARY ***
Total pot $24 | Rake $0.48
Board [3h Ac 5s 2h]
Seat 1: nrJitsu (big blind) collected ($23.52)
Seat 2: leodolf (button) (small blind) folded on the Turn


PokerStars Hand #144340452690:  Hold'em Limit ($3/$6 USD) - 2015/11/24 19:52:09 ET
Table 'Tokai' 2-max Seat #1 is the button
Seat 1: nrJitsu ($376.25 in chips)
Seat 2: leodolf ($18.35 in chips)
nrJitsu: posts small blind $1
leodolf: posts big blind $3
*** HOLE CARDS ***
nrJitsu: folds
Uncalled bet ($2) returned to leodolf
leodolf collected $2 from pot
leodolf: doesn't show hand
*** SUMMARY ***
Total pot $2 | Rake $0
Seat 1: nrJitsu (button) (small blind) folded before Flop
Seat 2: leodolf (big blind) collected ($2)


PokerStars Hand #144340442431:  Hold'em Limit ($3/$6 USD) - 2015/11/24 19:51:51 ET
Table 'Tokai' 2-max Seat #2 is the button
Seat 1: nrJitsu ($358.75 in chips)
Seat 2: leodolf ($36.35 in chips)
leodolf: posts small blind $1
nrJitsu: posts big blind $3
*** HOLE CARDS ***
leodolf: calls $2
nrJitsu: raises $3 to $6
leodolf: calls $3
*** FLOP *** [8d 3d As]
nrJitsu: checks
leodolf: checks
*** TURN *** [8d 3d As] [Ah]
nrJitsu: bets $6
leodolf: calls $6
*** RIVER *** [8d 3d As Ah] [7h]
nrJitsu: bets $6
leodolf: calls $6
*** SHOW DOWN ***
nrJitsu: shows [Kc 7c] (two pair, Aces and Sevens)
leodolf: mucks hand
nrJitsu collected $35.50 from pot
*** SUMMARY ***
Total pot $36 | Rake $0.50
Board [8d 3d As Ah 7h]
Seat 1: nrJitsu (big blind) showed [Kc 7c] and won ($35.50) with two pair, Aces and Sevens
Seat 2: leodolf (button) (small blind) mucked


PokerStars Hand #144340462531:  Hold'em Limit ($3/$6 USD) - 2015/11/24 19:52:26 ET
Table 'Tokai' 2-max Seat #1 is the button
Seat 1: nrJitsu ($386.77 in chips)
Seat 2: leodolf ($7.35 in chips)
nrJitsu: posts small blind $1
leodolf: posts big blind $3
*** HOLE CARDS ***
nrJitsu: raises $3 to $6
leodolf: raises $1.35 to $7.35 and is all-in
nrJitsu: calls $1.35
*** FLOP *** [9s 5c 2h]
*** TURN *** [9s 5c 2h] [6s]
*** RIVER *** [9s 5c 2h 6s] [Ad]
*** SHOW DOWN ***
leodolf: shows [Qh Js] (high card Ace)
nrJitsu: shows [2c 6c] (two pair, Sixes and Deuces)
nrJitsu collected $14.41 from pot
*** SUMMARY ***
Total pot $14.70 | Rake $0.29
Board [9s 5c 2h 6s Ad]
Seat 1: nrJitsu (button) (small blind) showed [2c 6c] and won ($14.41) with two pair, Sixes and Deuces
Seat 2: leodolf (big blind) showed [Qh Js] and lost with high card Ace


PokerStars Hand #144340669809:  Hold'em Limit ($3/$6 USD) - 2015/11/24 19:59:17 ET
Table 'Tokai' 2-max Seat #2 is the button
Seat 1: nrJitsu ($362.83 in chips)
Seat 2: Pete81 ($87.90 in chips)
Pete81: posts small blind $1
nrJitsu: posts big blind $3
*** HOLE CARDS ***
Pete81: folds
Uncalled bet ($2) returned to nrJitsu
nrJitsu collected $2 from pot
nrJitsu: doesn't show hand
*** SUMMARY ***
Total pot $2 | Rake $0
Seat 1: nrJitsu (big blind) collected ($2)
Seat 2: Pete81 (button) (small blind) folded before Flop


PokerStars Hand #144340662914:  Hold'em Limit ($3/$6 USD) - 2015/11/24 19:59:02 ET
Table 'Tokai' 2-max Seat #1 is the button
Seat 1: nrJitsu ($383.83 in chips)
Seat 2: Pete81 ($67.40 in chips)
nrJitsu: posts small blind $1
Pete81: posts big blind $3
*** HOLE CARDS ***
nrJitsu: raises $3 to $6
Pete81: calls $3
*** FLOP *** [Qd 7s Qc]
Pete81: checks
nrJitsu: bets $3
Pete81: calls $3
*** TURN *** [Qd 7s Qc] [6c]
Pete81: checks
nrJitsu: bets $6
Pete81: raises $6 to $12
nrJitsu: calls $6
*** RIVER *** [Qd 7s Qc 6c] [Ah]
Pete81: bets $6
nrJitsu: folds
Uncalled bet ($6) returned to Pete81
Pete81 collected $41.50 from pot
Pete81: doesn't show hand
*** SUMMARY ***
Total pot $42 | Rake $0.50
Board [Qd 7s Qc 6c Ah]
Seat 1: nrJitsu (button) (small blind) folded on the River
Seat 2: Pete81 (big blind) collected ($41.50)


PokerStars Hand #144340660835:  Hold'em Limit ($3/$6 USD) - 2015/11/24 19:58:58 ET
Table 'Tokai' 2-max Seat #2 is the button
Seat 1: nrJitsu ($382.83 in chips)
Seat 2: Pete81 ($68.40 in chips)
Pete81: posts small blind $1
nrJitsu: posts big blind $3
*** HOLE CARDS ***
Pete81: folds
Uncalled bet ($2) returned to nrJitsu
nrJitsu collected $2 from pot
nrJitsu: doesn't show hand
*** SUMMARY ***
Total pot $2 | Rake $0
Seat 1: nrJitsu (big blind) collected ($2)
Seat 2: Pete81 (button) (small blind) folded before Flop


PokerStars Hand #144340658544:  Hold'em Limit ($3/$6 USD) - 2015/11/24 19:58:53 ET
Table 'Tokai' 2-max Seat #1 is the button
Seat 1: nrJitsu ($379.83 in chips)
Seat 2: Pete81 ($71.40 in chips)
nrJitsu: posts small blind $1
Pete81: posts big blind $3
*** HOLE CARDS ***
nrJitsu: raises $3 to $6
Pete81: folds
Uncalled bet ($3) returned to nrJitsu
nrJitsu collected $6 from pot
nrJitsu: doesn't show hand
*** SUMMARY ***
Total pot $6 | Rake $0
Seat 1: nrJitsu (button) (small blind) collected ($6)
Seat 2: Pete81 (big blind) folded before Flop


PokerStars Hand #144340684855:  Hold'em Limit ($3/$6 USD) - 2015/11/24 19:59:50 ET
Table 'Tokai' 2-max Seat #2 is the button
Seat 1: nrJitsu ($384.33 in chips)
Seat 2: Pete81 ($65.90 in chips)
Pete81: posts small blind $1
nrJitsu: posts big blind $3
*** HOLE CARDS ***
Pete81: raises $3 to $6
nrJitsu: calls $3
*** FLOP *** [Qd 2c 7s]
nrJitsu: checks
Pete81: bets $3
nrJitsu: raises $3 to $6
Pete81: calls $3
*** TURN *** [Qd 2c 7s] [3d]
nrJitsu: bets $6
Pete81: folds
Uncalled bet ($6) returned to nrJitsu
nrJitsu collected $23.52 from pot
nrJitsu: doesn't show hand
*** SUMMARY ***
Total pot $24 | Rake $0.48
Board [Qd 2c 7s 3d]
Seat 1: nrJitsu (big blind) collected ($23.52)
Seat 2: Pete81 (button) (small blind) folded on the Turn


PokerStars Hand #144340682783:  Hold'em Limit ($3/$6 USD) - 2015/11/24 19:59:45 ET
Table 'Tokai' 2-max Seat #1 is the button
Seat 1: nrJitsu ($385.33 in chips)
Seat 2: Pete81 ($64.90 in chips)
nrJitsu: posts small blind $1
Pete81: posts big blind $3
*** HOLE CARDS ***
nrJitsu: folds
Uncalled bet ($2) returned to Pete81
Pete81 collected $2 from pot
Pete81: doesn't show hand
*** SUMMARY ***
Total pot $2 | Rake $0
Seat 1: nrJitsu (button) (small blind) folded before Flop
Seat 2: Pete81 (big blind) collected ($2)


PokerStars Hand #144340680584:  Hold'em Limit ($3/$6 USD) - 2015/11/24 19:59:41 ET
Table 'Tokai' 2-max Seat #2 is the button
Seat 1: nrJitsu ($384.33 in chips)
Seat 2: Pete81 ($65.90 in chips)
Pete81: posts small blind $1
nrJitsu: posts big blind $3
*** HOLE CARDS ***
Pete81: folds
Uncalled bet ($2) returned to nrJitsu
nrJitsu collected $2 from pot
nrJitsu: doesn't show hand
*** SUMMARY ***
Total pot $2 | Rake $0
Seat 1: nrJitsu (big blind) collected ($2)
Seat 2: Pete81 (button) (small blind) folded before Flop


PokerStars Hand #144340671809:  Hold'em Limit ($3/$6 USD) - 2015/11/24 19:59:21 ET
Table 'Tokai' 2-max Seat #1 is the button
Seat 1: nrJitsu ($363.83 in chips)
Seat 2: Pete81 ($86.90 in chips)
nrJitsu: posts small blind $1
Pete81: posts big blind $3
*** HOLE CARDS ***
nrJitsu: raises $3 to $6
Pete81: raises $3 to $9
nrJitsu: raises $3 to $12
Betting is capped
Pete81: calls $3
*** FLOP *** [Ad 3s 3h]
Pete81: checks
nrJitsu: bets $3
Pete81: calls $3
*** TURN *** [Ad 3s 3h] [Jc]
Pete81: checks
nrJitsu: checks
*** RIVER *** [Ad 3s 3h Jc] [6s]
Pete81: checks
nrJitsu: bets $6
Pete81: calls $6
*** SHOW DOWN ***
nrJitsu: shows [Kc Kd] (two pair, Kings and Threes)
Pete81: mucks hand
nrJitsu collected $41.50 from pot
*** SUMMARY ***
Total pot $42 | Rake $0.50
Board [Ad 3s 3h Jc 6s]
Seat 1: nrJitsu (button) (small blind) showed [Kc Kd] and won ($41.50) with two pair, Kings and Threes
Seat 2: Pete81 (big blind) mucked


PokerStars Hand #144340692313:  Hold'em Limit ($3/$6 USD) - 2015/11/24 20:00:06 ET
Table 'Tokai' 2-max Seat #1 is the button
Seat 1: nrJitsu ($395.85 in chips)
Seat 2: Pete81 ($53.90 in chips)
nrJitsu: posts small blind $1
Pete81: posts big blind $3
*** HOLE CARDS ***
nrJitsu: raises $3 to $6
Pete81: calls $3
*** FLOP *** [Kh 4s Ks]
Pete81: checks
nrJitsu: bets $3
Pete81: raises $3 to $6
nrJitsu: calls $3
*** TURN *** [Kh 4s Ks] [2h]
Pete81: bets $6
nrJitsu: calls $6
*** RIVER *** [Kh 4s Ks 2h] [3c]
Pete81: bets $6
nrJitsu: calls $6
*** SHOW DOWN ***
Pete81: shows [2s 3s] (two pair, Kings and Threes)
nrJitsu: mucks hand
Pete81 collected $47.50 from pot
*** SUMMARY ***
Total pot $48 | Rake $0.50
Board [Kh 4s Ks 2h 3c]
Seat 1: nrJitsu (button) (small blind) mucked
Seat 2: Pete81 (big blind) showed [2s 3s] and won ($47.50) with two pair, Kings and Threes


PokerStars Hand #144340709648:  Hold'em Limit ($3/$6 USD) - 2015/11/24 20:00:41 ET
Table 'Tokai' 2-max Seat #1 is the button
Seat 1: nrJitsu ($365.85 in chips)
Seat 2: Pete81 ($83.16 in chips)
nrJitsu: posts small blind $1
Pete81: posts big blind $3
*** HOLE CARDS ***
nrJitsu: raises $3 to $6
Pete81: raises $3 to $9
nrJitsu: calls $3
*** FLOP *** [7s Jd 4s]
Pete81: bets $3
nrJitsu: calls $3
*** TURN *** [7s Jd 4s] [6d]
Pete81: bets $6
nrJitsu: raises $6 to $12
Pete81: calls $6
*** RIVER *** [7s Jd 4s 6d] [Qc]
Pete81: checks
nrJitsu: bets $6
Pete81: raises $6 to $12
nrJitsu: folds
Uncalled bet ($6) returned to Pete81
Pete81 collected $59.50 from pot
Pete81: doesn't show hand
*** SUMMARY ***
Total pot $60 | Rake $0.50
Board [7s Jd 4s 6d Qc]
Seat 1: nrJitsu (button) (small blind) folded on the River
Seat 2: Pete81 (big blind) collected ($59.50)


PokerStars Hand #144340718588:  Hold'em Limit ($3/$6 USD) - 2015/11/24 20:00:59 ET
Table 'Tokai' 2-max Seat #2 is the button
Seat 1: nrJitsu ($335.85 in chips)
Seat 2: Pete81 ($112.66 in chips)
Pete81: posts small blind $1
nrJitsu: posts big blind $3
*** HOLE CARDS ***
Pete81: raises $3 to $6
nrJitsu: calls $3
*** FLOP *** [Qc 2s Ah]
nrJitsu: checks
Pete81: bets $3
nrJitsu: calls $3
*** TURN *** [Qc 2s Ah] [4c]
nrJitsu: checks
Pete81: checks
*** RIVER *** [Qc 2s Ah 4c] [Qd]
nrJitsu: bets $6
Pete81: folds
Uncalled bet ($6) returned to nrJitsu
nrJitsu collected $17.64 from pot
nrJitsu: doesn't show hand
*** SUMMARY ***
Total pot $18 | Rake $0.36
Board [Qc 2s Ah 4c Qd]
Seat 1: nrJitsu (big blind) collected ($17.64)
Seat 2: Pete81 (button) (small blind) folded on the River


PokerStars Hand #144340727639:  Hold'em Limit ($3/$6 USD) - 2015/11/24 20:01:17 ET
Table 'Tokai' 2-max Seat #1 is the button
Seat 1: nrJitsu ($344.49 in chips)
Seat 2: Pete81 ($103.66 in chips)
nrJitsu: posts small blind $1
Pete81: posts big blind $3
*** HOLE CARDS ***
nrJitsu: folds
Uncalled bet ($2) returned to Pete81
Pete81 collected $2 from pot
Pete81: doesn't show hand
*** SUMMARY ***
Total pot $2 | Rake $0
Seat 1: nrJitsu (button) (small blind) folded before Flop
Seat 2: Pete81 (big blind) collected ($2)


PokerStars Hand #144340704768:  Hold'em Limit ($3/$6 USD) - 2015/11/24 20:00:32 ET
Table 'Tokai' 2-max Seat #2 is the button
Seat 1: nrJitsu ($371.85 in chips)
Seat 2: Pete81 ($77.40 in chips)
Pete81: posts small blind $1
nrJitsu: posts big blind $3
*** HOLE CARDS ***
Pete81: raises $3 to $6
nrJitsu: calls $3
*** FLOP *** [7s Qd As]
nrJitsu: checks
Pete81: bets $3
nrJitsu: folds
Uncalled bet ($3) returned to Pete81
Pete81 collected $11.76 from pot
Pete81: doesn't show hand
*** SUMMARY ***
Total pot $12 | Rake $0.24
Board [7s Qd As]
Seat 1: nrJitsu (big blind) folded on the Flop
Seat 2: Pete81 (button) (small blind) collected ($11.76)


PokerStars Hand #144340732098:  Hold'em Limit ($3/$6 USD) - 2015/11/24 20:01:26 ET
Table 'Tokai' 2-max Seat #2 is the button
Seat 1: nrJitsu ($343.49 in chips)
Seat 2: Pete81 ($104.66 in chips)
Pete81: posts small blind $1
nrJitsu: posts big blind $3
*** HOLE CARDS ***
Pete81: raises $3 to $6
nrJitsu: calls $3
*** FLOP *** [5h Ad 4c]
nrJitsu: checks
Pete81: bets $3
nrJitsu: calls $3
*** TURN *** [5h Ad 4c] [Th]
nrJitsu: checks
Pete81: bets $6
nrJitsu: folds
Uncalled bet ($6) returned to Pete81
Pete81 collected $17.64 from pot
Pete81: doesn't show hand
*** SUMMARY ***
Total pot $18 | Rake $0.36
Board [5h Ad 4c Th]
Seat 1: nrJitsu (big blind) folded on the Turn
Seat 2: Pete81 (button) (small blind) collected ($17.64)


PokerStars Hand #144340751115:  Hold'em Limit ($3/$6 USD) - 2015/11/24 20:02:02 ET
Table 'Tokai' 2-max Seat #2 is the button
Seat 1: nrJitsu ($351.99 in chips)
Seat 2: Pete81 ($95.30 in chips)
Pete81: posts small blind $1
nrJitsu: posts big blind $3
*** HOLE CARDS ***
Pete81: folds
Uncalled bet ($2) returned to nrJitsu
nrJitsu collected $2 from pot
nrJitsu: doesn't show hand
*** SUMMARY ***
Total pot $2 | Rake $0
Seat 1: nrJitsu (big blind) collected ($2)
Seat 2: Pete81 (button) (small blind) folded before Flop


PokerStars Hand #144340739973:  Hold'em Limit ($3/$6 USD) - 2015/11/24 20:01:41 ET
Table 'Tokai' 2-max Seat #1 is the button
Seat 1: nrJitsu ($334.49 in chips)
Seat 2: Pete81 ($113.30 in chips)
nrJitsu: posts small blind $1
Pete81: posts big blind $3
*** HOLE CARDS ***
nrJitsu: raises $3 to $6
Pete81: raises $3 to $9
nrJitsu: calls $3
*** FLOP *** [Kh Tc Td]
Pete81: bets $3
nrJitsu: calls $3
*** TURN *** [Kh Tc Td] [3h]
Pete81: checks
nrJitsu: checks
*** RIVER *** [Kh Tc Td 3h] [7d]
Pete81: bets $6
nrJitsu: calls $6
*** SHOW DOWN ***
Pete81: shows [6s 7s] (two pair, Tens and Sevens)
nrJitsu: shows [Ks 9h] (two pair, Kings and Tens)
nrJitsu collected $35.50 from pot
*** SUMMARY ***
Total pot $36 | Rake $0.50
Board [Kh Tc Td 3h 7d]
Seat 1: nrJitsu (button) (small blind) showed [Ks 9h] and won ($35.50) with two pair, Kings and Tens
Seat 2: Pete81 (big blind) showed [6s 7s] and lost with two pair, Tens and Sevens


PokerStars Hand #144340761656:  Hold'em Limit ($3/$6 USD) - 2015/11/24 20:02:22 ET
Table 'Tokai' 2-max Seat #2 is the button
Seat 1: nrJitsu ($328.99 in chips)
Seat 2: Pete81 ($117.80 in chips)
Pete81: posts small blind $1
nrJitsu: posts big blind $3
*** HOLE CARDS ***
Pete81: raises $3 to $6
nrJitsu: folds
Uncalled bet ($3) returned to Pete81
Pete81 collected $6 from pot
Pete81: doesn't show hand
*** SUMMARY ***
Total pot $6 | Rake $0
Seat 1: nrJitsu (big blind) folded before Flop
Seat 2: Pete81 (button) (small blind) collected ($6)


PokerStars Hand #144340753574:  Hold'em Limit ($3/$6 USD) - 2015/11/24 20:02:07 ET
Table 'Tokai' 2-max Seat #1 is the button
Seat 1: nrJitsu ($352.99 in chips)
Seat 2: Pete81 ($94.30 in chips)
nrJitsu: posts small blind $1
Pete81: posts big blind $3
*** HOLE CARDS ***
nrJitsu: raises $3 to $6
Pete81: raises $3 to $9
nrJitsu: calls $3
*** FLOP *** [Jc Jh Kc]
Pete81: bets $3
nrJitsu: calls $3
*** TURN *** [Jc Jh Kc] [3s]
Pete81: bets $6
nrJitsu: calls $6
*** RIVER *** [Jc Jh Kc 3s] [2d]
Pete81: bets $6
nrJitsu: calls $6
*** SHOW DOWN ***
Pete81: shows [Kh 9c] (two pair, Kings and Jacks)
nrJitsu: mucks hand
Pete81 collected $47.50 from pot
*** SUMMARY ***
Total pot $48 | Rake $0.50
Board [Jc Jh Kc 3s 2d]
Seat 1: nrJitsu (button) (small blind) mucked
Seat 2: Pete81 (big blind) showed [Kh 9c] and won ($47.50) with two pair, Kings and Jacks


PokerStars Hand #144340765348:  Hold'em Limit ($3/$6 USD) - 2015/11/24 20:02:29 ET
Table 'Tokai' 2-max Seat #1 is the button
Seat 1: nrJitsu ($325.99 in chips)
Seat 2: Pete81 ($120.80 in chips)
nrJitsu: posts small blind $1
Pete81: posts big blind $3
*** HOLE CARDS ***
nrJitsu: raises $3 to $6
Pete81: folds
Uncalled bet ($3) returned to nrJitsu
nrJitsu collected $6 from pot
nrJitsu: doesn't show hand
*** SUMMARY ***
Total pot $6 | Rake $0
Seat 1: nrJitsu (button) (small blind) collected ($6)
Seat 2: Pete81 (big blind) folded before Flop


PokerStars Hand #144340768487:  Hold'em Limit ($3/$6 USD) - 2015/11/24 20:02:35 ET
Table 'Tokai' 2-max Seat #2 is the button
Seat 1: nrJitsu ($328.99 in chips)
Seat 2: Pete81 ($117.80 in chips)
Pete81: posts small blind $1
nrJitsu: posts big blind $3
*** HOLE CARDS ***
Pete81: raises $3 to $6
nrJitsu: calls $3
*** FLOP *** [3c Ad Qh]
nrJitsu: checks
Pete81: bets $3
nrJitsu: calls $3
*** TURN *** [3c Ad Qh] [Kd]
nrJitsu: checks
Pete81: bets $6
nrJitsu: calls $6
*** RIVER *** [3c Ad Qh Kd] [3s]
nrJitsu: checks
Pete81: bets $6
nrJitsu: raises $6 to $12
Pete81: folds
Uncalled bet ($6) returned to nrJitsu
nrJitsu collected $41.50 from pot
nrJitsu: doesn't show hand
*** SUMMARY ***
Total pot $42 | Rake $0.50
Board [3c Ad Qh Kd 3s]
Seat 1: nrJitsu (big blind) collected ($41.50)
Seat 2: Pete81 (button) (small blind) folded on the River


PokerStars Hand #144340788050:  Hold'em Limit ($3/$6 USD) - 2015/11/24 20:03:11 ET
Table 'Tokai' 2-max Seat #2 is the button
Seat 1: nrJitsu ($334.49 in chips)
Seat 2: Pete81 ($111.30 in chips)
Pete81: posts small blind $1
nrJitsu: posts big blind $3
*** HOLE CARDS ***
Pete81: folds
Uncalled bet ($2) returned to nrJitsu
nrJitsu collected $2 from pot
nrJitsu: doesn't show hand
*** SUMMARY ***
Total pot $2 | Rake $0
Seat 1: nrJitsu (big blind) collected ($2)
Seat 2: Pete81 (button) (small blind) folded before Flop


PokerStars Hand #144340778232:  Hold'em Limit ($3/$6 USD) - 2015/11/24 20:02:52 ET
Table 'Tokai' 2-max Seat #1 is the button
Seat 1: nrJitsu ($349.49 in chips)
Seat 2: Pete81 ($96.80 in chips)
nrJitsu: posts small blind $1
Pete81: posts big blind $3
*** HOLE CARDS ***
nrJitsu: raises $3 to $6
Pete81: calls $3
*** FLOP *** [4s Js 6s]
Pete81: checks
nrJitsu: bets $3
Pete81: calls $3
*** TURN *** [4s Js 6s] [2h]
Pete81: checks
nrJitsu: bets $6
Pete81: calls $6
*** RIVER *** [4s Js 6s 2h] [5s]
Pete81: checks
nrJitsu: checks
*** SHOW DOWN ***
Pete81: shows [6c 7h] (a pair of Sixes)
nrJitsu: mucks hand
Pete81 collected $29.50 from pot
*** SUMMARY ***
Total pot $30 | Rake $0.50
Board [4s Js 6s 2h 5s]
Seat 1: nrJitsu (button) (small blind) mucked
Seat 2: Pete81 (big blind) showed [6c 7h] and won ($29.50) with a pair of Sixes


PokerStars Hand #144340790412:  Hold'em Limit ($3/$6 USD) - 2015/11/24 20:03:15 ET
Table 'Tokai' 2-max Seat #1 is the button
Seat 1: nrJitsu ($335.49 in chips)
Seat 2: Pete81 ($110.30 in chips)
nrJitsu: posts small blind $1
Pete81: posts big blind $3
*** HOLE CARDS ***
nrJitsu: folds
Uncalled bet ($2) returned to Pete81
Pete81 collected $2 from pot
Pete81: doesn't show hand
*** SUMMARY ***
Total pot $2 | Rake $0
Seat 1: nrJitsu (button) (small blind) folded before Flop
Seat 2: Pete81 (big blind) collected ($2)


PokerStars Hand #144340804216:  Hold'em Limit ($3/$6 USD) - 2015/11/24 20:03:40 ET
Table 'Tokai' 2-max Seat #1 is the button
Seat 1: nrJitsu ($363.99 in chips)
Seat 2: Pete81 ($81.30 in chips)
nrJitsu: posts small blind $1
Pete81: posts big blind $3
*** HOLE CARDS ***
nrJitsu: raises $3 to $6
Pete81: raises $3 to $9
nrJitsu: calls $3
*** FLOP *** [8h 5c 3d]
Pete81: bets $3
nrJitsu: folds
Uncalled bet ($3) returned to Pete81
Pete81 collected $17.64 from pot
Pete81: doesn't show hand
*** SUMMARY ***
Total pot $18 | Rake $0.36
Board [8h 5c 3d]
Seat 1: nrJitsu (button) (small blind) folded on the Flop
Seat 2: Pete81 (big blind) collected ($17.64)


PokerStars Hand #144340810346:  Hold'em Limit ($3/$6 USD) - 2015/11/24 20:03:52 ET
Table 'Tokai' 2-max Seat #2 is the button
Seat 1: nrJitsu ($354.99 in chips)
Seat 2: Pete81 ($89.94 in chips)
Pete81: posts small blind $1
nrJitsu: posts big blind $3
*** HOLE CARDS ***
Pete81: raises $3 to $6
nrJitsu: raises $3 to $9
Pete81: raises $3 to $12
Betting is capped
nrJitsu: calls $3
*** FLOP *** [As Tc 2h]
nrJitsu: checks
Pete81: bets $3
nrJitsu: calls $3
*** TURN *** [As Tc 2h] [5d]
nrJitsu: checks
Pete81: bets $6
nrJitsu: calls $6
*** RIVER *** [As Tc 2h 5d] [Ah]
nrJitsu: checks
Pete81: bets $6
nrJitsu: calls $6
*** SHOW DOWN ***
Pete81: shows [Td Ad] (a full house, Aces full of Tens)
nrJitsu: mucks hand
Pete81 collected $53.50 from pot
*** SUMMARY ***
Total pot $54 | Rake $0.50
Board [As Tc 2h 5d Ah]
Seat 1: nrJitsu (big blind) mucked
Seat 2: Pete81 (button) (small blind) showed [Td Ad] and won ($53.50) with a full house, Aces full of Tens


PokerStars Hand #144340819668:  Hold'em Limit ($3/$6 USD) - 2015/11/24 20:04:09 ET
Table 'Tokai' 2-max Seat #1 is the button
Seat 1: nrJitsu ($327.99 in chips)
Seat 2: Pete81 ($116.44 in chips)
nrJitsu: posts small blind $1
Pete81: posts big blind $3
*** HOLE CARDS ***
nrJitsu: raises $3 to $6
Pete81: raises $3 to $9
nrJitsu: calls $3
*** FLOP *** [3h 9h Js]
Pete81: bets $3
nrJitsu: calls $3
*** TURN *** [3h 9h Js] [5c]
Pete81: bets $6
nrJitsu: raises $6 to $12
Pete81: calls $6
*** RIVER *** [3h 9h Js 5c] [As]
Pete81: checks
nrJitsu: bets $6
Pete81: calls $6
*** SHOW DOWN ***
nrJitsu: shows [Ac Ah] (three of a kind, Aces)
Pete81: mucks hand
nrJitsu collected $59.50 from pot
*** SUMMARY ***
Total pot $60 | Rake $0.50
Board [3h 9h Js 5c As]
Seat 1: nrJitsu (button) (small blind) showed [Ac Ah] and won ($59.50) with three of a kind, Aces
Seat 2: Pete81 (big blind) mucked


PokerStars Hand #144340793492:  Hold'em Limit ($3/$6 USD) - 2015/11/24 20:03:21 ET
Table 'Tokai' 2-max Seat #2 is the button
Seat 1: nrJitsu ($334.49 in chips)
Seat 2: Pete81 ($111.30 in chips)
Pete81: posts small blind $1
nrJitsu: posts big blind $3
*** HOLE CARDS ***
Pete81: raises $3 to $6
nrJitsu: calls $3
*** FLOP *** [4c 4d 8h]
nrJitsu: checks
Pete81: bets $3
nrJitsu: raises $3 to $6
Pete81: calls $3
*** TURN *** [4c 4d 8h] [6h]
nrJitsu: bets $6
Pete81: calls $6
*** RIVER *** [4c 4d 8h 6h] [Kc]
nrJitsu: bets $6
Pete81: raises $6 to $12
nrJitsu: calls $6
*** SHOW DOWN ***
Pete81: shows [Js Tc] (a pair of Fours)
nrJitsu: shows [8s Kh] (two pair, Kings and Eights)
nrJitsu collected $59.50 from pot
*** SUMMARY ***
Total pot $60 | Rake $0.50
Board [4c 4d 8h 6h Kc]
Seat 1: nrJitsu (big blind) showed [8s Kh] and won ($59.50) with two pair, Kings and Eights
Seat 2: Pete81 (button) (small blind) showed [Js Tc] and lost with a pair of Fours


PokerStars Hand #144340840491:  Hold'em Limit ($3/$6 USD) - 2015/11/24 20:04:46 ET
Table 'Tokai' 2-max Seat #2 is the button
Seat 1: nrJitsu ($357.49 in chips)
Seat 2: Pete81 ($86.44 in chips)
Pete81: posts small blind $1
nrJitsu: posts big blind $3
*** HOLE CARDS ***
Pete81: raises $3 to $6
nrJitsu: calls $3
*** FLOP *** [Tc 7s 9h]
nrJitsu: checks
Pete81: bets $3
nrJitsu: folds
Uncalled bet ($3) returned to Pete81
Pete81 collected $11.76 from pot
Pete81: doesn't show hand
*** SUMMARY ***
Total pot $12 | Rake $0.24
Board [Tc 7s 9h]
Seat 1: nrJitsu (big blind) folded on the Flop
Seat 2: Pete81 (button) (small blind) collected ($11.76)


PokerStars Hand #144340845788:  Hold'em Limit ($3/$6 USD) - 2015/11/24 20:04:56 ET
Table 'Tokai' 2-max Seat #1 is the button
Seat 1: nrJitsu ($351.49 in chips)
Seat 2: Pete81 ($92.20 in chips)
nrJitsu: posts small blind $1
Pete81: posts big blind $3
*** HOLE CARDS ***
nrJitsu: raises $3 to $6
Pete81: calls $3
*** FLOP *** [6s Ad 7s]
Pete81: checks
nrJitsu: bets $3
Pete81: folds
Uncalled bet ($3) returned to nrJitsu
nrJitsu collected $11.76 from pot
nrJitsu: doesn't show hand
*** SUMMARY ***
Total pot $12 | Rake $0.24
Board [6s Ad 7s]
Seat 1: nrJitsu (button) (small blind) collected ($11.76)
Seat 2: Pete81 (big blind) folded on the Flop


PokerStars Hand #144340850465:  Hold'em Limit ($3/$6 USD) - 2015/11/24 20:05:04 ET
Table 'Tokai' 2-max Seat #2 is the button
Seat 1: nrJitsu ($357.25 in chips)
Seat 2: Pete81 ($86.20 in chips)
Pete81: posts small blind $1
nrJitsu: posts big blind $3
*** HOLE CARDS ***
Pete81: raises $3 to $6
nrJitsu: raises $3 to $9
Pete81: calls $3
*** FLOP *** [4h Js 6h]
nrJitsu: bets $3
Pete81: calls $3
*** TURN *** [4h Js 6h] [9h]
nrJitsu: checks
Pete81: bets $6
nrJitsu: folds
Uncalled bet ($6) returned to Pete81
Pete81 collected $23.52 from pot
Pete81: doesn't show hand
*** SUMMARY ***
Total pot $24 | Rake $0.48
Board [4h Js 6h 9h]
Seat 1: nrJitsu (big blind) folded on the Turn
Seat 2: Pete81 (button) (small blind) collected ($23.52)


PokerStars Hand #144340858844:  Hold'em Limit ($3/$6 USD) - 2015/11/24 20:05:20 ET
Table 'Tokai' 2-max Seat #1 is the button
Seat 1: nrJitsu ($345.25 in chips)
Seat 2: Pete81 ($97.72 in chips)
nrJitsu: posts small blind $1
Pete81: posts big blind $3
*** HOLE CARDS ***
nrJitsu: raises $3 to $6
Pete81: folds
Uncalled bet ($3) returned to nrJitsu
nrJitsu collected $6 from pot
nrJitsu: doesn't show hand
*** SUMMARY ***
Total pot $6 | Rake $0
Seat 1: nrJitsu (button) (small blind) collected ($6)
Seat 2: Pete81 (big blind) folded before Flop


PokerStars Hand #144340862251:  Hold'em Limit ($3/$6 USD) - 2015/11/24 20:05:26 ET
Table 'Tokai' 2-max Seat #2 is the button
Seat 1: nrJitsu ($348.25 in chips)
Seat 2: Pete81 ($94.72 in chips)
Pete81: posts small blind $1
nrJitsu: posts big blind $3
*** HOLE CARDS ***
Pete81: folds
Uncalled bet ($2) returned to nrJitsu
nrJitsu collected $2 from pot
nrJitsu: doesn't show hand
*** SUMMARY ***
Total pot $2 | Rake $0
Seat 1: nrJitsu (big blind) collected ($2)
Seat 2: Pete81 (button) (small blind) folded before Flop


PokerStars Hand #144340837987:  Hold'em Limit ($3/$6 USD) - 2015/11/24 20:04:42 ET
Table 'Tokai' 2-max Seat #1 is the button
Seat 1: nrJitsu ($358.49 in chips)
Seat 2: Pete81 ($85.44 in chips)
nrJitsu: posts small blind $1
Pete81: posts big blind $3
*** HOLE CARDS ***
nrJitsu: folds
Uncalled bet ($2) returned to Pete81
Pete81 collected $2 from pot
Pete81: doesn't show hand
*** SUMMARY ***
Total pot $2 | Rake $0
Seat 1: nrJitsu (button) (small blind) folded before Flop
Seat 2: Pete81 (big blind) collected ($2)


PokerStars Hand #144340835468:  Hold'em Limit ($3/$6 USD) - 2015/11/24 20:04:37 ET
Table 'Tokai' 2-max Seat #2 is the button
Seat 1: nrJitsu ($357.49 in chips)
Seat 2: Pete81 ($86.44 in chips)
Pete81: posts small blind $1
nrJitsu: posts big blind $3
*** HOLE CARDS ***
Pete81: folds
Uncalled bet ($2) returned to nrJitsu
nrJitsu collected $2 from pot
nrJitsu: doesn't show hand
*** SUMMARY ***
Total pot $2 | Rake $0
Seat 1: nrJitsu (big blind) collected ($2)
Seat 2: Pete81 (button) (small blind) folded before Flop


PokerStars Hand #144340872433:  Hold'em Limit ($3/$6 USD) - 2015/11/24 20:05:45 ET
Table 'Tokai' 2-max Seat #2 is the button
Seat 1: nrJitsu ($325.25 in chips)
Seat 2: Pete81 ($117.22 in chips)
Pete81: posts small blind $1
nrJitsu: posts big blind $3
*** HOLE CARDS ***
Pete81: raises $3 to $6
nrJitsu: raises $3 to $9
Pete81: calls $3
*** FLOP *** [Ac 8d 3c]
nrJitsu: bets $3
Pete81: calls $3
*** TURN *** [Ac 8d 3c] [2d]
nrJitsu: checks
Pete81: checks
*** RIVER *** [Ac 8d 3c 2d] [7c]
nrJitsu: bets $6
Pete81: calls $6
*** SHOW DOWN ***
nrJitsu: shows [6d 9d] (high card Ace)
Pete81: shows [Kd 9h] (high card Ace - King kicker)
Pete81 collected $35.50 from pot
*** SUMMARY ***
Total pot $36 | Rake $0.50
Board [Ac 8d 3c 2d 7c]
Seat 1: nrJitsu (big blind) showed [6d 9d] and lost with high card Ace
Seat 2: Pete81 (button) (small blind) showed [Kd 9h] and won ($35.50) with high card Ace


PokerStars Hand #144340881366:  Hold'em Limit ($3/$6 USD) - 2015/11/24 20:06:01 ET
Table 'Tokai' 2-max Seat #2 is the button
Seat 1: nrJitsu ($306.25 in chips)
Seat 2: Pete81 ($135.72 in chips)
Pete81: posts small blind $1
nrJitsu: posts big blind $3
*** HOLE CARDS ***
Pete81: folds
Uncalled bet ($2) returned to nrJitsu
nrJitsu collected $2 from pot
nrJitsu: doesn't show hand
*** SUMMARY ***
Total pot $2 | Rake $0
Seat 1: nrJitsu (big blind) collected ($2)
Seat 2: Pete81 (button) (small blind) folded before Flop


PokerStars Hand #144340878919:  Hold'em Limit ($3/$6 USD) - 2015/11/24 20:05:57 ET
Table 'Tokai' 2-max Seat #1 is the button
Seat 1: nrJitsu ($307.25 in chips)
Seat 2: Pete81 ($134.72 in chips)
nrJitsu: posts small blind $1
Pete81: posts big blind $3
*** HOLE CARDS ***
nrJitsu: folds
Uncalled bet ($2) returned to Pete81
Pete81 collected $2 from pot
Pete81: doesn't show hand
*** SUMMARY ***
Total pot $2 | Rake $0
Seat 1: nrJitsu (button) (small blind) folded before Flop
Seat 2: Pete81 (big blind) collected ($2)


PokerStars Hand #144340884230:  Hold'em Limit ($3/$6 USD) - 2015/11/24 20:06:06 ET
Table 'Tokai' 2-max Seat #1 is the button
Seat 1: nrJitsu ($307.25 in chips)
Seat 2: Pete81 ($134.72 in chips)
nrJitsu: posts small blind $1
Pete81: posts big blind $3
*** HOLE CARDS ***
nrJitsu: raises $3 to $6
Pete81: raises $3 to $9
nrJitsu: calls $3
*** FLOP *** [2d 7s Qd]
Pete81: bets $3
nrJitsu: calls $3
*** TURN *** [2d 7s Qd] [6c]
Pete81: bets $6
nrJitsu: raises $6 to $12
Pete81: calls $6
*** RIVER *** [2d 7s Qd 6c] [2c]
Pete81: checks
nrJitsu: bets $6
Pete81: calls $6
*** SHOW DOWN ***
nrJitsu: shows [5d Qc] (two pair, Queens and Deuces)
Pete81: mucks hand
nrJitsu collected $59.50 from pot
*** SUMMARY ***
Total pot $60 | Rake $0.50
Board [2d 7s Qd 6c 2c]
Seat 1: nrJitsu (button) (small blind) showed [5d Qc] and won ($59.50) with two pair, Queens and Deuces
Seat 2: Pete81 (big blind) mucked


PokerStars Hand #144340893166:  Hold'em Limit ($3/$6 USD) - 2015/11/24 20:06:23 ET
Table 'Tokai' 2-max Seat #2 is the button
Seat 1: nrJitsu ($336.75 in chips)
Seat 2: Pete81 ($104.72 in chips)
Pete81: posts small blind $1
nrJitsu: posts big blind $3
*** HOLE CARDS ***
Pete81: raises $3 to $6
nrJitsu: raises $3 to $9
Pete81: calls $3
*** FLOP *** [5s Ks Js]
nrJitsu: bets $3
Pete81: calls $3
*** TURN *** [5s Ks Js] [Qd]
nrJitsu: bets $6
Pete81: raises $6 to $12
nrJitsu: folds
Uncalled bet ($6) returned to Pete81
Pete81 collected $35.50 from pot
Pete81: doesn't show hand
*** SUMMARY ***
Total pot $36 | Rake $0.50
Board [5s Ks Js Qd]
Seat 1: nrJitsu (big blind) folded on the Turn
Seat 2: Pete81 (button) (small blind) collected ($35.50)


PokerStars Hand #144340864940:  Hold'em Limit ($3/$6 USD) - 2015/11/24 20:05:31 ET
Table 'Tokai' 2-max Seat #1 is the button
Seat 1: nrJitsu ($349.25 in chips)
Seat 2: Pete81 ($93.72 in chips)
nrJitsu: posts small blind $1
Pete81: posts big blind $3
*** HOLE CARDS ***
nrJitsu: raises $3 to $6
Pete81: calls $3
*** FLOP *** [5c Jd 3c]
Pete81: checks
nrJitsu: bets $3
Pete81: raises $3 to $6
nrJitsu: calls $3
*** TURN *** [5c Jd 3c] [3h]
Pete81: bets $6
nrJitsu: calls $6
*** RIVER *** [5c Jd 3c 3h] [2d]
Pete81: bets $6
nrJitsu: calls $6
*** SHOW DOWN ***
Pete81: shows [5s Jh] (two pair, Jacks and Fives)
nrJitsu: mucks hand
Pete81 collected $47.50 from pot
*** SUMMARY ***
Total pot $48 | Rake $0.50
Board [5c Jd 3c 3h 2d]
Seat 1: nrJitsu (button) (small blind) mucked
Seat 2: Pete81 (big blind) showed [5s Jh] and won ($47.50) with two pair, Jacks and Fives


PokerStars Hand #144340905884:  Hold'em Limit ($3/$6 USD) - 2015/11/24 20:06:46 ET
Table 'Tokai' 2-max Seat #1 is the button
Seat 1: nrJitsu ($318.75 in chips)
Seat 2: Pete81 ($122.22 in chips)
nrJitsu: posts small blind $1
Pete81: posts big blind $3
*** HOLE CARDS ***
nrJitsu: raises $3 to $6
Pete81: calls $3
*** FLOP *** [Kh 9c 5d]
Pete81: checks
nrJitsu: bets $3
Pete81: folds
Uncalled bet ($3) returned to nrJitsu
nrJitsu collected $11.76 from pot
nrJitsu: doesn't show hand
*** SUMMARY ***
Total pot $12 | Rake $0.24
Board [Kh 9c 5d]
Seat 1: nrJitsu (button) (small blind) collected ($11.76)
Seat 2: Pete81 (big blind) folded on the Flop


PokerStars Hand #144340911084:  Hold'em Limit ($3/$6 USD) - 2015/11/24 20:06:55 ET
Table 'Tokai' 2-max Seat #2 is the button
Seat 1: nrJitsu ($324.51 in chips)
Seat 2: Pete81 ($116.22 in chips)
Pete81: posts small blind $1
nrJitsu: posts big blind $3
*** HOLE CARDS ***
Pete81: raises $3 to $6
nrJitsu: calls $3
*** FLOP *** [7h 5c 3s]
nrJitsu: checks
Pete81: bets $3
nrJitsu: calls $3
*** TURN *** [7h 5c 3s] [9c]
nrJitsu: checks
Pete81: bets $6
nrJitsu: folds
Uncalled bet ($6) returned to Pete81
Pete81 collected $17.64 from pot
Pete81: doesn't show hand
*** SUMMARY ***
Total pot $18 | Rake $0.36
Board [7h 5c 3s 9c]
Seat 1: nrJitsu (big blind) folded on the Turn
Seat 2: Pete81 (button) (small blind) collected ($17.64)


PokerStars Hand #144340922419:  Hold'em Limit ($3/$6 USD) - 2015/11/24 20:07:16 ET
Table 'Tokai' 2-max Seat #2 is the button
Seat 1: nrJitsu ($321.27 in chips)
Seat 2: Pete81 ($118.86 in chips)
Pete81: posts small blind $1
nrJitsu: posts big blind $3
*** HOLE CARDS ***
Pete81: folds
Uncalled bet ($2) returned to nrJitsu
nrJitsu collected $2 from pot
nrJitsu: doesn't show hand
*** SUMMARY ***
Total pot $2 | Rake $0
Seat 1: nrJitsu (big blind) collected ($2)
Seat 2: Pete81 (button) (small blind) folded before Flop


PokerStars Hand #144340918331:  Hold'em Limit ($3/$6 USD) - 2015/11/24 20:07:09 ET
Table 'Tokai' 2-max Seat #1 is the button
Seat 1: nrJitsu ($315.51 in chips)
Seat 2: Pete81 ($124.86 in chips)
nrJitsu: posts small blind $1
Pete81: posts big blind $3
*** HOLE CARDS ***
nrJitsu: raises $3 to $6
Pete81: calls $3
*** FLOP *** [2c Jd Kd]
Pete81: checks
nrJitsu: bets $3
Pete81: folds
Uncalled bet ($3) returned to nrJitsu
nrJitsu collected $11.76 from pot
nrJitsu: doesn't show hand
*** SUMMARY ***
Total pot $12 | Rake $0.24
Board [2c Jd Kd]
Seat 1: nrJitsu (button) (small blind) collected ($11.76)
Seat 2: Pete81 (big blind) folded on the Flop


PokerStars Hand #144340903252:  Hold'em Limit ($3/$6 USD) - 2015/11/24 20:06:41 ET
Table 'Tokai' 2-max Seat #2 is the button
Seat 1: nrJitsu ($317.75 in chips)
Seat 2: Pete81 ($123.22 in chips)
Pete81: posts small blind $1
nrJitsu: posts big blind $3
*** HOLE CARDS ***
Pete81: folds
Uncalled bet ($2) returned to nrJitsu
nrJitsu collected $2 from pot
nrJitsu: doesn't show hand
*** SUMMARY ***
Total pot $2 | Rake $0
Seat 1: nrJitsu (big blind) collected ($2)
Seat 2: Pete81 (button) (small blind) folded before Flop


PokerStars Hand #144340899974:  Hold'em Limit ($3/$6 USD) - 2015/11/24 20:06:35 ET
Table 'Tokai' 2-max Seat #1 is the button
Seat 1: nrJitsu ($318.75 in chips)
Seat 2: Pete81 ($122.22 in chips)
nrJitsu: posts small blind $1
Pete81: posts big blind $3
*** HOLE CARDS ***
nrJitsu: folds
Uncalled bet ($2) returned to Pete81
Pete81 collected $2 from pot
Pete81: doesn't show hand
*** SUMMARY ***
Total pot $2 | Rake $0
Seat 1: nrJitsu (button) (small blind) folded before Flop
Seat 2: Pete81 (big blind) collected ($2)


PokerStars Hand #144340938999:  Hold'em Limit ($3/$6 USD) - 2015/11/24 20:07:47 ET
Table 'Tokai' 2-max Seat #2 is the button
Seat 1: nrJitsu ($351.77 in chips)
Seat 2: Pete81 ($87.86 in chips)
Pete81: posts small blind $1
nrJitsu: posts big blind $3
*** HOLE CARDS ***
Pete81: raises $3 to $6
nrJitsu: calls $3
*** FLOP *** [Tc 9c 3h]
nrJitsu: checks
Pete81: bets $3
nrJitsu: raises $3 to $6
Pete81: calls $3
*** TURN *** [Tc 9c 3h] [7s]
nrJitsu: bets $6
Pete81: calls $6
*** RIVER *** [Tc 9c 3h 7s] [7c]
nrJitsu: bets $6
Pete81: raises $6 to $12
nrJitsu: folds
Uncalled bet ($6) returned to Pete81
Pete81 collected $47.50 from pot
Pete81: doesn't show hand
*** SUMMARY ***
Total pot $48 | Rake $0.50
Board [Tc 9c 3h 7s 7c]
Seat 1: nrJitsu (big blind) folded on the River
Seat 2: Pete81 (button) (small blind) collected ($47.50)


PokerStars Hand #144340960753:  Hold'em Limit ($3/$6 USD) - 2015/11/24 20:08:27 ET
Table 'Tokai' 2-max Seat #1 is the button
Seat 1: nrJitsu ($333.41 in chips)
Seat 2: Pete81 ($105.36 in chips)
nrJitsu: posts small blind $1
Pete81: posts big blind $3
*** HOLE CARDS ***
nrJitsu: folds
Uncalled bet ($2) returned to Pete81
Pete81 collected $2 from pot
Pete81: doesn't show hand
*** SUMMARY ***
Total pot $2 | Rake $0
Seat 1: nrJitsu (button) (small blind) folded before Flop
Seat 2: Pete81 (big blind) collected ($2)


PokerStars Hand #144340958321:  Hold'em Limit ($3/$6 USD) - 2015/11/24 20:08:23 ET
Table 'Tokai' 2-max Seat #2 is the button
Seat 1: nrJitsu ($336.41 in chips)
Seat 2: Pete81 ($102.36 in chips)
Pete81: posts small blind $1
nrJitsu: posts big blind $3
*** HOLE CARDS ***
Pete81: raises $3 to $6
nrJitsu: folds
Uncalled bet ($3) returned to Pete81
Pete81 collected $6 from pot
Pete81: doesn't show hand
*** SUMMARY ***
Total pot $6 | Rake $0
Seat 1: nrJitsu (big blind) folded before Flop
Seat 2: Pete81 (button) (small blind) collected ($6)


PokerStars Hand #144340949268:  Hold'em Limit ($3/$6 USD) - 2015/11/24 20:08:06 ET
Table 'Tokai' 2-max Seat #1 is the button
Seat 1: nrJitsu ($327.77 in chips)
Seat 2: Pete81 ($111.36 in chips)
nrJitsu: posts small blind $1
Pete81: posts big blind $3
*** HOLE CARDS ***
nrJitsu: raises $3 to $6
Pete81: calls $3
*** FLOP *** [Jh 5d 7h]
Pete81: checks
nrJitsu: bets $3
Pete81: calls $3
*** TURN *** [Jh 5d 7h] [Ah]
Pete81: checks
nrJitsu: bets $6
Pete81: folds
Uncalled bet ($6) returned to nrJitsu
nrJitsu collected $17.64 from pot
nrJitsu: doesn't show hand
*** SUMMARY ***
Total pot $18 | Rake $0.36
Board [Jh 5d 7h Ah]
Seat 1: nrJitsu (button) (small blind) collected ($17.64)
Seat 2: Pete81 (big blind) folded on the Turn


PokerStars Hand #144340963295:  Hold'em Limit ($3/$6 USD) - 2015/11/24 20:08:32 ET
Table 'Tokai' 2-max Seat #2 is the button
Seat 1: nrJitsu ($332.41 in chips)
Seat 2: Pete81 ($106.36 in chips)
Pete81: posts small blind $1
nrJitsu: posts big blind $3
*** HOLE CARDS ***
Pete81: raises $3 to $6
nrJitsu: folds
Uncalled bet ($3) returned to Pete81
Pete81 collected $6 from pot
Pete81: doesn't show hand
*** SUMMARY ***
Total pot $6 | Rake $0
Seat 1: nrJitsu (big blind) folded before Flop
Seat 2: Pete81 (button) (small blind) collected ($6)


PokerStars Hand #144340924775:  Hold'em Limit ($3/$6 USD) - 2015/11/24 20:07:21 ET
Table 'Tokai' 2-max Seat #1 is the button
Seat 1: nrJitsu ($322.27 in chips)
Seat 2: Pete81 ($117.86 in chips)
nrJitsu: posts small blind $1
Pete81: posts big blind $3
*** HOLE CARDS ***
nrJitsu: raises $3 to $6
Pete81: raises $3 to $9
nrJitsu: calls $3
*** FLOP *** [Jc Ah 3c]
Pete81: bets $3
nrJitsu: calls $3
*** TURN *** [Jc Ah 3c] [8h]
Pete81: bets $6
nrJitsu: raises $6 to $12
Pete81: calls $6
*** RIVER *** [Jc Ah 3c 8h] [6s]
Pete81: checks
nrJitsu: bets $6
Pete81: calls $6
*** SHOW DOWN ***
nrJitsu: shows [4h Ac] (a pair of Aces)
Pete81: mucks hand
nrJitsu collected $59.50 from pot
*** SUMMARY ***
Total pot $60 | Rake $0.50
Board [Jc Ah 3c 8h 6s]
Seat 1: nrJitsu (button) (small blind) showed [4h Ac] and won ($59.50) with a pair of Aces
Seat 2: Pete81 (big blind) mucked


PokerStars Hand #144340967457:  Hold'em Limit ($3/$6 USD) - 2015/11/24 20:08:40 ET
Table 'Tokai' 2-max Seat #1 is the button
Seat 1: nrJitsu ($329.41 in chips)
Seat 2: Pete81 ($109.36 in chips)
nrJitsu: posts small blind $1
Pete81: posts big blind $3
*** HOLE CARDS ***
nrJitsu: raises $3 to $6
Pete81: raises $3 to $9
nrJitsu: calls $3
*** FLOP *** [8h 2s Tc]
Pete81: bets $3
nrJitsu: calls $3
*** TURN *** [8h 2s Tc] [4h]
Pete81: bets $6
nrJitsu: folds
Uncalled bet ($6) returned to Pete81
Pete81 collected $23.52 from pot
Pete81: doesn't show hand
*** SUMMARY ***
Total pot $24 | Rake $0.48
Board [8h 2s Tc 4h]
Seat 1: nrJitsu (button) (small blind) folded on the Turn
Seat 2: Pete81 (big blind) collected ($23.52)


PokerStars Hand #144340975453:  Hold'em Limit ($3/$6 USD) - 2015/11/24 20:08:54 ET
Table 'Tokai' 2-max Seat #2 is the button
Seat 1: nrJitsu ($317.41 in chips)
Seat 2: Pete81 ($120.88 in chips)
Pete81: posts small blind $1
nrJitsu: posts big blind $3
*** HOLE CARDS ***
Pete81: raises $3 to $6
nrJitsu: folds
Uncalled bet ($3) returned to Pete81
Pete81 collected $6 from pot
Pete81: doesn't show hand
*** SUMMARY ***
Total pot $6 | Rake $0
Seat 1: nrJitsu (big blind) folded before Flop
Seat 2: Pete81 (button) (small blind) collected ($6)


PokerStars Hand #144340982790:  Hold'em Limit ($3/$6 USD) - 2015/11/24 20:09:08 ET
Table 'Tokai' 2-max Seat #1 is the button
Seat 1: nrJitsu ($314.41 in chips)
Seat 2: Pete81 ($123.88 in chips)
nrJitsu: posts small blind $1
Pete81: posts big blind $3
*** HOLE CARDS ***
nrJitsu: raises $3 to $6
Pete81: raises $3 to $9
nrJitsu: calls $3
*** FLOP *** [Ts 2d 8s]
Pete81: bets $3
nrJitsu: calls $3
*** TURN *** [Ts 2d 8s] [2c]
Pete81: bets $6
nrJitsu: folds
Uncalled bet ($6) returned to Pete81
Pete81 collected $23.52 from pot
Pete81: doesn't show hand
*** SUMMARY ***
Total pot $24 | Rake $0.48
Board [Ts 2d 8s 2c]
Seat 1: nrJitsu (button) (small blind) folded on the Turn
Seat 2: Pete81 (big blind) collected ($23.52)


PokerStars Hand #144340988254:  Hold'em Limit ($3/$6 USD) - 2015/11/24 20:09:18 ET
Table 'Tokai' 2-max Seat #2 is the button
Seat 1: nrJitsu ($302.41 in chips)
Seat 2: Pete81 ($135.40 in chips)
Pete81: posts small blind $1
nrJitsu: posts big blind $3
*** HOLE CARDS ***
Pete81: folds
Uncalled bet ($2) returned to nrJitsu
nrJitsu collected $2 from pot
nrJitsu: doesn't show hand
*** SUMMARY ***
Total pot $2 | Rake $0
Seat 1: nrJitsu (big blind) collected ($2)
Seat 2: Pete81 (button) (small blind) folded before Flop


PokerStars Hand #144340990706:  Hold'em Limit ($3/$6 USD) - 2015/11/24 20:09:23 ET
Table 'Tokai' 2-max Seat #1 is the button
Seat 1: nrJitsu ($303.41 in chips)
Seat 2: Pete81 ($134.40 in chips)
nrJitsu: posts small blind $1
Pete81: posts big blind $3
*** HOLE CARDS ***
nrJitsu: raises $3 to $6
Pete81: raises $3 to $9
nrJitsu: calls $3
*** FLOP *** [Kc 5s 7c]
Pete81: bets $3
nrJitsu: calls $3
*** TURN *** [Kc 5s 7c] [8d]
Pete81: bets $6
nrJitsu: raises $6 to $12
Pete81: raises $6 to $18
nrJitsu: raises $6 to $24
Betting is capped
Pete81: calls $6
*** RIVER *** [Kc 5s 7c 8d] [Qd]
Pete81: checks
nrJitsu: bets $6
Pete81: calls $6
*** SHOW DOWN ***
nrJitsu: shows [9s 6h] (a straight, Five to Nine)
Pete81: mucks hand
nrJitsu collected $83.50 from pot
*** SUMMARY ***
Total pot $84 | Rake $0.50
Board [Kc 5s 7c 8d Qd]
Seat 1: nrJitsu (button) (small blind) showed [9s 6h] and won ($83.50) with a straight, Five to Nine
Seat 2: Pete81 (big blind) mucked


PokerStars Hand #144340999770:  Hold'em Limit ($3/$6 USD) - 2015/11/24 20:09:40 ET
Table 'Tokai' 2-max Seat #2 is the button
Seat 1: nrJitsu ($344.91 in chips)
Seat 2: Pete81 ($92.40 in chips)
Pete81: posts small blind $1
nrJitsu: posts big blind $3
*** HOLE CARDS ***
Pete81: raises $3 to $6
nrJitsu: calls $3
*** FLOP *** [3d 2h 7s]
nrJitsu: checks
Pete81: bets $3
nrJitsu: raises $3 to $6
Pete81: calls $3
*** TURN *** [3d 2h 7s] [Ad]
nrJitsu: bets $6
Pete81: calls $6
*** RIVER *** [3d 2h 7s Ad] [2s]
nrJitsu: checks
Pete81: checks
*** SHOW DOWN ***
nrJitsu: shows [7h 8d] (two pair, Sevens and Deuces)
Pete81: mucks hand
nrJitsu collected $35.50 from pot
*** SUMMARY ***
Total pot $36 | Rake $0.50
Board [3d 2h 7s Ad 2s]
Seat 1: nrJitsu (big blind) showed [7h 8d] and won ($35.50) with two pair, Sevens and Deuces
Seat 2: Pete81 (button) (small blind) mucked


PokerStars Hand #144341006769:  Hold'em Limit ($3/$6 USD) - 2015/11/24 20:09:53 ET
Table 'Tokai' 2-max Seat #1 is the button
Seat 1: nrJitsu ($362.41 in chips)
Seat 2: Pete81 ($74.40 in chips)
nrJitsu: posts small blind $1
Pete81: posts big blind $3
*** HOLE CARDS ***
nrJitsu: raises $3 to $6
Pete81: calls $3
*** FLOP *** [7s 5c 9h]
Pete81: checks
nrJitsu: bets $3
Pete81: calls $3
*** TURN *** [7s 5c 9h] [4d]
Pete81: checks
nrJitsu: checks
*** RIVER *** [7s 5c 9h 4d] [8d]
Pete81: bets $6
nrJitsu: calls $6
*** SHOW DOWN ***
Pete81: shows [Jd 6c] (a straight, Five to Nine)
nrJitsu: mucks hand
Pete81 collected $29.50 from pot
*** SUMMARY ***
Total pot $30 | Rake $0.50
Board [7s 5c 9h 4d 8d]
Seat 1: nrJitsu (button) (small blind) mucked
Seat 2: Pete81 (big blind) showed [Jd 6c] and won ($29.50) with a straight, Five to Nine


PokerStars Hand #144341013037:  Hold'em Limit ($3/$6 USD) - 2015/11/24 20:10:04 ET
Table 'Tokai' 2-max Seat #2 is the button
Seat 1: nrJitsu ($347.41 in chips)
Seat 2: Pete81 ($88.90 in chips)
Pete81: posts small blind $1
nrJitsu: posts big blind $3
*** HOLE CARDS ***
Pete81: raises $3 to $6
nrJitsu: raises $3 to $9
Pete81: calls $3
*** FLOP *** [Tc 7d Ts]
nrJitsu: bets $3
Pete81: calls $3
*** TURN *** [Tc 7d Ts] [2c]
nrJitsu: bets $6
Pete81: calls $6
*** RIVER *** [Tc 7d Ts 2c] [5c]
nrJitsu: checks
Pete81: bets $6
nrJitsu: raises $6 to $12
Pete81: calls $6
*** SHOW DOWN ***
nrJitsu: shows [7c Ac] (a flush, Ace high)
Pete81: mucks hand
nrJitsu collected $59.50 from pot
*** SUMMARY ***
Total pot $60 | Rake $0.50
Board [Tc 7d Ts 2c 5c]
Seat 1: nrJitsu (big blind) showed [7c Ac] and won ($59.50) with a flush, Ace high
Seat 2: Pete81 (button) (small blind) mucked


PokerStars Hand #144341019964:  Hold'em Limit ($3/$6 USD) - 2015/11/24 20:10:18 ET
Table 'Tokai' 2-max Seat #1 is the button
Seat 1: nrJitsu ($376.91 in chips)
Seat 2: Pete81 ($58.90 in chips)
nrJitsu: posts small blind $1
Pete81: posts big blind $3
*** HOLE CARDS ***
nrJitsu: raises $3 to $6
Pete81: raises $3 to $9
nrJitsu: raises $3 to $12
Betting is capped
Pete81: calls $3
*** FLOP *** [Ac Js Td]
Pete81: checks
nrJitsu: bets $3
Pete81: calls $3
*** TURN *** [Ac Js Td] [8h]
Pete81: checks
nrJitsu: bets $6
Pete81: calls $6
*** RIVER *** [Ac Js Td 8h] [6d]
Pete81: checks
nrJitsu: bets $6
Pete81: folds
Uncalled bet ($6) returned to nrJitsu
nrJitsu collected $41.50 from pot
nrJitsu: doesn't show hand
*** SUMMARY ***
Total pot $42 | Rake $0.50
Board [Ac Js Td 8h 6d]
Seat 1: nrJitsu (button) (small blind) collected ($41.50)
Seat 2: Pete81 (big blind) folded on the River


PokerStars Hand #144341029336:  Hold'em Limit ($3/$6 USD) - 2015/11/24 20:10:35 ET
Table 'Tokai' 2-max Seat #2 is the button
Seat 1: nrJitsu ($397.41 in chips)
Seat 2: Pete81 ($37.90 in chips)
Pete81: posts small blind $1
nrJitsu: posts big blind $3
*** HOLE CARDS ***
Pete81: raises $3 to $6
nrJitsu: calls $3
*** FLOP *** [Ts Kc 6s]
nrJitsu: checks
Pete81: bets $3
nrJitsu: raises $3 to $6
Pete81: calls $3
*** TURN *** [Ts Kc 6s] [9s]
nrJitsu: bets $6
Pete81: calls $6
*** RIVER *** [Ts Kc 6s 9s] [8c]
nrJitsu: bets $6
Pete81: calls $6
*** SHOW DOWN ***
nrJitsu: shows [8d Kd] (two pair, Kings and Eights)
Pete81: mucks hand
nrJitsu collected $47.50 from pot
*** SUMMARY ***
Total pot $48 | Rake $0.50
Board [Ts Kc 6s 9s 8c]
Seat 1: nrJitsu (big blind) showed [8d Kd] and won ($47.50) with two pair, Kings and Eights
Seat 2: Pete81 (button) (small blind) mucked


PokerStars Hand #144341038376:  Hold'em Limit ($3/$6 USD) - 2015/11/24 20:10:52 ET
Table 'Tokai' 2-max Seat #1 is the button
Seat 1: nrJitsu ($420.91 in chips)
Seat 2: Pete81 ($13.90 in chips)
nrJitsu: posts small blind $1
Pete81: posts big blind $3
*** HOLE CARDS ***
nrJitsu: raises $3 to $6
Pete81: calls $3
*** FLOP *** [4d 8c 7c]
Pete81: checks
nrJitsu: bets $3
Pete81: folds
Uncalled bet ($3) returned to nrJitsu
nrJitsu collected $11.76 from pot
nrJitsu: doesn't show hand
*** SUMMARY ***
Total pot $12 | Rake $0.24
Board [4d 8c 7c]
Seat 1: nrJitsu (button) (small blind) collected ($11.76)
Seat 2: Pete81 (big blind) folded on the Flop


PokerStars Hand #144341042920:  Hold'em Limit ($3/$6 USD) - 2015/11/24 20:11:01 ET
Table 'Tokai' 2-max Seat #2 is the button
Seat 1: nrJitsu ($426.67 in chips)
Seat 2: Pete81 ($7.90 in chips)
Pete81: posts small blind $1
nrJitsu: posts big blind $3
*** HOLE CARDS ***
Pete81: raises $3 to $6
nrJitsu: calls $3
*** FLOP *** [5d 4c Qd]
nrJitsu: bets $3
Pete81: calls $1.90 and is all-in
Uncalled bet ($1.10) returned to nrJitsu
*** TURN *** [5d 4c Qd] [7c]
*** RIVER *** [5d 4c Qd 7c] [5s]
*** SHOW DOWN ***
nrJitsu: shows [7d 8d] (two pair, Sevens and Fives)
Pete81: shows [9s 4h] (two pair, Fives and Fours)
nrJitsu collected $15.48 from pot
*** SUMMARY ***
Total pot $15.80 | Rake $0.32
Board [5d 4c Qd 7c 5s]
Seat 1: nrJitsu (big blind) showed [7d 8d] and won ($15.48) with two pair, Sevens and Fives
Seat 2: Pete81 (button) (small blind) showed [9s 4h] and lost with two pair, Fives and Fours


PokerStars Hand #144341663082:  Hold'em Limit ($3/$6 USD) - 2015/11/24 20:31:19 ET
Table 'Tokai' 2-max Seat #1 is the button
Seat 1: nrJitsu ($416.25 in chips)
Seat 2: filemon_swe ($495.18 in chips)
nrJitsu: posts small blind $1
filemon_swe: posts big blind $3
*** HOLE CARDS ***
nrJitsu: raises $3 to $6
filemon_swe: raises $3 to $9
nrJitsu: calls $3
*** FLOP *** [Kh 6c 2s]
filemon_swe: bets $3
nrJitsu: folds
Uncalled bet ($3) returned to filemon_swe
filemon_swe collected $17.64 from pot
filemon_swe: doesn't show hand
*** SUMMARY ***
Total pot $18 | Rake $0.36
Board [Kh 6c 2s]
Seat 1: nrJitsu (button) (small blind) folded on the Flop
Seat 2: filemon_swe (big blind) collected ($17.64)


PokerStars Hand #144341657842:  Hold'em Limit ($3/$6 USD) - 2015/11/24 20:31:08 ET
Table 'Tokai' 2-max Seat #2 is the button
Seat 1: nrJitsu ($425.25 in chips)
Seat 2: filemon_swe ($486.54 in chips)
filemon_swe: posts small blind $1
nrJitsu: posts big blind $3
*** HOLE CARDS ***
filemon_swe: raises $3 to $6
nrJitsu: calls $3
*** FLOP *** [Jd Ks Ac]
nrJitsu: checks
filemon_swe: bets $3
nrJitsu: calls $3
*** TURN *** [Jd Ks Ac] [4s]
nrJitsu: checks
filemon_swe: bets $6
nrJitsu: folds
Uncalled bet ($6) returned to filemon_swe
filemon_swe collected $17.64 from pot
filemon_swe: doesn't show hand
*** SUMMARY ***
Total pot $18 | Rake $0.36
Board [Jd Ks Ac 4s]
Seat 1: nrJitsu (big blind) folded on the Turn
Seat 2: filemon_swe (button) (small blind) collected ($17.64)


PokerStars Hand #144341688110:  Hold'em Limit ($3/$6 USD) - 2015/11/24 20:32:11 ET
Table 'Tokai' 2-max Seat #2 is the button
Seat 1: nrJitsu ($405.75 in chips)
Seat 2: filemon_swe ($504.32 in chips)
filemon_swe: posts small blind $1
nrJitsu: posts big blind $3
*** HOLE CARDS ***
filemon_swe: raises $3 to $6
nrJitsu: calls $3
*** FLOP *** [Ad Js 4h]
nrJitsu: checks
filemon_swe: bets $3
nrJitsu: folds
Uncalled bet ($3) returned to filemon_swe
filemon_swe collected $11.76 from pot
filemon_swe: doesn't show hand
*** SUMMARY ***
Total pot $12 | Rake $0.24
Board [Ad Js 4h]
Seat 1: nrJitsu (big blind) folded on the Flop
Seat 2: filemon_swe (button) (small blind) collected ($11.76)


PokerStars Hand #144341681415:  Hold'em Limit ($3/$6 USD) - 2015/11/24 20:31:57 ET
Table 'Tokai' 2-max Seat #1 is the button
Seat 1: nrJitsu ($426.75 in chips)
Seat 2: filemon_swe ($483.82 in chips)
nrJitsu: posts small blind $1
filemon_swe: posts big blind $3
*** HOLE CARDS ***
nrJitsu: raises $3 to $6
filemon_swe: calls $3
*** FLOP *** [Js 4h Qd]
filemon_swe: bets $3
nrJitsu: calls $3
*** TURN *** [Js 4h Qd] [5c]
filemon_swe: bets $6
nrJitsu: calls $6
*** RIVER *** [Js 4h Qd 5c] [7c]
filemon_swe: bets $6
nrJitsu: calls $6
*** SHOW DOWN ***
filemon_swe: shows [7s Jd] (two pair, Jacks and Sevens)
nrJitsu: mucks hand
filemon_swe collected $41.50 from pot
*** SUMMARY ***
Total pot $42 | Rake $0.50
Board [Js 4h Qd 5c 7c]
Seat 1: nrJitsu (button) (small blind) mucked
Seat 2: filemon_swe (big blind) showed [7s Jd] and won ($41.50) with two pair, Jacks and Sevens


PokerStars Hand #144341672092:  Hold'em Limit ($3/$6 USD) - 2015/11/24 20:31:38 ET
Table 'Tokai' 2-max Seat #2 is the button
Seat 1: nrJitsu ($403.25 in chips)
Seat 2: filemon_swe ($507.82 in chips)
filemon_swe: posts small blind $1
nrJitsu: posts big blind $3
*** HOLE CARDS ***
filemon_swe: raises $3 to $6
nrJitsu: raises $3 to $9
filemon_swe: calls $3
*** FLOP *** [5s 5c 3c]
nrJitsu: bets $3
filemon_swe: calls $3
*** TURN *** [5s 5c 3c] [2s]
nrJitsu: bets $6
filemon_swe: calls $6
*** RIVER *** [5s 5c 3c 2s] [3d]
nrJitsu: bets $6
filemon_swe: calls $6
*** SHOW DOWN ***
nrJitsu: shows [9c Ad] (two pair, Fives and Threes)
filemon_swe: mucks hand
nrJitsu collected $47.50 from pot
*** SUMMARY ***
Total pot $48 | Rake $0.50
Board [5s 5c 3c 2s 3d]
Seat 1: nrJitsu (big blind) showed [9c Ad] and won ($47.50) with two pair, Fives and Threes
Seat 2: filemon_swe (button) (small blind) mucked


PokerStars Hand #144341669921:  Hold'em Limit ($3/$6 USD) - 2015/11/24 20:31:33 ET
Table 'Tokai' 2-max Seat #1 is the button
Seat 1: nrJitsu ($404.25 in chips)
Seat 2: filemon_swe ($506.82 in chips)
nrJitsu: posts small blind $1
filemon_swe: posts big blind $3
*** HOLE CARDS ***
nrJitsu: folds
Uncalled bet ($2) returned to filemon_swe
filemon_swe collected $2 from pot
filemon_swe: doesn't show hand
*** SUMMARY ***
Total pot $2 | Rake $0
Seat 1: nrJitsu (button) (small blind) folded before Flop
Seat 2: filemon_swe (big blind) collected ($2)


PokerStars Hand #144341667577:  Hold'em Limit ($3/$6 USD) - 2015/11/24 20:31:28 ET
Table 'Tokai' 2-max Seat #2 is the button
Seat 1: nrJitsu ($407.25 in chips)
Seat 2: filemon_swe ($503.82 in chips)
filemon_swe: posts small blind $1
nrJitsu: posts big blind $3
*** HOLE CARDS ***
filemon_swe: raises $3 to $6
nrJitsu: folds
Uncalled bet ($3) returned to filemon_swe
filemon_swe collected $6 from pot
filemon_swe: doesn't show hand
*** SUMMARY ***
Total pot $6 | Rake $0
Seat 1: nrJitsu (big blind) folded before Flop
Seat 2: filemon_swe (button) (small blind) collected ($6)


PokerStars Hand #144341721797:  Hold'em Limit ($3/$6 USD) - 2015/11/24 20:33:21 ET
Table 'Tokai' 2-max Seat #2 is the button
Seat 1: nrJitsu ($385.27 in chips)
Seat 2: filemon_swe ($523.10 in chips)
filemon_swe: posts small blind $1
nrJitsu: posts big blind $3
*** HOLE CARDS ***
filemon_swe: folds
Uncalled bet ($2) returned to nrJitsu
nrJitsu collected $2 from pot
nrJitsu: doesn't show hand
*** SUMMARY ***
Total pot $2 | Rake $0
Seat 1: nrJitsu (big blind) collected ($2)
Seat 2: filemon_swe (button) (small blind) folded before Flop


PokerStars Hand #144341719443:  Hold'em Limit ($3/$6 USD) - 2015/11/24 20:33:16 ET
Table 'Tokai' 2-max Seat #1 is the button
Seat 1: nrJitsu ($382.27 in chips)
Seat 2: filemon_swe ($526.10 in chips)
nrJitsu: posts small blind $1
filemon_swe: posts big blind $3
*** HOLE CARDS ***
nrJitsu: raises $3 to $6
filemon_swe: folds
Uncalled bet ($3) returned to nrJitsu
nrJitsu collected $6 from pot
nrJitsu: doesn't show hand
*** SUMMARY ***
Total pot $6 | Rake $0
Seat 1: nrJitsu (button) (small blind) collected ($6)
Seat 2: filemon_swe (big blind) folded before Flop


PokerStars Hand #144341717208:  Hold'em Limit ($3/$6 USD) - 2015/11/24 20:33:11 ET
Table 'Tokai' 2-max Seat #2 is the button
Seat 1: nrJitsu ($381.27 in chips)
Seat 2: filemon_swe ($527.10 in chips)
filemon_swe: posts small blind $1
nrJitsu: posts big blind $3
*** HOLE CARDS ***
filemon_swe: folds
Uncalled bet ($2) returned to nrJitsu
nrJitsu collected $2 from pot
nrJitsu: doesn't show hand
*** SUMMARY ***
Total pot $2 | Rake $0
Seat 1: nrJitsu (big blind) collected ($2)
Seat 2: filemon_swe (button) (small blind) folded before Flop


PokerStars Hand #144341714553:  Hold'em Limit ($3/$6 USD) - 2015/11/24 20:33:06 ET
Table 'Tokai' 2-max Seat #1 is the button
Seat 1: nrJitsu ($378.27 in chips)
Seat 2: filemon_swe ($530.10 in chips)
nrJitsu: posts small blind $1
filemon_swe: posts big blind $3
*** HOLE CARDS ***
nrJitsu: raises $3 to $6
filemon_swe: folds
Uncalled bet ($3) returned to nrJitsu
nrJitsu collected $6 from pot
nrJitsu: doesn't show hand
*** SUMMARY ***
Total pot $6 | Rake $0
Seat 1: nrJitsu (button) (small blind) collected ($6)
Seat 2: filemon_swe (big blind) folded before Flop


PokerStars Hand #144341708606:  Hold'em Limit ($3/$6 USD) - 2015/11/24 20:32:54 ET
Table 'Tokai' 2-max Seat #2 is the button
Seat 1: nrJitsu ($366.75 in chips)
Seat 2: filemon_swe ($542.10 in chips)
filemon_swe: posts small blind $1
nrJitsu: posts big blind $3
*** HOLE CARDS ***
filemon_swe: raises $3 to $6
nrJitsu: calls $3
*** FLOP *** [2d Ks 2s]
nrJitsu: checks
filemon_swe: bets $3
nrJitsu: raises $3 to $6
filemon_swe: calls $3
*** TURN *** [2d Ks 2s] [6h]
nrJitsu: bets $6
filemon_swe: folds
Uncalled bet ($6) returned to nrJitsu
nrJitsu collected $23.52 from pot
nrJitsu: doesn't show hand
*** SUMMARY ***
Total pot $24 | Rake $0.48
Board [2d Ks 2s 6h]
Seat 1: nrJitsu (big blind) collected ($23.52)
Seat 2: filemon_swe (button) (small blind) folded on the Turn


PokerStars Hand #144341703882:  Hold'em Limit ($3/$6 USD) - 2015/11/24 20:32:44 ET
Table 'Tokai' 2-max Seat #1 is the button
Seat 1: nrJitsu ($372.75 in chips)
Seat 2: filemon_swe ($536.34 in chips)
nrJitsu: posts small blind $1
filemon_swe: posts big blind $3
*** HOLE CARDS ***
nrJitsu: raises $3 to $6
filemon_swe: calls $3
*** FLOP *** [Qc 7c 5h]
filemon_swe: bets $3
nrJitsu: folds
Uncalled bet ($3) returned to filemon_swe
filemon_swe collected $11.76 from pot
filemon_swe: doesn't show hand
*** SUMMARY ***
Total pot $12 | Rake $0.24
Board [Qc 7c 5h]
Seat 1: nrJitsu (button) (small blind) folded on the Flop
Seat 2: filemon_swe (big blind) collected ($11.76)


PokerStars Hand #144341699780:  Hold'em Limit ($3/$6 USD) - 2015/11/24 20:32:35 ET
Table 'Tokai' 2-max Seat #2 is the button
Seat 1: nrJitsu ($378.75 in chips)
Seat 2: filemon_swe ($530.58 in chips)
filemon_swe: posts small blind $1
nrJitsu: posts big blind $3
*** HOLE CARDS ***
filemon_swe: raises $3 to $6
nrJitsu: calls $3
*** FLOP *** [7c Tc 3c]
nrJitsu: checks
filemon_swe: bets $3
nrJitsu: folds
Uncalled bet ($3) returned to filemon_swe
filemon_swe collected $11.76 from pot
filemon_swe: doesn't show hand
*** SUMMARY ***
Total pot $12 | Rake $0.24
Board [7c Tc 3c]
Seat 1: nrJitsu (big blind) folded on the Flop
Seat 2: filemon_swe (button) (small blind) collected ($11.76)


PokerStars Hand #144341692653:  Hold'em Limit ($3/$6 USD) - 2015/11/24 20:32:21 ET
Table 'Tokai' 2-max Seat #1 is the button
Seat 1: nrJitsu ($399.75 in chips)
Seat 2: filemon_swe ($510.08 in chips)
nrJitsu: posts small blind $1
filemon_swe: posts big blind $3
*** HOLE CARDS ***
nrJitsu: raises $3 to $6
filemon_swe: calls $3
*** FLOP *** [Qd Jh 8c]
filemon_swe: checks
nrJitsu: bets $3
filemon_swe: calls $3
*** TURN *** [Qd Jh 8c] [7h]
filemon_swe: checks
nrJitsu: bets $6
filemon_swe: calls $6
*** RIVER *** [Qd Jh 8c 7h] [4d]
filemon_swe: bets $6
nrJitsu: calls $6
*** SHOW DOWN ***
filemon_swe: shows [Qh 3c] (a pair of Queens)
nrJitsu: mucks hand
filemon_swe collected $41.50 from pot
*** SUMMARY ***
Total pot $42 | Rake $0.50
Board [Qd Jh 8c 7h 4d]
Seat 1: nrJitsu (button) (small blind) mucked
Seat 2: filemon_swe (big blind) showed [Qh 3c] and won ($41.50) with a pair of Queens


PokerStars Hand #144341741511:  Hold'em Limit ($3/$6 USD) - 2015/11/24 20:34:02 ET
Table 'Tokai' 2-max Seat #1 is the button
Seat 1: nrJitsu ($362.91 in chips)
Seat 2: filemon_swe ($544.36 in chips)
nrJitsu: posts small blind $1
filemon_swe: posts big blind $3
*** HOLE CARDS ***
nrJitsu: raises $3 to $6
filemon_swe: calls $3
*** FLOP *** [Qh Td 2d]
filemon_swe: bets $3
nrJitsu: calls $3
*** TURN *** [Qh Td 2d] [4s]
filemon_swe: checks
nrJitsu: checks
*** RIVER *** [Qh Td 2d 4s] [Ac]
filemon_swe: checks
nrJitsu: bets $6
filemon_swe: folds
Uncalled bet ($6) returned to nrJitsu
nrJitsu collected $17.64 from pot
nrJitsu: doesn't show hand
*** SUMMARY ***
Total pot $18 | Rake $0.36
Board [Qh Td 2d 4s Ac]
Seat 1: nrJitsu (button) (small blind) collected ($17.64)
Seat 2: filemon_swe (big blind) folded on the River


PokerStars Hand #144341739383:  Hold'em Limit ($3/$6 USD) - 2015/11/24 20:33:58 ET
Table 'Tokai' 2-max Seat #2 is the button
Seat 1: nrJitsu ($361.91 in chips)
Seat 2: filemon_swe ($545.36 in chips)
filemon_swe: posts small blind $1
nrJitsu: posts big blind $3
*** HOLE CARDS ***
filemon_swe: folds
Uncalled bet ($2) returned to nrJitsu
nrJitsu collected $2 from pot
nrJitsu: doesn't show hand
*** SUMMARY ***
Total pot $2 | Rake $0
Seat 1: nrJitsu (big blind) collected ($2)
Seat 2: filemon_swe (button) (small blind) folded before Flop


PokerStars Hand #144341734675:  Hold'em Limit ($3/$6 USD) - 2015/11/24 20:33:48 ET
Table 'Tokai' 2-max Seat #1 is the button
Seat 1: nrJitsu ($353.27 in chips)
Seat 2: filemon_swe ($554.36 in chips)
nrJitsu: posts small blind $1
filemon_swe: posts big blind $3
*** HOLE CARDS ***
nrJitsu: raises $3 to $6
filemon_swe: raises $3 to $9
nrJitsu: calls $3
*** FLOP *** [3c 8c 7s]
filemon_swe: checks
nrJitsu: bets $3
filemon_swe: folds
Uncalled bet ($3) returned to nrJitsu
nrJitsu collected $17.64 from pot
nrJitsu: doesn't show hand
*** SUMMARY ***
Total pot $18 | Rake $0.36
Board [3c 8c 7s]
Seat 1: nrJitsu (button) (small blind) collected ($17.64)
Seat 2: filemon_swe (big blind) folded on the Flop


PokerStars Hand #144341731260:  Hold'em Limit ($3/$6 USD) - 2015/11/24 20:33:40 ET
Table 'Tokai' 2-max Seat #2 is the button
Seat 1: nrJitsu ($359.27 in chips)
Seat 2: filemon_swe ($548.60 in chips)
filemon_swe: posts small blind $1
nrJitsu: posts big blind $3
*** HOLE CARDS ***
filemon_swe: raises $3 to $6
nrJitsu: calls $3
*** FLOP *** [Ah 2c 8c]
nrJitsu: checks
filemon_swe: bets $3
nrJitsu: folds
Uncalled bet ($3) returned to filemon_swe
filemon_swe collected $11.76 from pot
filemon_swe: doesn't show hand
*** SUMMARY ***
Total pot $12 | Rake $0.24
Board [Ah 2c 8c]
Seat 1: nrJitsu (big blind) folded on the Flop
Seat 2: filemon_swe (button) (small blind) collected ($11.76)


PokerStars Hand #144341723892:  Hold'em Limit ($3/$6 USD) - 2015/11/24 20:33:25 ET
Table 'Tokai' 2-max Seat #1 is the button
Seat 1: nrJitsu ($386.27 in chips)
Seat 2: filemon_swe ($522.10 in chips)
nrJitsu: posts small blind $1
filemon_swe: posts big blind $3
*** HOLE CARDS ***
nrJitsu: raises $3 to $6
filemon_swe: calls $3
*** FLOP *** [5d Js 5h]
filemon_swe: bets $3
nrJitsu: calls $3
*** TURN *** [5d Js 5h] [4h]
filemon_swe: checks
nrJitsu: bets $6
filemon_swe: raises $6 to $12
nrJitsu: calls $6
*** RIVER *** [5d Js 5h 4h] [Ts]
filemon_swe: bets $6
nrJitsu: calls $6
*** SHOW DOWN ***
filemon_swe: shows [As Ad] (two pair, Aces and Fives)
nrJitsu: mucks hand
filemon_swe collected $53.50 from pot
*** SUMMARY ***
Total pot $54 | Rake $0.50
Board [5d Js 5h 4h Ts]
Seat 1: nrJitsu (button) (small blind) mucked
Seat 2: filemon_swe (big blind) showed [As Ad] and won ($53.50) with two pair, Aces and Fives


PokerStars Hand #144341767348:  Hold'em Limit ($3/$6 USD) - 2015/11/24 20:34:56 ET
Table 'Tokai' 2-max Seat #1 is the button
Seat 1: nrJitsu ($371.31 in chips)
Seat 2: filemon_swe ($535 in chips)
nrJitsu: posts small blind $1
filemon_swe: posts big blind $3
*** HOLE CARDS ***
nrJitsu: raises $3 to $6
filemon_swe: raises $3 to $9
nrJitsu: calls $3
*** FLOP *** [Qd 9h Jc]
filemon_swe: bets $3
nrJitsu: calls $3
*** TURN *** [Qd 9h Jc] [Kh]
filemon_swe: checks
nrJitsu: checks
*** RIVER *** [Qd 9h Jc Kh] [4d]
filemon_swe: checks
nrJitsu: bets $6
filemon_swe: folds
Uncalled bet ($6) returned to nrJitsu
nrJitsu collected $23.52 from pot
nrJitsu: doesn't show hand
*** SUMMARY ***
Total pot $24 | Rake $0.48
Board [Qd 9h Jc Kh 4d]
Seat 1: nrJitsu (button) (small blind) collected ($23.52)
Seat 2: filemon_swe (big blind) folded on the River


PokerStars Hand #144341759589:  Hold'em Limit ($3/$6 USD) - 2015/11/24 20:34:40 ET
Table 'Tokai' 2-max Seat #2 is the button
Seat 1: nrJitsu ($380.31 in chips)
Seat 2: filemon_swe ($526.36 in chips)
filemon_swe: posts small blind $1
nrJitsu: posts big blind $3
*** HOLE CARDS ***
filemon_swe: raises $3 to $6
nrJitsu: calls $3
*** FLOP *** [6h Th 5c]
nrJitsu: checks
filemon_swe: bets $3
nrJitsu: calls $3
*** TURN *** [6h Th 5c] [7d]
nrJitsu: checks
filemon_swe: checks
*** RIVER *** [6h Th 5c 7d] [5h]
nrJitsu: checks
filemon_swe: bets $6
nrJitsu: folds
Uncalled bet ($6) returned to filemon_swe
filemon_swe collected $17.64 from pot
filemon_swe: doesn't show hand
*** SUMMARY ***
Total pot $18 | Rake $0.36
Board [6h Th 5c 7d 5h]
Seat 1: nrJitsu (big blind) folded on the River
Seat 2: filemon_swe (button) (small blind) collected ($17.64)


PokerStars Hand #144341756739:  Hold'em Limit ($3/$6 USD) - 2015/11/24 20:34:34 ET
Table 'Tokai' 2-max Seat #1 is the button
Seat 1: nrJitsu ($377.31 in chips)
Seat 2: filemon_swe ($529.36 in chips)
nrJitsu: posts small blind $1
filemon_swe: posts big blind $3
*** HOLE CARDS ***
nrJitsu: raises $3 to $6
filemon_swe: folds
Uncalled bet ($3) returned to nrJitsu
nrJitsu collected $6 from pot
nrJitsu: doesn't show hand
*** SUMMARY ***
Total pot $6 | Rake $0
Seat 1: nrJitsu (button) (small blind) collected ($6)
Seat 2: filemon_swe (big blind) folded before Flop


PokerStars Hand #144341751731:  Hold'em Limit ($3/$6 USD) - 2015/11/24 20:34:24 ET
Table 'Tokai' 2-max Seat #2 is the button
Seat 1: nrJitsu ($371.55 in chips)
Seat 2: filemon_swe ($535.36 in chips)
filemon_swe: posts small blind $1
nrJitsu: posts big blind $3
*** HOLE CARDS ***
filemon_swe: raises $3 to $6
nrJitsu: calls $3
*** FLOP *** [2h 4c Ks]
nrJitsu: checks
filemon_swe: checks
*** TURN *** [2h 4c Ks] [7c]
nrJitsu: bets $6
filemon_swe: folds
Uncalled bet ($6) returned to nrJitsu
nrJitsu collected $11.76 from pot
nrJitsu: doesn't show hand
*** SUMMARY ***
Total pot $12 | Rake $0.24
Board [2h 4c Ks 7c]
Seat 1: nrJitsu (big blind) collected ($11.76)
Seat 2: filemon_swe (button) (small blind) folded on the Turn


PokerStars Hand #144341806151:  Hold'em Limit ($3/$6 USD) - 2015/11/24 20:36:18 ET
Table 'Tokai' 2-max Seat #1 is the button
Seat 1: nrJitsu ($412.09 in chips)
Seat 2: filemon_swe ($492.88 in chips)
nrJitsu: posts small blind $1
filemon_swe: posts big blind $3
*** HOLE CARDS ***
nrJitsu: raises $3 to $6
filemon_swe: calls $3
*** FLOP *** [Qc 6h Jd]
filemon_swe: checks
nrJitsu: bets $3
filemon_swe: calls $3
*** TURN *** [Qc 6h Jd] [Kc]
filemon_swe: bets $6
nrJitsu: calls $6
*** RIVER *** [Qc 6h Jd Kc] [3d]
filemon_swe: bets $6
nrJitsu: calls $6
*** SHOW DOWN ***
filemon_swe: shows [Qs 5s] (a pair of Queens)
nrJitsu: shows [2d Qh] (a pair of Queens)
filemon_swe collected $20.75 from pot
nrJitsu collected $20.75 from pot
*** SUMMARY ***
Total pot $42 | Rake $0.50
Board [Qc 6h Jd Kc 3d]
Seat 1: nrJitsu (button) (small blind) showed [2d Qh] and won ($20.75) with a pair of Queens
Seat 2: filemon_swe (big blind) showed [Qs 5s] and won ($20.75) with a pair of Queens


PokerStars Hand #144341798705:  Hold'em Limit ($3/$6 USD) - 2015/11/24 20:36:02 ET
Table 'Tokai' 2-max Seat #2 is the button
Seat 1: nrJitsu ($385.59 in chips)
Seat 2: filemon_swe ($519.88 in chips)
filemon_swe: posts small blind $1
nrJitsu: posts big blind $3
*** HOLE CARDS ***
filemon_swe: raises $3 to $6
nrJitsu: raises $3 to $9
filemon_swe: raises $3 to $12
Betting is capped
nrJitsu: calls $3
*** FLOP *** [3s 9c 6c]
nrJitsu: checks
filemon_swe: bets $3
nrJitsu: calls $3
*** TURN *** [3s 9c 6c] [5c]
nrJitsu: checks
filemon_swe: bets $6
nrJitsu: calls $6
*** RIVER *** [3s 9c 6c 5c] [Ac]
nrJitsu: checks
filemon_swe: bets $6
nrJitsu: calls $6
*** SHOW DOWN ***
filemon_swe: shows [Jd 8h] (high card Ace)
nrJitsu: shows [9d 8d] (a pair of Nines)
nrJitsu collected $53.50 from pot
*** SUMMARY ***
Total pot $54 | Rake $0.50
Board [3s 9c 6c 5c Ac]
Seat 1: nrJitsu (big blind) showed [9d 8d] and won ($53.50) with a pair of Nines
Seat 2: filemon_swe (button) (small blind) showed [Jd 8h] and lost with high card Ace


PokerStars Hand #144341796031:  Hold'em Limit ($3/$6 USD) - 2015/11/24 20:35:56 ET
Table 'Tokai' 2-max Seat #1 is the button
Seat 1: nrJitsu ($386.59 in chips)
Seat 2: filemon_swe ($518.88 in chips)
nrJitsu: posts small blind $1
filemon_swe: posts big blind $3
*** HOLE CARDS ***
nrJitsu: folds
Uncalled bet ($2) returned to filemon_swe
filemon_swe collected $2 from pot
filemon_swe: doesn't show hand
*** SUMMARY ***
Total pot $2 | Rake $0
Seat 1: nrJitsu (button) (small blind) folded before Flop
Seat 2: filemon_swe (big blind) collected ($2)


PokerStars Hand #144341793834:  Hold'em Limit ($3/$6 USD) - 2015/11/24 20:35:52 ET
Table 'Tokai' 2-max Seat #2 is the button
Seat 1: nrJitsu ($385.59 in chips)
Seat 2: filemon_swe ($519.88 in chips)
filemon_swe: posts small blind $1
nrJitsu: posts big blind $3
*** HOLE CARDS ***
filemon_swe: folds
Uncalled bet ($2) returned to nrJitsu
nrJitsu collected $2 from pot
nrJitsu: doesn't show hand
*** SUMMARY ***
Total pot $2 | Rake $0
Seat 1: nrJitsu (big blind) collected ($2)
Seat 2: filemon_swe (button) (small blind) folded before Flop


PokerStars Hand #144341789290:  Hold'em Limit ($3/$6 USD) - 2015/11/24 20:35:42 ET
Table 'Tokai' 2-max Seat #1 is the button
Seat 1: nrJitsu ($379.83 in chips)
Seat 2: filemon_swe ($525.88 in chips)
nrJitsu: posts small blind $1
filemon_swe: posts big blind $3
*** HOLE CARDS ***
nrJitsu: raises $3 to $6
filemon_swe: calls $3
*** FLOP *** [6c Ks Ad]
filemon_swe: checks
nrJitsu: bets $3
filemon_swe: folds
Uncalled bet ($3) returned to nrJitsu
nrJitsu collected $11.76 from pot
nrJitsu: doesn't show hand
*** SUMMARY ***
Total pot $12 | Rake $0.24
Board [6c Ks Ad]
Seat 1: nrJitsu (button) (small blind) collected ($11.76)
Seat 2: filemon_swe (big blind) folded on the Flop


PokerStars Hand #144341781525:  Hold'em Limit ($3/$6 USD) - 2015/11/24 20:35:26 ET
Table 'Tokai' 2-max Seat #2 is the button
Seat 1: nrJitsu ($382.83 in chips)
Seat 2: filemon_swe ($523 in chips)
filemon_swe: posts small blind $1
nrJitsu: posts big blind $3
*** HOLE CARDS ***
filemon_swe: calls $2
nrJitsu: checks
*** FLOP *** [6h 5s Qh]
nrJitsu: checks
filemon_swe: bets $3
nrJitsu: folds
Uncalled bet ($3) returned to filemon_swe
filemon_swe collected $5.88 from pot
filemon_swe: doesn't show hand
*** SUMMARY ***
Total pot $6 | Rake $0.12
Board [6h 5s Qh]
Seat 1: nrJitsu (big blind) folded on the Flop
Seat 2: filemon_swe (button) (small blind) collected ($5.88)


PokerStars Hand #144341830112:  Hold'em Limit ($3/$6 USD) - 2015/11/24 20:37:08 ET
Table 'Tokai' 2-max Seat #1 is the button
Seat 1: nrJitsu ($432.10 in chips)
Seat 2: filemon_swe ($471.63 in chips)
nrJitsu: posts small blind $1
filemon_swe: posts big blind $3
*** HOLE CARDS ***
nrJitsu: raises $3 to $6
filemon_swe: raises $3 to $9
nrJitsu: calls $3
*** FLOP *** [8h 7c As]
filemon_swe: bets $3
nrJitsu: raises $3 to $6
filemon_swe: calls $3
*** TURN *** [8h 7c As] [7d]
filemon_swe: checks
nrJitsu: checks
*** RIVER *** [8h 7c As 7d] [Qc]
filemon_swe: bets $6
nrJitsu: folds
Uncalled bet ($6) returned to filemon_swe
filemon_swe collected $29.50 from pot
filemon_swe: doesn't show hand
*** SUMMARY ***
Total pot $30 | Rake $0.50
Board [8h 7c As 7d Qc]
Seat 1: nrJitsu (button) (small blind) folded on the River
Seat 2: filemon_swe (big blind) collected ($29.50)


PokerStars Hand #144341823029:  Hold'em Limit ($3/$6 USD) - 2015/11/24 20:36:53 ET
Table 'Tokai' 2-max Seat #2 is the button
Seat 1: nrJitsu ($414.60 in chips)
Seat 2: filemon_swe ($489.63 in chips)
filemon_swe: posts small blind $1
nrJitsu: posts big blind $3
*** HOLE CARDS ***
filemon_swe: raises $3 to $6
nrJitsu: raises $3 to $9
filemon_swe: calls $3
*** FLOP *** [2d 8h 9h]
nrJitsu: bets $3
filemon_swe: calls $3
*** TURN *** [2d 8h 9h] [Ad]
nrJitsu: bets $6
filemon_swe: calls $6
*** RIVER *** [2d 8h 9h Ad] [9c]
nrJitsu: bets $6
filemon_swe: folds
Uncalled bet ($6) returned to nrJitsu
nrJitsu collected $35.50 from pot
nrJitsu: doesn't show hand
*** SUMMARY ***
Total pot $36 | Rake $0.50
Board [2d 8h 9h Ad 9c]
Seat 1: nrJitsu (big blind) collected ($35.50)
Seat 2: filemon_swe (button) (small blind) folded on the River


PokerStars Hand #144341816358:  Hold'em Limit ($3/$6 USD) - 2015/11/24 20:36:39 ET
Table 'Tokai' 2-max Seat #1 is the button
Seat 1: nrJitsu ($408.84 in chips)
Seat 2: filemon_swe ($495.63 in chips)
nrJitsu: posts small blind $1
filemon_swe: posts big blind $3
*** HOLE CARDS ***
nrJitsu: raises $3 to $6
filemon_swe: calls $3
*** FLOP *** [4c 8d 5c]
filemon_swe: checks
nrJitsu: bets $3
filemon_swe: folds
Uncalled bet ($3) returned to nrJitsu
nrJitsu collected $11.76 from pot
nrJitsu: doesn't show hand
*** SUMMARY ***
Total pot $12 | Rake $0.24
Board [4c 8d 5c]
Seat 1: nrJitsu (button) (small blind) collected ($11.76)
Seat 2: filemon_swe (big blind) folded on the Flop


PokerStars Hand #144341812321:  Hold'em Limit ($3/$6 USD) - 2015/11/24 20:36:31 ET
Table 'Tokai' 2-max Seat #2 is the button
Seat 1: nrJitsu ($411.84 in chips)
Seat 2: filemon_swe ($492.63 in chips)
filemon_swe: posts small blind $1
nrJitsu: posts big blind $3
*** HOLE CARDS ***
filemon_swe: raises $3 to $6
nrJitsu: folds
Uncalled bet ($3) returned to filemon_swe
filemon_swe collected $6 from pot
filemon_swe: doesn't show hand
*** SUMMARY ***
Total pot $6 | Rake $0
Seat 1: nrJitsu (big blind) folded before Flop
Seat 2: filemon_swe (button) (small blind) collected ($6)


PokerStars Hand #144341854630:  Hold'em Limit ($3/$6 USD) - 2015/11/24 20:38:00 ET
Table 'Tokai' 2-max Seat #2 is the button
Seat 1: nrJitsu ($440.60 in chips)
Seat 2: filemon_swe ($461.89 in chips)
filemon_swe: posts small blind $1
nrJitsu: posts big blind $3
*** HOLE CARDS ***
filemon_swe: raises $3 to $6
nrJitsu: calls $3
*** FLOP *** [6s 5c Jh]
nrJitsu: checks
filemon_swe: bets $3
nrJitsu: calls $3
*** TURN *** [6s 5c Jh] [7d]
nrJitsu: checks
filemon_swe: bets $6
nrJitsu: folds
Uncalled bet ($6) returned to filemon_swe
filemon_swe collected $17.64 from pot
filemon_swe: doesn't show hand
*** SUMMARY ***
Total pot $18 | Rake $0.36
Board [6s 5c Jh 7d]
Seat 1: nrJitsu (big blind) folded on the Turn
Seat 2: filemon_swe (button) (small blind) collected ($17.64)


PokerStars Hand #144341845822:  Hold'em Limit ($3/$6 USD) - 2015/11/24 20:37:41 ET
Table 'Tokai' 2-max Seat #1 is the button
Seat 1: nrJitsu ($411.10 in chips)
Seat 2: filemon_swe ($491.89 in chips)
nrJitsu: posts small blind $1
filemon_swe: posts big blind $3
*** HOLE CARDS ***
nrJitsu: raises $3 to $6
filemon_swe: raises $3 to $9
nrJitsu: calls $3
*** FLOP *** [Jh 9c 4s]
filemon_swe: bets $3
nrJitsu: calls $3
*** TURN *** [Jh 9c 4s] [2c]
filemon_swe: bets $6
nrJitsu: calls $6
*** RIVER *** [Jh 9c 4s 2c] [6h]
filemon_swe: bets $6
nrJitsu: raises $6 to $12
filemon_swe: calls $6
*** SHOW DOWN ***
nrJitsu: shows [5c 3c] (a straight, Deuce to Six)
filemon_swe: mucks hand
nrJitsu collected $59.50 from pot
*** SUMMARY ***
Total pot $60 | Rake $0.50
Board [Jh 9c 4s 2c 6h]
Seat 1: nrJitsu (button) (small blind) showed [5c 3c] and won ($59.50) with a straight, Deuce to Six
Seat 2: filemon_swe (big blind) mucked


PokerStars Hand #144341839071:  Hold'em Limit ($3/$6 USD) - 2015/11/24 20:37:27 ET
Table 'Tokai' 2-max Seat #2 is the button
Seat 1: nrJitsu ($417.10 in chips)
Seat 2: filemon_swe ($486.13 in chips)
filemon_swe: posts small blind $1
nrJitsu: posts big blind $3
*** HOLE CARDS ***
filemon_swe: raises $3 to $6
nrJitsu: calls $3
*** FLOP *** [Jc Ac Ks]
nrJitsu: checks
filemon_swe: bets $3
nrJitsu: folds
Uncalled bet ($3) returned to filemon_swe
filemon_swe collected $11.76 from pot
filemon_swe: doesn't show hand
*** SUMMARY ***
Total pot $12 | Rake $0.24
Board [Jc Ac Ks]
Seat 1: nrJitsu (big blind) folded on the Flop
Seat 2: filemon_swe (button) (small blind) collected ($11.76)


PokerStars Hand #144341884148:  Hold'em Limit ($3/$6 USD) - 2015/11/24 20:39:03 ET
Table 'Tokai' 2-max Seat #1 is the button
Seat 1: nrJitsu ($443.10 in chips)
Seat 2: filemon_swe ($458.41 in chips)
nrJitsu: posts small blind $1
filemon_swe: posts big blind $3
*** HOLE CARDS ***
nrJitsu: raises $3 to $6
filemon_swe: calls $3
*** FLOP *** [5d As 7s]
filemon_swe: checks
nrJitsu: bets $3
filemon_swe: folds
Uncalled bet ($3) returned to nrJitsu
nrJitsu collected $11.76 from pot
nrJitsu: doesn't show hand
*** SUMMARY ***
Total pot $12 | Rake $0.24
Board [5d As 7s]
Seat 1: nrJitsu (button) (small blind) collected ($11.76)
Seat 2: filemon_swe (big blind) folded on the Flop


PokerStars Hand #144341882066:  Hold'em Limit ($3/$6 USD) - 2015/11/24 20:38:59 ET
Table 'Tokai' 2-max Seat #2 is the button
Seat 1: nrJitsu ($446.10 in chips)
Seat 2: filemon_swe ($455.41 in chips)
filemon_swe: posts small blind $1
nrJitsu: posts big blind $3
*** HOLE CARDS ***
filemon_swe: raises $3 to $6
nrJitsu: folds
Uncalled bet ($3) returned to filemon_swe
filemon_swe collected $6 from pot
filemon_swe: doesn't show hand
*** SUMMARY ***
Total pot $6 | Rake $0
Seat 1: nrJitsu (big blind) folded before Flop
Seat 2: filemon_swe (button) (small blind) collected ($6)


PokerStars Hand #144341879267:  Hold'em Limit ($3/$6 USD) - 2015/11/24 20:38:53 ET
Table 'Tokai' 2-max Seat #1 is the button
Seat 1: nrJitsu ($443.10 in chips)
Seat 2: filemon_swe ($458.41 in chips)
nrJitsu: posts small blind $1
filemon_swe: posts big blind $3
*** HOLE CARDS ***
nrJitsu: raises $3 to $6
filemon_swe: folds
Uncalled bet ($3) returned to nrJitsu
nrJitsu collected $6 from pot
nrJitsu: doesn't show hand
*** SUMMARY ***
Total pot $6 | Rake $0
Seat 1: nrJitsu (button) (small blind) collected ($6)
Seat 2: filemon_swe (big blind) folded before Flop


PokerStars Hand #144341871572:  Hold'em Limit ($3/$6 USD) - 2015/11/24 20:38:36 ET
Table 'Tokai' 2-max Seat #2 is the button
Seat 1: nrJitsu ($446.10 in chips)
Seat 2: filemon_swe ($455.53 in chips)
filemon_swe: posts small blind $1
nrJitsu: posts big blind $3
*** HOLE CARDS ***
filemon_swe: calls $2
nrJitsu: checks
*** FLOP *** [5s 3h 9c]
nrJitsu: checks
filemon_swe: checks
*** TURN *** [5s 3h 9c] [3d]
nrJitsu: checks
filemon_swe: bets $6
nrJitsu: folds
Uncalled bet ($6) returned to filemon_swe
filemon_swe collected $5.88 from pot
filemon_swe: doesn't show hand
*** SUMMARY ***
Total pot $6 | Rake $0.12
Board [5s 3h 9c 3d]
Seat 1: nrJitsu (big blind) folded on the Turn
Seat 2: filemon_swe (button) (small blind) collected ($5.88)


PokerStars Hand #144341861667:  Hold'em Limit ($3/$6 USD) - 2015/11/24 20:38:15 ET
Table 'Tokai' 2-max Seat #1 is the button
Seat 1: nrJitsu ($431.60 in chips)
Seat 2: filemon_swe ($470.53 in chips)
nrJitsu: posts small blind $1
filemon_swe: posts big blind $3
*** HOLE CARDS ***
nrJitsu: raises $3 to $6
filemon_swe: calls $3
*** FLOP *** [3h Qs 6c]
filemon_swe: bets $3
nrJitsu: calls $3
*** TURN *** [3h Qs 6c] [3c]
filemon_swe: checks
nrJitsu: bets $6
filemon_swe: calls $6
*** RIVER *** [3h Qs 6c 3c] [9h]
filemon_swe: checks
nrJitsu: bets $6
filemon_swe: folds
Uncalled bet ($6) returned to nrJitsu
nrJitsu collected $29.50 from pot
nrJitsu: doesn't show hand
*** SUMMARY ***
Total pot $30 | Rake $0.50
Board [3h Qs 6c 3c 9h]
Seat 1: nrJitsu (button) (small blind) collected ($29.50)
Seat 2: filemon_swe (big blind) folded on the River


PokerStars Hand #144341921428:  Hold'em Limit ($3/$6 USD) - 2015/11/24 20:40:24 ET
Table 'Tokai' 2-max Seat #2 is the button
Seat 1: nrJitsu ($460.36 in chips)
Seat 2: filemon_swe ($439.91 in chips)
filemon_swe: posts small blind $1
nrJitsu: posts big blind $3
*** HOLE CARDS ***
filemon_swe: folds
Uncalled bet ($2) returned to nrJitsu
nrJitsu collected $2 from pot
nrJitsu: doesn't show hand
*** SUMMARY ***
Total pot $2 | Rake $0
Seat 1: nrJitsu (big blind) collected ($2)
Seat 2: filemon_swe (button) (small blind) folded before Flop


PokerStars Hand #144341916771:  Hold'em Limit ($3/$6 USD) - 2015/11/24 20:40:13 ET
Table 'Tokai' 2-max Seat #1 is the button
Seat 1: nrJitsu ($461.36 in chips)
Seat 2: filemon_swe ($438.91 in chips)
nrJitsu: posts small blind $1
filemon_swe: posts big blind $3
*** HOLE CARDS ***
nrJitsu: folds
Uncalled bet ($2) returned to filemon_swe
filemon_swe collected $2 from pot
filemon_swe: doesn't show hand
*** SUMMARY ***
Total pot $2 | Rake $0
Seat 1: nrJitsu (button) (small blind) folded before Flop
Seat 2: filemon_swe (big blind) collected ($2)


PokerStars Hand #144341914408:  Hold'em Limit ($3/$6 USD) - 2015/11/24 20:40:08 ET
Table 'Tokai' 2-max Seat #2 is the button
Seat 1: nrJitsu ($460.36 in chips)
Seat 2: filemon_swe ($439.91 in chips)
filemon_swe: posts small blind $1
nrJitsu: posts big blind $3
*** HOLE CARDS ***
filemon_swe: folds
Uncalled bet ($2) returned to nrJitsu
nrJitsu collected $2 from pot
nrJitsu: doesn't show hand
*** SUMMARY ***
Total pot $2 | Rake $0
Seat 1: nrJitsu (big blind) collected ($2)
Seat 2: filemon_swe (button) (small blind) folded before Flop


PokerStars Hand #144341905752:  Hold'em Limit ($3/$6 USD) - 2015/11/24 20:39:50 ET
Table 'Tokai' 2-max Seat #1 is the button
Seat 1: nrJitsu ($478.36 in chips)
Seat 2: filemon_swe ($422.41 in chips)
nrJitsu: posts small blind $1
filemon_swe: posts big blind $3
*** HOLE CARDS ***
nrJitsu: raises $3 to $6
filemon_swe: raises $3 to $9
nrJitsu: calls $3
*** FLOP *** [8c Th 9h]
filemon_swe: bets $3
nrJitsu: calls $3
*** TURN *** [8c Th 9h] [7c]
filemon_swe: bets $6
nrJitsu: calls $6
*** RIVER *** [8c Th 9h 7c] [4s]
filemon_swe: bets $6
nrJitsu: folds
Uncalled bet ($6) returned to filemon_swe
filemon_swe collected $35.50 from pot
filemon_swe: doesn't show hand
*** SUMMARY ***
Total pot $36 | Rake $0.50
Board [8c Th 9h 7c 4s]
Seat 1: nrJitsu (button) (small blind) folded on the River
Seat 2: filemon_swe (big blind) collected ($35.50)


PokerStars Hand #144341903367:  Hold'em Limit ($3/$6 USD) - 2015/11/24 20:39:45 ET
Table 'Tokai' 2-max Seat #2 is the button
Seat 1: nrJitsu ($477.36 in chips)
Seat 2: filemon_swe ($423.41 in chips)
filemon_swe: posts small blind $1
nrJitsu: posts big blind $3
*** HOLE CARDS ***
filemon_swe: folds
Uncalled bet ($2) returned to nrJitsu
nrJitsu collected $2 from pot
nrJitsu: doesn't show hand
*** SUMMARY ***
Total pot $2 | Rake $0
Seat 1: nrJitsu (big blind) collected ($2)
Seat 2: filemon_swe (button) (small blind) folded before Flop


PokerStars Hand #144341899975:  Hold'em Limit ($3/$6 USD) - 2015/11/24 20:39:37 ET
Table 'Tokai' 2-max Seat #1 is the button
Seat 1: nrJitsu ($478.36 in chips)
Seat 2: filemon_swe ($422.41 in chips)
nrJitsu: posts small blind $1
filemon_swe: posts big blind $3
*** HOLE CARDS ***
nrJitsu: folds
Uncalled bet ($2) returned to filemon_swe
filemon_swe collected $2 from pot
filemon_swe: doesn't show hand
*** SUMMARY ***
Total pot $2 | Rake $0
Seat 1: nrJitsu (button) (small blind) folded before Flop
Seat 2: filemon_swe (big blind) collected ($2)


PokerStars Hand #144341889749:  Hold'em Limit ($3/$6 USD) - 2015/11/24 20:39:15 ET
Table 'Tokai' 2-max Seat #2 is the button
Seat 1: nrJitsu ($448.86 in chips)
Seat 2: filemon_swe ($452.41 in chips)
filemon_swe: posts small blind $1
nrJitsu: posts big blind $3
*** HOLE CARDS ***
filemon_swe: raises $3 to $6
nrJitsu: calls $3
*** FLOP *** [Jd 7d Ad]
nrJitsu: checks
filemon_swe: bets $3
nrJitsu: raises $3 to $6
filemon_swe: calls $3
*** TURN *** [Jd 7d Ad] [Js]
nrJitsu: bets $6
filemon_swe: calls $6
*** RIVER *** [Jd 7d Ad Js] [3d]
nrJitsu: bets $6
filemon_swe: raises $6 to $12
nrJitsu: raises $6 to $18
filemon_swe: folds
Uncalled bet ($6) returned to nrJitsu
nrJitsu collected $59.50 from pot
nrJitsu: doesn't show hand
*** SUMMARY ***
Total pot $60 | Rake $0.50
Board [Jd 7d Ad Js 3d]
Seat 1: nrJitsu (big blind) collected ($59.50)
Seat 2: filemon_swe (button) (small blind) folded on the River


PokerStars Hand #144341939997:  Hold'em Limit ($3/$6 USD) - 2015/11/24 20:41:03 ET
Table 'Tokai' 2-max Seat #1 is the button
Seat 1: nrJitsu ($505.36 in chips)
Seat 2: filemon_swe ($393.91 in chips)
nrJitsu: posts small blind $1
filemon_swe: posts big blind $3
*** HOLE CARDS ***
nrJitsu: folds
Uncalled bet ($2) returned to filemon_swe
filemon_swe collected $2 from pot
filemon_swe leaves the table
*** SUMMARY ***
Total pot $2 | Rake $0
Seat 1: nrJitsu (button) (small blind) folded before Flop
Seat 2: filemon_swe (big blind) collected ($2)


PokerStars Hand #144341932771:  Hold'em Limit ($3/$6 USD) - 2015/11/24 20:40:48 ET
Table 'Tokai' 2-max Seat #2 is the button
Seat 1: nrJitsu ($490.86 in chips)
Seat 2: filemon_swe ($408.91 in chips)
filemon_swe: posts small blind $1
nrJitsu: posts big blind $3
*** HOLE CARDS ***
filemon_swe: raises $3 to $6
nrJitsu: calls $3
*** FLOP *** [Jd Ts Tc]
nrJitsu: checks
filemon_swe: bets $3
nrJitsu: calls $3
*** TURN *** [Jd Ts Tc] [Qd]
nrJitsu: checks
filemon_swe: checks
*** RIVER *** [Jd Ts Tc Qd] [7s]
nrJitsu: bets $6
filemon_swe: calls $6
*** SHOW DOWN ***
nrJitsu: shows [Qc 2c] (two pair, Queens and Tens)
filemon_swe: mucks hand
nrJitsu collected $29.50 from pot
*** SUMMARY ***
Total pot $30 | Rake $0.50
Board [Jd Ts Tc Qd 7s]
Seat 1: nrJitsu (big blind) showed [Qc 2c] and won ($29.50) with two pair, Queens and Tens
Seat 2: filemon_swe (button) (small blind) mucked


PokerStars Hand #144341923764:  Hold'em Limit ($3/$6 USD) - 2015/11/24 20:40:29 ET
Table 'Tokai' 2-max Seat #1 is the button
Seat 1: nrJitsu ($461.36 in chips)
Seat 2: filemon_swe ($438.91 in chips)
nrJitsu: posts small blind $1
filemon_swe: posts big blind $3
*** HOLE CARDS ***
nrJitsu: raises $3 to $6
filemon_swe: raises $3 to $9
nrJitsu: calls $3
*** FLOP *** [7s 7d 3d]
filemon_swe: bets $3
nrJitsu: calls $3
*** TURN *** [7s 7d 3d] [8d]
filemon_swe: bets $6
nrJitsu: raises $6 to $12
filemon_swe: calls $6
*** RIVER *** [7s 7d 3d 8d] [5s]
filemon_swe: checks
nrJitsu: bets $6
filemon_swe: calls $6
*** SHOW DOWN ***
nrJitsu: shows [9c 8s] (two pair, Eights and Sevens)
filemon_swe: mucks hand
nrJitsu collected $59.50 from pot
*** SUMMARY ***
Total pot $60 | Rake $0.50
Board [7s 7d 3d 8d 5s]
Seat 1: nrJitsu (button) (small blind) showed [9c 8s] and won ($59.50) with two pair, Eights and Sevens
Seat 2: filemon_swe (big blind) mucked


