PokerStars Hand #169047697122:  Hold'em Limit ($3/$6 USD) - 2017/04/14 18:18:10 ET
Table 'Tokai' 6-max Seat #4 is the button
Seat 1: DeKirov ($85.16 in chips)
Seat 4: Actionni13 ($151 in chips)
Actionni13: posts small blind $1
DeKirov: posts big blind $3
*** HOLE CARDS ***
Actionni13: raises $3 to $6
DeKirov: folds
Uncalled bet ($3) returned to Actionni13
Actionni13 collected $6 from pot
Actionni13: doesn't show hand
*** SUMMARY ***
Total pot $6 | Rake $0
Seat 1: DeKirov (big blind) folded before Flop
Seat 4: Actionni13 (button) (small blind) collected ($6)


PokerStars Hand #169047693291:  Hold'em Limit ($3/$6 USD) - 2017/04/14 18:18:05 ET
Table 'Tokai' 6-max Seat #1 is the button
Seat 1: DeKirov ($86.16 in chips)
Seat 4: Actionni13 ($150 in chips)
DeKirov: posts small blind $1
Actionni13: posts big blind $3
*** HOLE CARDS ***
DeKirov: folds
Uncalled bet ($2) returned to Actionni13
Actionni13 collected $2 from pot
Actionni13: doesn't show hand
*** SUMMARY ***
Total pot $2 | Rake $0
Seat 1: DeKirov (button) (small blind) folded before Flop
Seat 4: Actionni13 (big blind) collected ($2)


PokerStars Hand #169047701195:  Hold'em Limit ($3/$6 USD) - 2017/04/14 18:18:16 ET
Table 'Tokai' 6-max Seat #1 is the button
Seat 1: DeKirov ($82.16 in chips)
Seat 4: Actionni13 ($154 in chips)
DeKirov: posts small blind $1
Actionni13: posts big blind $3
*** HOLE CARDS ***
DeKirov: raises $3 to $6
Actionni13: calls $3
*** FLOP *** [9s Qd Ks]
Actionni13: checks
DeKirov: checks
*** TURN *** [9s Qd Ks] [5c]
Actionni13: checks
DeKirov: checks
*** RIVER *** [9s Qd Ks 5c] [Qh]
Actionni13: bets $6
DeKirov: folds
Uncalled bet ($6) returned to Actionni13
Actionni13 collected $11.76 from pot
Actionni13: doesn't show hand
*** SUMMARY ***
Total pot $12 | Rake $0.24
Board [9s Qd Ks 5c Qh]
Seat 1: DeKirov (button) (small blind) folded on the River
Seat 4: Actionni13 (big blind) collected ($11.76)


PokerStars Hand #169047713461:  Hold'em Limit ($3/$6 USD) - 2017/04/14 18:18:32 ET
Table 'Tokai' 6-max Seat #4 is the button
Seat 1: DeKirov ($76.16 in chips)
Seat 4: Actionni13 ($159.76 in chips)
Actionni13: posts small blind $1
DeKirov: posts big blind $3
*** HOLE CARDS ***
Actionni13: raises $3 to $6
DeKirov: raises $3 to $9
Actionni13: calls $3
*** FLOP *** [8d 9d 8s]
DeKirov: bets $3
Actionni13: folds
Uncalled bet ($3) returned to DeKirov
DeKirov collected $17.64 from pot
DeKirov: doesn't show hand
*** SUMMARY ***
Total pot $18 | Rake $0.36
Board [8d 9d 8s]
Seat 1: DeKirov (big blind) collected ($17.64)
Seat 4: Actionni13 (button) (small blind) folded on the Flop


PokerStars Hand #169047735774:  Hold'em Limit ($3/$6 USD) - 2017/04/14 18:19:01 ET
Table 'Tokai' 6-max Seat #4 is the button
Seat 1: DeKirov ($93.44 in chips)
Seat 4: Actionni13 ($150 in chips)
Actionni13: posts small blind $1
DeKirov: posts big blind $3
*** HOLE CARDS ***
Actionni13: raises $3 to $6
DeKirov: folds
Uncalled bet ($3) returned to Actionni13
Actionni13 collected $6 from pot
Actionni13: doesn't show hand
*** SUMMARY ***
Total pot $6 | Rake $0
Seat 1: DeKirov (big blind) folded before Flop
Seat 4: Actionni13 (button) (small blind) collected ($6)


PokerStars Hand #169047721895:  Hold'em Limit ($3/$6 USD) - 2017/04/14 18:18:43 ET
Table 'Tokai' 6-max Seat #1 is the button
Seat 1: DeKirov ($84.80 in chips)
Seat 4: Actionni13 ($150.76 in chips)
DeKirov: posts small blind $1
Actionni13: posts big blind $3
*** HOLE CARDS ***
DeKirov: raises $3 to $6
Actionni13: calls $3
*** FLOP *** [3h 4s Qs]
Actionni13: checks
DeKirov: bets $3
Actionni13: calls $3
*** TURN *** [3h 4s Qs] [2s]
Actionni13: checks
DeKirov: bets $6
Actionni13: folds
Uncalled bet ($6) returned to DeKirov
DeKirov collected $17.64 from pot
DeKirov: doesn't show hand
*** SUMMARY ***
Total pot $18 | Rake $0.36
Board [3h 4s Qs 2s]
Seat 1: DeKirov (button) (small blind) collected ($17.64)
Seat 4: Actionni13 (big blind) folded on the Turn


PokerStars Hand #169047739757:  Hold'em Limit ($3/$6 USD) - 2017/04/14 18:19:07 ET
Table 'Tokai' 6-max Seat #1 is the button
Seat 1: DeKirov ($90.44 in chips)
Seat 4: Actionni13 ($153 in chips)
DeKirov: posts small blind $1
Actionni13: posts big blind $3
*** HOLE CARDS ***
DeKirov: raises $3 to $6
Actionni13: folds
Uncalled bet ($3) returned to DeKirov
DeKirov collected $6 from pot
DeKirov: doesn't show hand
*** SUMMARY ***
Total pot $6 | Rake $0
Seat 1: DeKirov (button) (small blind) collected ($6)
Seat 4: Actionni13 (big blind) folded before Flop


PokerStars Hand #169047752335:  Hold'em Limit ($3/$6 USD) - 2017/04/14 18:19:23 ET
Table 'Tokai' 6-max Seat #1 is the button
Seat 1: DeKirov ($84.44 in chips)
Seat 4: Actionni13 ($158.64 in chips)
DeKirov: posts small blind $1
Actionni13: posts big blind $3
*** HOLE CARDS ***
DeKirov: folds
Uncalled bet ($2) returned to Actionni13
Actionni13 collected $2 from pot
Actionni13: doesn't show hand
*** SUMMARY ***
Total pot $2 | Rake $0
Seat 1: DeKirov (button) (small blind) folded before Flop
Seat 4: Actionni13 (big blind) collected ($2)


PokerStars Hand #169047743906:  Hold'em Limit ($3/$6 USD) - 2017/04/14 18:19:12 ET
Table 'Tokai' 6-max Seat #4 is the button
Seat 1: DeKirov ($93.44 in chips)
Seat 4: Actionni13 ($150 in chips)
Actionni13: posts small blind $1
DeKirov: posts big blind $3
*** HOLE CARDS ***
Actionni13: raises $3 to $6
DeKirov: raises $3 to $9
Actionni13: calls $3
*** FLOP *** [8s Js Th]
DeKirov: checks
Actionni13: bets $3
DeKirov: folds
Uncalled bet ($3) returned to Actionni13
Actionni13 collected $17.64 from pot
Actionni13: doesn't show hand
*** SUMMARY ***
Total pot $18 | Rake $0.36
Board [8s Js Th]
Seat 1: DeKirov (big blind) folded on the Flop
Seat 4: Actionni13 (button) (small blind) collected ($17.64)


PokerStars Hand #169047756067:  Hold'em Limit ($3/$6 USD) - 2017/04/14 18:19:28 ET
Table 'Tokai' 6-max Seat #4 is the button
Seat 1: DeKirov ($83.44 in chips)
Seat 4: Actionni13 ($159.64 in chips)
Actionni13: posts small blind $1
DeKirov: posts big blind $3
*** HOLE CARDS ***
Actionni13: raises $3 to $6
DeKirov: folds
Uncalled bet ($3) returned to Actionni13
Actionni13 collected $6 from pot
Actionni13: doesn't show hand
*** SUMMARY ***
Total pot $6 | Rake $0
Seat 1: DeKirov (big blind) folded before Flop
Seat 4: Actionni13 (button) (small blind) collected ($6)


PokerStars Hand #169047761798:  Hold'em Limit ($3/$6 USD) - 2017/04/14 18:19:36 ET
Table 'Tokai' 6-max Seat #1 is the button
Seat 1: DeKirov ($80.44 in chips)
Seat 4: Actionni13 ($162.64 in chips)
DeKirov: posts small blind $1
Actionni13: posts big blind $3
*** HOLE CARDS ***
DeKirov: raises $3 to $6
Actionni13: calls $3
*** FLOP *** [9h 8h Ah]
Actionni13: bets $3
DeKirov: calls $3
*** TURN *** [9h 8h Ah] [5c]
Actionni13: bets $6
DeKirov: calls $6
*** RIVER *** [9h 8h Ah 5c] [Tc]
Actionni13: bets $6
DeKirov: folds
Uncalled bet ($6) returned to Actionni13
Actionni13 collected $29.50 from pot
Actionni13: doesn't show hand
*** SUMMARY ***
Total pot $30 | Rake $0.50
Board [9h 8h Ah 5c Tc]
Seat 1: DeKirov (button) (small blind) folded on the River
Seat 4: Actionni13 (big blind) collected ($29.50)


PokerStars Hand #169047831229:  Hold'em Limit ($3/$6 USD) - 2017/04/14 18:21:08 ET
Table 'Tokai' 6-max Seat #4 is the button
Seat 1: DeKirov ($35.19 in chips)
Seat 4: Actionni13 ($206.39 in chips)
Actionni13: posts small blind $1
DeKirov: posts big blind $3
*** HOLE CARDS ***
Actionni13: raises $3 to $6
DeKirov: folds
Uncalled bet ($3) returned to Actionni13
Actionni13 collected $6 from pot
Actionni13: doesn't show hand
*** SUMMARY ***
Total pot $6 | Rake $0
Seat 1: DeKirov (big blind) folded before Flop
Seat 4: Actionni13 (button) (small blind) collected ($6)


PokerStars Hand #169047779296:  Hold'em Limit ($3/$6 USD) - 2017/04/14 18:19:59 ET
Table 'Tokai' 6-max Seat #4 is the button
Seat 1: DeKirov ($65.44 in chips)
Seat 4: Actionni13 ($177.14 in chips)
Actionni13: posts small blind $1
DeKirov: posts big blind $3
*** HOLE CARDS ***
Actionni13: raises $3 to $6
DeKirov: raises $3 to $9
Actionni13: calls $3
*** FLOP *** [3d 4c 2c]
DeKirov: bets $3
Actionni13: calls $3
*** TURN *** [3d 4c 2c] [As]
DeKirov: bets $6
Actionni13: raises $6 to $12
DeKirov: raises $6 to $18
Actionni13: raises $6 to $24
Betting is capped
DeKirov: calls $6
*** RIVER *** [3d 4c 2c As] [7s]
DeKirov: bets $6
Actionni13: raises $6 to $12
DeKirov: calls $6
*** SHOW DOWN ***
Actionni13: shows [5h Qd] (a straight, Ace to Five)
DeKirov: shows [8c 5c] (a straight, Ace to Five)
DeKirov collected $47.75 from pot
Actionni13 collected $47.75 from pot
*** SUMMARY ***
Total pot $96 | Rake $0.50
Board [3d 4c 2c As 7s]
Seat 1: DeKirov (big blind) showed [8c 5c] and won ($47.75) with a straight, Ace to Five
Seat 4: Actionni13 (button) (small blind) showed [5h Qd] and won ($47.75) with a straight, Ace to Five


PokerStars Hand #169047811851:  Hold'em Limit ($3/$6 USD) - 2017/04/14 18:20:42 ET
Table 'Tokai' 6-max Seat #1 is the button
Seat 1: DeKirov ($65.19 in chips)
Seat 4: Actionni13 ($176.89 in chips)
DeKirov: posts small blind $1
Actionni13: posts big blind $3
*** HOLE CARDS ***
DeKirov: raises $3 to $6
Actionni13: calls $3
*** FLOP *** [2h 8d Ks]
Actionni13: checks
DeKirov: bets $3
Actionni13: raises $3 to $6
DeKirov: calls $3
*** TURN *** [2h 8d Ks] [7c]
Actionni13: bets $6
DeKirov: calls $6
*** RIVER *** [2h 8d Ks 7c] [4s]
Actionni13: bets $6
DeKirov: raises $6 to $12
Actionni13: calls $6
*** SHOW DOWN ***
DeKirov: shows [Kh 5d] (a pair of Kings)
Actionni13: shows [9c Kd] (a pair of Kings - Nine kicker)
Actionni13 collected $59.50 from pot
*** SUMMARY ***
Total pot $60 | Rake $0.50
Board [2h 8d Ks 7c 4s]
Seat 1: DeKirov (button) (small blind) showed [Kh 5d] and lost with a pair of Kings
Seat 4: Actionni13 (big blind) showed [9c Kd] and won ($59.50) with a pair of Kings


PokerStars Hand #169047862576:  Hold'em Limit ($3/$6 USD) - 2017/04/14 18:21:50 ET
Table 'Tokai' 6-max Seat #4 is the button
Seat 1: DeKirov ($46.69 in chips)
Seat 4: Actionni13 ($194.39 in chips)
Actionni13: posts small blind $1
DeKirov: posts big blind $3
*** HOLE CARDS ***
Actionni13: raises $3 to $6
DeKirov: calls $3
*** FLOP *** [5s Ad Jd]
DeKirov: checks
Actionni13: bets $3
DeKirov: folds
Uncalled bet ($3) returned to Actionni13
Actionni13 collected $11.76 from pot
Actionni13: doesn't show hand
*** SUMMARY ***
Total pot $12 | Rake $0.24
Board [5s Ad Jd]
Seat 1: DeKirov (big blind) folded on the Flop
Seat 4: Actionni13 (button) (small blind) collected ($11.76)


PokerStars Hand #169047877173:  Hold'em Limit ($3/$6 USD) - 2017/04/14 18:22:09 ET
Table 'Tokai' 6-max Seat #1 is the button
Seat 1: DeKirov ($40.69 in chips)
Seat 4: Actionni13 ($200.15 in chips)
DeKirov: posts small blind $1
Actionni13: posts big blind $3
*** HOLE CARDS ***
DeKirov: raises $3 to $6
Actionni13: raises $3 to $9
DeKirov: calls $3
*** FLOP *** [9c 4s 3d]
Actionni13: bets $3
DeKirov: raises $3 to $6
Actionni13: calls $3
*** TURN *** [9c 4s 3d] [9d]
Actionni13: checks
DeKirov: bets $6
Actionni13: folds
Uncalled bet ($6) returned to DeKirov
DeKirov collected $29.50 from pot
DeKirov: doesn't show hand
*** SUMMARY ***
Total pot $30 | Rake $0.50
Board [9c 4s 3d 9d]
Seat 1: DeKirov (button) (small blind) collected ($29.50)
Seat 4: Actionni13 (big blind) folded on the Turn


PokerStars Hand #169047891620:  Hold'em Limit ($3/$6 USD) - 2017/04/14 18:22:28 ET
Table 'Tokai' 6-max Seat #4 is the button
Seat 1: DeKirov ($55.19 in chips)
Seat 4: Actionni13 ($185.15 in chips)
Actionni13: posts small blind $1
DeKirov: posts big blind $3
*** HOLE CARDS ***
Actionni13: raises $3 to $6
DeKirov: folds
Uncalled bet ($3) returned to Actionni13
Actionni13 collected $6 from pot
Actionni13: doesn't show hand
*** SUMMARY ***
Total pot $6 | Rake $0
Seat 1: DeKirov (big blind) folded before Flop
Seat 4: Actionni13 (button) (small blind) collected ($6)


PokerStars Hand #169047839252:  Hold'em Limit ($3/$6 USD) - 2017/04/14 18:21:19 ET
Table 'Tokai' 6-max Seat #1 is the button
Seat 1: DeKirov ($32.19 in chips)
Seat 4: Actionni13 ($209.39 in chips)
DeKirov: posts small blind $1
Actionni13: posts big blind $3
*** HOLE CARDS ***
DeKirov: raises $3 to $6
Actionni13: calls $3
*** FLOP *** [3c 8s 6d]
Actionni13: checks
DeKirov: bets $3
Actionni13: calls $3
*** TURN *** [3c 8s 6d] [4d]
Actionni13: checks
DeKirov: bets $6
Actionni13: calls $6
*** RIVER *** [3c 8s 6d 4d] [Tc]
Actionni13: checks
DeKirov: bets $6
Actionni13: folds
Uncalled bet ($6) returned to DeKirov
DeKirov collected $29.50 from pot
DeKirov: doesn't show hand
*** SUMMARY ***
Total pot $30 | Rake $0.50
Board [3c 8s 6d 4d Tc]
Seat 1: DeKirov (button) (small blind) collected ($29.50)
Seat 4: Actionni13 (big blind) folded on the River


PokerStars Hand #169047923066:  Hold'em Limit ($3/$6 USD) - 2017/04/14 18:23:10 ET
Table 'Tokai' 6-max Seat #1 is the button
Seat 1: DeKirov ($13.19 in chips)
Seat 4: Actionni13 ($226.65 in chips)
DeKirov: posts small blind $1
Actionni13: posts big blind $3
*** HOLE CARDS ***
DeKirov: raises $3 to $6
Actionni13: calls $3
*** FLOP *** [3s 5h Ks]
Actionni13: checks
DeKirov: bets $3
Actionni13: calls $3
*** TURN *** [3s 5h Ks] [Qs]
Actionni13: checks
DeKirov: bets $4.19 and is all-in
Actionni13: calls $4.19
*** RIVER *** [3s 5h Ks Qs] [4d]
*** SHOW DOWN ***
Actionni13: shows [As 6c] (high card Ace)
DeKirov: shows [Jh Jd] (a pair of Jacks)
DeKirov collected $25.88 from pot
*** SUMMARY ***
Total pot $26.38 | Rake $0.50
Board [3s 5h Ks Qs 4d]
Seat 1: DeKirov (button) (small blind) showed [Jh Jd] and won ($25.88) with a pair of Jacks
Seat 4: Actionni13 (big blind) showed [As 6c] and lost with high card Ace


PokerStars Hand #169047903903:  Hold'em Limit ($3/$6 USD) - 2017/04/14 18:22:45 ET
Table 'Tokai' 6-max Seat #4 is the button
Seat 1: DeKirov ($55.19 in chips)
Seat 4: Actionni13 ($185.15 in chips)
Actionni13: posts small blind $1
DeKirov: posts big blind $3
*** HOLE CARDS ***
Actionni13: raises $3 to $6
DeKirov: raises $3 to $9
Actionni13: calls $3
*** FLOP *** [Qh Td 2h]
DeKirov: bets $3
Actionni13: calls $3
*** TURN *** [Qh Td 2h] [Kc]
DeKirov: bets $6
Actionni13: raises $6 to $12
DeKirov: raises $6 to $18
Actionni13: calls $6
*** RIVER *** [Qh Td 2h Kc] [2d]
DeKirov: bets $6
Actionni13: raises $6 to $12
DeKirov: calls $6
*** SHOW DOWN ***
Actionni13: shows [Qc 2s] (a full house, Deuces full of Queens)
DeKirov: mucks hand
Actionni13 collected $83.50 from pot
*** SUMMARY ***
Total pot $84 | Rake $0.50
Board [Qh Td 2h Kc 2d]
Seat 1: DeKirov (big blind) mucked
Seat 4: Actionni13 (button) (small blind) showed [Qc 2s] and won ($83.50) with a full house, Deuces full of Queens


PokerStars Hand #169047896911:  Hold'em Limit ($3/$6 USD) - 2017/04/14 18:22:36 ET
Table 'Tokai' 6-max Seat #1 is the button
Seat 1: DeKirov ($52.19 in chips)
Seat 4: Actionni13 ($188.15 in chips)
DeKirov: posts small blind $1
Actionni13: posts big blind $3
*** HOLE CARDS ***
DeKirov: raises $3 to $6
Actionni13: folds
Uncalled bet ($3) returned to DeKirov
DeKirov collected $6 from pot
DeKirov: doesn't show hand
*** SUMMARY ***
Total pot $6 | Rake $0
Seat 1: DeKirov (button) (small blind) collected ($6)
Seat 4: Actionni13 (big blind) folded before Flop


PokerStars Hand #169047953605:  Hold'em Limit ($3/$6 USD) - 2017/04/14 18:23:51 ET
Table 'Tokai' 6-max Seat #1 is the button
Seat 1: DeKirov ($37.40 in chips)
Seat 4: Actionni13 ($201.46 in chips)
DeKirov: posts small blind $1
Actionni13: posts big blind $3
*** HOLE CARDS ***
DeKirov: raises $3 to $6
Actionni13: raises $3 to $9
DeKirov: raises $3 to $12
Betting is capped
Actionni13: calls $3
*** FLOP *** [4c 8s Qh]
Actionni13: checks
DeKirov: checks
*** TURN *** [4c 8s Qh] [As]
Actionni13: checks
DeKirov: bets $6
Actionni13: raises $6 to $12
DeKirov: raises $6 to $18
Actionni13: calls $6
*** RIVER *** [4c 8s Qh As] [9c]
Actionni13: checks
DeKirov: bets $6
Actionni13: folds
Uncalled bet ($6) returned to DeKirov
DeKirov collected $59.50 from pot
DeKirov: doesn't show hand
*** SUMMARY ***
Total pot $60 | Rake $0.50
Board [4c 8s Qh As 9c]
Seat 1: DeKirov (button) (small blind) collected ($59.50)
Seat 4: Actionni13 (big blind) folded on the River


PokerStars Hand #169047941272:  Hold'em Limit ($3/$6 USD) - 2017/04/14 18:23:35 ET
Table 'Tokai' 6-max Seat #4 is the button
Seat 1: DeKirov ($25.88 in chips)
Seat 4: Actionni13 ($213.46 in chips)
Actionni13: posts small blind $1
DeKirov: posts big blind $3
*** HOLE CARDS ***
Actionni13: raises $3 to $6
DeKirov: raises $3 to $9
Actionni13: calls $3
*** FLOP *** [6s 2d 3d]
DeKirov: bets $3
Actionni13: calls $3
*** TURN *** [6s 2d 3d] [Qc]
DeKirov: bets $6
Actionni13: folds
Uncalled bet ($6) returned to DeKirov
DeKirov collected $23.52 from pot
DeKirov: doesn't show hand
*** SUMMARY ***
Total pot $24 | Rake $0.48
Board [6s 2d 3d Qc]
Seat 1: DeKirov (big blind) collected ($23.52)
Seat 4: Actionni13 (button) (small blind) folded on the Turn


PokerStars Hand #169048007371:  Hold'em Limit ($3/$6 USD) - 2017/04/14 18:25:03 ET
Table 'Tokai' 6-max Seat #1 is the button
Seat 1: DeKirov ($104.40 in chips)
Seat 4: Actionni13 ($154 in chips)
DeKirov: posts small blind $1
Actionni13: posts big blind $3
*** HOLE CARDS ***
DeKirov: raises $3 to $6
Actionni13: raises $3 to $9
DeKirov: calls $3
*** FLOP *** [9d Ah 6c]
Actionni13: bets $3
DeKirov: calls $3
*** TURN *** [9d Ah 6c] [5s]
Actionni13: bets $6
DeKirov: calls $6
*** RIVER *** [9d Ah 6c 5s] [3c]
Actionni13: bets $6
DeKirov: raises $6 to $12
Actionni13: calls $6
*** SHOW DOWN ***
DeKirov: shows [4s 6s] (a pair of Sixes)
Actionni13: shows [Qs Ac] (a pair of Aces)
Actionni13 collected $59.50 from pot
*** SUMMARY ***
Total pot $60 | Rake $0.50
Board [9d Ah 6c 5s 3c]
Seat 1: DeKirov (button) (small blind) showed [4s 6s] and lost with a pair of Sixes
Seat 4: Actionni13 (big blind) showed [Qs Ac] and won ($59.50) with a pair of Aces


PokerStars Hand #169048003564:  Hold'em Limit ($3/$6 USD) - 2017/04/14 18:24:58 ET
Table 'Tokai' 6-max Seat #4 is the button
Seat 1: DeKirov ($107.40 in chips)
Seat 4: Actionni13 ($151 in chips)
Actionni13: posts small blind $1
DeKirov: posts big blind $3
*** HOLE CARDS ***
Actionni13: raises $3 to $6
DeKirov: folds
Uncalled bet ($3) returned to Actionni13
Actionni13 collected $6 from pot
Actionni13: doesn't show hand
*** SUMMARY ***
Total pot $6 | Rake $0
Seat 1: DeKirov (big blind) folded before Flop
Seat 4: Actionni13 (button) (small blind) collected ($6)


PokerStars Hand #169048000000:  Hold'em Limit ($3/$6 USD) - 2017/04/14 18:24:53 ET
Table 'Tokai' 6-max Seat #1 is the button
Seat 1: DeKirov ($108.40 in chips)
Seat 4: Actionni13 ($150 in chips)
DeKirov: posts small blind $1
Actionni13: posts big blind $3
*** HOLE CARDS ***
DeKirov: folds
Uncalled bet ($2) returned to Actionni13
Actionni13 collected $2 from pot
Actionni13: doesn't show hand
*** SUMMARY ***
Total pot $2 | Rake $0
Seat 1: DeKirov (button) (small blind) folded before Flop
Seat 4: Actionni13 (big blind) collected ($2)


PokerStars Hand #169047981132:  Hold'em Limit ($3/$6 USD) - 2017/04/14 18:24:28 ET
Table 'Tokai' 6-max Seat #4 is the button
Seat 1: DeKirov ($66.90 in chips)
Seat 4: Actionni13 ($171.46 in chips)
Actionni13: posts small blind $1
DeKirov: posts big blind $3
*** HOLE CARDS ***
Actionni13: raises $3 to $6
DeKirov: calls $3
*** FLOP *** [Ac 6s 7s]
DeKirov: checks
Actionni13: bets $3
DeKirov: raises $3 to $6
Actionni13: calls $3
*** TURN *** [Ac 6s 7s] [8h]
DeKirov: checks
Actionni13: bets $6
DeKirov: raises $6 to $12
Actionni13: calls $6
*** RIVER *** [Ac 6s 7s 8h] [8s]
DeKirov: bets $6
Actionni13: raises $6 to $12
DeKirov: raises $6 to $18
Actionni13: calls $6
*** SHOW DOWN ***
DeKirov: shows [7d 8c] (a full house, Eights full of Sevens)
Actionni13: mucks hand
DeKirov collected $83.50 from pot
*** SUMMARY ***
Total pot $84 | Rake $0.50
Board [Ac 6s 7s 8h 8s]
Seat 1: DeKirov (big blind) showed [7d 8c] and won ($83.50) with a full house, Eights full of Sevens
Seat 4: Actionni13 (button) (small blind) mucked


PokerStars Hand #169048019295:  Hold'em Limit ($3/$6 USD) - 2017/04/14 18:25:19 ET
Table 'Tokai' 6-max Seat #4 is the button
Seat 1: DeKirov ($74.40 in chips)
Seat 4: Actionni13 ($183.50 in chips)
Actionni13: posts small blind $1
DeKirov: posts big blind $3
*** HOLE CARDS ***
Actionni13: folds
Uncalled bet ($2) returned to DeKirov
DeKirov collected $2 from pot
DeKirov: doesn't show hand
*** SUMMARY ***
Total pot $2 | Rake $0
Seat 1: DeKirov (big blind) collected ($2)
Seat 4: Actionni13 (button) (small blind) folded before Flop


PokerStars Hand #169048052678:  Hold'em Limit ($3/$6 USD) - 2017/04/14 18:26:03 ET
Table 'Tokai' 6-max Seat #1 is the button
Seat 1: DeKirov ($61.40 in chips)
Seat 4: Actionni13 ($196 in chips)
DeKirov: posts small blind $1
Actionni13: posts big blind $3
*** HOLE CARDS ***
DeKirov: raises $3 to $6
Actionni13: calls $3
*** FLOP *** [9h 6d 3d]
Actionni13: checks
DeKirov: bets $3
Actionni13: calls $3
*** TURN *** [9h 6d 3d] [Ad]
Actionni13: checks
DeKirov: bets $6
Actionni13: raises $6 to $12
DeKirov: calls $6
*** RIVER *** [9h 6d 3d Ad] [Js]
Actionni13: bets $6
DeKirov: calls $6
*** SHOW DOWN ***
Actionni13: shows [4d As] (a pair of Aces)
DeKirov: mucks hand
Actionni13 collected $53.50 from pot
*** SUMMARY ***
Total pot $54 | Rake $0.50
Board [9h 6d 3d Ad Js]
Seat 1: DeKirov (button) (small blind) mucked
Seat 4: Actionni13 (big blind) showed [4d As] and won ($53.50) with a pair of Aces


PokerStars Hand #169048048478:  Hold'em Limit ($3/$6 USD) - 2017/04/14 18:25:57 ET
Table 'Tokai' 6-max Seat #4 is the button
Seat 1: DeKirov ($60.40 in chips)
Seat 4: Actionni13 ($197 in chips)
Actionni13: posts small blind $1
DeKirov: posts big blind $3
*** HOLE CARDS ***
Actionni13: folds
Uncalled bet ($2) returned to DeKirov
DeKirov collected $2 from pot
DeKirov: doesn't show hand
*** SUMMARY ***
Total pot $2 | Rake $0
Seat 1: DeKirov (big blind) collected ($2)
Seat 4: Actionni13 (button) (small blind) folded before Flop


PokerStars Hand #169048030866:  Hold'em Limit ($3/$6 USD) - 2017/04/14 18:25:34 ET
Table 'Tokai' 6-max Seat #1 is the button
Seat 1: DeKirov ($75.40 in chips)
Seat 4: Actionni13 ($182.50 in chips)
DeKirov: posts small blind $1
Actionni13: posts big blind $3
*** HOLE CARDS ***
DeKirov: raises $3 to $6
Actionni13: calls $3
*** FLOP *** [7c 6h 2s]
Actionni13: bets $3
DeKirov: calls $3
*** TURN *** [7c 6h 2s] [2h]
Actionni13: bets $6
DeKirov: calls $6
*** RIVER *** [7c 6h 2s 2h] [5d]
Actionni13: bets $6
DeKirov: folds
Uncalled bet ($6) returned to Actionni13
Actionni13 collected $29.50 from pot
Actionni13: doesn't show hand
*** SUMMARY ***
Total pot $30 | Rake $0.50
Board [7c 6h 2s 2h 5d]
Seat 1: DeKirov (button) (small blind) folded on the River
Seat 4: Actionni13 (big blind) collected ($29.50)


PokerStars Hand #169048066335:  Hold'em Limit ($3/$6 USD) - 2017/04/14 18:26:21 ET
Table 'Tokai' 6-max Seat #4 is the button
Seat 1: DeKirov ($34.40 in chips)
Seat 4: Actionni13 ($222.50 in chips)
Actionni13: posts small blind $1
DeKirov: posts big blind $3
*** HOLE CARDS ***
Actionni13: raises $3 to $6
DeKirov: raises $3 to $9
Actionni13: calls $3
*** FLOP *** [6c Jh 8d]
DeKirov: bets $3
Actionni13: calls $3
*** TURN *** [6c Jh 8d] [Qd]
DeKirov: bets $6
Actionni13: folds
Uncalled bet ($6) returned to DeKirov
DeKirov collected $23.52 from pot
DeKirov: doesn't show hand
*** SUMMARY ***
Total pot $24 | Rake $0.48
Board [6c Jh 8d Qd]
Seat 1: DeKirov (big blind) collected ($23.52)
Seat 4: Actionni13 (button) (small blind) folded on the Turn


PokerStars Hand #169048095006:  Hold'em Limit ($3/$6 USD) - 2017/04/14 18:27:00 ET
Table 'Tokai' 6-max Seat #1 is the button
Seat 1: DeKirov ($22.92 in chips)
Seat 4: Actionni13 ($233 in chips)
DeKirov: posts small blind $1
Actionni13: posts big blind $3
*** HOLE CARDS ***
DeKirov: raises $3 to $6
Actionni13: raises $3 to $9
DeKirov: calls $3
*** FLOP *** [6h Jh 7s]
Actionni13: bets $3
DeKirov: folds
Uncalled bet ($3) returned to Actionni13
Actionni13 collected $17.64 from pot
Actionni13: doesn't show hand
*** SUMMARY ***
Total pot $18 | Rake $0.36
Board [6h Jh 7s]
Seat 1: DeKirov (button) (small blind) folded on the Flop
Seat 4: Actionni13 (big blind) collected ($17.64)


PokerStars Hand #169048091526:  Hold'em Limit ($3/$6 USD) - 2017/04/14 18:26:55 ET
Table 'Tokai' 6-max Seat #4 is the button
Seat 1: DeKirov ($21.92 in chips)
Seat 4: Actionni13 ($234 in chips)
Actionni13: posts small blind $1
DeKirov: posts big blind $3
*** HOLE CARDS ***
Actionni13: folds
Uncalled bet ($2) returned to DeKirov
DeKirov collected $2 from pot
DeKirov: doesn't show hand
*** SUMMARY ***
Total pot $2 | Rake $0
Seat 1: DeKirov (big blind) collected ($2)
Seat 4: Actionni13 (button) (small blind) folded before Flop


PokerStars Hand #169048078775:  Hold'em Limit ($3/$6 USD) - 2017/04/14 18:26:38 ET
Table 'Tokai' 6-max Seat #1 is the button
Seat 1: DeKirov ($45.92 in chips)
Seat 4: Actionni13 ($210.50 in chips)
DeKirov: posts small blind $1
Actionni13: posts big blind $3
*** HOLE CARDS ***
DeKirov: raises $3 to $6
Actionni13: raises $3 to $9
DeKirov: calls $3
*** FLOP *** [Ts 4d Jd]
Actionni13: bets $3
DeKirov: calls $3
*** TURN *** [Ts 4d Jd] [Tc]
Actionni13: bets $6
DeKirov: calls $6
*** RIVER *** [Ts 4d Jd Tc] [8s]
Actionni13: bets $6
DeKirov: calls $6
*** SHOW DOWN ***
Actionni13: shows [8h Ac] (two pair, Tens and Eights)
DeKirov: mucks hand
Actionni13 collected $47.50 from pot
*** SUMMARY ***
Total pot $48 | Rake $0.50
Board [Ts 4d Jd Tc 8s]
Seat 1: DeKirov (button) (small blind) mucked
Seat 4: Actionni13 (big blind) showed [8h Ac] and won ($47.50) with two pair, Tens and Eights


PokerStars Hand #169048103314:  Hold'em Limit ($3/$6 USD) - 2017/04/14 18:27:11 ET
Table 'Tokai' 6-max Seat #4 is the button
Seat 1: DeKirov ($13.92 in chips)
Seat 4: Actionni13 ($241.64 in chips)
Actionni13: posts small blind $1
DeKirov: posts big blind $3
*** HOLE CARDS ***
Actionni13: raises $3 to $6
DeKirov: calls $3
*** FLOP *** [Qd 4s 4d]
DeKirov: bets $3
Actionni13: calls $3
*** TURN *** [Qd 4s 4d] [3c]
DeKirov: checks
Actionni13: bets $6
DeKirov: calls $4.92 and is all-in
Uncalled bet ($1.08) returned to Actionni13
*** RIVER *** [Qd 4s 4d 3c] [8c]
*** SHOW DOWN ***
DeKirov: shows [6d Js] (a pair of Fours)
Actionni13: shows [5h 3h] (two pair, Fours and Threes)
Actionni13 collected $27.34 from pot
*** SUMMARY ***
Total pot $27.84 | Rake $0.50
Board [Qd 4s 4d 3c 8c]
Seat 1: DeKirov (big blind) showed [6d Js] and lost with a pair of Fours
Seat 4: Actionni13 (button) (small blind) showed [5h 3h] and won ($27.34) with two pair, Fours and Threes


