PokerStars Hand #166256585850:  Hold'em Limit ($3/$6 USD) - 2017/02/15 14:18:53 ET
Table 'Tokai II' 6-max Seat #6 is the button
Seat 3: gekos21 ($35.37 in chips)
Seat 6: kimendo3 ($44.51 in chips)
kimendo3: posts small blind $1
gekos21: posts big blind $3
*** HOLE CARDS ***
kimendo3: calls $2
gekos21: raises $3 to $6
kimendo3: calls $3
*** FLOP *** [Kc 8c 6c]
gekos21: bets $3
kimendo3: calls $3
*** TURN *** [Kc 8c 6c] [4h]
gekos21: bets $6
kimendo3: folds
Uncalled bet ($6) returned to gekos21
gekos21 collected $17.64 from pot
gekos21: doesn't show hand
*** SUMMARY ***
Total pot $18 | Rake $0.36
Board [Kc 8c 6c 4h]
Seat 3: gekos21 (big blind) collected ($17.64)
Seat 6: kimendo3 (button) (small blind) folded on the Turn


PokerStars Hand #166256596644:  Hold'em Limit ($3/$6 USD) - 2017/02/15 14:19:05 ET
Table 'Tokai II' 6-max Seat #3 is the button
Seat 3: gekos21 ($44.01 in chips)
Seat 6: kimendo3 ($35.51 in chips)
gekos21: posts small blind $1
kimendo3: posts big blind $3
*** HOLE CARDS ***
gekos21: calls $2
kimendo3: raises $3 to $6
gekos21: calls $3
*** FLOP *** [4s 9s 6d]
kimendo3: bets $3
gekos21: calls $3
*** TURN *** [4s 9s 6d] [Ac]
kimendo3: bets $6
gekos21: folds
Uncalled bet ($6) returned to kimendo3
kimendo3 collected $17.64 from pot
kimendo3: doesn't show hand
*** SUMMARY ***
Total pot $18 | Rake $0.36
Board [4s 9s 6d Ac]
Seat 3: gekos21 (button) (small blind) folded on the Turn
Seat 6: kimendo3 (big blind) collected ($17.64)


PokerStars Hand #166256606407:  Hold'em Limit ($3/$6 USD) - 2017/02/15 14:19:15 ET
Table 'Tokai II' 6-max Seat #6 is the button
Seat 3: gekos21 ($35.01 in chips)
Seat 6: kimendo3 ($44.15 in chips)
kimendo3: posts small blind $1
gekos21: posts big blind $3
*** HOLE CARDS ***
kimendo3: calls $2
gekos21: raises $3 to $6
kimendo3: calls $3
*** FLOP *** [4c 3d 2s]
gekos21: bets $3
kimendo3: calls $3
*** TURN *** [4c 3d 2s] [5s]
gekos21: bets $6
kimendo3: folds
Uncalled bet ($6) returned to gekos21
gekos21 collected $17.64 from pot
gekos21: doesn't show hand
*** SUMMARY ***
Total pot $18 | Rake $0.36
Board [4c 3d 2s 5s]
Seat 3: gekos21 (big blind) collected ($17.64)
Seat 6: kimendo3 (button) (small blind) folded on the Turn


PokerStars Hand #166256616416:  Hold'em Limit ($3/$6 USD) - 2017/02/15 14:19:25 ET
Table 'Tokai II' 6-max Seat #3 is the button
Seat 3: gekos21 ($43.65 in chips)
Seat 6: kimendo3 ($35.15 in chips)
gekos21: posts small blind $1
kimendo3: posts big blind $3
*** HOLE CARDS ***
gekos21: calls $2
kimendo3: raises $3 to $6
gekos21: calls $3
*** FLOP *** [5h 6d Ks]
Fetish73 joins the table at seat #4
kimendo3: bets $3
gekos21: calls $3
*** TURN *** [5h 6d Ks] [Td]
kimendo3: bets $6
gekos21: folds
Uncalled bet ($6) returned to kimendo3
kimendo3 collected $17.64 from pot
kimendo3: doesn't show hand
*** SUMMARY ***
Total pot $18 | Rake $0.36
Board [5h 6d Ks Td]
Seat 3: gekos21 (button) (small blind) folded on the Turn
Seat 6: kimendo3 (big blind) collected ($17.64)


