PokerStars Hand #155260675704:  Hold'em Limit ($3/$6 USD) - 2016/06/27 9:57:31 ET
Table 'Tokai' 6-max Seat #4 is the button
Seat 1: BrownieSpy ($72 in chips)
Seat 4: VitAmIn744 ($32.46 in chips)
VitAmIn744: posts small blind $1
BrownieSpy: posts big blind $3
*** HOLE CARDS ***
VitAmIn744: raises $3 to $6
BrownieSpy: calls $3
*** FLOP *** [4h Tc Ts]
BrownieSpy: checks
VitAmIn744: checks
*** TURN *** [4h Tc Ts] [3c]
AA_ILI joins the table at seat #3
BrownieSpy: bets $6
VitAmIn744: calls $6
*** RIVER *** [4h Tc Ts 3c] [Ks]
BrownieSpy: bets $6
VitAmIn744: raises $6 to $12
BrownieSpy: folds
Uncalled bet ($6) returned to VitAmIn744
VitAmIn744 collected $35.50 from pot
*** SUMMARY ***
Total pot $36 | Rake $0.50
Board [4h Tc Ts 3c Ks]
Seat 1: BrownieSpy (big blind) folded on the River
Seat 4: VitAmIn744 (button) (small blind) collected ($35.50)


PokerStars Hand #155260671303:  Hold'em Limit ($3/$6 USD) - 2016/06/27 9:57:21 ET
Table 'Tokai' 6-max Seat #1 is the button
Seat 1: BrownieSpy ($72 in chips)
Seat 4: VitAmIn744 ($31.46 in chips)
BrownieSpy: posts small blind $1
VitAmIn744: posts big blind $3
*** HOLE CARDS ***
BrownieSpy: folds
Uncalled bet ($2) returned to VitAmIn744
VitAmIn744 collected $2 from pot
*** SUMMARY ***
Total pot $2 | Rake $0
Seat 1: BrownieSpy (button) (small blind) folded before Flop
Seat 4: VitAmIn744 (big blind) collected ($2)


