PokerStars Hand #175154837023:  Hold'em Limit ($3/$6 USD) - 2017/09/03 12:18:47 ET
Table 'Tokai' 10-max Seat #5 is the button
Seat 5: partyalex92 ($39.51 in chips)
Seat 6: Agrotait ($60 in chips)
partyalex92: posts small blind $1
Agrotait: posts big blind $3
*** HOLE CARDS ***
partyalex92: calls $2
Agrotait: checks
*** FLOP *** [3d Jh 8s]
Agrotait: checks
partyalex92: checks
*** TURN *** [3d Jh 8s] [5d]
Agrotait: bets $6
partyalex92: folds
Uncalled bet ($6) returned to Agrotait
Agrotait collected $5.88 from pot
Agrotait: doesn't show hand
*** SUMMARY ***
Total pot $6 | Rake $0.12
Board [3d Jh 8s 5d]
Seat 5: partyalex92 (button) (small blind) folded on the Turn
Seat 6: Agrotait (big blind) collected ($5.88)


PokerStars Hand #175154960158:  Hold'em Limit ($3/$6 USD) - 2017/09/03 12:21:18 ET
Table 'Tokai' 10-max Seat #6 is the button
Seat 5: partyalex92 ($53.89 in chips)
Seat 6: Agrotait ($44.88 in chips)
Agrotait: posts small blind $1
partyalex92: posts big blind $3
*** HOLE CARDS ***
Agrotait: raises $3 to $6
partyalex92: calls $3
*** FLOP *** [5c Td 9c]
partyalex92: checks
Agrotait: bets $3
partyalex92: calls $3
*** TURN *** [5c Td 9c] [6h]
partyalex92: checks
Agrotait: checks
*** RIVER *** [5c Td 9c 6h] [3s]
partyalex92: checks
Agrotait: checks
*** SHOW DOWN ***
partyalex92: shows [Qc 2d] (high card Queen)
Agrotait: shows [Ad Kh] (high card Ace)
Agrotait collected $17.64 from pot
*** SUMMARY ***
Total pot $18 | Rake $0.36
Board [5c Td 9c 6h 3s]
Seat 5: partyalex92 (big blind) showed [Qc 2d] and lost with high card Queen
Seat 6: Agrotait (button) (small blind) showed [Ad Kh] and won ($17.64) with high card Ace


PokerStars Hand #175154937319:  Hold'em Limit ($3/$6 USD) - 2017/09/03 12:20:50 ET
Table 'Tokai' 10-max Seat #5 is the button
Seat 5: partyalex92 ($51.01 in chips)
Seat 6: Agrotait ($47.88 in chips)
partyalex92: posts small blind $1
Agrotait: posts big blind $3
*** HOLE CARDS ***
partyalex92: calls $2
Agrotait: checks
*** FLOP *** [Js 6c Ts]
Agrotait: checks
partyalex92: bets $3
Agrotait: folds
Uncalled bet ($3) returned to partyalex92
partyalex92 collected $5.88 from pot
partyalex92: doesn't show hand
*** SUMMARY ***
Total pot $6 | Rake $0.12
Board [Js 6c Ts]
Seat 5: partyalex92 (button) (small blind) collected ($5.88)
Seat 6: Agrotait (big blind) folded on the Flop


PokerStars Hand #175154887501:  Hold'em Limit ($3/$6 USD) - 2017/09/03 12:19:49 ET
Table 'Tokai' 10-max Seat #6 is the button
Seat 5: partyalex92 ($36.51 in chips)
Seat 6: Agrotait ($62.88 in chips)
Agrotait: posts small blind $1
partyalex92: posts big blind $3
*** HOLE CARDS ***
Agrotait: raises $3 to $6
partyalex92: calls $3
*** FLOP *** [4h 7c Th]
partyalex92: checks
Agrotait: bets $3
partyalex92: calls $3
*** TURN *** [4h 7c Th] [6c]
partyalex92: checks
Agrotait: bets $6
partyalex92: calls $6
*** RIVER *** [4h 7c Th 6c] [5d]
partyalex92: bets $6
Agrotait: folds
Uncalled bet ($6) returned to partyalex92
partyalex92 collected $29.50 from pot
partyalex92: doesn't show hand
*** SUMMARY ***
Total pot $30 | Rake $0.50
Board [4h 7c Th 6c 5d]
Seat 5: partyalex92 (big blind) collected ($29.50)
Seat 6: Agrotait (button) (small blind) folded on the River


PokerStars Hand #175154981601:  Hold'em Limit ($3/$6 USD) - 2017/09/03 12:21:45 ET
Table 'Tokai' 10-max Seat #6 is the button
Seat 5: partyalex92 ($43.89 in chips)
Seat 6: Agrotait ($54.52 in chips)
Agrotait: posts small blind $1
partyalex92: posts big blind $3
*** HOLE CARDS ***
Agrotait: raises $3 to $6
partyalex92: calls $3
*** FLOP *** [4s 7d Kc]
partyalex92: checks
Agrotait: bets $3
partyalex92: calls $3
*** TURN *** [4s 7d Kc] [Td]
partyalex92: checks
Agrotait: bets $6
partyalex92: folds
Uncalled bet ($6) returned to Agrotait
Agrotait collected $17.64 from pot
Agrotait: doesn't show hand
*** SUMMARY ***
Total pot $18 | Rake $0.36
Board [4s 7d Kc Td]
Seat 5: partyalex92 (big blind) folded on the Turn
Seat 6: Agrotait (button) (small blind) collected ($17.64)


PokerStars Hand #175154973593:  Hold'em Limit ($3/$6 USD) - 2017/09/03 12:21:35 ET
Table 'Tokai' 10-max Seat #5 is the button
Seat 5: partyalex92 ($44.89 in chips)
Seat 6: Agrotait ($53.52 in chips)
partyalex92: posts small blind $1
Agrotait: posts big blind $3
*** HOLE CARDS ***
partyalex92: folds
Uncalled bet ($2) returned to Agrotait
Agrotait collected $2 from pot
Agrotait: doesn't show hand
*** SUMMARY ***
Total pot $2 | Rake $0
Seat 5: partyalex92 (button) (small blind) folded before Flop
Seat 6: Agrotait (big blind) collected ($2)


PokerStars Hand #175155030684:  Hold'em Limit ($3/$6 USD) - 2017/09/03 12:22:46 ET
Table 'Tokai' 10-max Seat #6 is the button
Seat 5: partyalex92 ($43.53 in chips)
Seat 6: Agrotait ($54.16 in chips)
Agrotait: posts small blind $1
partyalex92: posts big blind $3
*** HOLE CARDS ***
Agrotait: raises $3 to $6
partyalex92: calls $3
*** FLOP *** [Qh Kh 2h]
Hauptstrasse98 joins the table at seat #10
partyalex92: bets $3
Agrotait: raises $3 to $6
partyalex92: calls $3
*** TURN *** [Qh Kh 2h] [4d]
partyalex92: checks
Agrotait: checks
*** RIVER *** [Qh Kh 2h 4d] [8c]
partyalex92: bets $6
Agrotait: folds
Uncalled bet ($6) returned to partyalex92
partyalex92 collected $23.52 from pot
partyalex92: doesn't show hand
*** SUMMARY ***
Total pot $24 | Rake $0.48
Board [Qh Kh 2h 4d 8c]
Seat 5: partyalex92 (big blind) collected ($23.52)
Seat 6: Agrotait (button) (small blind) folded on the River


PokerStars Hand #175155002296:  Hold'em Limit ($3/$6 USD) - 2017/09/03 12:22:11 ET
Table 'Tokai' 10-max Seat #5 is the button
Seat 5: partyalex92 ($34.89 in chips)
Seat 6: Agrotait ($63.16 in chips)
partyalex92: posts small blind $1
Agrotait: posts big blind $3
*** HOLE CARDS ***
partyalex92: calls $2
Agrotait: raises $3 to $6
partyalex92: calls $3
*** FLOP *** [Qc Kc Kd]
Agrotait: bets $3
partyalex92: calls $3
*** TURN *** [Qc Kc Kd] [Ts]
Agrotait: checks
partyalex92: bets $6
Agrotait: folds
Uncalled bet ($6) returned to partyalex92
partyalex92 collected $17.64 from pot
partyalex92: doesn't show hand
*** SUMMARY ***
Total pot $18 | Rake $0.36
Board [Qc Kc Kd Ts]
Seat 5: partyalex92 (button) (small blind) collected ($17.64)
Seat 6: Agrotait (big blind) folded on the Turn


PokerStars Hand #175155047201:  Hold'em Limit ($3/$6 USD) - 2017/09/03 12:23:07 ET
Table 'Tokai' 10-max Seat #5 is the button
Seat 5: partyalex92 ($55.05 in chips)
Seat 6: Agrotait ($42.16 in chips)
partyalex92: posts small blind $1
Agrotait: posts big blind $3
*** HOLE CARDS ***
partyalex92: calls $2
Agrotait: checks
*** FLOP *** [8h As Ac]
Agrotait: bets $3
partyalex92: calls $3
*** TURN *** [8h As Ac] [9h]
Agrotait: checks
partyalex92: checks
*** RIVER *** [8h As Ac 9h] [5h]
Agrotait: checks
partyalex92: bets $6
Agrotait: folds
Uncalled bet ($6) returned to partyalex92
partyalex92 collected $11.76 from pot
partyalex92: doesn't show hand
*** SUMMARY ***
Total pot $12 | Rake $0.24
Board [8h As Ac 9h 5h]
Seat 5: partyalex92 (button) (small blind) collected ($11.76)
Seat 6: Agrotait (big blind) folded on the River


PokerStars Hand #175158423897:  Hold'em Limit ($3/$6 USD) - 2017/09/03 13:32:30 ET
Table 'Tokai' 10-max Seat #8 is the button
Seat 7: Geringste1 ($108.05 in chips)
Seat 8: even98 ($9.68 in chips)
even98: posts small blind $1
Lit-bolt: is sitting out
Geringste1: posts big blind $3
*** HOLE CARDS ***
even98: raises $3 to $6
Geringste1: folds
Uncalled bet ($3) returned to even98
even98 collected $6 from pot
even98: doesn't show hand
*** SUMMARY ***
Total pot $6 | Rake $0
Seat 7: Geringste1 (big blind) folded before Flop
Seat 8: even98 (button) (small blind) collected ($6)


