PokerStars Hand #156768066770:  Hold'em Limit ($3/$6 USD) - 2016/08/02 10:56:53 ET
Table 'Tokio' 6-max Seat #3 is the button
Seat 3: Ultrafranke ($94.64 in chips)
Seat 4: Agrotait ($96.02 in chips)
Ultrafranke: posts small blind $1
Agrotait: posts big blind $3
*** HOLE CARDS ***
Ultrafranke: folds
Uncalled bet ($2) returned to Agrotait
Agrotait collected $2 from pot
Agrotait: doesn't show hand
*** SUMMARY ***
Total pot $2 | Rake $0
Seat 3: Ultrafranke (button) (small blind) folded before Flop
Seat 4: Agrotait (big blind) collected ($2)


PokerStars Hand #156768051564:  Hold'em Limit ($3/$6 USD) - 2016/08/02 10:56:23 ET
Table 'Tokio' 6-max Seat #4 is the button
Seat 3: Ultrafranke ($115.64 in chips)
Seat 4: Agrotait ($75.52 in chips)
Agrotait: posts small blind $1
Ultrafranke: posts big blind $3
*** HOLE CARDS ***
Fabulous108 joins the table at seat #5
Agrotait: raises $3 to $6
Ultrafranke: calls $3
*** FLOP *** [3s Qd 6h]
Ultrafranke: checks
Agrotait: bets $3
Ultrafranke: calls $3
*** TURN *** [3s Qd 6h] [6s]
Ultrafranke: checks
Agrotait: bets $6
Ultrafranke: calls $6
*** RIVER *** [3s Qd 6h 6s] [8h]
Ultrafranke: checks
Agrotait: bets $6
Ultrafranke: calls $6
*** SHOW DOWN ***
Agrotait: shows [Tc 6c] (three of a kind, Sixes)
Ultrafranke: mucks hand
Agrotait collected $41.50 from pot
*** SUMMARY ***
Total pot $42 | Rake $0.50
Board [3s Qd 6h 6s 8h]
Seat 3: Ultrafranke (big blind) mucked
Seat 4: Agrotait (button) (small blind) showed [Tc 6c] and won ($41.50) with three of a kind, Sixes


PokerStars Hand #156768121933:  Hold'em Limit ($3/$6 USD) - 2016/08/02 10:58:41 ET
Table 'Tokio' 6-max Seat #3 is the button
Seat 3: Ultrafranke ($75.71 in chips)
Seat 4: Agrotait ($112.80 in chips)
Ultrafranke: posts small blind $1
Agrotait: posts big blind $3
*** HOLE CARDS ***
Ultrafranke: raises $3 to $6
Agrotait: calls $3
*** FLOP *** [Qs As 9h]
Agrotait: checks
Ultrafranke: checks
*** TURN *** [Qs As 9h] [8c]
Agrotait: bets $6
Ultrafranke: folds
Uncalled bet ($6) returned to Agrotait
Agrotait collected $11.76 from pot
Agrotait: doesn't show hand
*** SUMMARY ***
Total pot $12 | Rake $0.24
Board [Qs As 9h 8c]
Seat 3: Ultrafranke (button) (small blind) folded on the Turn
Seat 4: Agrotait (big blind) collected ($11.76)


PokerStars Hand #156768114015:  Hold'em Limit ($3/$6 USD) - 2016/08/02 10:58:26 ET
Table 'Tokio' 6-max Seat #4 is the button
Seat 3: Ultrafranke ($96.71 in chips)
Seat 4: Agrotait ($92.30 in chips)
Agrotait: posts small blind $1
Fabulous108: is sitting out
Ultrafranke: posts big blind $3
*** HOLE CARDS ***
Agrotait: raises $3 to $6
Fabulous108 leaves the table
Ultrafranke: calls $3
*** FLOP *** [8s Tc 7s]
Ultrafranke: bets $3
Agrotait: calls $3
*** TURN *** [8s Tc 7s] [3d]
Ultrafranke: bets $6
Agrotait: calls $6
*** RIVER *** [8s Tc 7s 3d] [7c]
Ultrafranke: bets $6
Agrotait: calls $6
*** SHOW DOWN ***
Ultrafranke: shows [4c 6c] (a pair of Sevens)
Agrotait: shows [9s 9d] (two pair, Nines and Sevens)
Agrotait collected $41.50 from pot
*** SUMMARY ***
Total pot $42 | Rake $0.50
Board [8s Tc 7s 3d 7c]
Seat 3: Ultrafranke (big blind) showed [4c 6c] and lost with a pair of Sevens
Seat 4: Agrotait (button) (small blind) showed [9s 9d] and won ($41.50) with two pair, Nines and Sevens


PokerStars Hand #156768141379:  Hold'em Limit ($3/$6 USD) - 2016/08/02 10:59:19 ET
Table 'Tokio' 6-max Seat #3 is the button
Seat 3: Ultrafranke ($45.71 in chips)
Seat 4: Agrotait ($142.06 in chips)
Ultrafranke: posts small blind $1
Agrotait: posts big blind $3
*** HOLE CARDS ***
Ultrafranke: raises $3 to $6
Agrotait: raises $3 to $9
Ultrafranke: calls $3
*** FLOP *** [4c 7h Jh]
Agrotait: bets $3
Ultrafranke: calls $3
*** TURN *** [4c 7h Jh] [4d]
Agrotait: checks
Ultrafranke: checks
*** RIVER *** [4c 7h Jh 4d] [3s]
Agrotait: bets $6
Ultrafranke: folds
Uncalled bet ($6) returned to Agrotait
Agrotait collected $23.52 from pot
Agrotait: doesn't show hand
*** SUMMARY ***
Total pot $24 | Rake $0.48
Board [4c 7h Jh 4d 3s]
Seat 3: Ultrafranke (button) (small blind) folded on the River
Seat 4: Agrotait (big blind) collected ($23.52)


PokerStars Hand #156768128638:  Hold'em Limit ($3/$6 USD) - 2016/08/02 10:58:54 ET
Table 'Tokio' 6-max Seat #4 is the button
Seat 3: Ultrafranke ($69.71 in chips)
Seat 4: Agrotait ($118.56 in chips)
Agrotait: posts small blind $1
Ultrafranke: posts big blind $3
*** HOLE CARDS ***
Agrotait: raises $3 to $6
Ultrafranke: raises $3 to $9
Agrotait: calls $3
*** FLOP *** [3h Ts 5d]
Ultrafranke: bets $3
Agrotait: calls $3
*** TURN *** [3h Ts 5d] [2c]
Ultrafranke: bets $6
Agrotait: calls $6
*** RIVER *** [3h Ts 5d 2c] [2d]
Ultrafranke: bets $6
Agrotait: calls $6
*** SHOW DOWN ***
Ultrafranke: shows [4s 7s] (a pair of Deuces)
Agrotait: shows [Kh 5c] (two pair, Fives and Deuces)
Agrotait collected $47.50 from pot
*** SUMMARY ***
Total pot $48 | Rake $0.50
Board [3h Ts 5d 2c 2d]
Seat 3: Ultrafranke (big blind) showed [4s 7s] and lost with a pair of Deuces
Seat 4: Agrotait (button) (small blind) showed [Kh 5c] and won ($47.50) with two pair, Fives and Deuces


PokerStars Hand #156768173147:  Hold'em Limit ($3/$6 USD) - 2016/08/02 11:00:20 ET
Table 'Tokio' 6-max Seat #3 is the button
Seat 3: Ultrafranke ($107.82 in chips)
Seat 4: Agrotait ($136.58 in chips)
Ultrafranke: posts small blind $1
Agrotait: posts big blind $3
*** HOLE CARDS ***
Ultrafranke: raises $3 to $6
Agrotait: calls $3
*** FLOP *** [9d 9h Ts]
Agrotait: checks
Ultrafranke: bets $3
Agrotait: raises $3 to $6
Ultrafranke: calls $3
*** TURN *** [9d 9h Ts] [Ac]
Agrotait: checks
Ultrafranke: bets $6
Agrotait: calls $6
*** RIVER *** [9d 9h Ts Ac] [Js]
Agrotait: checks
Ultrafranke: checks
*** SHOW DOWN ***
Agrotait: shows [5c Tc] (two pair, Tens and Nines)
Ultrafranke: mucks hand
Agrotait collected $35.50 from pot
*** SUMMARY ***
Total pot $36 | Rake $0.50
Board [9d 9h Ts Ac Js]
Seat 3: Ultrafranke (button) (small blind) mucked
Seat 4: Agrotait (big blind) showed [5c Tc] and won ($35.50) with two pair, Tens and Nines


PokerStars Hand #156768166913:  Hold'em Limit ($3/$6 USD) - 2016/08/02 11:00:09 ET
Table 'Tokio' 6-max Seat #4 is the button
Seat 3: Ultrafranke ($99.18 in chips)
Seat 4: Agrotait ($145.58 in chips)
Agrotait: posts small blind $1
Ultrafranke: posts big blind $3
*** HOLE CARDS ***
Agrotait: raises $3 to $6
Ultrafranke: raises $3 to $9
Agrotait: calls $3
*** FLOP *** [4c 4h Ad]
Ultrafranke: bets $3
Agrotait: folds
Uncalled bet ($3) returned to Ultrafranke
Ultrafranke collected $17.64 from pot
*** SUMMARY ***
Total pot $18 | Rake $0.36
Board [4c 4h Ad]
Seat 3: Ultrafranke (big blind) collected ($17.64)
Seat 4: Agrotait (button) (small blind) folded on the Flop


PokerStars Hand #156768164739:  Hold'em Limit ($3/$6 USD) - 2016/08/02 11:00:04 ET
Table 'Tokio' 6-max Seat #3 is the button
Seat 3: Ultrafranke ($100.18 in chips)
Seat 4: Agrotait ($144.58 in chips)
Ultrafranke: posts small blind $1
Agrotait: posts big blind $3
*** HOLE CARDS ***
Ultrafranke: folds
Uncalled bet ($2) returned to Agrotait
Agrotait collected $2 from pot
Agrotait: doesn't show hand
*** SUMMARY ***
Total pot $2 | Rake $0
Seat 3: Ultrafranke (button) (small blind) folded before Flop
Seat 4: Agrotait (big blind) collected ($2)


PokerStars Hand #156768157262:  Hold'em Limit ($3/$6 USD) - 2016/08/02 10:59:50 ET
Table 'Tokio' 6-max Seat #4 is the button
Seat 3: Ultrafranke ($91.54 in chips)
Seat 4: Agrotait ($153.58 in chips)
Agrotait: posts small blind $1
Ultrafranke: posts big blind $3
*** HOLE CARDS ***
Agrotait: raises $3 to $6
Ultrafranke: raises $3 to $9
Agrotait: calls $3
*** FLOP *** [Jh Ts 6d]
Ultrafranke: bets $3
Agrotait: folds
Uncalled bet ($3) returned to Ultrafranke
Ultrafranke collected $17.64 from pot
*** SUMMARY ***
Total pot $18 | Rake $0.36
Board [Jh Ts 6d]
Seat 3: Ultrafranke (big blind) collected ($17.64)
Seat 4: Agrotait (button) (small blind) folded on the Flop


PokerStars Hand #156768212114:  Hold'em Limit ($3/$6 USD) - 2016/08/02 11:01:31 ET
Table 'Tokio' 6-max Seat #4 is the button
Seat 3: Ultrafranke ($121.96 in chips)
Seat 4: Agrotait ($121.08 in chips)
Agrotait: posts small blind $1
Ultrafranke: posts big blind $3
*** HOLE CARDS ***
Agrotait: raises $3 to $6
Ultrafranke: folds
Uncalled bet ($3) returned to Agrotait
Agrotait collected $6 from pot
Agrotait: doesn't show hand
*** SUMMARY ***
Total pot $6 | Rake $0
Seat 3: Ultrafranke (big blind) folded before Flop
Seat 4: Agrotait (button) (small blind) collected ($6)


PokerStars Hand #156768199675:  Hold'em Limit ($3/$6 USD) - 2016/08/02 11:01:09 ET
Table 'Tokio' 6-max Seat #3 is the button
Seat 3: Ultrafranke ($98.46 in chips)
Seat 4: Agrotait ($145.08 in chips)
Ultrafranke: posts small blind $1
Agrotait: posts big blind $3
*** HOLE CARDS ***
Ultrafranke: raises $3 to $6
Agrotait: raises $3 to $9
Ultrafranke: calls $3
*** FLOP *** [As Kh 3c]
Agrotait: bets $3
Ultrafranke: calls $3
*** TURN *** [As Kh 3c] [2h]
Agrotait: bets $6
Ultrafranke: calls $6
*** RIVER *** [As Kh 3c 2h] [6s]
Agrotait: bets $6
Ultrafranke: calls $6
*** SHOW DOWN ***
Agrotait: shows [8c Kc] (a pair of Kings)
Ultrafranke: shows [Ks Jc] (a pair of Kings - Ace+Jack kicker)
Ultrafranke collected $47.50 from pot
*** SUMMARY ***
Total pot $48 | Rake $0.50
Board [As Kh 3c 2h 6s]
Seat 3: Ultrafranke (button) (small blind) showed [Ks Jc] and won ($47.50) with a pair of Kings
Seat 4: Agrotait (big blind) showed [8c Kc] and lost with a pair of Kings


PokerStars Hand #156768189164:  Hold'em Limit ($3/$6 USD) - 2016/08/02 11:00:50 ET
Table 'Tokio' 6-max Seat #4 is the button
Seat 3: Ultrafranke ($89.82 in chips)
Seat 4: Agrotait ($154.08 in chips)
Agrotait: posts small blind $1
Ultrafranke: posts big blind $3
*** HOLE CARDS ***
Agrotait: raises $3 to $6
Ultrafranke: raises $3 to $9
Agrotait: calls $3
*** FLOP *** [Qc 3s 4s]
Ultrafranke: bets $3
Agrotait: folds
Uncalled bet ($3) returned to Ultrafranke
Ultrafranke collected $17.64 from pot
*** SUMMARY ***
Total pot $18 | Rake $0.36
Board [Qc 3s 4s]
Seat 3: Ultrafranke (big blind) collected ($17.64)
Seat 4: Agrotait (button) (small blind) folded on the Flop


PokerStars Hand #156768248897:  Hold'em Limit ($3/$6 USD) - 2016/08/02 11:02:34 ET
Table 'Tokio' 6-max Seat #3 is the button
Seat 3: Ultrafranke ($103.46 in chips)
Seat 4: Agrotait ($138.58 in chips)
Ultrafranke: posts small blind $1
Agrotait: posts big blind $3
*** HOLE CARDS ***
Ultrafranke: folds
Uncalled bet ($2) returned to Agrotait
Agrotait collected $2 from pot
Agrotait: doesn't show hand
*** SUMMARY ***
Total pot $2 | Rake $0
Seat 3: Ultrafranke (button) (small blind) folded before Flop
Seat 4: Agrotait (big blind) collected ($2)


PokerStars Hand #156768214653:  Hold'em Limit ($3/$6 USD) - 2016/08/02 11:01:36 ET
Table 'Tokio' 6-max Seat #3 is the button
Seat 3: Ultrafranke ($118.96 in chips)
Seat 4: Agrotait ($124.08 in chips)
Ultrafranke: posts small blind $1
Agrotait: posts big blind $3
*** HOLE CARDS ***
Ultrafranke: raises $3 to $6
Agrotait: calls $3
*** FLOP *** [4d 6s Ah]
Agrotait: checks
Ultrafranke: bets $3
Agrotait: raises $3 to $6
Ultrafranke: calls $3
*** TURN *** [4d 6s Ah] [Qc]
Agrotait: checks
Ultrafranke: checks
*** RIVER *** [4d 6s Ah Qc] [3s]
Agrotait: checks
Ultrafranke: bets $6
Agrotait: calls $6
*** SHOW DOWN ***
Ultrafranke: shows [3c 3h] (three of a kind, Threes)
Agrotait: mucks hand
Ultrafranke collected $35.50 from pot
*** SUMMARY ***
Total pot $36 | Rake $0.50
Board [4d 6s Ah Qc 3s]
Seat 3: Ultrafranke (button) (small blind) showed [3c 3h] and won ($35.50) with three of a kind, Threes
Seat 4: Agrotait (big blind) mucked


PokerStars Hand #156768526495:  Hold'em Limit ($3/$6 USD) - 2016/08/02 11:10:17 ET
Table 'Tokio' 6-max Seat #2 is the button
Seat 1: alexio_24 ($298.42 in chips)
Seat 2: belik555 ($72 in chips)
belik555: posts small blind $1
Agrotait: is sitting out
B_loJkl: is sitting out
alexio_24: posts big blind $3
*** HOLE CARDS ***
Agrotait leaves the table
belik555: raises $3 to $6
alexio_24: calls $3
*** FLOP *** [9c 2h 8c]
alexio_24: checks
belik555: bets $3
alexio_24: calls $3
*** TURN *** [9c 2h 8c] [Ad]
alexio_24: checks
belik555: checks
*** RIVER *** [9c 2h 8c Ad] [Qd]
alexio_24: bets $6
belik555: folds
Uncalled bet ($6) returned to alexio_24
alexio_24 collected $17.64 from pot
alexio_24: doesn't show hand
*** SUMMARY ***
Total pot $18 | Rake $0.36
Board [9c 2h 8c Ad Qd]
Seat 1: alexio_24 (big blind) collected ($17.64)
Seat 2: belik555 (button) (small blind) folded on the River


PokerStars Hand #156768539113:  Hold'em Limit ($3/$6 USD) - 2016/08/02 11:10:38 ET
Table 'Tokio' 6-max Seat #1 is the button
Seat 1: alexio_24 ($307.06 in chips)
Seat 2: belik555 ($72 in chips)
alexio_24: posts small blind $1
belik555: posts big blind $3
*** HOLE CARDS ***
alexio_24: raises $3 to $6
belik555: calls $3
*** FLOP *** [8s Qs 9c]
B_loJkl leaves the table
belik555: checks
alexio_24: checks
*** TURN *** [8s Qs 9c] [9d]
B_loJkl joins the table at seat #3
belik555: bets $6
alexio_24: folds
Uncalled bet ($6) returned to belik555
belik555 collected $11.76 from pot
belik555: doesn't show hand
*** SUMMARY ***
Total pot $12 | Rake $0.24
Board [8s Qs 9c 9d]
Seat 1: alexio_24 (button) (small blind) folded on the Turn
Seat 2: belik555 (big blind) collected ($11.76)


PokerStars Hand #156768586833:  Hold'em Limit ($3/$6 USD) - 2016/08/02 11:11:57 ET
Table 'Tokio' 6-max Seat #1 is the button
Seat 1: alexio_24 ($302.06 in chips)
Seat 3: B_loJkl ($135 in chips)
alexio_24: posts small blind $1
belik555: is sitting out
B_loJkl: posts big blind $3
*** HOLE CARDS ***
belik555 leaves the table
alexio_24: folds
Uncalled bet ($2) returned to B_loJkl
alexio_24 leaves the table
B_loJkl collected $2 from pot
B_loJkl: doesn't show hand
*** SUMMARY ***
Total pot $2 | Rake $0
Seat 1: alexio_24 (button) (small blind) folded before Flop
Seat 3: B_loJkl (big blind) collected ($2)


