PokerStars Hand #166128077466:  Hold'em Limit ($3/$6 USD) - 2017/02/12 20:29:00 ET
Table 'Tokio II' 6-max Seat #1 is the button
Seat 1: Thelma666 ($88.75 in chips)
Seat 3: NoVebra ($120 in chips)
Thelma666 is disconnected
Thelma666 is connected
Thelma666: posts small blind $1
NoVebra: posts big blind $3
*** HOLE CARDS ***
Thelma666: calls $2
NoVebra: raises $3 to $6
Thelma666: calls $3
*** FLOP *** [Ad 6c 3h]
NoVebra: bets $3
Thelma666: folds
Uncalled bet ($3) returned to NoVebra
NoVebra collected $11.76 from pot
NoVebra: doesn't show hand
*** SUMMARY ***
Total pot $12 | Rake $0.24
Board [Ad 6c 3h]
Seat 1: Thelma666 (button) (small blind) folded on the Flop
Seat 3: NoVebra (big blind) collected ($11.76)


PokerStars Hand #166128124149:  Hold'em Limit ($3/$6 USD) - 2017/02/12 20:30:29 ET
Table 'Tokio II' 6-max Seat #3 is the button
Seat 1: Thelma666 ($65.51 in chips)
Seat 3: NoVebra ($142.50 in chips)
NoVebra: posts small blind $1
Thelma666: posts big blind $3
*** HOLE CARDS ***
NoVebra: raises $3 to $6
Thelma666: calls $3
*** FLOP *** [Jh 2s Ah]
Thelma666: checks
NoVebra: bets $3
Thelma666: folds
Uncalled bet ($3) returned to NoVebra
NoVebra collected $11.76 from pot
NoVebra: doesn't show hand
*** SUMMARY ***
Total pot $12 | Rake $0.24
Board [Jh 2s Ah]
Seat 1: Thelma666 (big blind) folded on the Flop
Seat 3: NoVebra (button) (small blind) collected ($11.76)


PokerStars Hand #166128120945:  Hold'em Limit ($3/$6 USD) - 2017/02/12 20:30:23 ET
Table 'Tokio II' 6-max Seat #1 is the button
Seat 1: Thelma666 ($66.51 in chips)
Seat 3: NoVebra ($141.50 in chips)
Thelma666: posts small blind $1
NoVebra: posts big blind $3
*** HOLE CARDS ***
Thelma666: folds
Uncalled bet ($2) returned to NoVebra
NoVebra collected $2 from pot
NoVebra: doesn't show hand
*** SUMMARY ***
Total pot $2 | Rake $0
Seat 1: Thelma666 (button) (small blind) folded before Flop
Seat 3: NoVebra (big blind) collected ($2)


PokerStars Hand #166128110501:  Hold'em Limit ($3/$6 USD) - 2017/02/12 20:30:03 ET
Table 'Tokio II' 6-max Seat #3 is the button
Seat 1: Thelma666 ($87.51 in chips)
Seat 3: NoVebra ($121 in chips)
NoVebra: posts small blind $1
Thelma666: posts big blind $3
*** HOLE CARDS ***
NoVebra: raises $3 to $6
Thelma666: calls $3
*** FLOP *** [5s 5c Js]
Thelma666: bets $3
NoVebra: calls $3
*** TURN *** [5s 5c Js] [Kd]
Thelma666: bets $6
NoVebra: calls $6
*** RIVER *** [5s 5c Js Kd] [7d]
Thelma666: bets $6
NoVebra: calls $6
*** SHOW DOWN ***
Thelma666: shows [Qc 6s] (a pair of Fives)
NoVebra: shows [8d 8c] (two pair, Eights and Fives)
NoVebra collected $41.50 from pot
*** SUMMARY ***
Total pot $42 | Rake $0.50
Board [5s 5c Js Kd 7d]
Seat 1: Thelma666 (big blind) showed [Qc 6s] and lost with a pair of Fives
Seat 3: NoVebra (button) (small blind) showed [8d 8c] and won ($41.50) with two pair, Eights and Fives


PokerStars Hand #166128107247:  Hold'em Limit ($3/$6 USD) - 2017/02/12 20:29:57 ET
Table 'Tokio II' 6-max Seat #1 is the button
Seat 1: Thelma666 ($88.51 in chips)
Seat 3: NoVebra ($120 in chips)
Thelma666: posts small blind $1
NoVebra: posts big blind $3
*** HOLE CARDS ***
Thelma666: folds
Uncalled bet ($2) returned to NoVebra
NoVebra collected $2 from pot
NoVebra: doesn't show hand
*** SUMMARY ***
Total pot $2 | Rake $0
Seat 1: Thelma666 (button) (small blind) folded before Flop
Seat 3: NoVebra (big blind) collected ($2)


PokerStars Hand #166128102169:  Hold'em Limit ($3/$6 USD) - 2017/02/12 20:29:47 ET
Table 'Tokio II' 6-max Seat #3 is the button
Seat 1: Thelma666 ($82.75 in chips)
Seat 3: NoVebra ($125.76 in chips)
NoVebra: posts small blind $1
Thelma666: posts big blind $3
*** HOLE CARDS ***
NoVebra: raises $3 to $6
Thelma666: calls $3
*** FLOP *** [2s 5s Qs]
Thelma666: bets $3
NoVebra: folds
Uncalled bet ($3) returned to Thelma666
Thelma666 collected $11.76 from pot
Thelma666: doesn't show hand
*** SUMMARY ***
Total pot $12 | Rake $0.24
Board [2s 5s Qs]
Seat 1: Thelma666 (big blind) collected ($11.76)
Seat 3: NoVebra (button) (small blind) folded on the Flop


PokerStars Hand #166128156260:  Hold'em Limit ($3/$6 USD) - 2017/02/12 20:31:30 ET
Table 'Tokio II' 6-max Seat #3 is the button
Seat 1: Thelma666 ($46.15 in chips)
Seat 3: NoVebra ($160.76 in chips)
NoVebra: posts small blind $1
Thelma666: posts big blind $3
*** HOLE CARDS ***
NoVebra: folds
Uncalled bet ($2) returned to Thelma666
Thelma666 collected $2 from pot
Thelma666: doesn't show hand
*** SUMMARY ***
Total pot $2 | Rake $0
Seat 1: Thelma666 (big blind) collected ($2)
Seat 3: NoVebra (button) (small blind) folded before Flop


PokerStars Hand #166128143672:  Hold'em Limit ($3/$6 USD) - 2017/02/12 20:31:06 ET
Table 'Tokio II' 6-max Seat #1 is the button
Seat 1: Thelma666 ($67.15 in chips)
Seat 3: NoVebra ($140.26 in chips)
Thelma666: posts small blind $1
NoVebra: posts big blind $3
*** HOLE CARDS ***
Thelma666: calls $2
NoVebra: raises $3 to $6
Thelma666: calls $3
*** FLOP *** [8d Jc 5c]
NoVebra: bets $3
Thelma666: calls $3
*** TURN *** [8d Jc 5c] [6h]
NoVebra: bets $6
Thelma666: calls $6
*** RIVER *** [8d Jc 5c 6h] [Tc]
NoVebra: checks
Thelma666: bets $6
NoVebra: calls $6
*** SHOW DOWN ***
Thelma666: shows [Ad 5h] (a pair of Fives)
NoVebra: shows [6d Kd] (a pair of Sixes)
NoVebra collected $41.50 from pot
*** SUMMARY ***
Total pot $42 | Rake $0.50
Board [8d Jc 5c 6h Tc]
Seat 1: Thelma666 (button) (small blind) showed [Ad 5h] and lost with a pair of Fives
Seat 3: NoVebra (big blind) showed [6d Kd] and won ($41.50) with a pair of Sixes


PokerStars Hand #166128136369:  Hold'em Limit ($3/$6 USD) - 2017/02/12 20:30:52 ET
Table 'Tokio II' 6-max Seat #3 is the button
Seat 1: Thelma666 ($58.51 in chips)
Seat 3: NoVebra ($149.26 in chips)
NoVebra: posts small blind $1
Thelma666: posts big blind $3
*** HOLE CARDS ***
NoVebra: raises $3 to $6
Thelma666: calls $3
*** FLOP *** [Qs 8h 7h]
Thelma666: bets $3
NoVebra: calls $3
*** TURN *** [Qs 8h 7h] [Ah]
Thelma666: bets $6
NoVebra: folds
Uncalled bet ($6) returned to Thelma666
Thelma666 collected $17.64 from pot
Thelma666: doesn't show hand
*** SUMMARY ***
Total pot $18 | Rake $0.36
Board [Qs 8h 7h Ah]
Seat 1: Thelma666 (big blind) collected ($17.64)
Seat 3: NoVebra (button) (small blind) folded on the Turn


PokerStars Hand #166128132005:  Hold'em Limit ($3/$6 USD) - 2017/02/12 20:30:44 ET
Table 'Tokio II' 6-max Seat #1 is the button
Seat 1: Thelma666 ($59.51 in chips)
Seat 3: NoVebra ($148.26 in chips)
Thelma666: posts small blind $1
NoVebra: posts big blind $3
*** HOLE CARDS ***
Thelma666: folds
Uncalled bet ($2) returned to NoVebra
NoVebra collected $2 from pot
NoVebra: doesn't show hand
*** SUMMARY ***
Total pot $2 | Rake $0
Seat 1: Thelma666 (button) (small blind) folded before Flop
Seat 3: NoVebra (big blind) collected ($2)


PokerStars Hand #166128183667:  Hold'em Limit ($3/$6 USD) - 2017/02/12 20:32:22 ET
Table 'Tokio II' 6-max Seat #1 is the button
Seat 1: Thelma666 ($67.41 in chips)
Seat 3: NoVebra ($138.76 in chips)
Thelma666: posts small blind $1
NoVebra: posts big blind $3
*** HOLE CARDS ***
Thelma666: folds
Uncalled bet ($2) returned to NoVebra
NoVebra collected $2 from pot
NoVebra: doesn't show hand
*** SUMMARY ***
Total pot $2 | Rake $0
Seat 1: Thelma666 (button) (small blind) folded before Flop
Seat 3: NoVebra (big blind) collected ($2)


PokerStars Hand #166128169982:  Hold'em Limit ($3/$6 USD) - 2017/02/12 20:31:56 ET
Table 'Tokio II' 6-max Seat #3 is the button
Seat 1: Thelma666 ($52.91 in chips)
Seat 3: NoVebra ($153.76 in chips)
NoVebra: posts small blind $1
Thelma666: posts big blind $3
*** HOLE CARDS ***
NoVebra: raises $3 to $6
Thelma666: calls $3
*** FLOP *** [6d 5s Qs]
Thelma666: checks
NoVebra: bets $3
Thelma666: calls $3
*** TURN *** [6d 5s Qs] [7c]
Thelma666: bets $6
NoVebra: calls $6
*** RIVER *** [6d 5s Qs 7c] [3d]
Thelma666: bets $6
NoVebra: folds
Uncalled bet ($6) returned to Thelma666
Thelma666 collected $29.50 from pot
Thelma666: doesn't show hand
*** SUMMARY ***
Total pot $30 | Rake $0.50
Board [6d 5s Qs 7c 3d]
Seat 1: Thelma666 (big blind) collected ($29.50)
Seat 3: NoVebra (button) (small blind) folded on the River


PokerStars Hand #166128159333:  Hold'em Limit ($3/$6 USD) - 2017/02/12 20:31:36 ET
Table 'Tokio II' 6-max Seat #1 is the button
Seat 1: Thelma666 ($47.15 in chips)
Seat 3: NoVebra ($159.76 in chips)
Thelma666: posts small blind $1
NoVebra: posts big blind $3
*** HOLE CARDS ***
Thelma666: calls $2
NoVebra: checks
*** FLOP *** [8d Ks 7s]
NoVebra: bets $3
Thelma666: calls $3
*** TURN *** [8d Ks 7s] [8h]
NoVebra: checks
Thelma666: checks
*** RIVER *** [8d Ks 7s 8h] [4s]
NoVebra: checks
Thelma666: bets $6
NoVebra: folds
Uncalled bet ($6) returned to Thelma666
Thelma666 collected $11.76 from pot
Thelma666: doesn't show hand
*** SUMMARY ***
Total pot $12 | Rake $0.24
Board [8d Ks 7s 8h 4s]
Seat 1: Thelma666 (button) (small blind) collected ($11.76)
Seat 3: NoVebra (big blind) folded on the River


PokerStars Hand #166128186579:  Hold'em Limit ($3/$6 USD) - 2017/02/12 20:32:28 ET
Table 'Tokio II' 6-max Seat #3 is the button
Seat 1: Thelma666 ($66.41 in chips)
Seat 3: NoVebra ($139.76 in chips)
NoVebra: posts small blind $1
Thelma666: posts big blind $3
*** HOLE CARDS ***
NoVebra: raises $3 to $6
Thelma666: calls $3
*** FLOP *** [7c 8c Jd]
Thelma666: checks
NoVebra: bets $3
Thelma666: calls $3
*** TURN *** [7c 8c Jd] [7s]
Thelma666: checks
NoVebra: bets $6
Thelma666: calls $6
*** RIVER *** [7c 8c Jd 7s] [3d]
Thelma666: bets $6
NoVebra: calls $6
*** SHOW DOWN ***
Thelma666: shows [5h 8s] (two pair, Eights and Sevens)
NoVebra: mucks hand
Thelma666 collected $41.50 from pot
*** SUMMARY ***
Total pot $42 | Rake $0.50
Board [7c 8c Jd 7s 3d]
Seat 1: Thelma666 (big blind) showed [5h 8s] and won ($41.50) with two pair, Eights and Sevens
Seat 3: NoVebra (button) (small blind) mucked


PokerStars Hand #166128200351:  Hold'em Limit ($3/$6 USD) - 2017/02/12 20:32:54 ET
Table 'Tokio II' 6-max Seat #1 is the button
Seat 1: Thelma666 ($86.91 in chips)
Seat 3: NoVebra ($120 in chips)
Thelma666: posts small blind $1
NoVebra: posts big blind $3
*** HOLE CARDS ***
Thelma666: calls $2
NoVebra: checks
*** FLOP *** [6d Ac Qh]
NoVebra: checks
Thelma666: bets $3
NoVebra: folds
Uncalled bet ($3) returned to Thelma666
Thelma666 collected $5.88 from pot
Thelma666: doesn't show hand
*** SUMMARY ***
Total pot $6 | Rake $0.12
Board [6d Ac Qh]
Seat 1: Thelma666 (button) (small blind) collected ($5.88)
Seat 3: NoVebra (big blind) folded on the Flop


PokerStars Hand #166128208766:  Hold'em Limit ($3/$6 USD) - 2017/02/12 20:33:10 ET
Table 'Tokio II' 6-max Seat #3 is the button
Seat 1: Thelma666 ($89.79 in chips)
Seat 3: NoVebra ($120 in chips)
NoVebra: posts small blind $1
Thelma666: posts big blind $3
mistere3 joins the table at seat #4
*** HOLE CARDS ***
NoVebra: raises $3 to $6
Thelma666: calls $3
*** FLOP *** [Qh Jh Ks]
Thelma666: checks
NoVebra: checks
*** TURN *** [Qh Jh Ks] [Tc]
Thelma666: bets $6
NoVebra: calls $6
*** RIVER *** [Qh Jh Ks Tc] [4h]
Thelma666: checks
NoVebra: bets $6
Thelma666: raises $6 to $12
NoVebra: calls $6
*** SHOW DOWN ***
Thelma666: shows [Ah 6d] (a straight, Ten to Ace)
NoVebra: mucks hand
Thelma666 collected $47.50 from pot
*** SUMMARY ***
Total pot $48 | Rake $0.50
Board [Qh Jh Ks Tc 4h]
Seat 1: Thelma666 (big blind) showed [Ah 6d] and won ($47.50) with a straight, Ten to Ace
Seat 3: NoVebra (button) (small blind) mucked


PokerStars Hand #166128222541:  Hold'em Limit ($3/$6 USD) - 2017/02/12 20:33:37 ET
Table 'Tokio II' 6-max Seat #1 is the button
Seat 1: Thelma666 ($113.29 in chips)
Seat 3: NoVebra ($100.71 in chips)
Thelma666: posts small blind $1
NoVebra: posts big blind $3
*** HOLE CARDS ***
Thelma666: calls $2
NoVebra: checks
*** FLOP *** [As 9d 8d]
NoVebra: checks
Thelma666: bets $3
NoVebra: folds
Uncalled bet ($3) returned to Thelma666
Thelma666 collected $5.88 from pot
Thelma666: doesn't show hand
*** SUMMARY ***
Total pot $6 | Rake $0.12
Board [As 9d 8d]
Seat 1: Thelma666 (button) (small blind) collected ($5.88)
Seat 3: NoVebra (big blind) folded on the Flop


PokerStars Hand #166128492800:  Hold'em Limit ($3/$6 USD) - 2017/02/12 20:42:14 ET
Table 'Tokio II' 6-max Seat #3 is the button
Seat 1: Thelma666 ($173.80 in chips)
Seat 3: NoVebra ($180.91 in chips)
NoVebra: posts small blind $1
Thelma666: posts big blind $3
*** HOLE CARDS ***
NoVebra: folds
Uncalled bet ($2) returned to Thelma666
Thelma666 collected $2 from pot
mistere3 leaves the table
Thelma666: doesn't show hand
*** SUMMARY ***
Total pot $2 | Rake $0
Seat 1: Thelma666 (big blind) collected ($2)
Seat 3: NoVebra (button) (small blind) folded before Flop


PokerStars Hand #166128505844:  Hold'em Limit ($3/$6 USD) - 2017/02/12 20:42:40 ET
Table 'Tokio II' 6-max Seat #3 is the button
Seat 1: Thelma666 ($177.68 in chips)
Seat 3: NoVebra ($176.91 in chips)
NoVebra: posts small blind $1
Thelma666: posts big blind $3
*** HOLE CARDS ***
NoVebra: folds
Uncalled bet ($2) returned to Thelma666
Thelma666 collected $2 from pot
Thelma666: doesn't show hand
*** SUMMARY ***
Total pot $2 | Rake $0
Seat 1: Thelma666 (big blind) collected ($2)
Seat 3: NoVebra (button) (small blind) folded before Flop


PokerStars Hand #166128495545:  Hold'em Limit ($3/$6 USD) - 2017/02/12 20:42:19 ET
Table 'Tokio II' 6-max Seat #1 is the button
Seat 1: Thelma666 ($174.80 in chips)
Seat 3: NoVebra ($179.91 in chips)
Thelma666: posts small blind $1
NoVebra: posts big blind $3
*** HOLE CARDS ***
Thelma666: calls $2
NoVebra: checks
*** FLOP *** [9h 6d 9c]
NoVebra: checks
Thelma666: bets $3
NoVebra: folds
Uncalled bet ($3) returned to Thelma666
Thelma666 collected $5.88 from pot
Thelma666: doesn't show hand
*** SUMMARY ***
Total pot $6 | Rake $0.12
Board [9h 6d 9c]
Seat 1: Thelma666 (button) (small blind) collected ($5.88)
Seat 3: NoVebra (big blind) folded on the Flop


PokerStars Hand #166128515827:  Hold'em Limit ($3/$6 USD) - 2017/02/12 20:42:59 ET
Table 'Tokio II' 6-max Seat #3 is the button
Seat 1: Thelma666 ($181.56 in chips)
Seat 3: NoVebra ($172.91 in chips)
NoVebra: posts small blind $1
Thelma666: posts big blind $3
*** HOLE CARDS ***
NoVebra: folds
Uncalled bet ($2) returned to Thelma666
Thelma666 collected $2 from pot
Thelma666: doesn't show hand
*** SUMMARY ***
Total pot $2 | Rake $0
Seat 1: Thelma666 (big blind) collected ($2)
Seat 3: NoVebra (button) (small blind) folded before Flop


PokerStars Hand #166128508889:  Hold'em Limit ($3/$6 USD) - 2017/02/12 20:42:46 ET
Table 'Tokio II' 6-max Seat #1 is the button
Seat 1: Thelma666 ($178.68 in chips)
Seat 3: NoVebra ($175.91 in chips)
Thelma666: posts small blind $1
NoVebra: posts big blind $3
*** HOLE CARDS ***
Thelma666: calls $2
NoVebra: checks
*** FLOP *** [4h 4d Qc]
NoVebra: checks
Thelma666: bets $3
NoVebra: folds
Uncalled bet ($3) returned to Thelma666
Thelma666 collected $5.88 from pot
Thelma666: doesn't show hand
*** SUMMARY ***
Total pot $6 | Rake $0.12
Board [4h 4d Qc]
Seat 1: Thelma666 (button) (small blind) collected ($5.88)
Seat 3: NoVebra (big blind) folded on the Flop


PokerStars Hand #166128518030:  Hold'em Limit ($3/$6 USD) - 2017/02/12 20:43:04 ET
Table 'Tokio II' 6-max Seat #1 is the button
Seat 1: Thelma666 ($182.56 in chips)
Seat 3: NoVebra ($171.91 in chips)
Thelma666: posts small blind $1
NoVebra: posts big blind $3
*** HOLE CARDS ***
Thelma666: folds
Uncalled bet ($2) returned to NoVebra
NoVebra collected $2 from pot
Jeelsy joins the table at seat #6
NoVebra: doesn't show hand
*** SUMMARY ***
Total pot $2 | Rake $0
Seat 1: Thelma666 (button) (small blind) folded before Flop
Seat 3: NoVebra (big blind) collected ($2)


PokerStars Hand #166129976930:  Hold'em Limit ($3/$6 USD) - 2017/02/12 21:36:54 ET
Table 'Tokio II' 6-max Seat #5 is the button
Seat 1: Thelma666 ($98.85 in chips)
Seat 5: knas4 ($128.04 in chips)
NoVebra will be allowed to play after the button
knas4: posts small blind $1
Thelma666: posts big blind $3
*** HOLE CARDS ***
knas4: raises $3 to $6
Thelma666: calls $3
*** FLOP *** [7s 8h Ah]
Thelma666: checks
knas4: bets $3
Thelma666: folds
Uncalled bet ($3) returned to knas4
knas4 collected $11.76 from pot
*** SUMMARY ***
Total pot $12 | Rake $0.24
Board [7s 8h Ah]
Seat 1: Thelma666 (big blind) folded on the Flop
Seat 5: knas4 (button) (small blind) collected ($11.76)


PokerStars Hand #166131405542:  Hold'em Limit ($3/$6 USD) - 2017/02/12 22:41:20 ET
Table 'Tokio II' 6-max Seat #5 is the button
Seat 1: lanford ($114 in chips)
Seat 5: knas4 ($337.20 in chips)
knas4: posts small blind $1
threeeyejack: is sitting out
lanford: posts big blind $3
*** HOLE CARDS ***
threeeyejack leaves the table
knas4: folds
Uncalled bet ($2) returned to lanford
lanford collected $2 from pot
*** SUMMARY ***
Total pot $2 | Rake $0
Seat 1: lanford (big blind) collected ($2)
Seat 5: knas4 (button) (small blind) folded before Flop


