PokerStars Hand #163564304680:  Hold'em Limit ($3/$6 USD) - 2016/12/26 15:00:11 ET
Table 'Toliman' 10-max Seat #9 is the button
Seat 8: Chessnok ($81.48 in chips)
Seat 9: LEAP YEAR88 ($87.65 in chips)
LEAP YEAR88: posts small blind $1
Chessnok: posts big blind $3
*** HOLE CARDS ***
LEAP YEAR88: raises $3 to $6
Chessnok: raises $3 to $9
LEAP YEAR88: calls $3
*** FLOP *** [8c 6s Tc]
Chessnok: bets $3
LEAP YEAR88: calls $3
*** TURN *** [8c 6s Tc] [4h]
Chessnok: bets $6
LEAP YEAR88: calls $6
*** RIVER *** [8c 6s Tc 4h] [3h]
Chessnok: bets $6
LEAP YEAR88: calls $6
*** SHOW DOWN ***
Chessnok: shows [8s 7s] (a pair of Eights)
LEAP YEAR88: mucks hand
Chessnok collected $47.50 from pot
*** SUMMARY ***
Total pot $48 | Rake $0.50
Board [8c 6s Tc 4h 3h]
Seat 8: Chessnok (big blind) showed [8s 7s] and won ($47.50) with a pair of Eights
Seat 9: LEAP YEAR88 (button) (small blind) mucked


PokerStars Hand #163564299884:  Hold'em Limit ($3/$6 USD) - 2016/12/26 15:00:07 ET
Table 'Toliman' 10-max Seat #8 is the button
Seat 8: Chessnok ($82.48 in chips)
Seat 9: LEAP YEAR88 ($86.65 in chips)
Chessnok: posts small blind $1
LEAP YEAR88: posts big blind $3
*** HOLE CARDS ***
Chessnok: folds
Uncalled bet ($2) returned to LEAP YEAR88
LEAP YEAR88 collected $2 from pot
LEAP YEAR88: doesn't show hand
*** SUMMARY ***
Total pot $2 | Rake $0
Seat 8: Chessnok (button) (small blind) folded before Flop
Seat 9: LEAP YEAR88 (big blind) collected ($2)


PokerStars Hand #163564287168:  Hold'em Limit ($3/$6 USD) - 2016/12/26 14:59:53 ET
Table 'Toliman' 10-max Seat #9 is the button
Seat 8: Chessnok ($76.72 in chips)
Seat 9: LEAP YEAR88 ($92.65 in chips)
LEAP YEAR88: posts small blind $1
Chessnok: posts big blind $3
*** HOLE CARDS ***
LEAP YEAR88: calls $2
vestimokrec joins the table at seat #10
Chessnok: raises $3 to $6
LEAP YEAR88: calls $3
*** FLOP *** [8s Jh 5h]
Chessnok: bets $3
LEAP YEAR88: folds
Uncalled bet ($3) returned to Chessnok
Chessnok collected $11.76 from pot
*** SUMMARY ***
Total pot $12 | Rake $0.24
Board [8s Jh 5h]
Seat 8: Chessnok (big blind) collected ($11.76)
Seat 9: LEAP YEAR88 (button) (small blind) folded on the Flop


PokerStars Hand #163564362880:  Hold'em Limit ($3/$6 USD) - 2016/12/26 15:01:09 ET
Table 'Toliman' 10-max Seat #8 is the button
Seat 8: Chessnok ($126.48 in chips)
Seat 9: LEAP YEAR88 ($41.65 in chips)
Chessnok: posts small blind $1
LEAP YEAR88: posts big blind $3
*** HOLE CARDS ***
Chessnok: raises $3 to $6
LEAP YEAR88: calls $3
*** FLOP *** [Ah 3h Ts]
LEAP YEAR88: bets $3
Chessnok: calls $3
*** TURN *** [Ah 3h Ts] [2h]
LEAP YEAR88: bets $6
Chessnok: calls $6
*** RIVER *** [Ah 3h Ts 2h] [9s]
LEAP YEAR88: bets $6
Chessnok: calls $6
*** SHOW DOWN ***
LEAP YEAR88: shows [3d Kc] (a pair of Threes)
Chessnok: shows [6d 6c] (a pair of Sixes)
Chessnok collected $41.50 from pot
*** SUMMARY ***
Total pot $42 | Rake $0.50
Board [Ah 3h Ts 2h 9s]
Seat 8: Chessnok (button) (small blind) showed [6d 6c] and won ($41.50) with a pair of Sixes
Seat 9: LEAP YEAR88 (big blind) showed [3d Kc] and lost with a pair of Threes


PokerStars Hand #163564356664:  Hold'em Limit ($3/$6 USD) - 2016/12/26 15:01:02 ET
Table 'Toliman' 10-max Seat #9 is the button
Seat 8: Chessnok ($125.48 in chips)
Seat 9: LEAP YEAR88 ($42.65 in chips)
LEAP YEAR88: posts small blind $1
Chessnok: posts big blind $3
*** HOLE CARDS ***
LEAP YEAR88: folds
Uncalled bet ($2) returned to Chessnok
Chessnok collected $2 from pot
Chessnok: doesn't show hand
*** SUMMARY ***
Total pot $2 | Rake $0
Seat 8: Chessnok (big blind) collected ($2)
Seat 9: LEAP YEAR88 (button) (small blind) folded before Flop


PokerStars Hand #163564335344:  Hold'em Limit ($3/$6 USD) - 2016/12/26 15:00:40 ET
Table 'Toliman' 10-max Seat #8 is the button
Seat 8: Chessnok ($104.98 in chips)
Seat 9: LEAP YEAR88 ($63.65 in chips)
Chessnok: posts small blind $1
LEAP YEAR88: posts big blind $3
*** HOLE CARDS ***
Chessnok: raises $3 to $6
LEAP YEAR88: calls $3
*** FLOP *** [Tc 4d 4s]
LEAP YEAR88: bets $3
Chessnok: calls $3
*** TURN *** [Tc 4d 4s] [3d]
LEAP YEAR88: bets $6
Chessnok: calls $6
*** RIVER *** [Tc 4d 4s 3d] [Qh]
LEAP YEAR88: bets $6
Chessnok: calls $6
*** SHOW DOWN ***
LEAP YEAR88: shows [8s 9h] (a pair of Fours)
Chessnok: shows [Kh 2c] (a pair of Fours - King kicker)
Chessnok collected $41.50 from pot
*** SUMMARY ***
Total pot $42 | Rake $0.50
Board [Tc 4d 4s 3d Qh]
Seat 8: Chessnok (button) (small blind) showed [Kh 2c] and won ($41.50) with a pair of Fours
Seat 9: LEAP YEAR88 (big blind) showed [8s 9h] and lost with a pair of Fours


PokerStars Hand #163564714972:  Hold'em Limit ($3/$6 USD) - 2016/12/26 15:06:24 ET
Table 'Toliman' 10-max Seat #9 is the button
Seat 8: Chessnok ($138.03 in chips)
Seat 9: LEAP YEAR88 ($15.72 in chips)
LEAP YEAR88: posts small blind $1
vestimokrec: is sitting out
Chessnok: posts big blind $3
*** HOLE CARDS ***
LEAP YEAR88: calls $2
Chessnok: raises $3 to $6
LEAP YEAR88: calls $3
*** FLOP *** [Ah 8d Qs]
Chessnok: bets $3
LEAP YEAR88: calls $3
*** TURN *** [Ah 8d Qs] [2h]
Chessnok: bets $6
LEAP YEAR88: folds
Uncalled bet ($6) returned to Chessnok
Chessnok collected $17.64 from pot
Chessnok: doesn't show hand
*** SUMMARY ***
Total pot $18 | Rake $0.36
Board [Ah 8d Qs 2h]
Seat 8: Chessnok (big blind) collected ($17.64)
Seat 9: LEAP YEAR88 (button) (small blind) folded on the Turn


PokerStars Hand #163564783144:  Hold'em Limit ($3/$6 USD) - 2016/12/26 15:07:23 ET
Table 'Toliman' 10-max Seat #9 is the button
Seat 8: Chessnok ($128.78 in chips)
Seat 9: LEAP YEAR88 ($23.85 in chips)
LEAP YEAR88: posts small blind $1
Chessnok: posts big blind $3
*** HOLE CARDS ***
LEAP YEAR88: calls $2
Chessnok: checks
*** FLOP *** [4h 5d 9h]
Chessnok: bets $3
LEAP YEAR88: raises $3 to $6
Chessnok: calls $3
*** TURN *** [4h 5d 9h] [Kd]
Chessnok: checks
LEAP YEAR88: bets $6
Chessnok: raises $6 to $12
LEAP YEAR88: calls $6
*** RIVER *** [4h 5d 9h Kd] [2h]
Chessnok: bets $6
LEAP YEAR88: calls $2.85 and is all-in
Uncalled bet ($3.15) returned to Chessnok
*** SHOW DOWN ***
Chessnok: shows [3h 9s] (a pair of Nines)
LEAP YEAR88: shows [9c Td] (a pair of Nines - King+Ten kicker)
LEAP YEAR88 collected $47.20 from pot
*** SUMMARY ***
Total pot $47.70 | Rake $0.50
Board [4h 5d 9h Kd 2h]
Seat 8: Chessnok (big blind) showed [3h 9s] and lost with a pair of Nines
Seat 9: LEAP YEAR88 (button) (small blind) showed [9c Td] and won ($47.20) with a pair of Nines


PokerStars Hand #163564761102:  Hold'em Limit ($3/$6 USD) - 2016/12/26 15:07:04 ET
Table 'Toliman' 10-max Seat #8 is the button
Seat 8: Chessnok ($140.95 in chips)
Seat 9: LEAP YEAR88 ($12.17 in chips)
Chessnok: posts small blind $1
LEAP YEAR88: posts big blind $3
*** HOLE CARDS ***
Chessnok: raises $3 to $6
LEAP YEAR88: calls $3
*** FLOP *** [Kh Ac 8d]
LEAP YEAR88: bets $3
Chessnok: calls $3
*** TURN *** [Kh Ac 8d] [9s]
LEAP YEAR88: bets $3.17 and is all-in
Chessnok: calls $3.17
*** RIVER *** [Kh Ac 8d 9s] [3h]
*** SHOW DOWN ***
LEAP YEAR88: shows [4c 8h] (a pair of Eights)
Chessnok: shows [Td Js] (high card Ace)
LEAP YEAR88 collected $23.85 from pot
*** SUMMARY ***
Total pot $24.34 | Rake $0.49
Board [Kh Ac 8d 9s 3h]
Seat 8: Chessnok (button) (small blind) showed [Td Js] and lost with high card Ace
Seat 9: LEAP YEAR88 (big blind) showed [4c 8h] and won ($23.85) with a pair of Eights


PokerStars Hand #163564754532:  Hold'em Limit ($3/$6 USD) - 2016/12/26 15:06:58 ET
Table 'Toliman' 10-max Seat #9 is the button
Seat 8: Chessnok ($139.95 in chips)
Seat 9: LEAP YEAR88 ($13.17 in chips)
LEAP YEAR88: posts small blind $1
Chessnok: posts big blind $3
*** HOLE CARDS ***
LEAP YEAR88: folds
Uncalled bet ($2) returned to Chessnok
Chessnok collected $2 from pot
Chessnok: doesn't show hand
*** SUMMARY ***
Total pot $2 | Rake $0
Seat 8: Chessnok (big blind) collected ($2)
Seat 9: LEAP YEAR88 (button) (small blind) folded before Flop


PokerStars Hand #163564739402:  Hold'em Limit ($3/$6 USD) - 2016/12/26 15:06:45 ET
Table 'Toliman' 10-max Seat #8 is the button
Seat 8: Chessnok ($146.67 in chips)
Seat 9: LEAP YEAR88 ($6.72 in chips)
Chessnok: posts small blind $1
LEAP YEAR88: posts big blind $3
*** HOLE CARDS ***
Chessnok: raises $3 to $6
LEAP YEAR88: raises $0.72 to $6.72 and is all-in
Chessnok: calls $0.72
vestimokrec leaves the table
*** FLOP *** [3h Ac Kc]
*** TURN *** [3h Ac Kc] [4c]
*** RIVER *** [3h Ac Kc 4c] [8s]
*** SHOW DOWN ***
LEAP YEAR88: shows [Ah Jc] (a pair of Aces)
Chessnok: shows [7h 7d] (a pair of Sevens)
LEAP YEAR88 collected $13.17 from pot
*** SUMMARY ***
Total pot $13.44 | Rake $0.27
Board [3h Ac Kc 4c 8s]
Seat 8: Chessnok (button) (small blind) showed [7h 7d] and lost with a pair of Sevens
Seat 9: LEAP YEAR88 (big blind) showed [Ah Jc] and won ($13.17) with a pair of Aces


PokerStars Hand #163564806459:  Hold'em Limit ($3/$6 USD) - 2016/12/26 15:07:43 ET
Table 'Toliman' 10-max Seat #8 is the button
Seat 8: Chessnok ($104.93 in chips)
Seat 9: LEAP YEAR88 ($47.20 in chips)
Chessnok: posts small blind $1
LEAP YEAR88: posts big blind $3
*** HOLE CARDS ***
Chessnok: raises $3 to $6
LEAP YEAR88: calls $3
*** FLOP *** [Tc 7s 6d]
LEAP YEAR88: checks
Chessnok: bets $3
LEAP YEAR88: calls $3
*** TURN *** [Tc 7s 6d] [Kc]
LEAP YEAR88: checks
Chessnok: bets $6
vestimokrec joins the table at seat #10
LEAP YEAR88: calls $6
*** RIVER *** [Tc 7s 6d Kc] [3c]
LEAP YEAR88: checks
Chessnok: bets $6
LEAP YEAR88: folds
Uncalled bet ($6) returned to Chessnok
Chessnok collected $29.50 from pot
Chessnok: doesn't show hand
*** SUMMARY ***
Total pot $30 | Rake $0.50
Board [Tc 7s 6d Kc 3c]
Seat 8: Chessnok (button) (small blind) collected ($29.50)
Seat 9: LEAP YEAR88 (big blind) folded on the River


PokerStars Hand #163565753259:  Hold'em Limit ($3/$6 USD) - 2016/12/26 15:21:37 ET
Table 'Toliman' 10-max Seat #8 is the button
Seat 8: Chessnok ($170.83 in chips)
Seat 10: vestimokrec ($105 in chips)
Chessnok: posts small blind $1
LEAP YEAR88: is sitting out
vestimokrec: posts big blind $3
*** HOLE CARDS ***
Chessnok: raises $3 to $6
vestimokrec: calls $3
*** FLOP *** [Qc 5c 4s]
vestimokrec: checks
Chessnok: bets $3
vestimokrec: folds
Uncalled bet ($3) returned to Chessnok
Chessnok collected $11.76 from pot
Chessnok: doesn't show hand
*** SUMMARY ***
Total pot $12 | Rake $0.24
Board [Qc 5c 4s]
Seat 8: Chessnok (button) (small blind) collected ($11.76)
Seat 10: vestimokrec (big blind) folded on the Flop


