PokerStars Hand #151711337079:  Hold'em Limit ($3/$6 USD) - 2016/04/10 10:19:40 ET
Table 'Toliman' 10-max Seat #5 is the button
Seat 5: SACHAVT ($72.21 in chips)
Seat 7: BuzovaPro ($72 in chips)
SACHAVT: posts small blind $1
liolilove: is sitting out
BuzovaPro: posts big blind $3
*** HOLE CARDS ***
SACHAVT: calls $2
BuzovaPro: raises $3 to $6
SACHAVT: calls $3
*** FLOP *** [9c Tc Kh]
BuzovaPro: bets $3
SACHAVT: calls $3
*** TURN *** [9c Tc Kh] [As]
BuzovaPro: bets $6
SACHAVT: calls $6
*** RIVER *** [9c Tc Kh As] [5c]
BuzovaPro: bets $6
SACHAVT: folds
Uncalled bet ($6) returned to BuzovaPro
BuzovaPro collected $29.50 from pot
BuzovaPro: doesn't show hand
*** SUMMARY ***
Total pot $30 | Rake $0.50
Board [9c Tc Kh As 5c]
Seat 5: SACHAVT (button) (small blind) folded on the River
Seat 7: BuzovaPro (big blind) collected ($29.50)


PokerStars Hand #151711353257:  Hold'em Limit ($3/$6 USD) - 2016/04/10 10:20:02 ET
Table 'Toliman' 10-max Seat #7 is the button
Seat 5: SACHAVT ($57.21 in chips)
Seat 7: BuzovaPro ($86.50 in chips)
BuzovaPro: posts small blind $1
SACHAVT: posts big blind $3
*** HOLE CARDS ***
BuzovaPro: raises $3 to $6
SACHAVT: folds
Uncalled bet ($3) returned to BuzovaPro
BuzovaPro collected $6 from pot
BuzovaPro: doesn't show hand
*** SUMMARY ***
Total pot $6 | Rake $0
Seat 5: SACHAVT (big blind) folded before Flop
Seat 7: BuzovaPro (button) (small blind) collected ($6)


PokerStars Hand #151740176899:  Hold'em Limit ($3/$6 USD) - 2016/04/10 19:02:09 ET
Table 'Toliman' 10-max Seat #6 is the button
Seat 6: RowntreWilly ($40.83 in chips)
Seat 8: Zubasa07 ($544.28 in chips)
RowntreWilly: posts small blind $1
Zubasa07: posts big blind $3
*** HOLE CARDS ***
RowntreWilly: folds
Uncalled bet ($2) returned to Zubasa07
Zubasa07 collected $2 from pot
Zubasa07: doesn't show hand
*** SUMMARY ***
Total pot $2 | Rake $0
Seat 6: RowntreWilly (button) (small blind) folded before Flop
Seat 8: Zubasa07 (big blind) collected ($2)


PokerStars Hand #151740166069:  Hold'em Limit ($3/$6 USD) - 2016/04/10 19:01:53 ET
Table 'Toliman' 10-max Seat #8 is the button
Seat 6: RowntreWilly ($43.83 in chips)
Seat 8: Zubasa07 ($541.28 in chips)
Zubasa07: posts small blind $1
RowntreWilly: posts big blind $3
*** HOLE CARDS ***
Zubasa07: raises $3 to $6
RowntreWilly: folds
Uncalled bet ($3) returned to Zubasa07
Zubasa07 collected $6 from pot
Zubasa07: doesn't show hand
*** SUMMARY ***
Total pot $6 | Rake $0
Seat 6: RowntreWilly (big blind) folded before Flop
Seat 8: Zubasa07 (button) (small blind) collected ($6)


