PokerStars Hand #154052212110:  Hold'em Limit ($3/$6 USD) - 2016/05/30 12:18:34 ET
Table 'Tololo II' 6-max Seat #3 is the button
Seat 3: Lankypants ($128.52 in chips)
Seat 4: Airbag999 ($111 in chips)
Lankypants: posts small blind $1
Airbag999: posts big blind $3
*** HOLE CARDS ***
Lankypants: raises $3 to $6
Airbag999: calls $3
*** FLOP *** [2s Ad 3c]
Airbag999: checks
Lankypants: bets $3
Airbag999: calls $3
*** TURN *** [2s Ad 3c] [7s]
Airbag999: checks
Lankypants: checks
*** RIVER *** [2s Ad 3c 7s] [2d]
Airbag999: checks
Lankypants: checks
*** SHOW DOWN ***
Airbag999: shows [Qd 6s] (a pair of Deuces)
Lankypants: shows [Ks 6c] (a pair of Deuces - Ace+King kicker)
Lankypants collected $17.64 from pot
*** SUMMARY ***
Total pot $18 | Rake $0.36
Board [2s Ad 3c 7s 2d]
Seat 3: Lankypants (button) (small blind) showed [Ks 6c] and won ($17.64) with a pair of Deuces
Seat 4: Airbag999 (big blind) showed [Qd 6s] and lost with a pair of Deuces


PokerStars Hand #154052205887:  Hold'em Limit ($3/$6 USD) - 2016/05/30 12:18:25 ET
Table 'Tololo II' 6-max Seat #4 is the button
Seat 3: Lankypants ($131.52 in chips)
Seat 4: Airbag999 ($108 in chips)
Airbag999: posts small blind $1
Lankypants: posts big blind $3
*** HOLE CARDS ***
Airbag999: raises $3 to $6
Lankypants: folds
Uncalled bet ($3) returned to Airbag999
Airbag999 collected $6 from pot
Airbag999: doesn't show hand
*** SUMMARY ***
Total pot $6 | Rake $0
Seat 3: Lankypants (big blind) folded before Flop
Seat 4: Airbag999 (button) (small blind) collected ($6)


PokerStars Hand #154052259618:  Hold'em Limit ($3/$6 USD) - 2016/05/30 12:19:40 ET
Table 'Tololo II' 6-max Seat #4 is the button
Seat 3: Lankypants ($163.41 in chips)
Seat 4: Airbag999 ($120 in chips)
Airbag999: posts small blind $1
Lankypants: posts big blind $3
*** HOLE CARDS ***
Airbag999: raises $3 to $6
Lankypants: calls $3
*** FLOP *** [Ad 4h Kh]
Lankypants: checks
Airbag999: bets $3
Lankypants: calls $3
*** TURN *** [Ad 4h Kh] [5h]
Lankypants: checks
Airbag999: bets $6
Lankypants: calls $6
*** RIVER *** [Ad 4h Kh 5h] [8c]
Lankypants: checks
Airbag999: bets $6
Lankypants: folds
Uncalled bet ($6) returned to Airbag999
Airbag999 collected $29.50 from pot
Airbag999: doesn't show hand
*** SUMMARY ***
Total pot $30 | Rake $0.50
Board [Ad 4h Kh 5h 8c]
Seat 3: Lankypants (big blind) folded on the River
Seat 4: Airbag999 (button) (small blind) collected ($29.50)


PokerStars Hand #154052241118:  Hold'em Limit ($3/$6 USD) - 2016/05/30 12:19:14 ET
Table 'Tololo II' 6-max Seat #3 is the button
Seat 3: Lankypants ($136.91 in chips)
Seat 4: Airbag999 ($101.75 in chips)
Lankypants: posts small blind $1
Airbag999: posts big blind $3
*** HOLE CARDS ***
Lankypants: raises $3 to $6
Airbag999: calls $3
*** FLOP *** [Ad 3c 3s]
Airbag999: checks
Lankypants: bets $3
Airbag999: calls $3
*** TURN *** [Ad 3c 3s] [7c]
Airbag999: checks
Lankypants: bets $6
Airbag999: raises $6 to $12
Lankypants: raises $6 to $18
Airbag999: calls $6
*** RIVER *** [Ad 3c 3s 7c] [8d]
Airbag999: checks
Lankypants: bets $6
Airbag999: folds
Uncalled bet ($6) returned to Lankypants
Lankypants collected $53.50 from pot
Lankypants: doesn't show hand
*** SUMMARY ***
Total pot $54 | Rake $0.50
Board [Ad 3c 3s 7c 8d]
Seat 3: Lankypants (button) (small blind) collected ($53.50)
Seat 4: Airbag999 (big blind) folded on the River


PokerStars Hand #154052227844:  Hold'em Limit ($3/$6 USD) - 2016/05/30 12:18:56 ET
Table 'Tololo II' 6-max Seat #4 is the button
Seat 3: Lankypants ($137.16 in chips)
Seat 4: Airbag999 ($102 in chips)
Airbag999: posts small blind $1
Lankypants: posts big blind $3
*** HOLE CARDS ***
Airbag999: raises $3 to $6
Lankypants: calls $3
*** FLOP *** [Ac Qd Js]
Lankypants: checks
Airbag999: bets $3
Lankypants: calls $3
*** TURN *** [Ac Qd Js] [7h]
Lankypants: checks
Airbag999: bets $6
Lankypants: calls $6
*** RIVER *** [Ac Qd Js 7h] [Jc]
Lankypants: checks
Airbag999: checks
*** SHOW DOWN ***
Lankypants: shows [Qh 2d] (two pair, Queens and Jacks)
Airbag999: shows [Qs Tc] (two pair, Queens and Jacks)
Lankypants collected $14.75 from pot
Airbag999 collected $14.75 from pot
*** SUMMARY ***
Total pot $30 | Rake $0.50
Board [Ac Qd Js 7h Jc]
Seat 3: Lankypants (big blind) showed [Qh 2d] and won ($14.75) with two pair, Queens and Jacks
Seat 4: Airbag999 (button) (small blind) showed [Qs Tc] and won ($14.75) with two pair, Queens and Jacks


PokerStars Hand #154052315107:  Hold'em Limit ($3/$6 USD) - 2016/05/30 12:20:58 ET
Table 'Tololo II' 6-max Seat #3 is the button
Seat 3: Lankypants ($147.05 in chips)
Seat 4: Airbag999 ($135.02 in chips)
Lankypants: posts small blind $1
Airbag999: posts big blind $3
*** HOLE CARDS ***
Lankypants: folds
Uncalled bet ($2) returned to Airbag999
Airbag999 collected $2 from pot
Airbag999: doesn't show hand
*** SUMMARY ***
Total pot $2 | Rake $0
Seat 3: Lankypants (button) (small blind) folded before Flop
Seat 4: Airbag999 (big blind) collected ($2)


PokerStars Hand #154052364565:  Hold'em Limit ($3/$6 USD) - 2016/05/30 12:22:07 ET
Table 'Tololo II' 6-max Seat #3 is the button
Seat 3: Lankypants ($130.80 in chips)
Seat 4: Airbag999 ($150.29 in chips)
Lankypants: posts small blind $1
Airbag999: posts big blind $3
*** HOLE CARDS ***
Lankypants: folds
Uncalled bet ($2) returned to Airbag999
Airbag999 collected $2 from pot
Airbag999: doesn't show hand
*** SUMMARY ***
Total pot $2 | Rake $0
Seat 3: Lankypants (button) (small blind) folded before Flop
Seat 4: Airbag999 (big blind) collected ($2)


PokerStars Hand #154052359727:  Hold'em Limit ($3/$6 USD) - 2016/05/30 12:22:00 ET
Table 'Tololo II' 6-max Seat #4 is the button
Seat 3: Lankypants ($133.80 in chips)
Seat 4: Airbag999 ($147.29 in chips)
Airbag999: posts small blind $1
Lankypants: posts big blind $3
*** HOLE CARDS ***
Airbag999: raises $3 to $6
Lankypants: folds
Uncalled bet ($3) returned to Airbag999
Airbag999 collected $6 from pot
Airbag999: doesn't show hand
*** SUMMARY ***
Total pot $6 | Rake $0
Seat 3: Lankypants (big blind) folded before Flop
Seat 4: Airbag999 (button) (small blind) collected ($6)


PokerStars Hand #154052340686:  Hold'em Limit ($3/$6 USD) - 2016/05/30 12:21:33 ET
Table 'Tololo II' 6-max Seat #3 is the button
Seat 3: Lankypants ($134.05 in chips)
Seat 4: Airbag999 ($147.54 in chips)
Lankypants: posts small blind $1
Airbag999: posts big blind $3
*** HOLE CARDS ***
Lankypants: raises $3 to $6
Airbag999: calls $3
*** FLOP *** [Jd 7h Tc]
Airbag999: checks
Lankypants: bets $3
Airbag999: raises $3 to $6
Lankypants: raises $3 to $9
Airbag999: calls $3
*** TURN *** [Jd 7h Tc] [8h]
Airbag999: checks
Lankypants: checks
*** RIVER *** [Jd 7h Tc 8h] [Js]
Airbag999: checks
Lankypants: bets $6
Airbag999: calls $6
*** SHOW DOWN ***
Lankypants: shows [6h Jh] (three of a kind, Jacks)
Airbag999: shows [Jc 3s] (three of a kind, Jacks)
Airbag999 collected $20.75 from pot
Lankypants collected $20.75 from pot
*** SUMMARY ***
Total pot $42 | Rake $0.50
Board [Jd 7h Tc 8h Js]
Seat 3: Lankypants (button) (small blind) showed [6h Jh] and won ($20.75) with three of a kind, Jacks
Seat 4: Airbag999 (big blind) showed [Jc 3s] and won ($20.75) with three of a kind, Jacks


PokerStars Hand #154052325788:  Hold'em Limit ($3/$6 USD) - 2016/05/30 12:21:13 ET
Table 'Tololo II' 6-max Seat #4 is the button
Seat 3: Lankypants ($146.05 in chips)
Seat 4: Airbag999 ($136.02 in chips)
Airbag999: posts small blind $1
Lankypants: posts big blind $3
*** HOLE CARDS ***
Airbag999: raises $3 to $6
Lankypants: calls $3
*** FLOP *** [7h 6s 5d]
Lankypants: checks
Airbag999: checks
*** TURN *** [7h 6s 5d] [4h]
Lankypants: checks
Airbag999: checks
*** RIVER *** [7h 6s 5d 4h] [Ks]
Lankypants: checks
Airbag999: bets $6
Lankypants: calls $6
*** SHOW DOWN ***
Airbag999: shows [2h Kd] (a pair of Kings)
Lankypants: mucks hand
Airbag999 collected $23.52 from pot
*** SUMMARY ***
Total pot $24 | Rake $0.48
Board [7h 6s 5d 4h Ks]
Seat 3: Lankypants (big blind) mucked
Seat 4: Airbag999 (button) (small blind) showed [2h Kd] and won ($23.52) with a pair of Kings


PokerStars Hand #154052274913:  Hold'em Limit ($3/$6 USD) - 2016/05/30 12:20:02 ET
Table 'Tololo II' 6-max Seat #3 is the button
Seat 3: Lankypants ($148.41 in chips)
Seat 4: Airbag999 ($134.50 in chips)
Lankypants: posts small blind $1
Airbag999: posts big blind $3
*** HOLE CARDS ***
Lankypants: raises $3 to $6
Airbag999: folds
Uncalled bet ($3) returned to Lankypants
Lankypants collected $6 from pot
Lankypants: doesn't show hand
*** SUMMARY ***
Total pot $6 | Rake $0
Seat 3: Lankypants (button) (small blind) collected ($6)
Seat 4: Airbag999 (big blind) folded before Flop


PokerStars Hand #154052279556:  Hold'em Limit ($3/$6 USD) - 2016/05/30 12:20:08 ET
Table 'Tololo II' 6-max Seat #4 is the button
Seat 3: Lankypants ($151.41 in chips)
Seat 4: Airbag999 ($131.50 in chips)
Airbag999: posts small blind $1
Lankypants: posts big blind $3
*** HOLE CARDS ***
Airbag999: raises $3 to $6
Lankypants: calls $3
*** FLOP *** [5d Qs 5h]
Lankypants: checks
Airbag999: bets $3
Lankypants: raises $3 to $6
Airbag999: folds
Uncalled bet ($3) returned to Lankypants
Lankypants collected $17.64 from pot
Lankypants: doesn't show hand
*** SUMMARY ***
Total pot $18 | Rake $0.36
Board [5d Qs 5h]
Seat 3: Lankypants (big blind) collected ($17.64)
Seat 4: Airbag999 (button) (small blind) folded on the Flop


PokerStars Hand #154052289173:  Hold'em Limit ($3/$6 USD) - 2016/05/30 12:20:22 ET
Table 'Tololo II' 6-max Seat #3 is the button
Seat 3: Lankypants ($160.05 in chips)
Seat 4: Airbag999 ($122.50 in chips)
Lankypants: posts small blind $1
Airbag999: posts big blind $3
*** HOLE CARDS ***
Lankypants: folds
Uncalled bet ($2) returned to Airbag999
Airbag999 collected $2 from pot
Airbag999: doesn't show hand
*** SUMMARY ***
Total pot $2 | Rake $0
Seat 3: Lankypants (button) (small blind) folded before Flop
Seat 4: Airbag999 (big blind) collected ($2)


PokerStars Hand #154053057601:  Hold'em Limit ($3/$6 USD) - 2016/05/30 12:37:56 ET
Table 'Tololo II' 6-max Seat #1 is the button
Seat 1: yasmins1990 ($38 in chips)
Seat 4: Airbag999 ($154.29 in chips)
yasmins1990: posts small blind $1
Airbag999: posts big blind $3
*** HOLE CARDS ***
yasmins1990: folds
Uncalled bet ($2) returned to Airbag999
Airbag999 collected $2 from pot
Airbag999: doesn't show hand
*** SUMMARY ***
Total pot $2 | Rake $0
Seat 1: yasmins1990 (button) (small blind) folded before Flop
Seat 4: Airbag999 (big blind) collected ($2)


PokerStars Hand #154053052823:  Hold'em Limit ($3/$6 USD) - 2016/05/30 12:37:50 ET
Table 'Tololo II' 6-max Seat #4 is the button
Seat 1: yasmins1990 ($37 in chips)
Seat 4: Airbag999 ($155.29 in chips)
Airbag999: posts small blind $1
yasmins1990: posts big blind $3
*** HOLE CARDS ***
Airbag999: folds
Uncalled bet ($2) returned to yasmins1990
yasmins1990 collected $2 from pot
*** SUMMARY ***
Total pot $2 | Rake $0
Seat 1: yasmins1990 (big blind) collected ($2)
Seat 4: Airbag999 (button) (small blind) folded before Flop


PokerStars Hand #154053061720:  Hold'em Limit ($3/$6 USD) - 2016/05/30 12:38:02 ET
Table 'Tololo II' 6-max Seat #4 is the button
Seat 1: yasmins1990 ($37 in chips)
Seat 4: Airbag999 ($155.29 in chips)
Airbag999: posts small blind $1
yasmins1990: posts big blind $3
*** HOLE CARDS ***
Airbag999: raises $3 to $6
yasmins1990: calls $3
*** FLOP *** [3s Kd Td]
yasmins1990: checks
Airbag999: bets $3
yasmins1990: calls $3
*** TURN *** [3s Kd Td] [5c]
Jokerfish777 joins the table at seat #3
yasmins1990: checks
Airbag999: checks
*** RIVER *** [3s Kd Td 5c] [7d]
yasmins1990: checks
Airbag999: bets $6
yasmins1990: calls $6
*** SHOW DOWN ***
Airbag999: shows [6h 4c] (a straight, Three to Seven)
yasmins1990: mucks hand
Airbag999 collected $29.50 from pot
*** SUMMARY ***
Total pot $30 | Rake $0.50
Board [3s Kd Td 5c 7d]
Seat 1: yasmins1990 (big blind) mucked
Seat 4: Airbag999 (button) (small blind) showed [6h 4c] and won ($29.50) with a straight, Three to Seven


PokerStars Hand #154054931445:  Hold'em Limit ($3/$6 USD) - 2016/05/30 13:18:54 ET
Table 'Tololo II' 6-max Seat #5 is the button
Seat 4: krytalex ($111.62 in chips)
Seat 5: Grieserix ($114.33 in chips)
Grieserix: posts small blind $1
krytalex: posts big blind $3
*** HOLE CARDS ***
Grieserix: folds
Uncalled bet ($2) returned to krytalex
krytalex collected $2 from pot
*** SUMMARY ***
Total pot $2 | Rake $0
Seat 4: krytalex (big blind) collected ($2)
Seat 5: Grieserix (button) (small blind) folded before Flop


