PokerStars Hand #163080776269:  Hold'em Limit ($3/$6 USD) - 2016/12/17 9:10:56 ET
Table 'Tolosa II' 6-max Seat #6 is the button
Seat 4: cheeestar198 ($94.66 in chips)
Seat 6: Chessnok ($129.10 in chips)
ABATAPP will be allowed to play after the button
Chessnok: posts small blind $1
DECAlpha: is sitting out
cheeestar198: posts big blind $3
*** HOLE CARDS ***
Chessnok: raises $3 to $6
cheeestar198: calls $3
*** FLOP *** [Td 5s 7h]
DECAlpha leaves the table
cheeestar198: checks
Chessnok: bets $3
cheeestar198: calls $3
*** TURN *** [Td 5s 7h] [3s]
cheeestar198: checks
Chessnok: bets $6
cheeestar198: calls $6
*** RIVER *** [Td 5s 7h 3s] [2h]
cheeestar198: checks
Chessnok: checks
*** SHOW DOWN ***
cheeestar198: shows [3c 8d] (a pair of Threes)
Chessnok: mucks hand
cheeestar198 collected $29.50 from pot
*** SUMMARY ***
Total pot $30 | Rake $0.50
Board [Td 5s 7h 3s 2h]
Seat 4: cheeestar198 (big blind) showed [3c 8d] and won ($29.50) with a pair of Threes
Seat 6: Chessnok (button) (small blind) mucked


PokerStars Hand #163081798286:  Hold'em Limit ($3/$6 USD) - 2016/12/17 9:35:00 ET
Table 'Tolosa II' 6-max Seat #6 is the button
Seat 1: Icecold ($120.53 in chips)
Seat 6: Chessnok ($257.47 in chips)
Chessnok: posts small blind $1
Icecold: posts big blind $3
*** HOLE CARDS ***
Chessnok: raises $3 to $6
Icecold: calls $3
*** FLOP *** [3s 9d 4c]
Icecold: checks
Chessnok: bets $3
Icecold: calls $3
*** TURN *** [3s 9d 4c] [7c]
Icecold: checks
Chessnok: bets $6
Icecold: calls $6
*** RIVER *** [3s 9d 4c 7c] [5h]
Icecold: checks
Chessnok: bets $6
Icecold: raises $6 to $12
Chessnok: raises $6 to $18
Icecold: folds
Uncalled bet ($6) returned to Chessnok
Chessnok collected $53.50 from pot
Chessnok: doesn't show hand
*** SUMMARY ***
Total pot $54 | Rake $0.50
Board [3s 9d 4c 7c 5h]
Seat 1: Icecold (big blind) folded on the River
Seat 6: Chessnok (button) (small blind) collected ($53.50)


PokerStars Hand #163081775727:  Hold'em Limit ($3/$6 USD) - 2016/12/17 9:34:29 ET
Table 'Tolosa II' 6-max Seat #1 is the button
Seat 1: Icecold ($103.03 in chips)
Seat 6: Chessnok ($275.47 in chips)
Icecold: posts small blind $1
Chessnok: posts big blind $3
*** HOLE CARDS ***
Icecold: raises $3 to $6
Chessnok: calls $3
*** FLOP *** [8c 2h Tc]
Chessnok: bets $3
Icecold: raises $3 to $6
Chessnok: calls $3
*** TURN *** [8c 2h Tc] [8h]
Chessnok: checks
Icecold: checks
*** RIVER *** [8c 2h Tc 8h] [Kc]
Chessnok: bets $6
Icecold: calls $6
*** SHOW DOWN ***
Chessnok: shows [9c Kh] (two pair, Kings and Eights)
Icecold: shows [Ks Jh] (two pair, Kings and Eights - Jack kicker)
Icecold collected $35.50 from pot
*** SUMMARY ***
Total pot $36 | Rake $0.50
Board [8c 2h Tc 8h Kc]
Seat 1: Icecold (button) (small blind) showed [Ks Jh] and won ($35.50) with two pair, Kings and Eights
Seat 6: Chessnok (big blind) showed [9c Kh] and lost with two pair, Kings and Eights


PokerStars Hand #163081816902:  Hold'em Limit ($3/$6 USD) - 2016/12/17 9:35:26 ET
Table 'Tolosa II' 6-max Seat #1 is the button
Seat 1: Icecold ($93.53 in chips)
Seat 6: Chessnok ($283.97 in chips)
Icecold: posts small blind $1
Chessnok: posts big blind $3
*** HOLE CARDS ***
Icecold: raises $3 to $6
Chessnok: calls $3
*** FLOP *** [5s Qs Th]
Chessnok: checks
Icecold: bets $3
Chessnok: raises $3 to $6
Icecold: calls $3
*** TURN *** [5s Qs Th] [7h]
Chessnok: bets $6
Icecold: calls $6
*** RIVER *** [5s Qs Th 7h] [4d]
Chessnok: bets $6
Icecold: calls $6
*** SHOW DOWN ***
Chessnok: shows [Qc Js] (a pair of Queens)
Icecold: mucks hand
Chessnok collected $47.50 from pot
*** SUMMARY ***
Total pot $48 | Rake $0.50
Board [5s Qs Th 7h 4d]
Seat 1: Icecold (button) (small blind) mucked
Seat 6: Chessnok (big blind) showed [Qc Js] and won ($47.50) with a pair of Queens


PokerStars Hand #163081851049:  Hold'em Limit ($3/$6 USD) - 2016/12/17 9:36:14 ET
Table 'Tolosa II' 6-max Seat #6 is the button
Seat 1: Icecold ($91.03 in chips)
Seat 6: Chessnok ($285.47 in chips)
Chessnok: posts small blind $1
Icecold: posts big blind $3
*** HOLE CARDS ***
Chessnok: folds
Uncalled bet ($2) returned to Icecold
Icecold collected $2 from pot
*** SUMMARY ***
Total pot $2 | Rake $0
Seat 1: Icecold (big blind) collected ($2)
Seat 6: Chessnok (button) (small blind) folded before Flop


PokerStars Hand #163081836723:  Hold'em Limit ($3/$6 USD) - 2016/12/17 9:35:54 ET
Table 'Tolosa II' 6-max Seat #1 is the button
Seat 1: Icecold ($70.53 in chips)
Seat 6: Chessnok ($306.47 in chips)
Icecold: posts small blind $1
Chessnok: posts big blind $3
*** HOLE CARDS ***
Icecold: raises $3 to $6
GoodlMan joins the table at seat #2
Chessnok: calls $3
*** FLOP *** [2h 6h 9c]
Chessnok: checks
Icecold: bets $3
Chessnok: calls $3
*** TURN *** [2h 6h 9c] [9h]
Chessnok: checks
Icecold: bets $6
Chessnok: calls $6
*** RIVER *** [2h 6h 9c 9h] [6c]
Chessnok: checks
Icecold: bets $6
Chessnok: calls $6
*** SHOW DOWN ***
Icecold: shows [Ah Qd] (two pair, Nines and Sixes)
Chessnok: mucks hand
Icecold collected $41.50 from pot
*** SUMMARY ***
Total pot $42 | Rake $0.50
Board [2h 6h 9c 9h 6c]
Seat 1: Icecold (button) (small blind) showed [Ah Qd] and won ($41.50) with two pair, Nines and Sixes
Seat 6: Chessnok (big blind) mucked


PokerStars Hand #163081829563:  Hold'em Limit ($3/$6 USD) - 2016/12/17 9:35:44 ET
Table 'Tolosa II' 6-max Seat #6 is the button
Seat 1: Icecold ($69.53 in chips)
Seat 6: Chessnok ($307.47 in chips)
Chessnok: posts small blind $1
Icecold: posts big blind $3
*** HOLE CARDS ***
Chessnok: folds
Uncalled bet ($2) returned to Icecold
Icecold collected $2 from pot
*** SUMMARY ***
Total pot $2 | Rake $0
Seat 1: Icecold (big blind) collected ($2)
Seat 6: Chessnok (button) (small blind) folded before Flop


PokerStars Hand #163081969048:  Hold'em Limit ($3/$6 USD) - 2016/12/17 9:38:59 ET
Table 'Tolosa II' 6-max Seat #6 is the button
Seat 2: GoodlMan ($123 in chips)
Seat 6: Chessnok ($367.31 in chips)
Chessnok: posts small blind $1
GoodlMan: posts big blind $3
*** HOLE CARDS ***
Chessnok: raises $3 to $6
GoodlMan: calls $3
*** FLOP *** [Kd 9s 6c]
GoodlMan: checks
Chessnok: bets $3
GoodlMan: calls $3
*** TURN *** [Kd 9s 6c] [8h]
GoodlMan: checks
Chessnok: checks
*** RIVER *** [Kd 9s 6c 8h] [6d]
GoodlMan: bets $6
Chessnok: calls $6
*** SHOW DOWN ***
GoodlMan: shows [Qs 8d] (two pair, Eights and Sixes)
Chessnok: mucks hand
GoodlMan collected $29.50 from pot
*** SUMMARY ***
Total pot $30 | Rake $0.50
Board [Kd 9s 6c 8h 6d]
Seat 2: GoodlMan (big blind) showed [Qs 8d] and won ($29.50) with two pair, Eights and Sixes
Seat 6: Chessnok (button) (small blind) mucked


