PokerStars Hand #156278321107:  Hold'em Limit ($3/$6 USD) - 2016/07/21 20:04:09 ET
Table 'Tolosa' 6-max Seat #6 is the button
Seat 3: paptec ($59.01 in chips)
Seat 6: Chessnok ($185.35 in chips)
Chessnok: posts small blind $1
siliciom: is sitting out
paptec: posts big blind $3
*** HOLE CARDS ***
Chessnok: raises $3 to $6
paptec: calls $3
*** FLOP *** [7d 5d 4d]
paptec: checks
eirivi leaves the table
siliciom leaves the table
Chessnok: bets $3
paptec: calls $3
*** TURN *** [7d 5d 4d] [Ks]
paptec: checks
Chessnok: bets $6
paptec: calls $6
*** RIVER *** [7d 5d 4d Ks] [Th]
paptec: checks
Chessnok: bets $6
paptec: calls $6
*** SHOW DOWN ***
Chessnok: shows [6c Td] (a pair of Tens)
paptec: shows [8d Ts] (a pair of Tens - King+Eight kicker)
paptec collected $41.50 from pot
*** SUMMARY ***
Total pot $42 | Rake $0.50
Board [7d 5d 4d Ks Th]
Seat 3: paptec (big blind) showed [8d Ts] and won ($41.50) with a pair of Tens
Seat 6: Chessnok (button) (small blind) showed [6c Td] and lost with a pair of Tens


PokerStars Hand #156278371731:  Hold'em Limit ($3/$6 USD) - 2016/07/21 20:05:55 ET
Table 'Tolosa' 6-max Seat #6 is the button
Seat 3: paptec ($98.01 in chips)
Seat 6: Chessnok ($144.85 in chips)
Chessnok: posts small blind $1
paptec: posts big blind $3
*** HOLE CARDS ***
Chessnok: raises $3 to $6
paptec: folds
Uncalled bet ($3) returned to Chessnok
Chessnok collected $6 from pot
Chessnok: doesn't show hand
*** SUMMARY ***
Total pot $6 | Rake $0
Seat 3: paptec (big blind) folded before Flop
Seat 6: Chessnok (button) (small blind) collected ($6)


PokerStars Hand #156278351164:  Hold'em Limit ($3/$6 USD) - 2016/07/21 20:05:12 ET
Table 'Tolosa' 6-max Seat #6 is the button
Seat 3: paptec ($58.51 in chips)
Seat 6: Chessnok ($184.85 in chips)
Chessnok: posts small blind $1
paptec: posts big blind $3
*** HOLE CARDS ***
Chessnok: folds
Uncalled bet ($2) returned to paptec
paptec collected $2 from pot
*** SUMMARY ***
Total pot $2 | Rake $0
Seat 3: paptec (big blind) collected ($2)
Seat 6: Chessnok (button) (small blind) folded before Flop


PokerStars Hand #156278368345:  Hold'em Limit ($3/$6 USD) - 2016/07/21 20:05:48 ET
Table 'Tolosa' 6-max Seat #3 is the button
Seat 3: paptec ($99.01 in chips)
Seat 6: Chessnok ($143.85 in chips)
paptec: posts small blind $1
Chessnok: posts big blind $3
*** HOLE CARDS ***
paptec: folds
Uncalled bet ($2) returned to Chessnok
Chessnok collected $2 from pot
Chessnok: doesn't show hand
*** SUMMARY ***
Total pot $2 | Rake $0
Seat 3: paptec (button) (small blind) folded before Flop
Seat 6: Chessnok (big blind) collected ($2)


PokerStars Hand #156278365723:  Hold'em Limit ($3/$6 USD) - 2016/07/21 20:05:43 ET
Table 'Tolosa' 6-max Seat #6 is the button
Seat 3: paptec ($98.01 in chips)
Seat 6: Chessnok ($144.85 in chips)
Chessnok: posts small blind $1
paptec: posts big blind $3
*** HOLE CARDS ***
Chessnok: folds
Uncalled bet ($2) returned to paptec
paptec collected $2 from pot
*** SUMMARY ***
Total pot $2 | Rake $0
Seat 3: paptec (big blind) collected ($2)
Seat 6: Chessnok (button) (small blind) folded before Flop


PokerStars Hand #156278353354:  Hold'em Limit ($3/$6 USD) - 2016/07/21 20:05:17 ET
Table 'Tolosa' 6-max Seat #3 is the button
Seat 3: paptec ($59.51 in chips)
Seat 6: Chessnok ($183.85 in chips)
paptec: posts small blind $1
Chessnok: posts big blind $3
*** HOLE CARDS ***
paptec: raises $3 to $6
Chessnok: raises $3 to $9
paptec: calls $3
*** FLOP *** [5h Kh Jd]
Chessnok: bets $3
paptec: raises $3 to $6
Chessnok: calls $3
*** TURN *** [5h Kh Jd] [9c]
Chessnok: checks
paptec: bets $6
Chessnok: raises $6 to $12
paptec: raises $6 to $18
Chessnok: calls $6
*** RIVER *** [5h Kh Jd 9c] [4s]
Chessnok: checks
paptec: bets $6
Chessnok: calls $6
*** SHOW DOWN ***
paptec: shows [Jc 9d] (two pair, Jacks and Nines)
Chessnok: mucks hand
paptec collected $77.50 from pot
*** SUMMARY ***
Total pot $78 | Rake $0.50
Board [5h Kh Jd 9c 4s]
Seat 3: paptec (button) (small blind) showed [Jc 9d] and won ($77.50) with two pair, Jacks and Nines
Seat 6: Chessnok (big blind) mucked


PokerStars Hand #156278380097:  Hold'em Limit ($3/$6 USD) - 2016/07/21 20:06:12 ET
Table 'Tolosa' 6-max Seat #6 is the button
Seat 3: paptec ($94.01 in chips)
Seat 6: Chessnok ($148.85 in chips)
Chessnok: posts small blind $1
paptec: posts big blind $3
*** HOLE CARDS ***
Chessnok: raises $3 to $6
paptec: calls $3
*** FLOP *** [Qh Qc 8d]
paptec: checks
Chessnok: bets $3
paptec: raises $3 to $6
Chessnok: folds
Uncalled bet ($3) returned to paptec
paptec collected $17.64 from pot
*** SUMMARY ***
Total pot $18 | Rake $0.36
Board [Qh Qc 8d]
Seat 3: paptec (big blind) collected ($17.64)
Seat 6: Chessnok (button) (small blind) folded on the Flop


PokerStars Hand #156278375263:  Hold'em Limit ($3/$6 USD) - 2016/07/21 20:06:02 ET
Table 'Tolosa' 6-max Seat #3 is the button
Seat 3: paptec ($95.01 in chips)
Seat 6: Chessnok ($147.85 in chips)
paptec: posts small blind $1
Chessnok: posts big blind $3
*** HOLE CARDS ***
paptec: folds
Uncalled bet ($2) returned to Chessnok
Chessnok collected $2 from pot
Chessnok: doesn't show hand
*** SUMMARY ***
Total pot $2 | Rake $0
Seat 3: paptec (button) (small blind) folded before Flop
Seat 6: Chessnok (big blind) collected ($2)


PokerStars Hand #156279108500:  Hold'em Limit ($3/$6 USD) - 2016/07/21 20:32:25 ET
Table 'Tolosa' 6-max Seat #1 is the button
Seat 1: lin1rabbit ($146.30 in chips)
Seat 3: xcgxcg2005 ($119.64 in chips)
lin1rabbit: posts small blind $1
xcgxcg2005: posts big blind $3
*** HOLE CARDS ***
lin1rabbit: raises $3 to $6
xcgxcg2005: raises $3 to $9
lin1rabbit: raises $3 to $12
Betting is capped
xcgxcg2005: calls $3
*** FLOP *** [3c 6h 2h]
xcgxcg2005: bets $3
lin1rabbit: raises $3 to $6
xcgxcg2005: raises $3 to $9
lin1rabbit: raises $3 to $12
Betting is capped
xcgxcg2005: calls $3
*** TURN *** [3c 6h 2h] [8s]
xcgxcg2005: bets $6
lin1rabbit: calls $6
*** RIVER *** [3c 6h 2h 8s] [9c]
xcgxcg2005: bets $6
lin1rabbit: calls $6
*** SHOW DOWN ***
xcgxcg2005: shows [Ac Ad] (a pair of Aces)
lin1rabbit: mucks hand
xcgxcg2005 collected $71.50 from pot
*** SUMMARY ***
Total pot $72 | Rake $0.50
Board [3c 6h 2h 8s 9c]
Seat 1: lin1rabbit (button) (small blind) mucked
Seat 3: xcgxcg2005 (big blind) showed [Ac Ad] and won ($71.50) with a pair of Aces


PokerStars Hand #156279100234:  Hold'em Limit ($3/$6 USD) - 2016/07/21 20:32:06 ET
Table 'Tolosa' 6-max Seat #3 is the button
Seat 1: lin1rabbit ($155.30 in chips)
Seat 3: xcgxcg2005 ($111 in chips)
xcgxcg2005: posts small blind $1
Chessnok: is sitting out
lin1rabbit: posts big blind $3
*** HOLE CARDS ***
xcgxcg2005: raises $3 to $6
lin1rabbit: calls $3
*** FLOP *** [Js 3h 6c]
lin1rabbit: checks
xcgxcg2005: bets $3
lin1rabbit: calls $3
*** TURN *** [Js 3h 6c] [As]
lin1rabbit: checks
xcgxcg2005: bets $6
lin1rabbit: folds
Uncalled bet ($6) returned to xcgxcg2005
xcgxcg2005 collected $17.64 from pot
xcgxcg2005: doesn't show hand
*** SUMMARY ***
Total pot $18 | Rake $0.36
Board [Js 3h 6c As]
Seat 1: lin1rabbit (big blind) folded on the Turn
Seat 3: xcgxcg2005 (button) (small blind) collected ($17.64)


