PokerStars Hand #162039256017:  Hold'em Limit ($3/$6 USD) - 2016/11/27 10:27:40 ET
Table 'Tolosa' 6-max Seat #6 is the button
Seat 5: Zensor666 ($131.20 in chips)
Seat 6: kolaz03 ($91.45 in chips)
kolaz03: posts small blind $1
MTails: is sitting out
Zensor666: posts big blind $3
*** HOLE CARDS ***
kolaz03: raises $3 to $6
Zensor666: calls $3
*** FLOP *** [Js Qs Tc]
Zensor666: checks
kolaz03: bets $3
Zensor666: folds
Uncalled bet ($3) returned to kolaz03
kolaz03 collected $11.76 from pot
kolaz03: doesn't show hand
*** SUMMARY ***
Total pot $12 | Rake $0.24
Board [Js Qs Tc]
Seat 5: Zensor666 (big blind) folded on the Flop
Seat 6: kolaz03 (button) (small blind) collected ($11.76)


PokerStars Hand #162039275890:  Hold'em Limit ($3/$6 USD) - 2016/11/27 10:28:10 ET
Table 'Tolosa' 6-max Seat #5 is the button
Seat 5: Zensor666 ($125.20 in chips)
Seat 6: kolaz03 ($97.21 in chips)
Zensor666: posts small blind $1
kolaz03: posts big blind $3
*** HOLE CARDS ***
Zensor666: raises $3 to $6
kolaz03: calls $3
*** FLOP *** [Td 4c Jh]
kolaz03: checks
Zensor666: bets $3
kolaz03: calls $3
*** TURN *** [Td 4c Jh] [7d]
kolaz03: checks
Zensor666: checks
*** RIVER *** [Td 4c Jh 7d] [8c]
kolaz03: checks
Zensor666: bets $6
kolaz03: calls $6
*** SHOW DOWN ***
Zensor666: shows [9c 5c] (a straight, Seven to Jack)
kolaz03: mucks hand
Zensor666 collected $29.50 from pot
*** SUMMARY ***
Total pot $30 | Rake $0.50
Board [Td 4c Jh 7d 8c]
Seat 5: Zensor666 (button) (small blind) showed [9c 5c] and won ($29.50) with a straight, Seven to Jack
Seat 6: kolaz03 (big blind) mucked


PokerStars Hand #162039309266:  Hold'em Limit ($3/$6 USD) - 2016/11/27 10:29:00 ET
Table 'Tolosa' 6-max Seat #6 is the button
Seat 5: Zensor666 ($139.70 in chips)
Seat 6: kolaz03 ($82.21 in chips)
kolaz03: posts small blind $1
Zensor666: posts big blind $3
*** HOLE CARDS ***
kolaz03: raises $3 to $6
birmancat44 joins the table at seat #2
Zensor666: calls $3
*** FLOP *** [9c Ac 5h]
Zensor666: checks
kolaz03: bets $3
Zensor666: calls $3
*** TURN *** [9c Ac 5h] [8d]
Zensor666: checks
kolaz03: bets $6
Zensor666: calls $6
*** RIVER *** [9c Ac 5h 8d] [8h]
Zensor666: checks
kolaz03: bets $6
Zensor666: calls $6
*** SHOW DOWN ***
kolaz03: shows [Jc Js] (two pair, Jacks and Eights)
Zensor666: mucks hand
kolaz03 collected $41.50 from pot
*** SUMMARY ***
Total pot $42 | Rake $0.50
Board [9c Ac 5h 8d 8h]
Seat 5: Zensor666 (big blind) mucked
Seat 6: kolaz03 (button) (small blind) showed [Jc Js] and won ($41.50) with two pair, Jacks and Eights


PokerStars Hand #162039325417:  Hold'em Limit ($3/$6 USD) - 2016/11/27 10:29:25 ET
Table 'Tolosa' 6-max Seat #5 is the button
Seat 5: Zensor666 ($118.70 in chips)
Seat 6: kolaz03 ($102.71 in chips)
Zensor666: posts small blind $1
kolaz03: posts big blind $3
*** HOLE CARDS ***
Zensor666: raises $3 to $6
VolkovDmitri joins the table at seat #3
kolaz03: raises $3 to $9
Zensor666: calls $3
*** FLOP *** [Kh 3s 2d]
kolaz03: bets $3
Zensor666: calls $3
*** TURN *** [Kh 3s 2d] [9c]
kolaz03: bets $6
Zensor666: raises $6 to $12
kolaz03: folds
Uncalled bet ($6) returned to Zensor666
Zensor666 collected $35.50 from pot
*** SUMMARY ***
Total pot $36 | Rake $0.50
Board [Kh 3s 2d 9c]
Seat 5: Zensor666 (button) (small blind) collected ($35.50)
Seat 6: kolaz03 (big blind) folded on the Turn


PokerStars Hand #162041132265:  Hold'em Limit ($3/$6 USD) - 2016/11/27 11:14:29 ET
Table 'Tolosa' 6-max Seat #1 is the button
Seat 1: hipoppotamus ($183.91 in chips)
Seat 2: GRAILKO ($200 in chips)
hipoppotamus: posts small blind $1
GRAILKO: posts big blind $3
*** HOLE CARDS ***
hipoppotamus: raises $3 to $6
GRAILKO: raises $3 to $9
hipoppotamus: calls $3
*** FLOP *** [2d 9c 5h]
GRAILKO: bets $3
hipoppotamus: calls $3
*** TURN *** [2d 9c 5h] [Jh]
GRAILKO: bets $6
hipoppotamus: raises $6 to $12
GRAILKO: calls $6
*** RIVER *** [2d 9c 5h Jh] [Ts]
GRAILKO: checks
hipoppotamus: checks
*** SHOW DOWN ***
GRAILKO: shows [7h 7s] (a pair of Sevens)
hipoppotamus: mucks hand
GRAILKO collected $47.50 from pot
*** SUMMARY ***
Total pot $48 | Rake $0.50
Board [2d 9c 5h Jh Ts]
Seat 1: hipoppotamus (button) (small blind) mucked
Seat 2: GRAILKO (big blind) showed [7h 7s] and won ($47.50) with a pair of Sevens


