PokerStars Hand #153571125383:  Hold'em Limit ($3/$6 USD) - 2016/05/20 1:00:33 ET
Table 'Tololo' 10-max Seat #7 is the button
Seat 7: Bucs9397 ($360.04 in chips)
Seat 8: anetkaapro ($117 in chips)
Bucs9397: posts small blind $1
anetkaapro: posts big blind $3
*** HOLE CARDS ***
Bucs9397: raises $3 to $6
anetkaapro: folds
Uncalled bet ($3) returned to Bucs9397
Bucs9397 collected $6 from pot
*** SUMMARY ***
Total pot $6 | Rake $0
Seat 7: Bucs9397 (button) (small blind) collected ($6)
Seat 8: anetkaapro (big blind) folded before Flop


PokerStars Hand #153571140587:  Hold'em Limit ($3/$6 USD) - 2016/05/20 1:01:36 ET
Table 'Tololo' 10-max Seat #8 is the button
Seat 7: Bucs9397 ($430.08 in chips)
Seat 8: anetkaapro ($108 in chips)
anetkaapro: posts small blind $1
Bucs9397: posts big blind $3
*** HOLE CARDS ***
anetkaapro: raises $3 to $6
Bucs9397: folds
Uncalled bet ($3) returned to anetkaapro
anetkaapro collected $6 from pot
anetkaapro: doesn't show hand
*** SUMMARY ***
Total pot $6 | Rake $0
Seat 7: Bucs9397 (big blind) folded before Flop
Seat 8: anetkaapro (button) (small blind) collected ($6)


PokerStars Hand #153571134707:  Hold'em Limit ($3/$6 USD) - 2016/05/20 1:01:12 ET
Table 'Tololo' 10-max Seat #8 is the button
Seat 7: Bucs9397 ($398.06 in chips)
Seat 8: anetkaapro ($78 in chips)
anetkaapro: posts small blind $1
Bucs9397: posts big blind $3
*** HOLE CARDS ***
anetkaapro: raises $3 to $6
Bucs9397: calls $3
*** FLOP *** [4s Kd Jc]
Bucs9397: checks
anetkaapro: bets $3
Bucs9397: calls $3
*** TURN *** [4s Kd Jc] [Jh]
Bucs9397: checks
anetkaapro: bets $6
Bucs9397: calls $6
*** RIVER *** [4s Kd Jc Jh] [8s]
Bucs9397: checks
anetkaapro: bets $6
Bucs9397: calls $6
*** SHOW DOWN ***
anetkaapro: shows [Qh Qd] (two pair, Queens and Jacks)
Bucs9397: shows [Kh 9c] (two pair, Kings and Jacks)
Bucs9397 collected $41.50 from pot
*** SUMMARY ***
Total pot $42 | Rake $0.50
Board [4s Kd Jc Jh 8s]
Seat 7: Bucs9397 (big blind) showed [Kh 9c] and won ($41.50) with two pair, Kings and Jacks
Seat 8: anetkaapro (button) (small blind) showed [Qh Qd] and lost with two pair, Queens and Jacks


PokerStars Hand #153571131520:  Hold'em Limit ($3/$6 USD) - 2016/05/20 1:00:59 ET
Table 'Tololo' 10-max Seat #7 is the button
Seat 7: Bucs9397 ($374.56 in chips)
Seat 8: anetkaapro ($102 in chips)
Bucs9397: posts small blind $1
anetkaapro: posts big blind $3
*** HOLE CARDS ***
Bucs9397: raises $3 to $6
anetkaapro: calls $3
*** FLOP *** [7s Tc 4d]
anetkaapro: checks
Bucs9397: bets $3
anetkaapro: raises $3 to $6
Bucs9397: calls $3
*** TURN *** [7s Tc 4d] [Js]
anetkaapro: checks
Bucs9397: bets $6
anetkaapro: calls $6
*** RIVER *** [7s Tc 4d Js] [2c]
anetkaapro: checks
Bucs9397: bets $6
anetkaapro: calls $6
*** SHOW DOWN ***
Bucs9397: shows [Kh Th] (a pair of Tens)
anetkaapro: mucks hand
Bucs9397 collected $47.50 from pot
*** SUMMARY ***
Total pot $48 | Rake $0.50
Board [7s Tc 4d Js 2c]
Seat 7: Bucs9397 (button) (small blind) showed [Kh Th] and won ($47.50) with a pair of Tens
Seat 8: anetkaapro (big blind) mucked


PokerStars Hand #153571137937:  Hold'em Limit ($3/$6 USD) - 2016/05/20 1:01:25 ET
Table 'Tololo' 10-max Seat #7 is the button
Seat 7: Bucs9397 ($418.56 in chips)
Seat 8: anetkaapro ($120 in chips)
Bucs9397: posts small blind $1
anetkaapro: posts big blind $3
*** HOLE CARDS ***
Bucs9397: raises $3 to $6
anetkaapro: raises $3 to $9
Bucs9397: calls $3
*** FLOP *** [7h 9c 6h]
anetkaapro: bets $3
Bucs9397: calls $3
*** TURN *** [7h 9c 6h] [8c]
anetkaapro: checks
Bucs9397: bets $6
anetkaapro: folds
Uncalled bet ($6) returned to Bucs9397
Bucs9397 collected $23.52 from pot
*** SUMMARY ***
Total pot $24 | Rake $0.48
Board [7h 9c 6h 8c]
Seat 7: Bucs9397 (button) (small blind) collected ($23.52)
Seat 8: anetkaapro (big blind) folded on the Turn


PokerStars Hand #153571143676:  Hold'em Limit ($3/$6 USD) - 2016/05/20 1:01:48 ET
Table 'Tololo' 10-max Seat #8 is the button
Seat 7: Bucs9397 ($432.84 in chips)
Seat 8: anetkaapro ($105 in chips)
anetkaapro: posts small blind $1
Bucs9397: posts big blind $3
*** HOLE CARDS ***
anetkaapro: raises $3 to $6
Bucs9397: calls $3
*** FLOP *** [Jd Tc Js]
Bucs9397: checks
anetkaapro: bets $3
Bucs9397: folds
Uncalled bet ($3) returned to anetkaapro
anetkaapro collected $11.76 from pot
anetkaapro: doesn't show hand
*** SUMMARY ***
Total pot $12 | Rake $0.24
Board [Jd Tc Js]
Seat 7: Bucs9397 (big blind) folded on the Flop
Seat 8: anetkaapro (button) (small blind) collected ($11.76)


PokerStars Hand #153571141896:  Hold'em Limit ($3/$6 USD) - 2016/05/20 1:01:41 ET
Table 'Tololo' 10-max Seat #7 is the button
Seat 7: Bucs9397 ($427.08 in chips)
Seat 8: anetkaapro ($111 in chips)
Bucs9397: posts small blind $1
anetkaapro: posts big blind $3
*** HOLE CARDS ***
Bucs9397: raises $3 to $6
anetkaapro: calls $3
*** FLOP *** [6c Kd 8h]
anetkaapro: checks
Bucs9397: bets $3
anetkaapro: folds
Uncalled bet ($3) returned to Bucs9397
Bucs9397 collected $11.76 from pot
Bucs9397: doesn't show hand
*** SUMMARY ***
Total pot $12 | Rake $0.24
Board [6c Kd 8h]
Seat 7: Bucs9397 (button) (small blind) collected ($11.76)
Seat 8: anetkaapro (big blind) folded on the Flop


PokerStars Hand #153571145564:  Hold'em Limit ($3/$6 USD) - 2016/05/20 1:01:56 ET
Table 'Tololo' 10-max Seat #7 is the button
Seat 7: Bucs9397 ($426.84 in chips)
Seat 8: anetkaapro ($110.76 in chips)
Bucs9397: posts small blind $1
anetkaapro: posts big blind $3
*** HOLE CARDS ***
Bucs9397: raises $3 to $6
anetkaapro: raises $3 to $9
Bucs9397: calls $3
*** FLOP *** [Qs 8s 9d]
anetkaapro: bets $3
Bucs9397: calls $3
*** TURN *** [Qs 8s 9d] [7h]
anetkaapro: bets $6
Bucs9397: calls $6
*** RIVER *** [Qs 8s 9d 7h] [2h]
anetkaapro: checks
Bucs9397: checks
*** SHOW DOWN ***
anetkaapro: shows [8h 6h] (a pair of Eights)
Bucs9397: mucks hand
anetkaapro collected $35.50 from pot
*** SUMMARY ***
Total pot $36 | Rake $0.50
Board [Qs 8s 9d 7h 2h]
Seat 7: Bucs9397 (button) (small blind) mucked
Seat 8: anetkaapro (big blind) showed [8h 6h] and won ($35.50) with a pair of Eights


PokerStars Hand #153571149099:  Hold'em Limit ($3/$6 USD) - 2016/05/20 1:02:10 ET
Table 'Tololo' 10-max Seat #8 is the button
Seat 7: Bucs9397 ($408.84 in chips)
Seat 8: anetkaapro ($128.26 in chips)
anetkaapro: posts small blind $1
Bucs9397: posts big blind $3
*** HOLE CARDS ***
anetkaapro: raises $3 to $6
Bucs9397: calls $3
*** FLOP *** [Jh 8h 2c]
Bucs9397: checks
anetkaapro: bets $3
Bucs9397: calls $3
*** TURN *** [Jh 8h 2c] [8c]
Bucs9397: checks
anetkaapro: bets $6
Bucs9397: calls $6
*** RIVER *** [Jh 8h 2c 8c] [Qh]
Bucs9397: checks
anetkaapro: bets $6
Bucs9397: calls $6
*** SHOW DOWN ***
anetkaapro: shows [Kh Jc] (two pair, Jacks and Eights)
Bucs9397: mucks hand
anetkaapro collected $41.50 from pot
*** SUMMARY ***
Total pot $42 | Rake $0.50
Board [Jh 8h 2c 8c Qh]
Seat 7: Bucs9397 (big blind) mucked
Seat 8: anetkaapro (button) (small blind) showed [Kh Jc] and won ($41.50) with two pair, Jacks and Eights


PokerStars Hand #153571153671:  Hold'em Limit ($3/$6 USD) - 2016/05/20 1:02:28 ET
Table 'Tololo' 10-max Seat #8 is the button
Seat 7: Bucs9397 ($386.84 in chips)
Seat 8: anetkaapro ($149.76 in chips)
anetkaapro: posts small blind $1
Bucs9397: posts big blind $3
*** HOLE CARDS ***
anetkaapro: raises $3 to $6
Bucs9397: folds
Uncalled bet ($3) returned to anetkaapro
anetkaapro collected $6 from pot
anetkaapro: doesn't show hand
*** SUMMARY ***
Total pot $6 | Rake $0
Seat 7: Bucs9397 (big blind) folded before Flop
Seat 8: anetkaapro (button) (small blind) collected ($6)


PokerStars Hand #153571152506:  Hold'em Limit ($3/$6 USD) - 2016/05/20 1:02:24 ET
Table 'Tololo' 10-max Seat #7 is the button
Seat 7: Bucs9397 ($387.84 in chips)
Seat 8: anetkaapro ($148.76 in chips)
Bucs9397: posts small blind $1
anetkaapro: posts big blind $3
*** HOLE CARDS ***
Bucs9397: folds
Uncalled bet ($2) returned to anetkaapro
anetkaapro collected $2 from pot
anetkaapro: doesn't show hand
*** SUMMARY ***
Total pot $2 | Rake $0
Seat 7: Bucs9397 (button) (small blind) folded before Flop
Seat 8: anetkaapro (big blind) collected ($2)


PokerStars Hand #153571155010:  Hold'em Limit ($3/$6 USD) - 2016/05/20 1:02:34 ET
Table 'Tololo' 10-max Seat #7 is the button
Seat 7: Bucs9397 ($383.84 in chips)
Seat 8: anetkaapro ($152.76 in chips)
Bucs9397: posts small blind $1
anetkaapro: posts big blind $3
*** HOLE CARDS ***
Bucs9397: raises $3 to $6
anetkaapro: calls $3
*** FLOP *** [Ts As 6c]
anetkaapro: checks
Bucs9397: bets $3
anetkaapro: raises $3 to $6
Bucs9397: calls $3
*** TURN *** [Ts As 6c] [7c]
anetkaapro: bets $6
Bucs9397: calls $6
*** RIVER *** [Ts As 6c 7c] [2s]
anetkaapro: bets $6
Bucs9397: raises $6 to $12
anetkaapro: calls $6
*** SHOW DOWN ***
Bucs9397: shows [3h Qc] (high card Ace)
anetkaapro: shows [Ah 4d] (a pair of Aces)
anetkaapro collected $59.50 from pot
*** SUMMARY ***
Total pot $60 | Rake $0.50
Board [Ts As 6c 7c 2s]
Seat 7: Bucs9397 (button) (small blind) showed [3h Qc] and lost with high card Ace
Seat 8: anetkaapro (big blind) showed [Ah 4d] and won ($59.50) with a pair of Aces


PokerStars Hand #153571158657:  Hold'em Limit ($3/$6 USD) - 2016/05/20 1:02:49 ET
Table 'Tololo' 10-max Seat #8 is the button
Seat 7: Bucs9397 ($353.84 in chips)
Seat 8: anetkaapro ($182.26 in chips)
anetkaapro: posts small blind $1
Bucs9397: posts big blind $3
*** HOLE CARDS ***
anetkaapro: raises $3 to $6
Bucs9397: calls $3
*** FLOP *** [8c 5h 2c]
Bucs9397: checks
anetkaapro: checks
*** TURN *** [8c 5h 2c] [4d]
Bucs9397: bets $6
anetkaapro: calls $6
*** RIVER *** [8c 5h 2c 4d] [6s]
Bucs9397: checks
anetkaapro: checks
*** SHOW DOWN ***
Bucs9397: shows [5c Qh] (a pair of Fives)
anetkaapro: mucks hand
Bucs9397 collected $23.52 from pot
*** SUMMARY ***
Total pot $24 | Rake $0.48
Board [8c 5h 2c 4d 6s]
Seat 7: Bucs9397 (big blind) showed [5c Qh] and won ($23.52) with a pair of Fives
Seat 8: anetkaapro (button) (small blind) mucked


PokerStars Hand #153571161859:  Hold'em Limit ($3/$6 USD) - 2016/05/20 1:03:02 ET
Table 'Tololo' 10-max Seat #7 is the button
Seat 7: Bucs9397 ($365.36 in chips)
Seat 8: anetkaapro ($170.26 in chips)
Bucs9397: posts small blind $1
anetkaapro: posts big blind $3
*** HOLE CARDS ***
Bucs9397: raises $3 to $6
anetkaapro: raises $3 to $9
Bucs9397: calls $3
*** FLOP *** [8h Ad 2h]
anetkaapro: bets $3
Bucs9397: calls $3
*** TURN *** [8h Ad 2h] [7c]
anetkaapro: bets $6
Bucs9397: calls $6
*** RIVER *** [8h Ad 2h 7c] [4s]
anetkaapro: bets $6
Bucs9397: calls $6
*** SHOW DOWN ***
anetkaapro: shows [Ts Ac] (a pair of Aces)
Bucs9397: mucks hand
anetkaapro collected $47.50 from pot
*** SUMMARY ***
Total pot $48 | Rake $0.50
Board [8h Ad 2h 7c 4s]
Seat 7: Bucs9397 (button) (small blind) mucked
Seat 8: anetkaapro (big blind) showed [Ts Ac] and won ($47.50) with a pair of Aces


PokerStars Hand #153571164903:  Hold'em Limit ($3/$6 USD) - 2016/05/20 1:03:14 ET
Table 'Tololo' 10-max Seat #8 is the button
Seat 7: Bucs9397 ($341.36 in chips)
Seat 8: anetkaapro ($193.76 in chips)
anetkaapro: posts small blind $1
Bucs9397: posts big blind $3
*** HOLE CARDS ***
anetkaapro: raises $3 to $6
Bucs9397: calls $3
*** FLOP *** [7d Kh 5d]
Bucs9397: checks
anetkaapro: bets $3
Bucs9397: raises $3 to $6
anetkaapro: calls $3
*** TURN *** [7d Kh 5d] [6s]
Bucs9397: bets $6
anetkaapro: calls $6
*** RIVER *** [7d Kh 5d 6s] [4h]
SALZHERZ joins the table at seat #10
Bucs9397: bets $6
anetkaapro said, "SALHERZ heads up please :)"
anetkaapro: calls $6
*** SHOW DOWN ***
Bucs9397: shows [6c 3c] (a straight, Three to Seven)
anetkaapro: mucks hand
Bucs9397 collected $47.50 from pot
*** SUMMARY ***
Total pot $48 | Rake $0.50
Board [7d Kh 5d 6s 4h]
Seat 7: Bucs9397 (big blind) showed [6c 3c] and won ($47.50) with a straight, Three to Seven
Seat 8: anetkaapro (button) (small blind) mucked


PokerStars Hand #153571173043:  Hold'em Limit ($3/$6 USD) - 2016/05/20 1:03:47 ET
Table 'Tololo' 10-max Seat #7 is the button
Seat 7: Bucs9397 ($364.86 in chips)
Seat 8: anetkaapro ($169.76 in chips)
Bucs9397: posts small blind $1
anetkaapro: posts big blind $3
*** HOLE CARDS ***
Bucs9397: raises $3 to $6
anetkaapro said, "new table?"
anetkaapro: raises $3 to $9
Bucs9397: calls $3
*** FLOP *** [8h Ad 2c]
anetkaapro: bets $3
Bucs9397: calls $3
*** TURN *** [8h Ad 2c] [Kh]
anetkaapro: bets $6
Bucs9397: calls $6
*** RIVER *** [8h Ad 2c Kh] [4d]
anetkaapro: bets $6
Bucs9397: folds
Uncalled bet ($6) returned to anetkaapro
anetkaapro collected $35.50 from pot
anetkaapro: doesn't show hand
*** SUMMARY ***
Total pot $36 | Rake $0.50
Board [8h Ad 2c Kh 4d]
Seat 7: Bucs9397 (button) (small blind) folded on the River
Seat 8: anetkaapro (big blind) collected ($35.50)


PokerStars Hand #153571203563:  Hold'em Limit ($3/$6 USD) - 2016/05/20 1:05:48 ET
Table 'Tololo' 10-max Seat #7 is the button
Seat 7: Bucs9397 ($389.52 in chips)
Seat 10: SALZHERZ ($87 in chips)
Bucs9397: posts small blind $1
SALZHERZ: posts big blind $3
*** HOLE CARDS ***
Bucs9397: raises $3 to $6
SALZHERZ: calls $3
*** FLOP *** [2s 9s Jc]
SALZHERZ: checks
ME HAPPYBEE joins the table at seat #6
Bucs9397: bets $3
SALZHERZ: calls $3
*** TURN *** [2s 9s Jc] [Js]
SALZHERZ: checks
Bucs9397: bets $6
SALZHERZ: calls $6
*** RIVER *** [2s 9s Jc Js] [Ad]
SALZHERZ: bets $6
Bucs9397: calls $6
*** SHOW DOWN ***
SALZHERZ: shows [Ah 8s] (two pair, Aces and Jacks)
Bucs9397: mucks hand
SALZHERZ collected $41.50 from pot
*** SUMMARY ***
Total pot $42 | Rake $0.50
Board [2s 9s Jc Js Ad]
Seat 7: Bucs9397 (button) (small blind) mucked
Seat 10: SALZHERZ (big blind) showed [Ah 8s] and won ($41.50) with two pair, Aces and Jacks


PokerStars Hand #153571202152:  Hold'em Limit ($3/$6 USD) - 2016/05/20 1:05:43 ET
Table 'Tololo' 10-max Seat #10 is the button
Seat 7: Bucs9397 ($388.52 in chips)
Seat 10: SALZHERZ ($88 in chips)
SALZHERZ: posts small blind $1
Bucs9397: posts big blind $3
*** HOLE CARDS ***
SALZHERZ: folds
Uncalled bet ($2) returned to Bucs9397
Bucs9397 collected $2 from pot
*** SUMMARY ***
Total pot $2 | Rake $0
Seat 7: Bucs9397 (big blind) collected ($2)
Seat 10: SALZHERZ (button) (small blind) folded before Flop


PokerStars Hand #153571200439:  Hold'em Limit ($3/$6 USD) - 2016/05/20 1:05:36 ET
Table 'Tololo' 10-max Seat #7 is the button
Seat 7: Bucs9397 ($389.52 in chips)
Seat 10: SALZHERZ ($87 in chips)
Bucs9397: posts small blind $1
anetkaapro: is sitting out
SALZHERZ: posts big blind $3
*** HOLE CARDS ***
Bucs9397: folds
Uncalled bet ($2) returned to SALZHERZ
SALZHERZ collected $2 from pot
SALZHERZ: doesn't show hand
*** SUMMARY ***
Total pot $2 | Rake $0
Seat 7: Bucs9397 (button) (small blind) folded before Flop
Seat 10: SALZHERZ (big blind) collected ($2)


PokerStars Hand #153571213389:  Hold'em Limit ($3/$6 USD) - 2016/05/20 1:06:27 ET
Table 'Tololo' 10-max Seat #6 is the button
Seat 6: ME HAPPYBEE ($144 in chips)
Seat 10: SALZHERZ ($122 in chips)
ME HAPPYBEE: posts small blind $1
SALZHERZ: posts big blind $3
*** HOLE CARDS ***
ME HAPPYBEE: raises $3 to $6
SALZHERZ: calls $3
*** FLOP *** [7h 3h Ac]
SALZHERZ: checks
ME HAPPYBEE: bets $3
SALZHERZ: calls $3
*** TURN *** [7h 3h Ac] [2d]
SALZHERZ: checks
ME HAPPYBEE: bets $6
SALZHERZ: calls $6
*** RIVER *** [7h 3h Ac 2d] [Ad]
SALZHERZ: checks
ME HAPPYBEE: checks
*** SHOW DOWN ***
SALZHERZ: shows [5h 8c] (a pair of Aces)
ME HAPPYBEE: shows [6h 8h] (a pair of Aces - Eight+Seven+Six kicker)
ME HAPPYBEE collected $29.50 from pot
*** SUMMARY ***
Total pot $30 | Rake $0.50
Board [7h 3h Ac 2d Ad]
Seat 6: ME HAPPYBEE (button) (small blind) showed [6h 8h] and won ($29.50) with a pair of Aces
Seat 10: SALZHERZ (big blind) showed [5h 8c] and lost with a pair of Aces


PokerStars Hand #153571208253:  Hold'em Limit ($3/$6 USD) - 2016/05/20 1:06:06 ET
Table 'Tololo' 10-max Seat #10 is the button
Seat 6: ME HAPPYBEE ($144 in chips)
Seat 10: SALZHERZ ($107.50 in chips)
SALZHERZ: posts small blind $1
ME HAPPYBEE: posts big blind $3
*** HOLE CARDS ***
Bucs9397 leaves the table
SALZHERZ: raises $3 to $6
ME HAPPYBEE: calls $3
*** FLOP *** [3d Ah 4d]
ME HAPPYBEE: checks
SALZHERZ: bets $3
ME HAPPYBEE: raises $3 to $6
SALZHERZ: raises $3 to $9
ME HAPPYBEE: calls $3
*** TURN *** [3d Ah 4d] [2d]
ME HAPPYBEE: checks
SALZHERZ: bets $6
ME HAPPYBEE: folds
Uncalled bet ($6) returned to SALZHERZ
SALZHERZ collected $29.50 from pot
SALZHERZ: doesn't show hand
*** SUMMARY ***
Total pot $30 | Rake $0.50
Board [3d Ah 4d 2d]
Seat 6: ME HAPPYBEE (big blind) folded on the Turn
Seat 10: SALZHERZ (button) (small blind) collected ($29.50)


PokerStars Hand #153571219708:  Hold'em Limit ($3/$6 USD) - 2016/05/20 1:06:51 ET
Table 'Tololo' 10-max Seat #10 is the button
Seat 6: ME HAPPYBEE ($158.50 in chips)
Seat 10: SALZHERZ ($107 in chips)
SALZHERZ: posts small blind $1
ME HAPPYBEE: posts big blind $3
*** HOLE CARDS ***
SALZHERZ: raises $3 to $6
ME HAPPYBEE: raises $3 to $9
SALZHERZ: raises $3 to $12
Betting is capped
ME HAPPYBEE: calls $3
*** FLOP *** [Kd 4c 4h]
ME HAPPYBEE: checks
SALZHERZ: bets $3
ME HAPPYBEE: calls $3
*** TURN *** [Kd 4c 4h] [7s]
ME HAPPYBEE: checks
SALZHERZ: bets $6
ME HAPPYBEE: calls $6
*** RIVER *** [Kd 4c 4h 7s] [5s]
ME HAPPYBEE: checks
SALZHERZ: bets $6
ME HAPPYBEE: calls $6
*** SHOW DOWN ***
SALZHERZ: shows [5h 5d] (a full house, Fives full of Fours)
ME HAPPYBEE: mucks hand
SALZHERZ collected $53.50 from pot
*** SUMMARY ***
Total pot $54 | Rake $0.50
Board [Kd 4c 4h 7s 5s]
Seat 6: ME HAPPYBEE (big blind) mucked
Seat 10: SALZHERZ (button) (small blind) showed [5h 5d] and won ($53.50) with a full house, Fives full of Fours


PokerStars Hand #153571225280:  Hold'em Limit ($3/$6 USD) - 2016/05/20 1:07:13 ET
Table 'Tololo' 10-max Seat #6 is the button
Seat 6: ME HAPPYBEE ($144 in chips)
Seat 10: SALZHERZ ($133.50 in chips)
ME HAPPYBEE: posts small blind $1
SALZHERZ: posts big blind $3
*** HOLE CARDS ***
ME HAPPYBEE: raises $3 to $6
SALZHERZ: calls $3
*** FLOP *** [4s 2h 6s]
SALZHERZ: bets $3
ME HAPPYBEE: calls $3
*** TURN *** [4s 2h 6s] [6d]
SALZHERZ: bets $6
ME HAPPYBEE: folds
Uncalled bet ($6) returned to SALZHERZ
SALZHERZ collected $17.64 from pot
SALZHERZ: doesn't show hand
*** SUMMARY ***
Total pot $18 | Rake $0.36
Board [4s 2h 6s 6d]
Seat 6: ME HAPPYBEE (button) (small blind) folded on the Turn
Seat 10: SALZHERZ (big blind) collected ($17.64)


PokerStars Hand #153571233872:  Hold'em Limit ($3/$6 USD) - 2016/05/20 1:07:47 ET
Table 'Tololo' 10-max Seat #10 is the button
Seat 6: ME HAPPYBEE ($147 in chips)
Seat 10: SALZHERZ ($144.90 in chips)
SALZHERZ: posts small blind $1
ME HAPPYBEE: posts big blind $3
*** HOLE CARDS ***
SALZHERZ: calls $2
ME HAPPYBEE: raises $3 to $6
SALZHERZ: calls $3
*** FLOP *** [5c Qd 4s]
ME HAPPYBEE: bets $3
SALZHERZ: folds
Uncalled bet ($3) returned to ME HAPPYBEE
ME HAPPYBEE collected $11.76 from pot
ME HAPPYBEE: doesn't show hand
*** SUMMARY ***
Total pot $12 | Rake $0.24
Board [5c Qd 4s]
Seat 6: ME HAPPYBEE (big blind) collected ($11.76)
Seat 10: SALZHERZ (button) (small blind) folded on the Flop


PokerStars Hand #153571232493:  Hold'em Limit ($3/$6 USD) - 2016/05/20 1:07:41 ET
Table 'Tololo' 10-max Seat #6 is the button
Seat 6: ME HAPPYBEE ($144 in chips)
Seat 10: SALZHERZ ($147.90 in chips)
ME HAPPYBEE: posts small blind $1
SALZHERZ: posts big blind $3
*** HOLE CARDS ***
ME HAPPYBEE: raises $3 to $6
SALZHERZ: folds
Uncalled bet ($3) returned to ME HAPPYBEE
ME HAPPYBEE collected $6 from pot
ME HAPPYBEE: doesn't show hand
*** SUMMARY ***
Total pot $6 | Rake $0
Seat 6: ME HAPPYBEE (button) (small blind) collected ($6)
Seat 10: SALZHERZ (big blind) folded before Flop


PokerStars Hand #153571228611:  Hold'em Limit ($3/$6 USD) - 2016/05/20 1:07:26 ET
Table 'Tololo' 10-max Seat #10 is the button
Seat 6: ME HAPPYBEE ($144 in chips)
Seat 10: SALZHERZ ($142.14 in chips)
SALZHERZ: posts small blind $1
ME HAPPYBEE: posts big blind $3
*** HOLE CARDS ***
SALZHERZ: raises $3 to $6
ME HAPPYBEE: calls $3
*** FLOP *** [6d 8c 5d]
ME HAPPYBEE: checks
SALZHERZ: bets $3
ME HAPPYBEE: folds
Uncalled bet ($3) returned to SALZHERZ
SALZHERZ collected $11.76 from pot
SALZHERZ: doesn't show hand
*** SUMMARY ***
Total pot $12 | Rake $0.24
Board [6d 8c 5d]
Seat 6: ME HAPPYBEE (big blind) folded on the Flop
Seat 10: SALZHERZ (button) (small blind) collected ($11.76)


PokerStars Hand #153571241442:  Hold'em Limit ($3/$6 USD) - 2016/05/20 1:08:17 ET
Table 'Tololo' 10-max Seat #6 is the button
Seat 6: ME HAPPYBEE ($162.40 in chips)
Seat 10: SALZHERZ ($128.90 in chips)
ME HAPPYBEE: posts small blind $1
SALZHERZ: posts big blind $3
*** HOLE CARDS ***
ME HAPPYBEE: raises $3 to $6
SALZHERZ: calls $3
*** FLOP *** [Th 3h Kh]
SALZHERZ: checks
ME HAPPYBEE: bets $3
SALZHERZ: folds
Uncalled bet ($3) returned to ME HAPPYBEE
ME HAPPYBEE collected $11.76 from pot
ME HAPPYBEE: doesn't show hand
*** SUMMARY ***
Total pot $12 | Rake $0.24
Board [Th 3h Kh]
Seat 6: ME HAPPYBEE (button) (small blind) collected ($11.76)
Seat 10: SALZHERZ (big blind) folded on the Flop


PokerStars Hand #153571255945:  Hold'em Limit ($3/$6 USD) - 2016/05/20 1:08:47 ET
Table 'Tololo' 10-max Seat #6 is the button
Seat 6: ME HAPPYBEE ($169.16 in chips)
Seat 10: SALZHERZ ($121.90 in chips)
ME HAPPYBEE: posts small blind $1
SALZHERZ: posts big blind $3
*** HOLE CARDS ***
ME HAPPYBEE: raises $3 to $6
SALZHERZ: raises $3 to $9
ME HAPPYBEE: calls $3
*** FLOP *** [8d 6s 8h]
SALZHERZ: bets $3
ME HAPPYBEE: calls $3
*** TURN *** [8d 6s 8h] [Qd]
SALZHERZ: bets $6
ME HAPPYBEE: calls $6
*** RIVER *** [8d 6s 8h Qd] [Kh]
SALZHERZ: checks
ME HAPPYBEE: bets $6
SALZHERZ: calls $6
*** SHOW DOWN ***
ME HAPPYBEE: shows [Qh Kc] (two pair, Kings and Queens)
SALZHERZ: mucks hand
ME HAPPYBEE collected $47.50 from pot
*** SUMMARY ***
Total pot $48 | Rake $0.50
Board [8d 6s 8h Qd Kh]
Seat 6: ME HAPPYBEE (button) (small blind) showed [Qh Kc] and won ($47.50) with two pair, Kings and Queens
Seat 10: SALZHERZ (big blind) mucked


PokerStars Hand #153571239995:  Hold'em Limit ($3/$6 USD) - 2016/05/20 1:08:11 ET
Table 'Tololo' 10-max Seat #10 is the button
Seat 6: ME HAPPYBEE ($161.40 in chips)
Seat 10: SALZHERZ ($129.90 in chips)
SALZHERZ: posts small blind $1
ME HAPPYBEE: posts big blind $3
*** HOLE CARDS ***
SALZHERZ: folds
Uncalled bet ($2) returned to ME HAPPYBEE
ME HAPPYBEE collected $2 from pot
ME HAPPYBEE: doesn't show hand
*** SUMMARY ***
Total pot $2 | Rake $0
Seat 6: ME HAPPYBEE (big blind) collected ($2)
Seat 10: SALZHERZ (button) (small blind) folded before Flop


PokerStars Hand #153571235960:  Hold'em Limit ($3/$6 USD) - 2016/05/20 1:07:55 ET
Table 'Tololo' 10-max Seat #6 is the button
Seat 6: ME HAPPYBEE ($152.76 in chips)
Seat 10: SALZHERZ ($138.90 in chips)
ME HAPPYBEE: posts small blind $1
SALZHERZ: posts big blind $3
*** HOLE CARDS ***
ME HAPPYBEE: raises $3 to $6
SALZHERZ: raises $3 to $9
ME HAPPYBEE: calls $3
*** FLOP *** [Td 3d Qc]
SALZHERZ: checks
ME HAPPYBEE: checks
*** TURN *** [Td 3d Qc] [6d]
SALZHERZ: checks
ME HAPPYBEE: bets $6
SALZHERZ: folds
Uncalled bet ($6) returned to ME HAPPYBEE
ME HAPPYBEE collected $17.64 from pot
ME HAPPYBEE: doesn't show hand
*** SUMMARY ***
Total pot $18 | Rake $0.36
Board [Td 3d Qc 6d]
Seat 6: ME HAPPYBEE (button) (small blind) collected ($17.64)
Seat 10: SALZHERZ (big blind) folded on the Turn


PokerStars Hand #153571254730:  Hold'em Limit ($3/$6 USD) - 2016/05/20 1:08:42 ET
Table 'Tololo' 10-max Seat #10 is the button
Seat 6: ME HAPPYBEE ($168.16 in chips)
Seat 10: SALZHERZ ($122.90 in chips)
SALZHERZ: posts small blind $1
ME HAPPYBEE: posts big blind $3
*** HOLE CARDS ***
SALZHERZ: folds
Uncalled bet ($2) returned to ME HAPPYBEE
ME HAPPYBEE collected $2 from pot
ME HAPPYBEE: doesn't show hand
*** SUMMARY ***
Total pot $2 | Rake $0
Seat 6: ME HAPPYBEE (big blind) collected ($2)
Seat 10: SALZHERZ (button) (small blind) folded before Flop


PokerStars Hand #153571253626:  Hold'em Limit ($3/$6 USD) - 2016/05/20 1:08:38 ET
Table 'Tololo' 10-max Seat #6 is the button
Seat 6: ME HAPPYBEE ($169.16 in chips)
Seat 10: SALZHERZ ($121.90 in chips)
ME HAPPYBEE: posts small blind $1
SALZHERZ: posts big blind $3
*** HOLE CARDS ***
ME HAPPYBEE: folds
Uncalled bet ($2) returned to SALZHERZ
SALZHERZ collected $2 from pot
SALZHERZ: doesn't show hand
*** SUMMARY ***
Total pot $2 | Rake $0
Seat 6: ME HAPPYBEE (button) (small blind) folded before Flop
Seat 10: SALZHERZ (big blind) collected ($2)


PokerStars Hand #153571252375:  Hold'em Limit ($3/$6 USD) - 2016/05/20 1:08:33 ET
Table 'Tololo' 10-max Seat #10 is the button
Seat 6: ME HAPPYBEE ($168.16 in chips)
Seat 10: SALZHERZ ($122.90 in chips)
SALZHERZ: posts small blind $1
ME HAPPYBEE: posts big blind $3
*** HOLE CARDS ***
SALZHERZ: folds
Uncalled bet ($2) returned to ME HAPPYBEE
ME HAPPYBEE collected $2 from pot
ME HAPPYBEE: doesn't show hand
*** SUMMARY ***
Total pot $2 | Rake $0
Seat 6: ME HAPPYBEE (big blind) collected ($2)
Seat 10: SALZHERZ (button) (small blind) folded before Flop


PokerStars Hand #153571265191:  Hold'em Limit ($3/$6 USD) - 2016/05/20 1:09:23 ET
Table 'Tololo' 10-max Seat #6 is the button
Seat 6: ME HAPPYBEE ($186.66 in chips)
Seat 10: SALZHERZ ($103.66 in chips)
ME HAPPYBEE: posts small blind $1
SALZHERZ: posts big blind $3
*** HOLE CARDS ***
ME HAPPYBEE: folds
Uncalled bet ($2) returned to SALZHERZ
SALZHERZ collected $2 from pot
SALZHERZ: doesn't show hand
*** SUMMARY ***
Total pot $2 | Rake $0
Seat 6: ME HAPPYBEE (button) (small blind) folded before Flop
Seat 10: SALZHERZ (big blind) collected ($2)


PokerStars Hand #153571260931:  Hold'em Limit ($3/$6 USD) - 2016/05/20 1:09:06 ET
Table 'Tololo' 10-max Seat #10 is the button
Seat 6: ME HAPPYBEE ($192.66 in chips)
Seat 10: SALZHERZ ($97.90 in chips)
SALZHERZ: posts small blind $1
ME HAPPYBEE: posts big blind $3
*** HOLE CARDS ***
SALZHERZ: raises $3 to $6
ME HAPPYBEE: calls $3
*** FLOP *** [Qd 2h 7c]
ME HAPPYBEE: checks
SALZHERZ: checks
*** TURN *** [Qd 2h 7c] [2c]
ME HAPPYBEE: checks
SALZHERZ: checks
*** RIVER *** [Qd 2h 7c 2c] [6h]
ME HAPPYBEE: checks
SALZHERZ: checks
*** SHOW DOWN ***
ME HAPPYBEE: shows [5s Jd] (a pair of Deuces)
SALZHERZ: shows [As 3h] (a pair of Deuces - Ace kicker)
SALZHERZ collected $11.76 from pot
*** SUMMARY ***
Total pot $12 | Rake $0.24
Board [Qd 2h 7c 2c 6h]
Seat 6: ME HAPPYBEE (big blind) showed [5s Jd] and lost with a pair of Deuces
Seat 10: SALZHERZ (button) (small blind) showed [As 3h] and won ($11.76) with a pair of Deuces


PokerStars Hand #153571266386:  Hold'em Limit ($3/$6 USD) - 2016/05/20 1:09:28 ET
Table 'Tololo' 10-max Seat #10 is the button
Seat 6: ME HAPPYBEE ($185.66 in chips)
Seat 10: SALZHERZ ($104.66 in chips)
SALZHERZ: posts small blind $1
ME HAPPYBEE: posts big blind $3
*** HOLE CARDS ***
SALZHERZ: folds
Uncalled bet ($2) returned to ME HAPPYBEE
ME HAPPYBEE collected $2 from pot
ME HAPPYBEE: doesn't show hand
*** SUMMARY ***
Total pot $2 | Rake $0
Seat 6: ME HAPPYBEE (big blind) collected ($2)
Seat 10: SALZHERZ (button) (small blind) folded before Flop


PokerStars Hand #153571271252:  Hold'em Limit ($3/$6 USD) - 2016/05/20 1:09:47 ET
Table 'Tololo' 10-max Seat #10 is the button
Seat 6: ME HAPPYBEE ($198.18 in chips)
Seat 10: SALZHERZ ($91.66 in chips)
SALZHERZ: posts small blind $1
ME HAPPYBEE: posts big blind $3
*** HOLE CARDS ***
SALZHERZ: folds
Uncalled bet ($2) returned to ME HAPPYBEE
ME HAPPYBEE collected $2 from pot
ME HAPPYBEE: doesn't show hand
*** SUMMARY ***
Total pot $2 | Rake $0
Seat 6: ME HAPPYBEE (big blind) collected ($2)
Seat 10: SALZHERZ (button) (small blind) folded before Flop


PokerStars Hand #153571267573:  Hold'em Limit ($3/$6 USD) - 2016/05/20 1:09:33 ET
Table 'Tololo' 10-max Seat #6 is the button
Seat 6: ME HAPPYBEE ($186.66 in chips)
Seat 10: SALZHERZ ($103.66 in chips)
ME HAPPYBEE: posts small blind $1
SALZHERZ: posts big blind $3
*** HOLE CARDS ***
ME HAPPYBEE: raises $3 to $6
SALZHERZ: raises $3 to $9
ME HAPPYBEE: calls $3
*** FLOP *** [9d 2h 3d]
SALZHERZ: bets $3
ME HAPPYBEE: calls $3
*** TURN *** [9d 2h 3d] [Td]
SALZHERZ: checks
ME HAPPYBEE: bets $6
SALZHERZ: folds
Uncalled bet ($6) returned to ME HAPPYBEE
ME HAPPYBEE collected $23.52 from pot
ME HAPPYBEE: doesn't show hand
*** SUMMARY ***
Total pot $24 | Rake $0.48
Board [9d 2h 3d Td]
Seat 6: ME HAPPYBEE (button) (small blind) collected ($23.52)
Seat 10: SALZHERZ (big blind) folded on the Turn


PokerStars Hand #153571285257:  Hold'em Limit ($3/$6 USD) - 2016/05/20 1:10:44 ET
Table 'Tololo' 10-max Seat #6 is the button
Seat 6: ME HAPPYBEE ($194.68 in chips)
Seat 10: SALZHERZ ($94.16 in chips)
ME HAPPYBEE: posts small blind $1
SALZHERZ: posts big blind $3
*** HOLE CARDS ***
ME HAPPYBEE: raises $3 to $6
SALZHERZ: calls $3
*** FLOP *** [6c 5s Qc]
SALZHERZ: bets $3
ME HAPPYBEE: calls $3
*** TURN *** [6c 5s Qc] [6h]
SALZHERZ: bets $6
ME HAPPYBEE: calls $6
*** RIVER *** [6c 5s Qc 6h] [As]
SALZHERZ: checks
ME HAPPYBEE: bets $6
SALZHERZ: folds
Uncalled bet ($6) returned to ME HAPPYBEE
ME HAPPYBEE collected $29.50 from pot
ME HAPPYBEE: doesn't show hand
*** SUMMARY ***
Total pot $30 | Rake $0.50
Board [6c 5s Qc 6h As]
Seat 6: ME HAPPYBEE (button) (small blind) collected ($29.50)
Seat 10: SALZHERZ (big blind) folded on the River


PokerStars Hand #153571277443:  Hold'em Limit ($3/$6 USD) - 2016/05/20 1:10:12 ET
Table 'Tololo' 10-max Seat #10 is the button
Seat 6: ME HAPPYBEE ($216.68 in chips)
Seat 10: SALZHERZ ($72.66 in chips)
SALZHERZ: posts small blind $1
ME HAPPYBEE: posts big blind $3
*** HOLE CARDS ***
SALZHERZ: folds
Uncalled bet ($2) returned to ME HAPPYBEE
ME HAPPYBEE collected $2 from pot
ME HAPPYBEE: doesn't show hand
*** SUMMARY ***
Total pot $2 | Rake $0
Seat 6: ME HAPPYBEE (big blind) collected ($2)
Seat 10: SALZHERZ (button) (small blind) folded before Flop


PokerStars Hand #153571272337:  Hold'em Limit ($3/$6 USD) - 2016/05/20 1:09:52 ET
Table 'Tololo' 10-max Seat #6 is the button
Seat 6: ME HAPPYBEE ($199.18 in chips)
Seat 10: SALZHERZ ($90.66 in chips)
ME HAPPYBEE: posts small blind $1
SALZHERZ: posts big blind $3
*** HOLE CARDS ***
ME HAPPYBEE: raises $3 to $6
SALZHERZ: raises $3 to $9
ME HAPPYBEE: calls $3
*** FLOP *** [5s Jc 8d]
SALZHERZ: checks
ME HAPPYBEE: bets $3
SALZHERZ: calls $3
*** TURN *** [5s Jc 8d] [7s]
SALZHERZ: checks
ME HAPPYBEE: bets $6
SALZHERZ: calls $6
*** RIVER *** [5s Jc 8d 7s] [2c]
SALZHERZ: checks
ME HAPPYBEE: bets $6
SALZHERZ: folds
Uncalled bet ($6) returned to ME HAPPYBEE
ME HAPPYBEE collected $35.50 from pot
ME HAPPYBEE: doesn't show hand
*** SUMMARY ***
Total pot $36 | Rake $0.50
Board [5s Jc 8d 7s 2c]
Seat 6: ME HAPPYBEE (button) (small blind) collected ($35.50)
Seat 10: SALZHERZ (big blind) folded on the River


PokerStars Hand #153571284134:  Hold'em Limit ($3/$6 USD) - 2016/05/20 1:10:39 ET
Table 'Tololo' 10-max Seat #10 is the button
Seat 6: ME HAPPYBEE ($193.68 in chips)
Seat 10: SALZHERZ ($95.16 in chips)
SALZHERZ: posts small blind $1
ME HAPPYBEE: posts big blind $3
*** HOLE CARDS ***
SALZHERZ: folds
Uncalled bet ($2) returned to ME HAPPYBEE
ME HAPPYBEE collected $2 from pot
ME HAPPYBEE: doesn't show hand
*** SUMMARY ***
Total pot $2 | Rake $0
Seat 6: ME HAPPYBEE (big blind) collected ($2)
Seat 10: SALZHERZ (button) (small blind) folded before Flop


PokerStars Hand #153571305167:  Hold'em Limit ($3/$6 USD) - 2016/05/20 1:12:02 ET
Table 'Tololo' 10-max Seat #10 is the button
Seat 6: ME HAPPYBEE ($215.34 in chips)
Seat 10: SALZHERZ ($71.68 in chips)
SALZHERZ: posts small blind $1
ME HAPPYBEE: posts big blind $3
*** HOLE CARDS ***
SALZHERZ: raises $3 to $6
ME HAPPYBEE: folds
Uncalled bet ($3) returned to SALZHERZ
SALZHERZ collected $6 from pot
SALZHERZ: doesn't show hand
*** SUMMARY ***
Total pot $6 | Rake $0
Seat 6: ME HAPPYBEE (big blind) folded before Flop
Seat 10: SALZHERZ (button) (small blind) collected ($6)


PokerStars Hand #153571302072:  Hold'em Limit ($3/$6 USD) - 2016/05/20 1:11:50 ET
Table 'Tololo' 10-max Seat #6 is the button
Seat 6: ME HAPPYBEE ($206.70 in chips)
Seat 10: SALZHERZ ($80.68 in chips)
ME HAPPYBEE: posts small blind $1
SALZHERZ: posts big blind $3
*** HOLE CARDS ***
ME HAPPYBEE: raises $3 to $6
SALZHERZ: calls $3
*** FLOP *** [4s Qc 2h]
SALZHERZ: checks
ME HAPPYBEE: bets $3
SALZHERZ: calls $3
*** TURN *** [4s Qc 2h] [9h]
SALZHERZ: checks
ME HAPPYBEE: bets $6
SALZHERZ: folds
Uncalled bet ($6) returned to ME HAPPYBEE
ME HAPPYBEE collected $17.64 from pot
ME HAPPYBEE: doesn't show hand
*** SUMMARY ***
Total pot $18 | Rake $0.36
Board [4s Qc 2h 9h]
Seat 6: ME HAPPYBEE (button) (small blind) collected ($17.64)
Seat 10: SALZHERZ (big blind) folded on the Turn


PokerStars Hand #153571293531:  Hold'em Limit ($3/$6 USD) - 2016/05/20 1:11:16 ET
Table 'Tololo' 10-max Seat #10 is the button
Seat 6: ME HAPPYBEE ($202.18 in chips)
Seat 10: SALZHERZ ($85.92 in chips)
SALZHERZ: posts small blind $1
ME HAPPYBEE: posts big blind $3
*** HOLE CARDS ***
SALZHERZ: raises $3 to $6
ME HAPPYBEE: calls $3
*** FLOP *** [Ac Js 4s]
ME HAPPYBEE: checks
SALZHERZ: checks
*** TURN *** [Ac Js 4s] [8s]
ME HAPPYBEE: checks
SALZHERZ: checks
*** RIVER *** [Ac Js 4s 8s] [Jh]
ME HAPPYBEE: checks
SALZHERZ: checks
*** SHOW DOWN ***
ME HAPPYBEE: shows [Kc 3c] (a pair of Jacks)
SALZHERZ: shows [6s 6h] (two pair, Jacks and Sixes)
SALZHERZ collected $11.76 from pot
*** SUMMARY ***
Total pot $12 | Rake $0.24
Board [Ac Js 4s 8s Jh]
Seat 6: ME HAPPYBEE (big blind) showed [Kc 3c] and lost with a pair of Jacks
Seat 10: SALZHERZ (button) (small blind) showed [6s 6h] and won ($11.76) with two pair, Jacks and Sixes


PokerStars Hand #153571296517:  Hold'em Limit ($3/$6 USD) - 2016/05/20 1:11:28 ET
Table 'Tololo' 10-max Seat #6 is the button
Seat 6: ME HAPPYBEE ($196.18 in chips)
Seat 10: SALZHERZ ($91.68 in chips)
ME HAPPYBEE: posts small blind $1
SALZHERZ: posts big blind $3
*** HOLE CARDS ***
ME HAPPYBEE: folds
Uncalled bet ($2) returned to SALZHERZ
SALZHERZ collected $2 from pot
SALZHERZ: doesn't show hand
*** SUMMARY ***
Total pot $2 | Rake $0
Seat 6: ME HAPPYBEE (button) (small blind) folded before Flop
Seat 10: SALZHERZ (big blind) collected ($2)


PokerStars Hand #153571297644:  Hold'em Limit ($3/$6 USD) - 2016/05/20 1:11:33 ET
Table 'Tololo' 10-max Seat #10 is the button
Seat 6: ME HAPPYBEE ($195.18 in chips)
Seat 10: SALZHERZ ($92.68 in chips)
SALZHERZ: posts small blind $1
ME HAPPYBEE: posts big blind $3
*** HOLE CARDS ***
SALZHERZ: raises $3 to $6
ME HAPPYBEE: calls $3
*** FLOP *** [5h 3c 5d]
ME HAPPYBEE: checks
SALZHERZ: checks
*** TURN *** [5h 3c 5d] [8h]
ME HAPPYBEE: checks
SALZHERZ: checks
*** RIVER *** [5h 3c 5d 8h] [Qs]
ME HAPPYBEE: checks
SALZHERZ: bets $6
ME HAPPYBEE: calls $6
*** SHOW DOWN ***
SALZHERZ: shows [9d 2c] (a pair of Fives)
ME HAPPYBEE: shows [4h 3d] (two pair, Fives and Threes)
ME HAPPYBEE collected $23.52 from pot
*** SUMMARY ***
Total pot $24 | Rake $0.48
Board [5h 3c 5d 8h Qs]
Seat 6: ME HAPPYBEE (big blind) showed [4h 3d] and won ($23.52) with two pair, Fives and Threes
Seat 10: SALZHERZ (button) (small blind) showed [9d 2c] and lost with a pair of Fives


PokerStars Hand #153571292421:  Hold'em Limit ($3/$6 USD) - 2016/05/20 1:11:12 ET
Table 'Tololo' 10-max Seat #6 is the button
Seat 6: ME HAPPYBEE ($203.18 in chips)
Seat 10: SALZHERZ ($84.92 in chips)
ME HAPPYBEE: posts small blind $1
SALZHERZ: posts big blind $3
*** HOLE CARDS ***
ME HAPPYBEE: folds
Uncalled bet ($2) returned to SALZHERZ
SALZHERZ collected $2 from pot
SALZHERZ: doesn't show hand
*** SUMMARY ***
Total pot $2 | Rake $0
Seat 6: ME HAPPYBEE (button) (small blind) folded before Flop
Seat 10: SALZHERZ (big blind) collected ($2)


PokerStars Hand #153571289374:  Hold'em Limit ($3/$6 USD) - 2016/05/20 1:11:00 ET
Table 'Tololo' 10-max Seat #10 is the button
Seat 6: ME HAPPYBEE ($209.18 in chips)
Seat 10: SALZHERZ ($79.16 in chips)
SALZHERZ: posts small blind $1
ME HAPPYBEE: posts big blind $3
*** HOLE CARDS ***
SALZHERZ: raises $3 to $6
ME HAPPYBEE: calls $3
*** FLOP *** [3h 6h Kh]
ME HAPPYBEE: checks
SALZHERZ: checks
*** TURN *** [3h 6h Kh] [4d]
ME HAPPYBEE: checks
SALZHERZ: bets $6
ME HAPPYBEE: folds
Uncalled bet ($6) returned to SALZHERZ
SALZHERZ collected $11.76 from pot
SALZHERZ: doesn't show hand
*** SUMMARY ***
Total pot $12 | Rake $0.24
Board [3h 6h Kh 4d]
Seat 6: ME HAPPYBEE (big blind) folded on the Turn
Seat 10: SALZHERZ (button) (small blind) collected ($11.76)


PokerStars Hand #153571306337:  Hold'em Limit ($3/$6 USD) - 2016/05/20 1:12:07 ET
Table 'Tololo' 10-max Seat #6 is the button
Seat 6: ME HAPPYBEE ($212.34 in chips)
Seat 10: SALZHERZ ($74.68 in chips)
ME HAPPYBEE: posts small blind $1
SALZHERZ: posts big blind $3
*** HOLE CARDS ***
ME HAPPYBEE: raises $3 to $6
SALZHERZ: calls $3
*** FLOP *** [6s 8s 7s]
SALZHERZ: checks
ME HAPPYBEE: checks
*** TURN *** [6s 8s 7s] [3s]
SALZHERZ: bets $6
ME HAPPYBEE: calls $6
*** RIVER *** [6s 8s 7s 3s] [Jc]
SALZHERZ: bets $6
ME HAPPYBEE: folds
Uncalled bet ($6) returned to SALZHERZ
SALZHERZ collected $23.52 from pot
SALZHERZ: doesn't show hand
*** SUMMARY ***
Total pot $24 | Rake $0.48
Board [6s 8s 7s 3s Jc]
Seat 6: ME HAPPYBEE (button) (small blind) folded on the River
Seat 10: SALZHERZ (big blind) collected ($23.52)


PokerStars Hand #153571312479:  Hold'em Limit ($3/$6 USD) - 2016/05/20 1:12:31 ET
Table 'Tololo' 10-max Seat #6 is the button
Seat 6: ME HAPPYBEE ($201.34 in chips)
Seat 10: SALZHERZ ($85.20 in chips)
ME HAPPYBEE: posts small blind $1
SALZHERZ: posts big blind $3
*** HOLE CARDS ***
ME HAPPYBEE: raises $3 to $6
SALZHERZ: calls $3
*** FLOP *** [8d 2c 9s]
SALZHERZ: checks
ME HAPPYBEE: bets $3
SALZHERZ: folds
Uncalled bet ($3) returned to ME HAPPYBEE
ME HAPPYBEE collected $11.76 from pot
ME HAPPYBEE: doesn't show hand
*** SUMMARY ***
Total pot $12 | Rake $0.24
Board [8d 2c 9s]
Seat 6: ME HAPPYBEE (button) (small blind) collected ($11.76)
Seat 10: SALZHERZ (big blind) folded on the Flop


PokerStars Hand #153571318909:  Hold'em Limit ($3/$6 USD) - 2016/05/20 1:12:57 ET
Table 'Tololo' 10-max Seat #10 is the button
Seat 6: ME HAPPYBEE ($203.10 in chips)
Seat 10: SALZHERZ ($83.08 in chips)
SALZHERZ: posts small blind $1
ME HAPPYBEE: posts big blind $3
*** HOLE CARDS ***
SALZHERZ: folds
Uncalled bet ($2) returned to ME HAPPYBEE
ME HAPPYBEE collected $2 from pot
ME HAPPYBEE: doesn't show hand
*** SUMMARY ***
Total pot $2 | Rake $0
Seat 6: ME HAPPYBEE (big blind) collected ($2)
Seat 10: SALZHERZ (button) (small blind) folded before Flop


PokerStars Hand #153571317838:  Hold'em Limit ($3/$6 USD) - 2016/05/20 1:12:53 ET
Table 'Tololo' 10-max Seat #6 is the button
Seat 6: ME HAPPYBEE ($204.10 in chips)
Seat 10: SALZHERZ ($82.08 in chips)
ME HAPPYBEE: posts small blind $1
SALZHERZ: posts big blind $3
*** HOLE CARDS ***
ME HAPPYBEE: folds
Uncalled bet ($2) returned to SALZHERZ
SALZHERZ collected $2 from pot
SALZHERZ: doesn't show hand
*** SUMMARY ***
Total pot $2 | Rake $0
Seat 6: ME HAPPYBEE (button) (small blind) folded before Flop
Seat 10: SALZHERZ (big blind) collected ($2)


PokerStars Hand #153571315392:  Hold'em Limit ($3/$6 USD) - 2016/05/20 1:12:43 ET
Table 'Tololo' 10-max Seat #10 is the button
Seat 6: ME HAPPYBEE ($207.10 in chips)
Seat 10: SALZHERZ ($79.20 in chips)
SALZHERZ: posts small blind $1
ME HAPPYBEE: posts big blind $3
*** HOLE CARDS ***
SALZHERZ: calls $2
ME HAPPYBEE: checks
*** FLOP *** [6d 7h Td]
ME HAPPYBEE: checks
SALZHERZ: bets $3
ME HAPPYBEE: folds
Uncalled bet ($3) returned to SALZHERZ
SALZHERZ collected $5.88 from pot
SALZHERZ: doesn't show hand
*** SUMMARY ***
Total pot $6 | Rake $0.12
Board [6d 7h Td]
Seat 6: ME HAPPYBEE (big blind) folded on the Flop
Seat 10: SALZHERZ (button) (small blind) collected ($5.88)


PokerStars Hand #153571311367:  Hold'em Limit ($3/$6 USD) - 2016/05/20 1:12:27 ET
Table 'Tololo' 10-max Seat #10 is the button
Seat 6: ME HAPPYBEE ($200.34 in chips)
Seat 10: SALZHERZ ($86.20 in chips)
SALZHERZ: posts small blind $1
ME HAPPYBEE: posts big blind $3
*** HOLE CARDS ***
SALZHERZ: folds
Uncalled bet ($2) returned to ME HAPPYBEE
ME HAPPYBEE collected $2 from pot
ME HAPPYBEE: doesn't show hand
*** SUMMARY ***
Total pot $2 | Rake $0
Seat 6: ME HAPPYBEE (big blind) collected ($2)
Seat 10: SALZHERZ (button) (small blind) folded before Flop


PokerStars Hand #153571327031:  Hold'em Limit ($3/$6 USD) - 2016/05/20 1:13:30 ET
Table 'Tololo' 10-max Seat #10 is the button
Seat 6: ME HAPPYBEE ($205.86 in chips)
Seat 10: SALZHERZ ($80.08 in chips)
SALZHERZ: posts small blind $1
ME HAPPYBEE: posts big blind $3
*** HOLE CARDS ***
SALZHERZ: folds
Uncalled bet ($2) returned to ME HAPPYBEE
ME HAPPYBEE collected $2 from pot
ME HAPPYBEE: doesn't show hand
*** SUMMARY ***
Total pot $2 | Rake $0
Seat 6: ME HAPPYBEE (big blind) collected ($2)
Seat 10: SALZHERZ (button) (small blind) folded before Flop


PokerStars Hand #153571325943:  Hold'em Limit ($3/$6 USD) - 2016/05/20 1:13:25 ET
Table 'Tololo' 10-max Seat #6 is the button
Seat 6: ME HAPPYBEE ($206.86 in chips)
Seat 10: SALZHERZ ($79.08 in chips)
ME HAPPYBEE: posts small blind $1
SALZHERZ: posts big blind $3
*** HOLE CARDS ***
ME HAPPYBEE: folds
Uncalled bet ($2) returned to SALZHERZ
SALZHERZ collected $2 from pot
SALZHERZ: doesn't show hand
*** SUMMARY ***
Total pot $2 | Rake $0
Seat 6: ME HAPPYBEE (button) (small blind) folded before Flop
Seat 10: SALZHERZ (big blind) collected ($2)


PokerStars Hand #153571324304:  Hold'em Limit ($3/$6 USD) - 2016/05/20 1:13:19 ET
Table 'Tololo' 10-max Seat #10 is the button
Seat 6: ME HAPPYBEE ($209.86 in chips)
Seat 10: SALZHERZ ($76.08 in chips)
SALZHERZ: posts small blind $1
ME HAPPYBEE: posts big blind $3
*** HOLE CARDS ***
SALZHERZ: raises $3 to $6
ME HAPPYBEE: folds
Uncalled bet ($3) returned to SALZHERZ
SALZHERZ collected $6 from pot
SALZHERZ: doesn't show hand
*** SUMMARY ***
Total pot $6 | Rake $0
Seat 6: ME HAPPYBEE (big blind) folded before Flop
Seat 10: SALZHERZ (button) (small blind) collected ($6)


PokerStars Hand #153571320094:  Hold'em Limit ($3/$6 USD) - 2016/05/20 1:13:02 ET
Table 'Tololo' 10-max Seat #6 is the button
Seat 6: ME HAPPYBEE ($204.10 in chips)
Seat 10: SALZHERZ ($82.08 in chips)
ME HAPPYBEE: posts small blind $1
SALZHERZ: posts big blind $3
*** HOLE CARDS ***
ME HAPPYBEE: raises $3 to $6
SALZHERZ: calls $3
*** FLOP *** [3h 6h 5h]
SALZHERZ: checks
ME HAPPYBEE: checks
*** TURN *** [3h 6h 5h] [6d]
SALZHERZ: checks
ME HAPPYBEE: bets $6
SALZHERZ: folds
Uncalled bet ($6) returned to ME HAPPYBEE
ME HAPPYBEE collected $11.76 from pot
ME HAPPYBEE: doesn't show hand
*** SUMMARY ***
Total pot $12 | Rake $0.24
Board [3h 6h 5h 6d]
Seat 6: ME HAPPYBEE (button) (small blind) collected ($11.76)
Seat 10: SALZHERZ (big blind) folded on the Turn


PokerStars Hand #153571328339:  Hold'em Limit ($3/$6 USD) - 2016/05/20 1:13:35 ET
Table 'Tololo' 10-max Seat #6 is the button
Seat 6: ME HAPPYBEE ($206.86 in chips)
Seat 10: SALZHERZ ($79.08 in chips)
ME HAPPYBEE: posts small blind $1
SALZHERZ: posts big blind $3
*** HOLE CARDS ***
ME HAPPYBEE: raises $3 to $6
SALZHERZ: calls $3
*** FLOP *** [Qh 7d 3s]
SALZHERZ: checks
ME HAPPYBEE: bets $3
SALZHERZ: calls $3
*** TURN *** [Qh 7d 3s] [9c]
SALZHERZ: checks
ME HAPPYBEE: bets $6
SALZHERZ: raises $6 to $12
ME HAPPYBEE: calls $6
*** RIVER *** [Qh 7d 3s 9c] [8d]
SALZHERZ: bets $6
ME HAPPYBEE: calls $6
*** SHOW DOWN ***
SALZHERZ: shows [Qc 6c] (a pair of Queens)
ME HAPPYBEE: shows [3c Qd] (two pair, Queens and Threes)
ME HAPPYBEE collected $53.50 from pot
*** SUMMARY ***
Total pot $54 | Rake $0.50
Board [Qh 7d 3s 9c 8d]
Seat 6: ME HAPPYBEE (button) (small blind) showed [3c Qd] and won ($53.50) with two pair, Queens and Threes
Seat 10: SALZHERZ (big blind) showed [Qc 6c] and lost with a pair of Queens


PokerStars Hand #153571345586:  Hold'em Limit ($3/$6 USD) - 2016/05/20 1:14:43 ET
Table 'Tololo' 10-max Seat #10 is the button
Seat 6: ME HAPPYBEE ($207.36 in chips)
Seat 10: SALZHERZ ($77.58 in chips)
SALZHERZ: posts small blind $1
ME HAPPYBEE: posts big blind $3
*** HOLE CARDS ***
SALZHERZ: folds
Uncalled bet ($2) returned to ME HAPPYBEE
ME HAPPYBEE collected $2 from pot
ME HAPPYBEE: doesn't show hand
*** SUMMARY ***
Total pot $2 | Rake $0
Seat 6: ME HAPPYBEE (big blind) collected ($2)
Seat 10: SALZHERZ (button) (small blind) folded before Flop


PokerStars Hand #153571340216:  Hold'em Limit ($3/$6 USD) - 2016/05/20 1:14:22 ET
Table 'Tololo' 10-max Seat #10 is the button
Seat 6: ME HAPPYBEE ($233.36 in chips)
Seat 10: SALZHERZ ($52.08 in chips)
SALZHERZ: posts small blind $1
ME HAPPYBEE: posts big blind $3
*** HOLE CARDS ***
SALZHERZ: folds
Uncalled bet ($2) returned to ME HAPPYBEE
ME HAPPYBEE collected $2 from pot
ME HAPPYBEE: doesn't show hand
*** SUMMARY ***
Total pot $2 | Rake $0
Seat 6: ME HAPPYBEE (big blind) collected ($2)
Seat 10: SALZHERZ (button) (small blind) folded before Flop


PokerStars Hand #153571363478:  Hold'em Limit ($3/$6 USD) - 2016/05/20 1:15:54 ET
Table 'Tololo' 10-max Seat #6 is the button
Seat 6: ME HAPPYBEE ($144 in chips)
Seat 10: SALZHERZ ($158.08 in chips)
ME HAPPYBEE: posts small blind $1
SALZHERZ: posts big blind $3
*** HOLE CARDS ***
ME HAPPYBEE: raises $3 to $6
SALZHERZ: calls $3
*** FLOP *** [9c Kd 3h]
SALZHERZ: checks
ME HAPPYBEE: bets $3
SALZHERZ: calls $3
*** TURN *** [9c Kd 3h] [Jh]
SALZHERZ: checks
ME HAPPYBEE: checks
*** RIVER *** [9c Kd 3h Jh] [5c]
SALZHERZ: checks
ME HAPPYBEE: bets $6
SALZHERZ: calls $6
*** SHOW DOWN ***
ME HAPPYBEE: shows [6h Js] (a pair of Jacks)
SALZHERZ: mucks hand
ME HAPPYBEE collected $29.50 from pot
*** SUMMARY ***
Total pot $30 | Rake $0.50
Board [9c Kd 3h Jh 5c]
Seat 6: ME HAPPYBEE (button) (small blind) showed [6h Js] and won ($29.50) with a pair of Jacks
Seat 10: SALZHERZ (big blind) mucked


PokerStars Hand #153571358254:  Hold'em Limit ($3/$6 USD) - 2016/05/20 1:15:33 ET
Table 'Tololo' 10-max Seat #10 is the button
Seat 6: ME HAPPYBEE ($167.36 in chips)
Seat 10: SALZHERZ ($116.58 in chips)
SALZHERZ: posts small blind $1
ME HAPPYBEE: posts big blind $3
*** HOLE CARDS ***
SALZHERZ: raises $3 to $6
ME HAPPYBEE: raises $3 to $9
SALZHERZ: raises $3 to $12
Betting is capped
ME HAPPYBEE: calls $3
*** FLOP *** [2h 9s 4h]
ME HAPPYBEE: checks
SALZHERZ: bets $3
ME HAPPYBEE: raises $3 to $6
SALZHERZ: raises $3 to $9
ME HAPPYBEE: raises $3 to $12
Betting is capped
SALZHERZ: calls $3
*** TURN *** [2h 9s 4h] [4c]
ME HAPPYBEE: bets $6
SALZHERZ: raises $6 to $12
ME HAPPYBEE: calls $6
*** RIVER *** [2h 9s 4h 4c] [9c]
ME HAPPYBEE: checks
SALZHERZ: bets $6
ME HAPPYBEE: calls $6
*** SHOW DOWN ***
SALZHERZ: shows [6c 4s] (a full house, Fours full of Nines)
ME HAPPYBEE: mucks hand
SALZHERZ collected $83.50 from pot
*** SUMMARY ***
Total pot $84 | Rake $0.50
Board [2h 9s 4h 4c 9c]
Seat 6: ME HAPPYBEE (big blind) mucked
Seat 10: SALZHERZ (button) (small blind) showed [6c 4s] and won ($83.50) with a full house, Fours full of Nines


PokerStars Hand #153571351643:  Hold'em Limit ($3/$6 USD) - 2016/05/20 1:15:07 ET
Table 'Tololo' 10-max Seat #10 is the button
Seat 6: ME HAPPYBEE ($193.36 in chips)
Seat 10: SALZHERZ ($91.08 in chips)
SALZHERZ: posts small blind $1
ME HAPPYBEE: posts big blind $3
*** HOLE CARDS ***
SALZHERZ: folds
Uncalled bet ($2) returned to ME HAPPYBEE
ME HAPPYBEE collected $2 from pot
ME HAPPYBEE: doesn't show hand
*** SUMMARY ***
Total pot $2 | Rake $0
Seat 6: ME HAPPYBEE (big blind) collected ($2)
Seat 10: SALZHERZ (button) (small blind) folded before Flop


PokerStars Hand #153571352882:  Hold'em Limit ($3/$6 USD) - 2016/05/20 1:15:12 ET
Table 'Tololo' 10-max Seat #6 is the button
Seat 6: ME HAPPYBEE ($194.36 in chips)
Seat 10: SALZHERZ ($90.08 in chips)
ME HAPPYBEE: posts small blind $1
SALZHERZ: posts big blind $3
*** HOLE CARDS ***
ME HAPPYBEE: raises $3 to $6
SALZHERZ: calls $3
*** FLOP *** [4d Ad 5c]
SALZHERZ: checks
ME HAPPYBEE: bets $3
SALZHERZ: calls $3
*** TURN *** [4d Ad 5c] [9d]
SALZHERZ: checks
ME HAPPYBEE: bets $6
SALZHERZ: calls $6
*** RIVER *** [4d Ad 5c 9d] [2s]
SALZHERZ: checks
ME HAPPYBEE: bets $6
SALZHERZ: raises $6 to $12
ME HAPPYBEE: calls $6
*** SHOW DOWN ***
SALZHERZ: shows [3h 9c] (a straight, Ace to Five)
ME HAPPYBEE: mucks hand
SALZHERZ collected $53.50 from pot
*** SUMMARY ***
Total pot $54 | Rake $0.50
Board [4d Ad 5c 9d 2s]
Seat 6: ME HAPPYBEE (button) (small blind) mucked
Seat 10: SALZHERZ (big blind) showed [3h 9c] and won ($53.50) with a straight, Ace to Five


PokerStars Hand #153571367196:  Hold'em Limit ($3/$6 USD) - 2016/05/20 1:16:09 ET
Table 'Tololo' 10-max Seat #10 is the button
Seat 6: ME HAPPYBEE ($158.50 in chips)
Seat 10: SALZHERZ ($143.08 in chips)
SALZHERZ: posts small blind $1
ME HAPPYBEE: posts big blind $3
*** HOLE CARDS ***
SALZHERZ: raises $3 to $6
ME HAPPYBEE: calls $3
*** FLOP *** [Tc Kc Ts]
ME HAPPYBEE: checks
SALZHERZ: checks
*** TURN *** [Tc Kc Ts] [5c]
ME HAPPYBEE: checks
SALZHERZ: checks
*** RIVER *** [Tc Kc Ts 5c] [Jh]
ME HAPPYBEE: bets $6
SALZHERZ: folds
Uncalled bet ($6) returned to ME HAPPYBEE
ME HAPPYBEE collected $11.76 from pot
ME HAPPYBEE: doesn't show hand
*** SUMMARY ***
Total pot $12 | Rake $0.24
Board [Tc Kc Ts 5c Jh]
Seat 6: ME HAPPYBEE (big blind) collected ($11.76)
Seat 10: SALZHERZ (button) (small blind) folded on the River


PokerStars Hand #153571373307:  Hold'em Limit ($3/$6 USD) - 2016/05/20 1:16:34 ET
Table 'Tololo' 10-max Seat #10 is the button
Seat 6: ME HAPPYBEE ($158.26 in chips)
Seat 10: SALZHERZ ($142.84 in chips)
SALZHERZ: posts small blind $1
ME HAPPYBEE: posts big blind $3
*** HOLE CARDS ***
SALZHERZ: folds
Uncalled bet ($2) returned to ME HAPPYBEE
ME HAPPYBEE collected $2 from pot
ME HAPPYBEE: doesn't show hand
*** SUMMARY ***
Total pot $2 | Rake $0
Seat 6: ME HAPPYBEE (big blind) collected ($2)
Seat 10: SALZHERZ (button) (small blind) folded before Flop


PokerStars Hand #153571370900:  Hold'em Limit ($3/$6 USD) - 2016/05/20 1:16:24 ET
Table 'Tololo' 10-max Seat #6 is the button
Seat 6: ME HAPPYBEE ($164.26 in chips)
Seat 10: SALZHERZ ($137.08 in chips)
ME HAPPYBEE: posts small blind $1
SALZHERZ: posts big blind $3
*** HOLE CARDS ***
ME HAPPYBEE: raises $3 to $6
SALZHERZ: calls $3
*** FLOP *** [4d Ah 8d]
SALZHERZ: bets $3
ME HAPPYBEE: folds
Uncalled bet ($3) returned to SALZHERZ
SALZHERZ collected $11.76 from pot
SALZHERZ: doesn't show hand
*** SUMMARY ***
Total pot $12 | Rake $0.24
Board [4d Ah 8d]
Seat 6: ME HAPPYBEE (button) (small blind) folded on the Flop
Seat 10: SALZHERZ (big blind) collected ($11.76)


PokerStars Hand #153571374440:  Hold'em Limit ($3/$6 USD) - 2016/05/20 1:16:38 ET
Table 'Tololo' 10-max Seat #6 is the button
Seat 6: ME HAPPYBEE ($159.26 in chips)
Seat 10: SALZHERZ ($141.84 in chips)
ME HAPPYBEE: posts small blind $1
SALZHERZ: posts big blind $3
*** HOLE CARDS ***
ME HAPPYBEE: raises $3 to $6
SALZHERZ: calls $3
*** FLOP *** [9s 6d Jd]
SALZHERZ: checks
ME HAPPYBEE: bets $3
SALZHERZ: folds
Uncalled bet ($3) returned to ME HAPPYBEE
ME HAPPYBEE collected $11.76 from pot
ME HAPPYBEE: doesn't show hand
*** SUMMARY ***
Total pot $12 | Rake $0.24
Board [9s 6d Jd]
Seat 6: ME HAPPYBEE (button) (small blind) collected ($11.76)
Seat 10: SALZHERZ (big blind) folded on the Flop


PokerStars Hand #153571395028:  Hold'em Limit ($3/$6 USD) - 2016/05/20 1:18:00 ET
Table 'Tololo' 10-max Seat #6 is the button
Seat 6: ME HAPPYBEE ($212.78 in chips)
Seat 10: SALZHERZ ($86.84 in chips)
ME HAPPYBEE: posts small blind $1
SALZHERZ: posts big blind $3
*** HOLE CARDS ***
ME HAPPYBEE: raises $3 to $6
SALZHERZ: calls $3
*** FLOP *** [8s 4h Qc]
SALZHERZ: checks
ME HAPPYBEE: bets $3
SALZHERZ: folds
Uncalled bet ($3) returned to ME HAPPYBEE
ME HAPPYBEE collected $11.76 from pot
ME HAPPYBEE: doesn't show hand
*** SUMMARY ***
Total pot $12 | Rake $0.24
Board [8s 4h Qc]
Seat 6: ME HAPPYBEE (button) (small blind) collected ($11.76)
Seat 10: SALZHERZ (big blind) folded on the Flop


PokerStars Hand #153571393901:  Hold'em Limit ($3/$6 USD) - 2016/05/20 1:17:56 ET
Table 'Tololo' 10-max Seat #10 is the button
Seat 6: ME HAPPYBEE ($211.78 in chips)
Seat 10: SALZHERZ ($87.84 in chips)
SALZHERZ: posts small blind $1
ME HAPPYBEE: posts big blind $3
*** HOLE CARDS ***
SALZHERZ: folds
Uncalled bet ($2) returned to ME HAPPYBEE
ME HAPPYBEE collected $2 from pot
ME HAPPYBEE: doesn't show hand
*** SUMMARY ***
Total pot $2 | Rake $0
Seat 6: ME HAPPYBEE (big blind) collected ($2)
Seat 10: SALZHERZ (button) (small blind) folded before Flop


PokerStars Hand #153571391433:  Hold'em Limit ($3/$6 USD) - 2016/05/20 1:17:46 ET
Table 'Tololo' 10-max Seat #10 is the button
Seat 6: ME HAPPYBEE ($211.78 in chips)
Seat 10: SALZHERZ ($87.84 in chips)
SALZHERZ: posts small blind $1
ME HAPPYBEE: posts big blind $3
*** HOLE CARDS ***
SALZHERZ: folds
Uncalled bet ($2) returned to ME HAPPYBEE
ME HAPPYBEE collected $2 from pot
ME HAPPYBEE: doesn't show hand
*** SUMMARY ***
Total pot $2 | Rake $0
Seat 6: ME HAPPYBEE (big blind) collected ($2)
Seat 10: SALZHERZ (button) (small blind) folded before Flop


PokerStars Hand #153571390286:  Hold'em Limit ($3/$6 USD) - 2016/05/20 1:17:41 ET
Table 'Tololo' 10-max Seat #6 is the button
Seat 6: ME HAPPYBEE ($212.78 in chips)
Seat 10: SALZHERZ ($86.84 in chips)
ME HAPPYBEE: posts small blind $1
SALZHERZ: posts big blind $3
*** HOLE CARDS ***
ME HAPPYBEE: folds
Uncalled bet ($2) returned to SALZHERZ
SALZHERZ collected $2 from pot
SALZHERZ: doesn't show hand
*** SUMMARY ***
Total pot $2 | Rake $0
Seat 6: ME HAPPYBEE (button) (small blind) folded before Flop
Seat 10: SALZHERZ (big blind) collected ($2)


PokerStars Hand #153571385578:  Hold'em Limit ($3/$6 USD) - 2016/05/20 1:17:23 ET
Table 'Tololo' 10-max Seat #10 is the button
Seat 6: ME HAPPYBEE ($198.28 in chips)
Seat 10: SALZHERZ ($101.84 in chips)
SALZHERZ: posts small blind $1
ME HAPPYBEE: posts big blind $3
*** HOLE CARDS ***
SALZHERZ: raises $3 to $6
ME HAPPYBEE: calls $3
*** FLOP *** [8s Ac Jd]
ME HAPPYBEE: checks
SALZHERZ: bets $3
ME HAPPYBEE: calls $3
*** TURN *** [8s Ac Jd] [8h]
ME HAPPYBEE: checks
SALZHERZ: checks
*** RIVER *** [8s Ac Jd 8h] [3c]
ME HAPPYBEE: checks
SALZHERZ: bets $6
ME HAPPYBEE: calls $6
*** SHOW DOWN ***
SALZHERZ: shows [2h 4s] (a pair of Eights)
ME HAPPYBEE: shows [Kc 3d] (two pair, Eights and Threes)
ME HAPPYBEE collected $29.50 from pot
*** SUMMARY ***
Total pot $30 | Rake $0.50
Board [8s Ac Jd 8h 3c]
Seat 6: ME HAPPYBEE (big blind) showed [Kc 3d] and won ($29.50) with two pair, Eights and Threes
Seat 10: SALZHERZ (button) (small blind) showed [2h 4s] and lost with a pair of Eights


PokerStars Hand #153571384251:  Hold'em Limit ($3/$6 USD) - 2016/05/20 1:17:17 ET
Table 'Tololo' 10-max Seat #6 is the button
Seat 6: ME HAPPYBEE ($195.28 in chips)
Seat 10: SALZHERZ ($104.84 in chips)
ME HAPPYBEE: posts small blind $1
SALZHERZ: posts big blind $3
*** HOLE CARDS ***
ME HAPPYBEE: raises $3 to $6
SALZHERZ: folds
Uncalled bet ($3) returned to ME HAPPYBEE
ME HAPPYBEE collected $6 from pot
ME HAPPYBEE: doesn't show hand
*** SUMMARY ***
Total pot $6 | Rake $0
Seat 6: ME HAPPYBEE (button) (small blind) collected ($6)
Seat 10: SALZHERZ (big blind) folded before Flop


PokerStars Hand #153571383030:  Hold'em Limit ($3/$6 USD) - 2016/05/20 1:17:12 ET
Table 'Tololo' 10-max Seat #10 is the button
Seat 6: ME HAPPYBEE ($194.28 in chips)
Seat 10: SALZHERZ ($105.84 in chips)
SALZHERZ: posts small blind $1
ME HAPPYBEE: posts big blind $3
*** HOLE CARDS ***
SALZHERZ: folds
Uncalled bet ($2) returned to ME HAPPYBEE
ME HAPPYBEE collected $2 from pot
ME HAPPYBEE: doesn't show hand
*** SUMMARY ***
Total pot $2 | Rake $0
Seat 6: ME HAPPYBEE (big blind) collected ($2)
Seat 10: SALZHERZ (button) (small blind) folded before Flop


PokerStars Hand #153571380566:  Hold'em Limit ($3/$6 USD) - 2016/05/20 1:17:03 ET
Table 'Tololo' 10-max Seat #6 is the button
Seat 6: ME HAPPYBEE ($188.52 in chips)
Seat 10: SALZHERZ ($111.84 in chips)
ME HAPPYBEE: posts small blind $1
SALZHERZ: posts big blind $3
*** HOLE CARDS ***
ME HAPPYBEE: raises $3 to $6
SALZHERZ: calls $3
*** FLOP *** [Tc 6d 3d]
SALZHERZ: checks
ME HAPPYBEE: bets $3
SALZHERZ: folds
Uncalled bet ($3) returned to ME HAPPYBEE
ME HAPPYBEE collected $11.76 from pot
ME HAPPYBEE: doesn't show hand
*** SUMMARY ***
Total pot $12 | Rake $0.24
Board [Tc 6d 3d]
Seat 6: ME HAPPYBEE (button) (small blind) collected ($11.76)
Seat 10: SALZHERZ (big blind) folded on the Flop


PokerStars Hand #153571406975:  Hold'em Limit ($3/$6 USD) - 2016/05/20 1:18:48 ET
Table 'Tololo' 10-max Seat #10 is the button
Seat 6: ME HAPPYBEE ($181.54 in chips)
Seat 10: SALZHERZ ($116.86 in chips)
SALZHERZ: posts small blind $1
ME HAPPYBEE: posts big blind $3
*** HOLE CARDS ***
SALZHERZ: raises $3 to $6
ME HAPPYBEE: calls $3
*** FLOP *** [3s 2d 5c]
ME HAPPYBEE: checks
SALZHERZ: bets $3
ME HAPPYBEE: calls $3
*** TURN *** [3s 2d 5c] [7c]
ME HAPPYBEE: checks
SALZHERZ: bets $6
ME HAPPYBEE: calls $6
*** RIVER *** [3s 2d 5c 7c] [8d]
ME HAPPYBEE: checks
SALZHERZ: checks
*** SHOW DOWN ***
ME HAPPYBEE: shows [Ks 7d] (a pair of Sevens)
SALZHERZ: mucks hand
ME HAPPYBEE collected $29.50 from pot
*** SUMMARY ***
Total pot $30 | Rake $0.50
Board [3s 2d 5c 7c 8d]
Seat 6: ME HAPPYBEE (big blind) showed [Ks 7d] and won ($29.50) with a pair of Sevens
Seat 10: SALZHERZ (button) (small blind) mucked


PokerStars Hand #153571404315:  Hold'em Limit ($3/$6 USD) - 2016/05/20 1:18:38 ET
Table 'Tololo' 10-max Seat #6 is the button
Seat 6: ME HAPPYBEE ($193.54 in chips)
Seat 10: SALZHERZ ($105.34 in chips)
ME HAPPYBEE: posts small blind $1
SALZHERZ: posts big blind $3
*** HOLE CARDS ***
ME HAPPYBEE: raises $3 to $6
SALZHERZ: raises $3 to $9
ME HAPPYBEE: calls $3
*** FLOP *** [3s 9s 8h]
SALZHERZ: bets $3
ME HAPPYBEE: calls $3
*** TURN *** [3s 9s 8h] [3c]
SALZHERZ: bets $6
ME HAPPYBEE: folds
Uncalled bet ($6) returned to SALZHERZ
SALZHERZ collected $23.52 from pot
SALZHERZ: doesn't show hand
*** SUMMARY ***
Total pot $24 | Rake $0.48
Board [3s 9s 8h 3c]
Seat 6: ME HAPPYBEE (button) (small blind) folded on the Turn
Seat 10: SALZHERZ (big blind) collected ($23.52)


PokerStars Hand #153571399670:  Hold'em Limit ($3/$6 USD) - 2016/05/20 1:18:19 ET
Table 'Tololo' 10-max Seat #10 is the button
Seat 6: ME HAPPYBEE ($214.54 in chips)
Seat 10: SALZHERZ ($84.84 in chips)
SALZHERZ: posts small blind $1
ME HAPPYBEE: posts big blind $3
*** HOLE CARDS ***
SALZHERZ: raises $3 to $6
ME HAPPYBEE: calls $3
*** FLOP *** [Jd 4s Ts]
ME HAPPYBEE: checks
SALZHERZ: bets $3
ME HAPPYBEE: calls $3
*** TURN *** [Jd 4s Ts] [9h]
ME HAPPYBEE: checks
SALZHERZ: bets $6
ME HAPPYBEE: calls $6
*** RIVER *** [Jd 4s Ts 9h] [2c]
ME HAPPYBEE: checks
SALZHERZ: bets $6
ME HAPPYBEE: calls $6
*** SHOW DOWN ***
SALZHERZ: shows [4c 4d] (three of a kind, Fours)
ME HAPPYBEE: mucks hand
SALZHERZ collected $41.50 from pot
*** SUMMARY ***
Total pot $42 | Rake $0.50
Board [Jd 4s Ts 9h 2c]
Seat 6: ME HAPPYBEE (big blind) mucked
Seat 10: SALZHERZ (button) (small blind) showed [4c 4d] and won ($41.50) with three of a kind, Fours


PokerStars Hand #153571397416:  Hold'em Limit ($3/$6 USD) - 2016/05/20 1:18:10 ET
Table 'Tololo' 10-max Seat #10 is the button
Seat 6: ME HAPPYBEE ($218.54 in chips)
Seat 10: SALZHERZ ($80.84 in chips)
SALZHERZ: posts small blind $1
ME HAPPYBEE: posts big blind $3
*** HOLE CARDS ***
SALZHERZ: raises $3 to $6
ME HAPPYBEE: folds
Uncalled bet ($3) returned to SALZHERZ
SALZHERZ collected $6 from pot
SALZHERZ: doesn't show hand
*** SUMMARY ***
Total pot $6 | Rake $0
Seat 6: ME HAPPYBEE (big blind) folded before Flop
Seat 10: SALZHERZ (button) (small blind) collected ($6)


PokerStars Hand #153571425965:  Hold'em Limit ($3/$6 USD) - 2016/05/20 1:20:04 ET
Table 'Tololo' 10-max Seat #10 is the button
Seat 6: ME HAPPYBEE ($197.30 in chips)
Seat 10: SALZHERZ ($99.14 in chips)
SALZHERZ: posts small blind $1
ME HAPPYBEE: posts big blind $3
*** HOLE CARDS ***
SALZHERZ: folds
Uncalled bet ($2) returned to ME HAPPYBEE
ME HAPPYBEE collected $2 from pot
ME HAPPYBEE: doesn't show hand
*** SUMMARY ***
Total pot $2 | Rake $0
Seat 6: ME HAPPYBEE (big blind) collected ($2)
Seat 10: SALZHERZ (button) (small blind) folded before Flop


PokerStars Hand #153571422387:  Hold'em Limit ($3/$6 USD) - 2016/05/20 1:19:50 ET
Table 'Tololo' 10-max Seat #6 is the button
Seat 6: ME HAPPYBEE ($182.80 in chips)
Seat 10: SALZHERZ ($114.14 in chips)
ME HAPPYBEE: posts small blind $1
SALZHERZ: posts big blind $3
*** HOLE CARDS ***
ME HAPPYBEE: raises $3 to $6
SALZHERZ: raises $3 to $9
ME HAPPYBEE: raises $3 to $12
Betting is capped
SALZHERZ: calls $3
*** FLOP *** [2d Tc 4s]
SALZHERZ: checks
ME HAPPYBEE: bets $3
SALZHERZ: calls $3
*** TURN *** [2d Tc 4s] [9c]
SALZHERZ: checks
ME HAPPYBEE: bets $6
SALZHERZ: folds
Uncalled bet ($6) returned to ME HAPPYBEE
ME HAPPYBEE collected $29.50 from pot
ME HAPPYBEE: doesn't show hand
*** SUMMARY ***
Total pot $30 | Rake $0.50
Board [2d Tc 4s 9c]
Seat 6: ME HAPPYBEE (button) (small blind) collected ($29.50)
Seat 10: SALZHERZ (big blind) folded on the Turn


PokerStars Hand #153571410229:  Hold'em Limit ($3/$6 USD) - 2016/05/20 1:19:01 ET
Table 'Tololo' 10-max Seat #6 is the button
Seat 6: ME HAPPYBEE ($196.04 in chips)
Seat 10: SALZHERZ ($101.86 in chips)
ME HAPPYBEE: posts small blind $1
SALZHERZ: posts big blind $3
*** HOLE CARDS ***
ME HAPPYBEE: raises $3 to $6
SALZHERZ: raises $3 to $9
ME HAPPYBEE: calls $3
*** FLOP *** [Td 5h Qd]
SALZHERZ: bets $3
ME HAPPYBEE: calls $3
*** TURN *** [Td 5h Qd] [2h]
SALZHERZ: bets $6
ME HAPPYBEE: folds
Uncalled bet ($6) returned to SALZHERZ
SALZHERZ collected $23.52 from pot
SALZHERZ: doesn't show hand
*** SUMMARY ***
Total pot $24 | Rake $0.48
Board [Td 5h Qd 2h]
Seat 6: ME HAPPYBEE (button) (small blind) folded on the Turn
Seat 10: SALZHERZ (big blind) collected ($23.52)


PokerStars Hand #153571419970:  Hold'em Limit ($3/$6 USD) - 2016/05/20 1:19:40 ET
Table 'Tololo' 10-max Seat #10 is the button
Seat 6: ME HAPPYBEE ($177.04 in chips)
Seat 10: SALZHERZ ($120.14 in chips)
SALZHERZ: posts small blind $1
ME HAPPYBEE: posts big blind $3
*** HOLE CARDS ***
SALZHERZ: raises $3 to $6
ME HAPPYBEE: calls $3
*** FLOP *** [Jh 7h Ks]
ME HAPPYBEE: checks
SALZHERZ: checks
*** TURN *** [Jh 7h Ks] [3h]
ME HAPPYBEE: bets $6
SALZHERZ: folds
Uncalled bet ($6) returned to ME HAPPYBEE
ME HAPPYBEE collected $11.76 from pot
ME HAPPYBEE: doesn't show hand
*** SUMMARY ***
Total pot $12 | Rake $0.24
Board [Jh 7h Ks 3h]
Seat 6: ME HAPPYBEE (big blind) collected ($11.76)
Seat 10: SALZHERZ (button) (small blind) folded on the Turn


PokerStars Hand #153571418978:  Hold'em Limit ($3/$6 USD) - 2016/05/20 1:19:36 ET
Table 'Tololo' 10-max Seat #6 is the button
Seat 6: ME HAPPYBEE ($178.04 in chips)
Seat 10: SALZHERZ ($119.14 in chips)
ME HAPPYBEE: posts small blind $1
SALZHERZ: posts big blind $3
*** HOLE CARDS ***
ME HAPPYBEE: folds
Uncalled bet ($2) returned to SALZHERZ
SALZHERZ collected $2 from pot
SALZHERZ: doesn't show hand
*** SUMMARY ***
Total pot $2 | Rake $0
Seat 6: ME HAPPYBEE (button) (small blind) folded before Flop
Seat 10: SALZHERZ (big blind) collected ($2)


PokerStars Hand #153571414503:  Hold'em Limit ($3/$6 USD) - 2016/05/20 1:19:18 ET
Table 'Tololo' 10-max Seat #10 is the button
Seat 6: ME HAPPYBEE ($184.04 in chips)
Seat 10: SALZHERZ ($113.38 in chips)
SALZHERZ: posts small blind $1
ME HAPPYBEE: posts big blind $3
*** HOLE CARDS ***
SALZHERZ: raises $3 to $6
ME HAPPYBEE: calls $3
*** FLOP *** [2d 6s Qs]
ME HAPPYBEE: checks
SALZHERZ: checks
*** TURN *** [2d 6s Qs] [Ad]
ME HAPPYBEE: checks
SALZHERZ: bets $6
ME HAPPYBEE: folds
Uncalled bet ($6) returned to SALZHERZ
SALZHERZ collected $11.76 from pot
SALZHERZ: doesn't show hand
*** SUMMARY ***
Total pot $12 | Rake $0.24
Board [2d 6s Qs Ad]
Seat 6: ME HAPPYBEE (big blind) folded on the Turn
Seat 10: SALZHERZ (button) (small blind) collected ($11.76)


PokerStars Hand #153571436222:  Hold'em Limit ($3/$6 USD) - 2016/05/20 1:20:44 ET
Table 'Tololo' 10-max Seat #6 is the button
Seat 6: ME HAPPYBEE ($198.06 in chips)
Seat 10: SALZHERZ ($97.90 in chips)
ME HAPPYBEE: posts small blind $1
SALZHERZ: posts big blind $3
*** HOLE CARDS ***
ME HAPPYBEE: raises $3 to $6
SALZHERZ: raises $3 to $9
ME HAPPYBEE: raises $3 to $12
Betting is capped
SALZHERZ: calls $3
*** FLOP *** [4h 6c 7h]
SALZHERZ: bets $3
ME HAPPYBEE: calls $3
*** TURN *** [4h 6c 7h] [4d]
SALZHERZ: bets $6
ME HAPPYBEE: calls $6
*** RIVER *** [4h 6c 7h 4d] [5s]
SALZHERZ: bets $6
ME HAPPYBEE: calls $6
*** SHOW DOWN ***
SALZHERZ: shows [6s 8s] (a straight, Four to Eight)
ME HAPPYBEE: mucks hand
SALZHERZ collected $53.50 from pot
*** SUMMARY ***
Total pot $54 | Rake $0.50
Board [4h 6c 7h 4d 5s]
Seat 6: ME HAPPYBEE (button) (small blind) mucked
Seat 10: SALZHERZ (big blind) showed [6s 8s] and won ($53.50) with a straight, Four to Eight


PokerStars Hand #153571428104:  Hold'em Limit ($3/$6 USD) - 2016/05/20 1:20:12 ET
Table 'Tololo' 10-max Seat #10 is the button
Seat 6: ME HAPPYBEE ($197.30 in chips)
Seat 10: SALZHERZ ($99.14 in chips)
SALZHERZ: posts small blind $1
ME HAPPYBEE: posts big blind $3
*** HOLE CARDS ***
SALZHERZ: raises $3 to $6
ME HAPPYBEE: calls $3
*** FLOP *** [3h 2d Jd]
ME HAPPYBEE: checks
SALZHERZ: checks
*** TURN *** [3h 2d Jd] [7d]
ME HAPPYBEE: bets $6
SALZHERZ: folds
Uncalled bet ($6) returned to ME HAPPYBEE
ME HAPPYBEE collected $11.76 from pot
ME HAPPYBEE: doesn't show hand
*** SUMMARY ***
Total pot $12 | Rake $0.24
Board [3h 2d Jd 7d]
Seat 6: ME HAPPYBEE (big blind) collected ($11.76)
Seat 10: SALZHERZ (button) (small blind) folded on the Turn


PokerStars Hand #153571430474:  Hold'em Limit ($3/$6 USD) - 2016/05/20 1:20:22 ET
Table 'Tololo' 10-max Seat #6 is the button
Seat 6: ME HAPPYBEE ($203.06 in chips)
Seat 10: SALZHERZ ($93.14 in chips)
ME HAPPYBEE: posts small blind $1
SALZHERZ: posts big blind $3
*** HOLE CARDS ***
ME HAPPYBEE: raises $3 to $6
SALZHERZ: calls $3
*** FLOP *** [Ts 5h 4s]
SALZHERZ: checks
ME HAPPYBEE: checks
*** TURN *** [Ts 5h 4s] [6d]
SALZHERZ: checks
ME HAPPYBEE: checks
*** RIVER *** [Ts 5h 4s 6d] [4c]
SALZHERZ: checks
ME HAPPYBEE: checks
*** SHOW DOWN ***
SALZHERZ: shows [Kd 3h] (a pair of Fours)
ME HAPPYBEE: mucks hand
SALZHERZ collected $11.76 from pot
*** SUMMARY ***
Total pot $12 | Rake $0.24
Board [Ts 5h 4s 6d 4c]
Seat 6: ME HAPPYBEE (button) (small blind) mucked
Seat 10: SALZHERZ (big blind) showed [Kd 3h] and won ($11.76) with a pair of Fours


PokerStars Hand #153571434461:  Hold'em Limit ($3/$6 USD) - 2016/05/20 1:20:38 ET
Table 'Tololo' 10-max Seat #10 is the button
Seat 6: ME HAPPYBEE ($197.06 in chips)
Seat 10: SALZHERZ ($98.90 in chips)
SALZHERZ: posts small blind $1
ME HAPPYBEE: posts big blind $3
*** HOLE CARDS ***
SALZHERZ: folds
Uncalled bet ($2) returned to ME HAPPYBEE
ME HAPPYBEE collected $2 from pot
ME HAPPYBEE: doesn't show hand
*** SUMMARY ***
Total pot $2 | Rake $0
Seat 6: ME HAPPYBEE (big blind) collected ($2)
Seat 10: SALZHERZ (button) (small blind) folded before Flop


PokerStars Hand #153571455627:  Hold'em Limit ($3/$6 USD) - 2016/05/20 1:22:02 ET
Table 'Tololo' 10-max Seat #6 is the button
Seat 6: ME HAPPYBEE ($189.10 in chips)
Seat 10: SALZHERZ ($105.16 in chips)
ME HAPPYBEE: posts small blind $1
SALZHERZ: posts big blind $3
*** HOLE CARDS ***
ME HAPPYBEE: folds
Uncalled bet ($2) returned to SALZHERZ
SALZHERZ collected $2 from pot
SALZHERZ: doesn't show hand
*** SUMMARY ***
Total pot $2 | Rake $0
Seat 6: ME HAPPYBEE (button) (small blind) folded before Flop
Seat 10: SALZHERZ (big blind) collected ($2)


PokerStars Hand #153571454501:  Hold'em Limit ($3/$6 USD) - 2016/05/20 1:21:57 ET
Table 'Tololo' 10-max Seat #10 is the button
Seat 6: ME HAPPYBEE ($188.10 in chips)
Seat 10: SALZHERZ ($106.16 in chips)
SALZHERZ: posts small blind $1
ME HAPPYBEE: posts big blind $3
*** HOLE CARDS ***
SALZHERZ: folds
Uncalled bet ($2) returned to ME HAPPYBEE
ME HAPPYBEE collected $2 from pot
ME HAPPYBEE: doesn't show hand
*** SUMMARY ***
Total pot $2 | Rake $0
Seat 6: ME HAPPYBEE (big blind) collected ($2)
Seat 10: SALZHERZ (button) (small blind) folded before Flop


PokerStars Hand #153571451020:  Hold'em Limit ($3/$6 USD) - 2016/05/20 1:21:43 ET
Table 'Tololo' 10-max Seat #10 is the button
Seat 6: ME HAPPYBEE ($181.34 in chips)
Seat 10: SALZHERZ ($113.16 in chips)
SALZHERZ: posts small blind $1
ME HAPPYBEE: posts big blind $3
*** HOLE CARDS ***
SALZHERZ: folds
Uncalled bet ($2) returned to ME HAPPYBEE
ME HAPPYBEE collected $2 from pot
ME HAPPYBEE: doesn't show hand
*** SUMMARY ***
Total pot $2 | Rake $0
Seat 6: ME HAPPYBEE (big blind) collected ($2)
Seat 10: SALZHERZ (button) (small blind) folded before Flop


PokerStars Hand #153571448763:  Hold'em Limit ($3/$6 USD) - 2016/05/20 1:21:34 ET
Table 'Tololo' 10-max Seat #6 is the button
Seat 6: ME HAPPYBEE ($175.58 in chips)
Seat 10: SALZHERZ ($119.16 in chips)
ME HAPPYBEE: posts small blind $1
SALZHERZ: posts big blind $3
*** HOLE CARDS ***
ME HAPPYBEE: raises $3 to $6
SALZHERZ: calls $3
*** FLOP *** [Ac 3d 3c]
SALZHERZ: checks
ME HAPPYBEE: bets $3
SALZHERZ: folds
Uncalled bet ($3) returned to ME HAPPYBEE
ME HAPPYBEE collected $11.76 from pot
ME HAPPYBEE: doesn't show hand
*** SUMMARY ***
Total pot $12 | Rake $0.24
Board [Ac 3d 3c]
Seat 6: ME HAPPYBEE (button) (small blind) collected ($11.76)
Seat 10: SALZHERZ (big blind) folded on the Flop


PokerStars Hand #153571445654:  Hold'em Limit ($3/$6 USD) - 2016/05/20 1:21:22 ET
Table 'Tololo' 10-max Seat #10 is the button
Seat 6: ME HAPPYBEE ($181.58 in chips)
Seat 10: SALZHERZ ($113.40 in chips)
SALZHERZ: posts small blind $1
ME HAPPYBEE: posts big blind $3
*** HOLE CARDS ***
SALZHERZ: raises $3 to $6
ME HAPPYBEE: calls $3
*** FLOP *** [9h As 7s]
ME HAPPYBEE: checks
SALZHERZ: bets $3
ME HAPPYBEE: folds
Uncalled bet ($3) returned to SALZHERZ
SALZHERZ collected $11.76 from pot
SALZHERZ: doesn't show hand
*** SUMMARY ***
Total pot $12 | Rake $0.24
Board [9h As 7s]
Seat 6: ME HAPPYBEE (big blind) folded on the Flop
Seat 10: SALZHERZ (button) (small blind) collected ($11.76)


PokerStars Hand #153571444561:  Hold'em Limit ($3/$6 USD) - 2016/05/20 1:21:17 ET
Table 'Tololo' 10-max Seat #6 is the button
Seat 6: ME HAPPYBEE ($182.58 in chips)
Seat 10: SALZHERZ ($112.40 in chips)
ME HAPPYBEE: posts small blind $1
SALZHERZ: posts big blind $3
*** HOLE CARDS ***
ME HAPPYBEE: folds
Uncalled bet ($2) returned to SALZHERZ
SALZHERZ collected $2 from pot
SALZHERZ: doesn't show hand
*** SUMMARY ***
Total pot $2 | Rake $0
Seat 6: ME HAPPYBEE (button) (small blind) folded before Flop
Seat 10: SALZHERZ (big blind) collected ($2)


PokerStars Hand #153571441196:  Hold'em Limit ($3/$6 USD) - 2016/05/20 1:21:04 ET
Table 'Tololo' 10-max Seat #10 is the button
Seat 6: ME HAPPYBEE ($171.06 in chips)
Seat 10: SALZHERZ ($124.40 in chips)
SALZHERZ: posts small blind $1
ME HAPPYBEE: posts big blind $3
*** HOLE CARDS ***
SALZHERZ: raises $3 to $6
ME HAPPYBEE: raises $3 to $9
SALZHERZ: raises $3 to $12
Betting is capped
ME HAPPYBEE: calls $3
*** FLOP *** [Kd Qh 6d]
ME HAPPYBEE: checks
SALZHERZ: checks
*** TURN *** [Kd Qh 6d] [Qd]
ME HAPPYBEE: bets $6
SALZHERZ: folds
Uncalled bet ($6) returned to ME HAPPYBEE
ME HAPPYBEE collected $23.52 from pot
ME HAPPYBEE: doesn't show hand
*** SUMMARY ***
Total pot $24 | Rake $0.48
Board [Kd Qh 6d Qd]
Seat 6: ME HAPPYBEE (big blind) collected ($23.52)
Seat 10: SALZHERZ (button) (small blind) folded on the Turn


PokerStars Hand #153571452208:  Hold'em Limit ($3/$6 USD) - 2016/05/20 1:21:48 ET
Table 'Tololo' 10-max Seat #6 is the button
Seat 6: ME HAPPYBEE ($182.34 in chips)
Seat 10: SALZHERZ ($112.16 in chips)
ME HAPPYBEE: posts small blind $1
SALZHERZ: posts big blind $3
*** HOLE CARDS ***
ME HAPPYBEE: raises $3 to $6
SALZHERZ: calls $3
*** FLOP *** [Ks Ad 3h]
SALZHERZ: checks
ME HAPPYBEE: bets $3
SALZHERZ: folds
Uncalled bet ($3) returned to ME HAPPYBEE
ME HAPPYBEE collected $11.76 from pot
ME HAPPYBEE: doesn't show hand
*** SUMMARY ***
Total pot $12 | Rake $0.24
Board [Ks Ad 3h]
Seat 6: ME HAPPYBEE (button) (small blind) collected ($11.76)
Seat 10: SALZHERZ (big blind) folded on the Flop


PokerStars Hand #153571466896:  Hold'em Limit ($3/$6 USD) - 2016/05/20 1:22:46 ET
Table 'Tololo' 10-max Seat #10 is the button
Seat 6: ME HAPPYBEE ($149.10 in chips)
Seat 10: SALZHERZ ($144.16 in chips)
SALZHERZ: posts small blind $1
ME HAPPYBEE: posts big blind $3
*** HOLE CARDS ***
SALZHERZ: raises $3 to $6
ME HAPPYBEE: raises $3 to $9
SALZHERZ: raises $3 to $12
Betting is capped
ME HAPPYBEE: calls $3
*** FLOP *** [6c Jc 4h]
ME HAPPYBEE: checks
SALZHERZ: checks
*** TURN *** [6c Jc 4h] [Ts]
ME HAPPYBEE: bets $6
SALZHERZ: calls $6
*** RIVER *** [6c Jc 4h Ts] [Kd]
ME HAPPYBEE: bets $6
SALZHERZ: folds
Uncalled bet ($6) returned to ME HAPPYBEE
ME HAPPYBEE collected $35.50 from pot
ME HAPPYBEE: doesn't show hand
*** SUMMARY ***
Total pot $36 | Rake $0.50
Board [6c Jc 4h Ts Kd]
Seat 6: ME HAPPYBEE (big blind) collected ($35.50)
Seat 10: SALZHERZ (button) (small blind) folded on the River


PokerStars Hand #153571456709:  Hold'em Limit ($3/$6 USD) - 2016/05/20 1:22:06 ET
Table 'Tololo' 10-max Seat #10 is the button
Seat 6: ME HAPPYBEE ($188.10 in chips)
Seat 10: SALZHERZ ($106.16 in chips)
SALZHERZ: posts small blind $1
ME HAPPYBEE: posts big blind $3
*** HOLE CARDS ***
SALZHERZ: raises $3 to $6
ME HAPPYBEE: calls $3
*** FLOP *** [Td 6d 9c]
ME HAPPYBEE: checks
SALZHERZ: bets $3
ME HAPPYBEE: calls $3
*** TURN *** [Td 6d 9c] [2c]
ME HAPPYBEE: checks
SALZHERZ: bets $6
ME HAPPYBEE: calls $6
*** RIVER *** [Td 6d 9c 2c] [Tc]
ME HAPPYBEE: checks
SALZHERZ: bets $6
ME HAPPYBEE: calls $6
*** SHOW DOWN ***
SALZHERZ: shows [9h Jd] (two pair, Tens and Nines)
ME HAPPYBEE: mucks hand
SALZHERZ collected $41.50 from pot
*** SUMMARY ***
Total pot $42 | Rake $0.50
Board [Td 6d 9c 2c Tc]
Seat 6: ME HAPPYBEE (big blind) mucked
Seat 10: SALZHERZ (button) (small blind) showed [9h Jd] and won ($41.50) with two pair, Tens and Nines


PokerStars Hand #153571461312:  Hold'em Limit ($3/$6 USD) - 2016/05/20 1:22:24 ET
Table 'Tololo' 10-max Seat #6 is the button
Seat 6: ME HAPPYBEE ($167.10 in chips)
Seat 10: SALZHERZ ($126.66 in chips)
ME HAPPYBEE: posts small blind $1
SALZHERZ: posts big blind $3
*** HOLE CARDS ***
ME HAPPYBEE: raises $3 to $6
SALZHERZ: raises $3 to $9
ME HAPPYBEE: calls $3
*** FLOP *** [5s 9c Ac]
SALZHERZ: checks
ME HAPPYBEE: bets $3
SALZHERZ: calls $3
*** TURN *** [5s 9c Ac] [As]
SALZHERZ: checks
ME HAPPYBEE: bets $6
SALZHERZ: calls $6
*** RIVER *** [5s 9c Ac As] [8s]
SALZHERZ: checks
ME HAPPYBEE: checks
*** SHOW DOWN ***
SALZHERZ: shows [Ts Js] (a flush, Ace high)
ME HAPPYBEE: mucks hand
SALZHERZ collected $35.50 from pot
*** SUMMARY ***
Total pot $36 | Rake $0.50
Board [5s 9c Ac As 8s]
Seat 6: ME HAPPYBEE (button) (small blind) mucked
Seat 10: SALZHERZ (big blind) showed [Ts Js] and won ($35.50) with a flush, Ace high


PokerStars Hand #153571473357:  Hold'em Limit ($3/$6 USD) - 2016/05/20 1:23:12 ET
Table 'Tololo' 10-max Seat #10 is the button
Seat 6: ME HAPPYBEE ($172.36 in chips)
Seat 10: SALZHERZ ($120.16 in chips)
SALZHERZ: posts small blind $1
ME HAPPYBEE: posts big blind $3
*** HOLE CARDS ***
SALZHERZ: calls $2
ME HAPPYBEE: checks
*** FLOP *** [4h 8s 2d]
ME HAPPYBEE: checks
SALZHERZ: bets $3
ME HAPPYBEE: folds
Uncalled bet ($3) returned to SALZHERZ
SALZHERZ collected $5.88 from pot
SALZHERZ: doesn't show hand
*** SUMMARY ***
Total pot $6 | Rake $0.12
Board [4h 8s 2d]
Seat 6: ME HAPPYBEE (big blind) folded on the Flop
Seat 10: SALZHERZ (button) (small blind) collected ($5.88)


PokerStars Hand #153571471081:  Hold'em Limit ($3/$6 USD) - 2016/05/20 1:23:03 ET
Table 'Tololo' 10-max Seat #6 is the button
Seat 6: ME HAPPYBEE ($166.60 in chips)
Seat 10: SALZHERZ ($126.16 in chips)
ME HAPPYBEE: posts small blind $1
SALZHERZ: posts big blind $3
*** HOLE CARDS ***
ME HAPPYBEE: raises $3 to $6
SALZHERZ: calls $3
*** FLOP *** [5d 8d Kh]
SALZHERZ: checks
ME HAPPYBEE: bets $3
SALZHERZ: folds
Uncalled bet ($3) returned to ME HAPPYBEE
ME HAPPYBEE collected $11.76 from pot
ME HAPPYBEE: doesn't show hand
*** SUMMARY ***
Total pot $12 | Rake $0.24
Board [5d 8d Kh]
Seat 6: ME HAPPYBEE (button) (small blind) collected ($11.76)
Seat 10: SALZHERZ (big blind) folded on the Flop


PokerStars Hand #153571475886:  Hold'em Limit ($3/$6 USD) - 2016/05/20 1:23:22 ET
Table 'Tololo' 10-max Seat #6 is the button
Seat 6: ME HAPPYBEE ($169.36 in chips)
Seat 10: SALZHERZ ($123.04 in chips)
ME HAPPYBEE: posts small blind $1
SALZHERZ: posts big blind $3
*** HOLE CARDS ***
ME HAPPYBEE: raises $3 to $6
SALZHERZ: calls $3
*** FLOP *** [7c Qc Tc]
SALZHERZ: checks
ME HAPPYBEE: bets $3
SALZHERZ: folds
Uncalled bet ($3) returned to ME HAPPYBEE
ME HAPPYBEE collected $11.76 from pot
ME HAPPYBEE: doesn't show hand
*** SUMMARY ***
Total pot $12 | Rake $0.24
Board [7c Qc Tc]
Seat 6: ME HAPPYBEE (button) (small blind) collected ($11.76)
Seat 10: SALZHERZ (big blind) folded on the Flop


