PokerStars Hand #154116020745:  Hold'em Limit ($3/$6 USD) - 2016/05/31 18:19:36 ET
Table 'Tolosa' 6-max Seat #5 is the button
Seat 5: TinaTurner72 ($121 in chips)
Seat 6: Solydz ($85.26 in chips)
TinaTurner72: posts small blind $1
Solydz: posts big blind $3
*** HOLE CARDS ***
GoliafUa joins the table at seat #2
TinaTurner72: raises $3 to $6
Solydz: folds
Uncalled bet ($3) returned to TinaTurner72
TinaTurner72 collected $6 from pot
TinaTurner72: doesn't show hand
*** SUMMARY ***
Total pot $6 | Rake $0
Seat 5: TinaTurner72 (button) (small blind) collected ($6)
Seat 6: Solydz (big blind) folded before Flop


PokerStars Hand #154116092258:  Hold'em Limit ($3/$6 USD) - 2016/05/31 18:21:14 ET
Table 'Tolosa' 6-max Seat #5 is the button
Seat 5: TinaTurner72 ($138.50 in chips)
Seat 6: Solydz ($67.26 in chips)
TinaTurner72: posts small blind $1
Solydz: posts big blind $3
*** HOLE CARDS ***
TinaTurner72: raises $3 to $6
Solydz: calls $3
*** FLOP *** [Ah Qh 6d]
Solydz: checks
TinaTurner72: bets $3
Solydz: folds
Uncalled bet ($3) returned to TinaTurner72
TinaTurner72 collected $11.76 from pot
TinaTurner72: doesn't show hand
*** SUMMARY ***
Total pot $12 | Rake $0.24
Board [Ah Qh 6d]
Seat 5: TinaTurner72 (button) (small blind) collected ($11.76)
Seat 6: Solydz (big blind) folded on the Flop


PokerStars Hand #154116045305:  Hold'em Limit ($3/$6 USD) - 2016/05/31 18:20:10 ET
Table 'Tolosa' 6-max Seat #6 is the button
Seat 5: TinaTurner72 ($124 in chips)
Seat 6: Solydz ($82.26 in chips)
Solydz: posts small blind $1
TinaTurner72: posts big blind $3
*** HOLE CARDS ***
craaa leaves the table
Solydz: calls $2
TinaTurner72: raises $3 to $6
Solydz: calls $3
*** FLOP *** [3c 9c 4c]
TinaTurner72: bets $3
Solydz: calls $3
*** TURN *** [3c 9c 4c] [2c]
TinaTurner72: checks
Solydz: bets $6
TinaTurner72: calls $6
*** RIVER *** [3c 9c 4c 2c] [8c]
TinaTurner72: checks
Solydz is disconnected
Solydz is connected
Solydz: checks
*** SHOW DOWN ***
TinaTurner72: shows [Kh 5c] (a flush, Nine high)
Solydz: mucks hand
TinaTurner72 collected $29.50 from pot
*** SUMMARY ***
Total pot $30 | Rake $0.50
Board [3c 9c 4c 2c 8c]
Seat 5: TinaTurner72 (big blind) showed [Kh 5c] and won ($29.50) with a flush, Nine high
Seat 6: Solydz (button) (small blind) mucked


PokerStars Hand #154116100992:  Hold'em Limit ($3/$6 USD) - 2016/05/31 18:21:26 ET
Table 'Tolosa' 6-max Seat #6 is the button
Seat 5: TinaTurner72 ($144.26 in chips)
Seat 6: Solydz ($61.26 in chips)
Solydz: posts small blind $1
TinaTurner72: posts big blind $3
*** HOLE CARDS ***
Solydz: folds
Uncalled bet ($2) returned to TinaTurner72
TinaTurner72 collected $2 from pot
TinaTurner72: doesn't show hand
*** SUMMARY ***
Total pot $2 | Rake $0
Seat 5: TinaTurner72 (big blind) collected ($2)
Seat 6: Solydz (button) (small blind) folded before Flop


PokerStars Hand #154117003027:  Hold'em Limit ($3/$6 USD) - 2016/05/31 18:42:15 ET
Table 'Tolosa' 6-max Seat #3 is the button
Seat 3: Rohirrim ($120 in chips)
Seat 5: TinaTurner72 ($177.88 in chips)
Rohirrim: posts small blind $1
TinaTurner72: posts big blind $3
*** HOLE CARDS ***
Rohirrim: folds
Uncalled bet ($2) returned to TinaTurner72
ABATAPP joins the table at seat #4
TinaTurner72 collected $2 from pot
TinaTurner72: doesn't show hand
*** SUMMARY ***
Total pot $2 | Rake $0
Seat 3: Rohirrim (button) (small blind) folded before Flop
Seat 5: TinaTurner72 (big blind) collected ($2)


PokerStars Hand #154116969110:  Hold'em Limit ($3/$6 USD) - 2016/05/31 18:41:27 ET
Table 'Tolosa' 6-max Seat #5 is the button
Seat 1: kdcl ($33.12 in chips)
Seat 5: TinaTurner72 ($145.26 in chips)
TinaTurner72: posts small blind $1
kdcl: posts big blind $3
*** HOLE CARDS ***
TinaTurner72: raises $3 to $6
kdcl: raises $3 to $9
TinaTurner72: raises $3 to $12
Betting is capped
kdcl: calls $3
*** FLOP *** [9d 2c 7d]
kdcl: bets $3
TinaTurner72: raises $3 to $6
kdcl: raises $3 to $9
TinaTurner72: raises $3 to $12
Betting is capped
kdcl: calls $3
*** TURN *** [9d 2c 7d] [Qh]
kdcl: bets $6
TinaTurner72: raises $6 to $12
kdcl: calls $3.12 and is all-in
Uncalled bet ($2.88) returned to TinaTurner72
*** RIVER *** [9d 2c 7d Qh] [7c]
*** SHOW DOWN ***
kdcl: shows [9h Ac] (two pair, Nines and Sevens)
TinaTurner72: shows [Kd Qd] (two pair, Queens and Sevens)
TinaTurner72 collected $65.74 from pot
*** SUMMARY ***
Total pot $66.24 | Rake $0.50
Board [9d 2c 7d Qh 7c]
Seat 1: kdcl (big blind) showed [9h Ac] and lost with two pair, Nines and Sevens
Seat 5: TinaTurner72 (button) (small blind) showed [Kd Qd] and won ($65.74) with two pair, Queens and Sevens


PokerStars Hand #154117006314:  Hold'em Limit ($3/$6 USD) - 2016/05/31 18:42:20 ET
Table 'Tolosa' 6-max Seat #5 is the button
Seat 3: Rohirrim ($119 in chips)
Seat 5: TinaTurner72 ($178.88 in chips)
TinaTurner72: posts small blind $1
Rohirrim: posts big blind $3
*** HOLE CARDS ***
TinaTurner72: raises $3 to $6
Rohirrim: folds
Uncalled bet ($3) returned to TinaTurner72
TinaTurner72 collected $6 from pot
TinaTurner72: doesn't show hand
*** SUMMARY ***
Total pot $6 | Rake $0
Seat 3: Rohirrim (big blind) folded before Flop
Seat 5: TinaTurner72 (button) (small blind) collected ($6)


PokerStars Hand #154117068465:  Hold'em Limit ($3/$6 USD) - 2016/05/31 18:43:50 ET
Table 'Tolosa' 6-max Seat #3 is the button
Seat 3: Rohirrim ($141.14 in chips)
Seat 4: ABATAPP ($94 in chips)
Rohirrim: posts small blind $1
ABATAPP: posts big blind $3
*** HOLE CARDS ***
Rohirrim: raises $3 to $6
ABATAPP: raises $3 to $9
Rohirrim: raises $3 to $12
Betting is capped
ABATAPP: calls $3
*** FLOP *** [4h 4s 3d]
ABATAPP: checks
Rohirrim: bets $3
ABATAPP: raises $3 to $6
Rohirrim: calls $3
*** TURN *** [4h 4s 3d] [Qd]
ABATAPP: bets $6
Rohirrim: calls $6
*** RIVER *** [4h 4s 3d Qd] [6d]
ABATAPP: checks
Rohirrim: checks
*** SHOW DOWN ***
ABATAPP: shows [Ah 7c] (a pair of Fours)
Rohirrim: shows [As Jd] (a pair of Fours - Ace+Queen+Jack kicker)
Rohirrim collected $47.50 from pot
*** SUMMARY ***
Total pot $48 | Rake $0.50
Board [4h 4s 3d Qd 6d]
Seat 3: Rohirrim (button) (small blind) showed [As Jd] and won ($47.50) with a pair of Fours
Seat 4: ABATAPP (big blind) showed [Ah 7c] and lost with a pair of Fours


PokerStars Hand #154117053627:  Hold'em Limit ($3/$6 USD) - 2016/05/31 18:43:28 ET
Table 'Tolosa' 6-max Seat #4 is the button
Seat 3: Rohirrim ($117.64 in chips)
Seat 4: ABATAPP ($118 in chips)
ABATAPP: posts small blind $1
TinaTurner72: is sitting out
Rohirrim: posts big blind $3
*** HOLE CARDS ***
ABATAPP: raises $3 to $6
Rohirrim: raises $3 to $9
TinaTurner72 leaves the table
ABATAPP: calls $3
*** FLOP *** [6h 6s Jc]
Rohirrim: bets $3
ABATAPP: calls $3
*** TURN *** [6h 6s Jc] [Td]
Rohirrim: bets $6
ABATAPP: calls $6
*** RIVER *** [6h 6s Jc Td] [9c]
Rohirrim: bets $6
ABATAPP: calls $6
*** SHOW DOWN ***
Rohirrim: shows [Ac Jh] (two pair, Jacks and Sixes)
ABATAPP: mucks hand
Rohirrim collected $47.50 from pot
*** SUMMARY ***
Total pot $48 | Rake $0.50
Board [6h 6s Jc Td 9c]
Seat 3: Rohirrim (big blind) showed [Ac Jh] and won ($47.50) with two pair, Jacks and Sixes
Seat 4: ABATAPP (button) (small blind) mucked


PokerStars Hand #154117104770:  Hold'em Limit ($3/$6 USD) - 2016/05/31 18:44:43 ET
Table 'Tolosa' 6-max Seat #3 is the button
Seat 3: Rohirrim ($148.64 in chips)
Seat 4: ABATAPP ($85.52 in chips)
Rohirrim: posts small blind $1
ABATAPP: posts big blind $3
*** HOLE CARDS ***
Rohirrim: folds
Uncalled bet ($2) returned to ABATAPP
ABATAPP collected $2 from pot
ABATAPP: doesn't show hand
*** SUMMARY ***
Total pot $2 | Rake $0
Seat 3: Rohirrim (button) (small blind) folded before Flop
Seat 4: ABATAPP (big blind) collected ($2)


PokerStars Hand #154117100698:  Hold'em Limit ($3/$6 USD) - 2016/05/31 18:44:37 ET
Table 'Tolosa' 6-max Seat #4 is the button
Seat 3: Rohirrim ($151.64 in chips)
Seat 4: ABATAPP ($82.52 in chips)
ABATAPP: posts small blind $1
Rohirrim: posts big blind $3
*** HOLE CARDS ***
ABATAPP: raises $3 to $6
Rohirrim: folds
Uncalled bet ($3) returned to ABATAPP
ABATAPP collected $6 from pot
ABATAPP: doesn't show hand
*** SUMMARY ***
Total pot $6 | Rake $0
Seat 3: Rohirrim (big blind) folded before Flop
Seat 4: ABATAPP (button) (small blind) collected ($6)


PokerStars Hand #154117097407:  Hold'em Limit ($3/$6 USD) - 2016/05/31 18:44:33 ET
Table 'Tolosa' 6-max Seat #3 is the button
Seat 3: Rohirrim ($152.64 in chips)
Seat 4: ABATAPP ($81.52 in chips)
Rohirrim: posts small blind $1
ABATAPP: posts big blind $3
*** HOLE CARDS ***
Rohirrim: folds
Uncalled bet ($2) returned to ABATAPP
ABATAPP collected $2 from pot
ABATAPP: doesn't show hand
*** SUMMARY ***
Total pot $2 | Rake $0
Seat 3: Rohirrim (button) (small blind) folded before Flop
Seat 4: ABATAPP (big blind) collected ($2)


PokerStars Hand #154117084231:  Hold'em Limit ($3/$6 USD) - 2016/05/31 18:44:13 ET
Table 'Tolosa' 6-max Seat #4 is the button
Seat 3: Rohirrim ($164.64 in chips)
Seat 4: ABATAPP ($70 in chips)
ABATAPP: posts small blind $1
Rohirrim: posts big blind $3
*** HOLE CARDS ***
ABATAPP: raises $3 to $6
Rohirrim: calls $3
*** FLOP *** [Ad Ks 8s]
Rohirrim: checks
ABATAPP: checks
*** TURN *** [Ad Ks 8s] [As]
Rohirrim: checks
ABATAPP: checks
*** RIVER *** [Ad Ks 8s As] [7c]
Rohirrim: bets $6
ABATAPP: calls $6
*** SHOW DOWN ***
Rohirrim: shows [6d 9s] (a pair of Aces)
ABATAPP: shows [4h 7h] (two pair, Aces and Sevens)
ABATAPP collected $23.52 from pot
*** SUMMARY ***
Total pot $24 | Rake $0.48
Board [Ad Ks 8s As 7c]
Seat 3: Rohirrim (big blind) showed [6d 9s] and lost with a pair of Aces
Seat 4: ABATAPP (button) (small blind) showed [4h 7h] and won ($23.52) with two pair, Aces and Sevens


PokerStars Hand #154117131373:  Hold'em Limit ($3/$6 USD) - 2016/05/31 18:45:22 ET
Table 'Tolosa' 6-max Seat #3 is the button
Seat 3: Rohirrim ($183.14 in chips)
Seat 4: ABATAPP ($50.52 in chips)
Rohirrim: posts small blind $1
ABATAPP: posts big blind $3
*** HOLE CARDS ***
Rohirrim: folds
Uncalled bet ($2) returned to ABATAPP
ABATAPP collected $2 from pot
ABATAPP: doesn't show hand
*** SUMMARY ***
Total pot $2 | Rake $0
Seat 3: Rohirrim (button) (small blind) folded before Flop
Seat 4: ABATAPP (big blind) collected ($2)


PokerStars Hand #154117108227:  Hold'em Limit ($3/$6 USD) - 2016/05/31 18:44:48 ET
Table 'Tolosa' 6-max Seat #4 is the button
Seat 3: Rohirrim ($147.64 in chips)
Seat 4: ABATAPP ($86.52 in chips)
ABATAPP: posts small blind $1
Rohirrim: posts big blind $3
*** HOLE CARDS ***
ABATAPP: raises $3 to $6
Rohirrim: calls $3
*** FLOP *** [Kh Kd Ks]
Rohirrim: checks
ABATAPP: bets $3
Rohirrim: raises $3 to $6
ABATAPP: calls $3
*** TURN *** [Kh Kd Ks] [9d]
Rohirrim: bets $6
ABATAPP: calls $6
*** RIVER *** [Kh Kd Ks 9d] [Tc]
Rohirrim: bets $6
ABATAPP: raises $6 to $12
Rohirrim: raises $6 to $18
ABATAPP: calls $6
*** SHOW DOWN ***
Rohirrim: shows [Kc 6d] (four of a kind, Kings)
ABATAPP: mucks hand
Rohirrim collected $71.50 from pot
*** SUMMARY ***
Total pot $72 | Rake $0.50
Board [Kh Kd Ks 9d Tc]
Seat 3: Rohirrim (big blind) showed [Kc 6d] and won ($71.50) with four of a kind, Kings
Seat 4: ABATAPP (button) (small blind) mucked


PokerStars Hand #154117134421:  Hold'em Limit ($3/$6 USD) - 2016/05/31 18:45:27 ET
Table 'Tolosa' 6-max Seat #4 is the button
Seat 3: Rohirrim ($182.14 in chips)
Seat 4: ABATAPP ($51.52 in chips)
ABATAPP: posts small blind $1
Rohirrim: posts big blind $3
*** HOLE CARDS ***
ABATAPP: folds
Uncalled bet ($2) returned to Rohirrim
Rohirrim collected $2 from pot
*** SUMMARY ***
Total pot $2 | Rake $0
Seat 3: Rohirrim (big blind) collected ($2)
Seat 4: ABATAPP (button) (small blind) folded before Flop


PokerStars Hand #154117138600:  Hold'em Limit ($3/$6 USD) - 2016/05/31 18:45:33 ET
Table 'Tolosa' 6-max Seat #3 is the button
Seat 3: Rohirrim ($183.14 in chips)
Seat 4: ABATAPP ($50.52 in chips)
Rohirrim: posts small blind $1
ABATAPP: posts big blind $3
*** HOLE CARDS ***
Rohirrim: raises $3 to $6
ABATAPP: raises $3 to $9
Rohirrim: calls $3
*** FLOP *** [9d Jc 3s]
ABATAPP: bets $3
Rohirrim: raises $3 to $6
ABATAPP: calls $3
*** TURN *** [9d Jc 3s] [7d]
ABATAPP: checks
Rohirrim: bets $6
ABATAPP: calls $6
*** RIVER *** [9d Jc 3s 7d] [4s]
ABATAPP: checks
Rohirrim: checks
*** SHOW DOWN ***
ABATAPP: shows [Qd Ks] (high card King)
Rohirrim: mucks hand
ABATAPP collected $41.50 from pot
*** SUMMARY ***
Total pot $42 | Rake $0.50
Board [9d Jc 3s 7d 4s]
Seat 3: Rohirrim (button) (small blind) mucked
Seat 4: ABATAPP (big blind) showed [Qd Ks] and won ($41.50) with high card King


PokerStars Hand #154117158118:  Hold'em Limit ($3/$6 USD) - 2016/05/31 18:46:02 ET
Table 'Tolosa' 6-max Seat #3 is the button
Seat 3: Rohirrim ($163.14 in chips)
Seat 4: ABATAPP ($70.02 in chips)
Rohirrim: posts small blind $1
ABATAPP: posts big blind $3
*** HOLE CARDS ***
Rohirrim: folds
Uncalled bet ($2) returned to ABATAPP
ABATAPP collected $2 from pot
ABATAPP: doesn't show hand
*** SUMMARY ***
Total pot $2 | Rake $0
Seat 3: Rohirrim (button) (small blind) folded before Flop
Seat 4: ABATAPP (big blind) collected ($2)


PokerStars Hand #154117154856:  Hold'em Limit ($3/$6 USD) - 2016/05/31 18:45:57 ET
Table 'Tolosa' 6-max Seat #4 is the button
Seat 3: Rohirrim ($162.14 in chips)
Seat 4: ABATAPP ($71.02 in chips)
ABATAPP: posts small blind $1
Rohirrim: posts big blind $3
*** HOLE CARDS ***
ABATAPP: folds
Uncalled bet ($2) returned to Rohirrim
Rohirrim collected $2 from pot
Rohirrim: doesn't show hand
*** SUMMARY ***
Total pot $2 | Rake $0
Seat 3: Rohirrim (big blind) collected ($2)
Seat 4: ABATAPP (button) (small blind) folded before Flop


PokerStars Hand #154117160942:  Hold'em Limit ($3/$6 USD) - 2016/05/31 18:46:06 ET
Table 'Tolosa' 6-max Seat #4 is the button
Seat 3: Rohirrim ($162.14 in chips)
Seat 4: ABATAPP ($71.02 in chips)
ABATAPP: posts small blind $1
Rohirrim: posts big blind $3
*** HOLE CARDS ***
ABATAPP: raises $3 to $6
Rohirrim: calls $3
*** FLOP *** [7d Kd Kc]
Rohirrim: checks
ABATAPP: bets $3
Rohirrim: raises $3 to $6
ABATAPP: calls $3
*** TURN *** [7d Kd Kc] [7s]
Rohirrim: bets $6
ABATAPP: raises $6 to $12
Rohirrim: calls $6
*** RIVER *** [7d Kd Kc 7s] [6d]
Rohirrim: checks
ABATAPP: checks
*** SHOW DOWN ***
Rohirrim: shows [7c Td] (a full house, Sevens full of Kings)
ABATAPP: mucks hand
Rohirrim collected $47.50 from pot
*** SUMMARY ***
Total pot $48 | Rake $0.50
Board [7d Kd Kc 7s 6d]
Seat 3: Rohirrim (big blind) showed [7c Td] and won ($47.50) with a full house, Sevens full of Kings
Seat 4: ABATAPP (button) (small blind) mucked


PokerStars Hand #154117175502:  Hold'em Limit ($3/$6 USD) - 2016/05/31 18:46:27 ET
Table 'Tolosa' 6-max Seat #3 is the button
Seat 3: Rohirrim ($185.64 in chips)
Seat 4: ABATAPP ($47.02 in chips)
vovojc joins the table at seat #5
Rohirrim: posts small blind $1
ABATAPP: posts big blind $3
*** HOLE CARDS ***
Rohirrim: folds
Uncalled bet ($2) returned to ABATAPP
ABATAPP collected $2 from pot
ABATAPP: doesn't show hand
*** SUMMARY ***
Total pot $2 | Rake $0
Seat 3: Rohirrim (button) (small blind) folded before Flop
Seat 4: ABATAPP (big blind) collected ($2)


