PokerStars Hand #152522319567:  Hold'em Limit ($3/$6 USD) - 2016/04/27 12:00:24 ET
Table 'Tolosa II' 6-max Seat #6 is the button
Seat 3: Thijsje1200 ($13.72 in chips)
Seat 6: SmellyToes4u ($71.50 in chips)
SmellyToes4u: posts small blind $1
Thijsje1200: posts big blind $3
*** HOLE CARDS ***
SmellyToes4u: folds
Uncalled bet ($2) returned to Thijsje1200
Thijsje1200 collected $2 from pot
Thijsje1200: doesn't show hand
*** SUMMARY ***
Total pot $2 | Rake $0
Seat 3: Thijsje1200 (big blind) collected ($2)
Seat 6: SmellyToes4u (button) (small blind) folded before Flop


PokerStars Hand #152522309943:  Hold'em Limit ($3/$6 USD) - 2016/04/27 12:00:09 ET
Table 'Tolosa II' 6-max Seat #3 is the button
Seat 3: Thijsje1200 ($7 in chips)
Seat 6: SmellyToes4u ($78.50 in chips)
Thijsje1200: posts small blind $1
SmellyToes4u: posts big blind $3
*** HOLE CARDS ***
Thijsje1200: raises $3 to $6
SmellyToes4u: raises $3 to $9
Thijsje1200: calls $1 and is all-in
Uncalled bet ($2) returned to SmellyToes4u
*** FLOP *** [8d Qc Ks]
*** TURN *** [8d Qc Ks] [3s]
*** RIVER *** [8d Qc Ks 3s] [9c]
*** SHOW DOWN ***
SmellyToes4u: shows [5s 4c] (high card King)
Thijsje1200: shows [Th Kd] (a pair of Kings)
Thijsje1200 collected $13.72 from pot
*** SUMMARY ***
Total pot $14 | Rake $0.28
Board [8d Qc Ks 3s 9c]
Seat 3: Thijsje1200 (button) (small blind) showed [Th Kd] and won ($13.72) with a pair of Kings
Seat 6: SmellyToes4u (big blind) showed [5s 4c] and lost with high card King


