PokerStars Hand #166911618626:  Hold'em Limit ($3/$6 USD) - 2017/02/28 13:47:30 ET
Table 'Tombecka' 6-max Seat #4 is the button
Seat 1: umbunga ($107.52 in chips)
Seat 4: Actionni13 ($163.16 in chips)
Actionni13: posts small blind $1
umbunga: posts big blind $3
*** HOLE CARDS ***
Actionni13: raises $3 to $6
umbunga: calls $3
*** FLOP *** [7d 6d Kc]
umbunga: checks
Actionni13: bets $3
umbunga: folds
Uncalled bet ($3) returned to Actionni13
Actionni13 collected $11.76 from pot
Actionni13: doesn't show hand
*** SUMMARY ***
Total pot $12 | Rake $0.24
Board [7d 6d Kc]
Seat 1: umbunga (big blind) folded on the Flop
Seat 4: Actionni13 (button) (small blind) collected ($11.76)


PokerStars Hand #166911631082:  Hold'em Limit ($3/$6 USD) - 2017/02/28 13:47:44 ET
Table 'Tombecka' 6-max Seat #1 is the button
Seat 1: umbunga ($101.52 in chips)
Seat 4: Actionni13 ($168.92 in chips)
umbunga: posts small blind $1
Actionni13: posts big blind $3
*** HOLE CARDS ***
umbunga: folds
Uncalled bet ($2) returned to Actionni13
Actionni13 collected $2 from pot
Actionni13: doesn't show hand
*** SUMMARY ***
Total pot $2 | Rake $0
Seat 1: umbunga (button) (small blind) folded before Flop
Seat 4: Actionni13 (big blind) collected ($2)


PokerStars Hand #166911636034:  Hold'em Limit ($3/$6 USD) - 2017/02/28 13:47:49 ET
Table 'Tombecka' 6-max Seat #4 is the button
Seat 1: umbunga ($100.52 in chips)
Seat 4: Actionni13 ($169.92 in chips)
Actionni13: posts small blind $1
umbunga: posts big blind $3
*** HOLE CARDS ***
Actionni13: raises $3 to $6
umbunga: calls $3
*** FLOP *** [7h Ks Th]
umbunga: checks
Actionni13: bets $3
umbunga: folds
Uncalled bet ($3) returned to Actionni13
Actionni13 collected $11.76 from pot
Actionni13: doesn't show hand
*** SUMMARY ***
Total pot $12 | Rake $0.24
Board [7h Ks Th]
Seat 1: umbunga (big blind) folded on the Flop
Seat 4: Actionni13 (button) (small blind) collected ($11.76)


PokerStars Hand #166911647841:  Hold'em Limit ($3/$6 USD) - 2017/02/28 13:48:02 ET
Table 'Tombecka' 6-max Seat #1 is the button
Seat 1: umbunga ($94.52 in chips)
Seat 4: Actionni13 ($175.68 in chips)
umbunga: posts small blind $1
Actionni13: posts big blind $3
*** HOLE CARDS ***
umbunga: raises $3 to $6
Actionni13: calls $3
*** FLOP *** [2d Ks Td]
Actionni13: checks
umbunga: bets $3
Actionni13: folds
Uncalled bet ($3) returned to umbunga
umbunga collected $11.76 from pot
umbunga: doesn't show hand
*** SUMMARY ***
Total pot $12 | Rake $0.24
Board [2d Ks Td]
Seat 1: umbunga (button) (small blind) collected ($11.76)
Seat 4: Actionni13 (big blind) folded on the Flop


PokerStars Hand #166911658531:  Hold'em Limit ($3/$6 USD) - 2017/02/28 13:48:14 ET
Table 'Tombecka' 6-max Seat #4 is the button
Seat 1: umbunga ($100.28 in chips)
Seat 4: Actionni13 ($169.68 in chips)
Actionni13: posts small blind $1
umbunga: posts big blind $3
*** HOLE CARDS ***
Actionni13: raises $3 to $6
umbunga: calls $3
*** FLOP *** [8h 3s Kh]
umbunga: checks
Actionni13: bets $3
umbunga: folds
Uncalled bet ($3) returned to Actionni13
Actionni13 collected $11.76 from pot
Actionni13: doesn't show hand
*** SUMMARY ***
Total pot $12 | Rake $0.24
Board [8h 3s Kh]
Seat 1: umbunga (big blind) folded on the Flop
Seat 4: Actionni13 (button) (small blind) collected ($11.76)


PokerStars Hand #166911667708:  Hold'em Limit ($3/$6 USD) - 2017/02/28 13:48:24 ET
Table 'Tombecka' 6-max Seat #1 is the button
Seat 1: umbunga ($94.28 in chips)
Seat 4: Actionni13 ($175.44 in chips)
umbunga: posts small blind $1
Actionni13: posts big blind $3
*** HOLE CARDS ***
umbunga: folds
Uncalled bet ($2) returned to Actionni13
Actionni13 collected $2 from pot
Actionni13: doesn't show hand
*** SUMMARY ***
Total pot $2 | Rake $0
Seat 1: umbunga (button) (small blind) folded before Flop
Seat 4: Actionni13 (big blind) collected ($2)


PokerStars Hand #166911672044:  Hold'em Limit ($3/$6 USD) - 2017/02/28 13:48:28 ET
Table 'Tombecka' 6-max Seat #4 is the button
Seat 1: umbunga ($93.28 in chips)
Seat 4: Actionni13 ($176.44 in chips)
Actionni13: posts small blind $1
umbunga: posts big blind $3
*** HOLE CARDS ***
Actionni13: raises $3 to $6
umbunga: calls $3
*** FLOP *** [4c Qs Jh]
umbunga: checks
Actionni13: bets $3
umbunga: raises $3 to $6
Actionni13: folds
Uncalled bet ($3) returned to umbunga
umbunga collected $17.64 from pot
umbunga: doesn't show hand
*** SUMMARY ***
Total pot $18 | Rake $0.36
Board [4c Qs Jh]
Seat 1: umbunga (big blind) collected ($17.64)
Seat 4: Actionni13 (button) (small blind) folded on the Flop


PokerStars Hand #166911683689:  Hold'em Limit ($3/$6 USD) - 2017/02/28 13:48:41 ET
Table 'Tombecka' 6-max Seat #1 is the button
Seat 1: umbunga ($101.92 in chips)
Seat 4: Actionni13 ($167.44 in chips)
umbunga: posts small blind $1
Actionni13: posts big blind $3
*** HOLE CARDS ***
umbunga: raises $3 to $6
Actionni13: folds
Uncalled bet ($3) returned to umbunga
umbunga collected $6 from pot
umbunga: doesn't show hand
*** SUMMARY ***
Total pot $6 | Rake $0
Seat 1: umbunga (button) (small blind) collected ($6)
Seat 4: Actionni13 (big blind) folded before Flop


PokerStars Hand #166911691148:  Hold'em Limit ($3/$6 USD) - 2017/02/28 13:48:49 ET
Table 'Tombecka' 6-max Seat #4 is the button
Seat 1: umbunga ($104.92 in chips)
Seat 4: Actionni13 ($164.44 in chips)
Actionni13: posts small blind $1
umbunga: posts big blind $3
*** HOLE CARDS ***
Actionni13: raises $3 to $6
umbunga: calls $3
*** FLOP *** [7d 7h 8c]
umbunga: checks
Actionni13: bets $3
umbunga: raises $3 to $6
Actionni13: calls $3
*** TURN *** [7d 7h 8c] [5s]
umbunga: bets $6
Actionni13: calls $6
*** RIVER *** [7d 7h 8c 5s] [9h]
umbunga: checks
Actionni13: bets $6
umbunga: calls $6
*** SHOW DOWN ***
Actionni13: shows [9s Jh] (two pair, Nines and Sevens)
umbunga: mucks hand
Actionni13 collected $47.50 from pot
*** SUMMARY ***
Total pot $48 | Rake $0.50
Board [7d 7h 8c 5s 9h]
Seat 1: umbunga (big blind) mucked
Seat 4: Actionni13 (button) (small blind) showed [9s Jh] and won ($47.50) with two pair, Nines and Sevens


PokerStars Hand #166911719165:  Hold'em Limit ($3/$6 USD) - 2017/02/28 13:49:20 ET
Table 'Tombecka' 6-max Seat #1 is the button
Seat 1: umbunga ($80.92 in chips)
Seat 4: Actionni13 ($187.94 in chips)
umbunga: posts small blind $1
Actionni13: posts big blind $3
*** HOLE CARDS ***
umbunga: raises $3 to $6
Actionni13: calls $3
*** FLOP *** [Jd 7s 7c]
Actionni13: checks
umbunga: bets $3
Actionni13: folds
Uncalled bet ($3) returned to umbunga
umbunga collected $11.76 from pot
umbunga: doesn't show hand
*** SUMMARY ***
Total pot $12 | Rake $0.24
Board [Jd 7s 7c]
Seat 1: umbunga (button) (small blind) collected ($11.76)
Seat 4: Actionni13 (big blind) folded on the Flop


PokerStars Hand #166911755577:  Hold'em Limit ($3/$6 USD) - 2017/02/28 13:49:59 ET
Table 'Tombecka' 6-max Seat #1 is the button
Seat 1: umbunga ($74.68 in chips)
Seat 4: Actionni13 ($193.46 in chips)
umbunga: posts small blind $1
Actionni13: posts big blind $3
*** HOLE CARDS ***
umbunga: folds
Uncalled bet ($2) returned to Actionni13
Actionni13 collected $2 from pot
Actionni13: doesn't show hand
*** SUMMARY ***
Total pot $2 | Rake $0
Seat 1: umbunga (button) (small blind) folded before Flop
Seat 4: Actionni13 (big blind) collected ($2)


PokerStars Hand #166911739467:  Hold'em Limit ($3/$6 USD) - 2017/02/28 13:49:41 ET
Table 'Tombecka' 6-max Seat #4 is the button
Seat 1: umbunga ($86.68 in chips)
Seat 4: Actionni13 ($181.94 in chips)
Actionni13: posts small blind $1
umbunga: posts big blind $3
*** HOLE CARDS ***
Actionni13: raises $3 to $6
umbunga: raises $3 to $9
Actionni13: calls $3
*** FLOP *** [8c 3h Qc]
umbunga: bets $3
Actionni13: calls $3
*** TURN *** [8c 3h Qc] [Jd]
umbunga: checks
Actionni13: bets $6
umbunga: folds
Uncalled bet ($6) returned to Actionni13
Actionni13 collected $23.52 from pot
Actionni13: doesn't show hand
*** SUMMARY ***
Total pot $24 | Rake $0.48
Board [8c 3h Qc Jd]
Seat 1: umbunga (big blind) folded on the Turn
Seat 4: Actionni13 (button) (small blind) collected ($23.52)


PokerStars Hand #166911760418:  Hold'em Limit ($3/$6 USD) - 2017/02/28 13:50:04 ET
Table 'Tombecka' 6-max Seat #4 is the button
Seat 1: umbunga ($73.68 in chips)
Seat 4: Actionni13 ($194.46 in chips)
Actionni13: posts small blind $1
umbunga: posts big blind $3
*** HOLE CARDS ***
Actionni13: raises $3 to $6
umbunga: calls $3
*** FLOP *** [Js Ac Ts]
umbunga: checks
Actionni13: bets $3
umbunga: raises $3 to $6
Actionni13: calls $3
*** TURN *** [Js Ac Ts] [Ad]
umbunga: bets $6
Actionni13: raises $6 to $12
umbunga: folds
Uncalled bet ($6) returned to Actionni13
Actionni13 collected $35.50 from pot
Actionni13: doesn't show hand
*** SUMMARY ***
Total pot $36 | Rake $0.50
Board [Js Ac Ts Ad]
Seat 1: umbunga (big blind) folded on the Turn
Seat 4: Actionni13 (button) (small blind) collected ($35.50)


PokerStars Hand #166911780187:  Hold'em Limit ($3/$6 USD) - 2017/02/28 13:50:26 ET
Table 'Tombecka' 6-max Seat #1 is the button
Seat 1: umbunga ($55.68 in chips)
Seat 4: Actionni13 ($211.96 in chips)
umbunga: posts small blind $1
Actionni13: posts big blind $3
*** HOLE CARDS ***
umbunga: folds
Uncalled bet ($2) returned to Actionni13
Actionni13 collected $2 from pot
Actionni13: doesn't show hand
*** SUMMARY ***
Total pot $2 | Rake $0
Seat 1: umbunga (button) (small blind) folded before Flop
Seat 4: Actionni13 (big blind) collected ($2)


PokerStars Hand #166911784869:  Hold'em Limit ($3/$6 USD) - 2017/02/28 13:50:31 ET
Table 'Tombecka' 6-max Seat #4 is the button
Seat 1: umbunga ($54.68 in chips)
Seat 4: Actionni13 ($212.96 in chips)
Actionni13: posts small blind $1
umbunga: posts big blind $3
*** HOLE CARDS ***
Actionni13: raises $3 to $6
umbunga: calls $3
*** FLOP *** [Jh 5d 7c]
umbunga: checks
Actionni13: bets $3
umbunga: folds
Uncalled bet ($3) returned to Actionni13
Actionni13 collected $11.76 from pot
Actionni13: doesn't show hand
*** SUMMARY ***
Total pot $12 | Rake $0.24
Board [Jh 5d 7c]
Seat 1: umbunga (big blind) folded on the Flop
Seat 4: Actionni13 (button) (small blind) collected ($11.76)


PokerStars Hand #166911796970:  Hold'em Limit ($3/$6 USD) - 2017/02/28 13:50:44 ET
Table 'Tombecka' 6-max Seat #1 is the button
Seat 1: umbunga ($48.68 in chips)
Seat 4: Actionni13 ($218.72 in chips)
umbunga: posts small blind $1
Actionni13: posts big blind $3
*** HOLE CARDS ***
umbunga: raises $3 to $6
Actionni13: calls $3
*** FLOP *** [3s 7s 7h]
Actionni13: checks
umbunga: bets $3
Actionni13: calls $3
*** TURN *** [3s 7s 7h] [Qs]
Actionni13: checks
umbunga: bets $6
Actionni13: calls $6
*** RIVER *** [3s 7s 7h Qs] [7c]
Actionni13: checks
umbunga: bets $6
Actionni13: folds
Uncalled bet ($6) returned to umbunga
umbunga collected $29.50 from pot
*** SUMMARY ***
Total pot $30 | Rake $0.50
Board [3s 7s 7h Qs 7c]
Seat 1: umbunga (button) (small blind) collected ($29.50)
Seat 4: Actionni13 (big blind) folded on the River


PokerStars Hand #166911828046:  Hold'em Limit ($3/$6 USD) - 2017/02/28 13:51:18 ET
Table 'Tombecka' 6-max Seat #1 is the button
Seat 1: umbunga ($54.18 in chips)
Seat 4: Actionni13 ($212.36 in chips)
umbunga: posts small blind $1
Actionni13: posts big blind $3
*** HOLE CARDS ***
umbunga: folds
Uncalled bet ($2) returned to Actionni13
Actionni13 collected $2 from pot
Actionni13: doesn't show hand
*** SUMMARY ***
Total pot $2 | Rake $0
Seat 1: umbunga (button) (small blind) folded before Flop
Seat 4: Actionni13 (big blind) collected ($2)


PokerStars Hand #166911814152:  Hold'em Limit ($3/$6 USD) - 2017/02/28 13:51:03 ET
Table 'Tombecka' 6-max Seat #4 is the button
Seat 1: umbunga ($63.18 in chips)
Seat 4: Actionni13 ($203.72 in chips)
Actionni13: posts small blind $1
umbunga: posts big blind $3
*** HOLE CARDS ***
Actionni13: raises $3 to $6
umbunga: calls $3
*** FLOP *** [8d 7d 9s]
umbunga: checks
Actionni13: bets $3
umbunga: calls $3
*** TURN *** [8d 7d 9s] [Qs]
umbunga: checks
Actionni13: bets $6
umbunga: folds
Uncalled bet ($6) returned to Actionni13
Actionni13 collected $17.64 from pot
Actionni13: doesn't show hand
*** SUMMARY ***
Total pot $18 | Rake $0.36
Board [8d 7d 9s Qs]
Seat 1: umbunga (big blind) folded on the Turn
Seat 4: Actionni13 (button) (small blind) collected ($17.64)


PokerStars Hand #166911832125:  Hold'em Limit ($3/$6 USD) - 2017/02/28 13:51:23 ET
Table 'Tombecka' 6-max Seat #4 is the button
Seat 1: umbunga ($53.18 in chips)
Seat 4: Actionni13 ($213.36 in chips)
Actionni13: posts small blind $1
umbunga: posts big blind $3
*** HOLE CARDS ***
Actionni13: raises $3 to $6
umbunga: calls $3
*** FLOP *** [Jc 5h Ks]
umbunga: checks
Actionni13: bets $3
umbunga: calls $3
*** TURN *** [Jc 5h Ks] [3c]
umbunga: checks
Actionni13: bets $6
umbunga: calls $6
*** RIVER *** [Jc 5h Ks 3c] [2d]
umbunga: checks
Actionni13: checks
*** SHOW DOWN ***
umbunga: shows [5c 4s] (a pair of Fives)
Actionni13: shows [9d 5s] (a pair of Fives - King+Jack+Nine kicker)
Actionni13 collected $29.50 from pot
*** SUMMARY ***
Total pot $30 | Rake $0.50
Board [Jc 5h Ks 3c 2d]
Seat 1: umbunga (big blind) showed [5c 4s] and lost with a pair of Fives
Seat 4: Actionni13 (button) (small blind) showed [9d 5s] and won ($29.50) with a pair of Fives


PokerStars Hand #166911854776:  Hold'em Limit ($3/$6 USD) - 2017/02/28 13:51:48 ET
Table 'Tombecka' 6-max Seat #4 is the button
Seat 1: umbunga ($37.18 in chips)
Seat 4: Actionni13 ($228.86 in chips)
Actionni13: posts small blind $1
umbunga: posts big blind $3
*** HOLE CARDS ***
Actionni13: folds
Uncalled bet ($2) returned to umbunga
umbunga collected $2 from pot
umbunga: doesn't show hand
*** SUMMARY ***
Total pot $2 | Rake $0
Seat 1: umbunga (big blind) collected ($2)
Seat 4: Actionni13 (button) (small blind) folded before Flop


PokerStars Hand #166911850070:  Hold'em Limit ($3/$6 USD) - 2017/02/28 13:51:42 ET
Table 'Tombecka' 6-max Seat #1 is the button
Seat 1: umbunga ($38.18 in chips)
Seat 4: Actionni13 ($227.86 in chips)
umbunga: posts small blind $1
Actionni13: posts big blind $3
*** HOLE CARDS ***
umbunga: folds
Uncalled bet ($2) returned to Actionni13
Actionni13 collected $2 from pot
Actionni13: doesn't show hand
*** SUMMARY ***
Total pot $2 | Rake $0
Seat 1: umbunga (button) (small blind) folded before Flop
Seat 4: Actionni13 (big blind) collected ($2)


PokerStars Hand #166911865396:  Hold'em Limit ($3/$6 USD) - 2017/02/28 13:51:59 ET
Table 'Tombecka' 6-max Seat #4 is the button
Seat 1: umbunga ($41.18 in chips)
Seat 4: Actionni13 ($224.86 in chips)
Actionni13: posts small blind $1
umbunga: posts big blind $3
*** HOLE CARDS ***
Actionni13: raises $3 to $6
umbunga: folds
Uncalled bet ($3) returned to Actionni13
Actionni13 collected $6 from pot
Actionni13: doesn't show hand
Apanage joins the table at seat #2
*** SUMMARY ***
Total pot $6 | Rake $0
Seat 1: umbunga (big blind) folded before Flop
Seat 4: Actionni13 (button) (small blind) collected ($6)


PokerStars Hand #166911859188:  Hold'em Limit ($3/$6 USD) - 2017/02/28 13:51:52 ET
Table 'Tombecka' 6-max Seat #1 is the button
Seat 1: umbunga ($38.18 in chips)
Seat 4: Actionni13 ($227.86 in chips)
umbunga: posts small blind $1
Actionni13: posts big blind $3
*** HOLE CARDS ***
umbunga: raises $3 to $6
Actionni13: folds
Uncalled bet ($3) returned to umbunga
umbunga collected $6 from pot
umbunga: doesn't show hand
*** SUMMARY ***
Total pot $6 | Rake $0
Seat 1: umbunga (button) (small blind) collected ($6)
Seat 4: Actionni13 (big blind) folded before Flop


PokerStars Hand #166912117024:  Hold'em Limit ($3/$6 USD) - 2017/02/28 13:56:52 ET
Table 'Tombecka' 6-max Seat #6 is the button
Seat 4: Actionni13 ($262.23 in chips)
Seat 6: sokol-max-PS ($205.38 in chips)
sokol-max-PS: posts small blind $1
Actionni13: posts big blind $3
*** HOLE CARDS ***
sokol-max-PS: raises $3 to $6
Actionni13: calls $3
*** FLOP *** [4h 9d 8c]
Actionni13: checks
sokol-max-PS: bets $3
Actionni13: folds
Uncalled bet ($3) returned to sokol-max-PS
sokol-max-PS collected $11.76 from pot
*** SUMMARY ***
Total pot $12 | Rake $0.24
Board [4h 9d 8c]
Seat 4: Actionni13 (big blind) folded on the Flop
Seat 6: sokol-max-PS (button) (small blind) collected ($11.76)


PokerStars Hand #166912088270:  Hold'em Limit ($3/$6 USD) - 2017/02/28 13:56:13 ET
Table 'Tombecka' 6-max Seat #4 is the button
Seat 4: Actionni13 ($286.23 in chips)
Seat 6: sokol-max-PS ($181.88 in chips)
krille3000 will be allowed to play after the button
Actionni13: posts small blind $1
zxkz: is sitting out
sokol-max-PS: posts big blind $3
*** HOLE CARDS ***
zxkz leaves the table
Actionni13: raises $3 to $6
sokol-max-PS: calls $3
*** FLOP *** [Qs 6d 2d]
sokol-max-PS: checks
Actionni13: bets $3
sokol-max-PS: raises $3 to $6
Actionni13: calls $3
*** TURN *** [Qs 6d 2d] [6c]
sokol-max-PS: bets $6
krille3000 leaves the table
Actionni13: calls $6
*** RIVER *** [Qs 6d 2d 6c] [Jd]
sokol-max-PS: bets $6
Actionni13: calls $6
*** SHOW DOWN ***
sokol-max-PS: shows [9c 6s] (three of a kind, Sixes)
Actionni13: mucks hand
sokol-max-PS collected $47.50 from pot
*** SUMMARY ***
Total pot $48 | Rake $0.50
Board [Qs 6d 2d 6c Jd]
Seat 4: Actionni13 (button) (small blind) mucked
Seat 6: sokol-max-PS (big blind) showed [9c 6s] and won ($47.50) with three of a kind, Sixes


PokerStars Hand #166912165178:  Hold'em Limit ($3/$6 USD) - 2017/02/28 13:57:56 ET
Table 'Tombecka' 6-max Seat #6 is the button
Seat 4: Actionni13 ($279.73 in chips)
Seat 6: sokol-max-PS ($187.14 in chips)
sokol-max-PS: posts small blind $1
Actionni13: posts big blind $3
*** HOLE CARDS ***
sokol-max-PS: folds
Uncalled bet ($2) returned to Actionni13
Actionni13 collected $2 from pot
Actionni13: doesn't show hand
*** SUMMARY ***
Total pot $2 | Rake $0
Seat 4: Actionni13 (big blind) collected ($2)
Seat 6: sokol-max-PS (button) (small blind) folded before Flop


PokerStars Hand #166912128637:  Hold'em Limit ($3/$6 USD) - 2017/02/28 13:57:07 ET
Table 'Tombecka' 6-max Seat #4 is the button
Seat 4: Actionni13 ($256.23 in chips)
Seat 6: sokol-max-PS ($211.14 in chips)
Actionni13: posts small blind $1
sokol-max-PS: posts big blind $3
*** HOLE CARDS ***
Actionni13: raises $3 to $6
sokol-max-PS: raises $3 to $9
Actionni13: calls $3
*** FLOP *** [Td 9d 3c]
sokol-max-PS: bets $3
Actionni13: raises $3 to $6
sokol-max-PS: raises $3 to $9
Actionni13: calls $3
*** TURN *** [Td 9d 3c] [Ts]
sokol-max-PS: bets $6
Actionni13: calls $6
*** RIVER *** [Td 9d 3c Ts] [6d]
sokol-max-PS: checks
Actionni13: bets $6
sokol-max-PS: folds
Uncalled bet ($6) returned to Actionni13
Actionni13 collected $47.50 from pot
Actionni13: doesn't show hand
*** SUMMARY ***
Total pot $48 | Rake $0.50
Board [Td 9d 3c Ts 6d]
Seat 4: Actionni13 (button) (small blind) collected ($47.50)
Seat 6: sokol-max-PS (big blind) folded on the River


PokerStars Hand #166912161823:  Hold'em Limit ($3/$6 USD) - 2017/02/28 13:57:51 ET
Table 'Tombecka' 6-max Seat #4 is the button
Seat 4: Actionni13 ($280.73 in chips)
Seat 6: sokol-max-PS ($186.14 in chips)
Actionni13: posts small blind $1
sokol-max-PS: posts big blind $3
*** HOLE CARDS ***
Actionni13: folds
Uncalled bet ($2) returned to sokol-max-PS
sokol-max-PS collected $2 from pot
*** SUMMARY ***
Total pot $2 | Rake $0
Seat 4: Actionni13 (button) (small blind) folded before Flop
Seat 6: sokol-max-PS (big blind) collected ($2)


PokerStars Hand #166912158300:  Hold'em Limit ($3/$6 USD) - 2017/02/28 13:57:47 ET
Table 'Tombecka' 6-max Seat #6 is the button
Seat 4: Actionni13 ($279.73 in chips)
Seat 6: sokol-max-PS ($187.14 in chips)
sokol-max-PS: posts small blind $1
Actionni13: posts big blind $3
*** HOLE CARDS ***
sokol-max-PS: folds
Uncalled bet ($2) returned to Actionni13
Actionni13 collected $2 from pot
Actionni13: doesn't show hand
*** SUMMARY ***
Total pot $2 | Rake $0
Seat 4: Actionni13 (big blind) collected ($2)
Seat 6: sokol-max-PS (button) (small blind) folded before Flop


PokerStars Hand #166912168684:  Hold'em Limit ($3/$6 USD) - 2017/02/28 13:58:01 ET
Table 'Tombecka' 6-max Seat #4 is the button
Seat 4: Actionni13 ($280.73 in chips)
Seat 6: sokol-max-PS ($186.14 in chips)
Actionni13: posts small blind $1
sokol-max-PS: posts big blind $3
*** HOLE CARDS ***
Actionni13: raises $3 to $6
sokol-max-PS: calls $3
*** FLOP *** [Kh Ts 2h]
sokol-max-PS: checks
Actionni13: bets $3
sokol-max-PS: calls $3
*** TURN *** [Kh Ts 2h] [3d]
sokol-max-PS: checks
Actionni13: bets $6
sokol-max-PS: calls $6
*** RIVER *** [Kh Ts 2h 3d] [8d]
sokol-max-PS: checks
Actionni13: bets $6
sokol-max-PS: calls $6
*** SHOW DOWN ***
Actionni13: shows [Qc Th] (a pair of Tens)
sokol-max-PS: mucks hand
Actionni13 collected $41.50 from pot
*** SUMMARY ***
Total pot $42 | Rake $0.50
Board [Kh Ts 2h 3d 8d]
Seat 4: Actionni13 (button) (small blind) showed [Qc Th] and won ($41.50) with a pair of Tens
Seat 6: sokol-max-PS (big blind) mucked


PokerStars Hand #166912195285:  Hold'em Limit ($3/$6 USD) - 2017/02/28 13:58:36 ET
Table 'Tombecka' 6-max Seat #6 is the button
Seat 4: Actionni13 ($301.23 in chips)
Seat 6: sokol-max-PS ($165.14 in chips)
sokol-max-PS: posts small blind $1
Actionni13: posts big blind $3
*** HOLE CARDS ***
sokol-max-PS: raises $3 to $6
Actionni13: calls $3
*** FLOP *** [Td 8s 6s]
Actionni13: checks
sokol-max-PS: bets $3
Actionni13: calls $3
*** TURN *** [Td 8s 6s] [Ah]
Actionni13: checks
sokol-max-PS: bets $6
Actionni13: folds
Uncalled bet ($6) returned to sokol-max-PS
sokol-max-PS collected $17.64 from pot
*** SUMMARY ***
Total pot $18 | Rake $0.36
Board [Td 8s 6s Ah]
Seat 4: Actionni13 (big blind) folded on the Turn
Seat 6: sokol-max-PS (button) (small blind) collected ($17.64)


PokerStars Hand #166912206787:  Hold'em Limit ($3/$6 USD) - 2017/02/28 13:58:52 ET
Table 'Tombecka' 6-max Seat #4 is the button
Seat 4: Actionni13 ($292.23 in chips)
Seat 6: sokol-max-PS ($173.78 in chips)
Actionni13: posts small blind $1
sokol-max-PS: posts big blind $3
*** HOLE CARDS ***
Actionni13: raises $3 to $6
sokol-max-PS: raises $3 to $9
Actionni13: calls $3
*** FLOP *** [5d Js Jh]
sokol-max-PS: bets $3
Actionni13: calls $3
*** TURN *** [5d Js Jh] [7d]
sokol-max-PS: bets $6
Actionni13: folds
Uncalled bet ($6) returned to sokol-max-PS
sokol-max-PS collected $23.52 from pot
*** SUMMARY ***
Total pot $24 | Rake $0.48
Board [5d Js Jh 7d]
Seat 4: Actionni13 (button) (small blind) folded on the Turn
Seat 6: sokol-max-PS (big blind) collected ($23.52)


PokerStars Hand #166912253303:  Hold'em Limit ($3/$6 USD) - 2017/02/28 13:59:54 ET
Table 'Tombecka' 6-max Seat #6 is the button
Seat 4: Actionni13 ($273.87 in chips)
Seat 6: sokol-max-PS ($190.80 in chips)
sokol-max-PS: posts small blind $1
Actionni13: posts big blind $3
*** HOLE CARDS ***
sokol-max-PS: folds
Uncalled bet ($2) returned to Actionni13
Actionni13 collected $2 from pot
Actionni13: doesn't show hand
*** SUMMARY ***
Total pot $2 | Rake $0
Seat 4: Actionni13 (big blind) collected ($2)
Seat 6: sokol-max-PS (button) (small blind) folded before Flop


PokerStars Hand #166912236681:  Hold'em Limit ($3/$6 USD) - 2017/02/28 13:59:32 ET
Table 'Tombecka' 6-max Seat #4 is the button
Seat 4: Actionni13 ($288.87 in chips)
Seat 6: sokol-max-PS ($176.30 in chips)
Actionni13: posts small blind $1
sokol-max-PS: posts big blind $3
*** HOLE CARDS ***
Actionni13: raises $3 to $6
sokol-max-PS: calls $3
*** FLOP *** [Th 7h Qs]
sokol-max-PS: checks
Actionni13: bets $3
sokol-max-PS: calls $3
*** TURN *** [Th 7h Qs] [9c]
sokol-max-PS: checks
Actionni13: bets $6
sokol-max-PS: raises $6 to $12
Actionni13: folds
Uncalled bet ($6) returned to sokol-max-PS
sokol-max-PS collected $29.50 from pot
*** SUMMARY ***
Total pot $30 | Rake $0.50
Board [Th 7h Qs 9c]
Seat 4: Actionni13 (button) (small blind) folded on the Turn
Seat 6: sokol-max-PS (big blind) collected ($29.50)


PokerStars Hand #166912232741:  Hold'em Limit ($3/$6 USD) - 2017/02/28 13:59:26 ET
Table 'Tombecka' 6-max Seat #6 is the button
Seat 4: Actionni13 ($291.87 in chips)
Seat 6: sokol-max-PS ($173.30 in chips)
sokol-max-PS: posts small blind $1
Actionni13: posts big blind $3
*** HOLE CARDS ***
sokol-max-PS: raises $3 to $6
Actionni13: folds
Uncalled bet ($3) returned to sokol-max-PS
sokol-max-PS collected $6 from pot
*** SUMMARY ***
Total pot $6 | Rake $0
Seat 4: Actionni13 (big blind) folded before Flop
Seat 6: sokol-max-PS (button) (small blind) collected ($6)


PokerStars Hand #166912227893:  Hold'em Limit ($3/$6 USD) - 2017/02/28 13:59:20 ET
Table 'Tombecka' 6-max Seat #4 is the button
Seat 4: Actionni13 ($288.87 in chips)
Seat 6: sokol-max-PS ($176.30 in chips)
Actionni13: posts small blind $1
sokol-max-PS: posts big blind $3
*** HOLE CARDS ***
Actionni13: raises $3 to $6
sokol-max-PS: folds
Uncalled bet ($3) returned to Actionni13
Actionni13 collected $6 from pot
Actionni13: doesn't show hand
*** SUMMARY ***
Total pot $6 | Rake $0
Seat 4: Actionni13 (button) (small blind) collected ($6)
Seat 6: sokol-max-PS (big blind) folded before Flop


PokerStars Hand #166912218448:  Hold'em Limit ($3/$6 USD) - 2017/02/28 13:59:07 ET
Table 'Tombecka' 6-max Seat #6 is the button
Seat 4: Actionni13 ($280.23 in chips)
Seat 6: sokol-max-PS ($185.30 in chips)
sokol-max-PS: posts small blind $1
Actionni13: posts big blind $3
*** HOLE CARDS ***
sokol-max-PS: raises $3 to $6
Actionni13: raises $3 to $9
sokol-max-PS: calls $3
*** FLOP *** [Kh 5c Qc]
Actionni13: bets $3
sokol-max-PS: folds
Uncalled bet ($3) returned to Actionni13
Actionni13 collected $17.64 from pot
Actionni13: doesn't show hand
*** SUMMARY ***
Total pot $18 | Rake $0.36
Board [Kh 5c Qc]
Seat 4: Actionni13 (big blind) collected ($17.64)
Seat 6: sokol-max-PS (button) (small blind) folded on the Flop


PokerStars Hand #166912260587:  Hold'em Limit ($3/$6 USD) - 2017/02/28 14:00:03 ET
Table 'Tombecka' 6-max Seat #6 is the button
Seat 4: Actionni13 ($273.87 in chips)
Seat 6: sokol-max-PS ($190.80 in chips)
sokol-max-PS: posts small blind $1
Actionni13: posts big blind $3
*** HOLE CARDS ***
sokol-max-PS: folds
Uncalled bet ($2) returned to Actionni13
Actionni13 collected $2 from pot
Actionni13: doesn't show hand
nimzon joins the table at seat #2
*** SUMMARY ***
Total pot $2 | Rake $0
Seat 4: Actionni13 (big blind) collected ($2)
Seat 6: sokol-max-PS (button) (small blind) folded before Flop


PokerStars Hand #166912256726:  Hold'em Limit ($3/$6 USD) - 2017/02/28 13:59:58 ET
Table 'Tombecka' 6-max Seat #4 is the button
Seat 4: Actionni13 ($274.87 in chips)
Seat 6: sokol-max-PS ($189.80 in chips)
Actionni13: posts small blind $1
sokol-max-PS: posts big blind $3
*** HOLE CARDS ***
Actionni13: folds
Uncalled bet ($2) returned to sokol-max-PS
sokol-max-PS collected $2 from pot
*** SUMMARY ***
Total pot $2 | Rake $0
Seat 4: Actionni13 (button) (small blind) folded before Flop
Seat 6: sokol-max-PS (big blind) collected ($2)


PokerStars Hand #166912264034:  Hold'em Limit ($3/$6 USD) - 2017/02/28 14:00:08 ET
Table 'Tombecka' 6-max Seat #4 is the button
Seat 4: Actionni13 ($274.87 in chips)
Seat 6: sokol-max-PS ($189.80 in chips)
Actionni13: posts small blind $1
sokol-max-PS: posts big blind $3
*** HOLE CARDS ***
Kaukadiginte joins the table at seat #1
Actionni13: folds
Uncalled bet ($2) returned to sokol-max-PS
sokol-max-PS collected $2 from pot
*** SUMMARY ***
Total pot $2 | Rake $0
Seat 4: Actionni13 (button) (small blind) folded before Flop
Seat 6: sokol-max-PS (big blind) collected ($2)


PokerStars Hand #166916961467:  Hold'em Limit ($3/$6 USD) - 2017/02/28 15:24:02 ET
Table 'Tombecka' 6-max Seat #5 is the button
Seat 5: umbunga ($182.06 in chips)
Seat 6: sokol-max-PS ($113.44 in chips)
umbunga: posts small blind $1
sokol-max-PS: posts big blind $3
*** HOLE CARDS ***
umbunga: folds
Uncalled bet ($2) returned to sokol-max-PS
sokol-max-PS collected $2 from pot
*** SUMMARY ***
Total pot $2 | Rake $0
Seat 5: umbunga (button) (small blind) folded before Flop
Seat 6: sokol-max-PS (big blind) collected ($2)


PokerStars Hand #166916941081:  Hold'em Limit ($3/$6 USD) - 2017/02/28 15:23:40 ET
Table 'Tombecka' 6-max Seat #6 is the button
Seat 5: umbunga ($158.56 in chips)
Seat 6: sokol-max-PS ($137.44 in chips)
sokol-max-PS: posts small blind $1
MikeMcD: is sitting out
umbunga: posts big blind $3
*** HOLE CARDS ***
sokol-max-PS: raises $3 to $6
umbunga: calls $3
*** FLOP *** [7h Qc 5h]
umbunga: checks
sokol-max-PS: bets $3
umbunga: raises $3 to $6
sokol-max-PS: calls $3
*** TURN *** [7h Qc 5h] [6c]
umbunga: bets $6
sokol-max-PS: calls $6
*** RIVER *** [7h Qc 5h 6c] [2h]
umbunga: bets $6
sokol-max-PS: calls $6
*** SHOW DOWN ***
umbunga: shows [8s 9h] (a straight, Five to Nine)
sokol-max-PS: mucks hand
umbunga collected $47.50 from pot
*** SUMMARY ***
Total pot $48 | Rake $0.50
Board [7h Qc 5h 6c 2h]
Seat 5: umbunga (big blind) showed [8s 9h] and won ($47.50) with a straight, Five to Nine
Seat 6: sokol-max-PS (button) (small blind) mucked


PokerStars Hand #166916966679:  Hold'em Limit ($3/$6 USD) - 2017/02/28 15:24:07 ET
Table 'Tombecka' 6-max Seat #6 is the button
Seat 5: umbunga ($181.06 in chips)
Seat 6: sokol-max-PS ($114.44 in chips)
sokol-max-PS: posts small blind $1
umbunga: posts big blind $3
*** HOLE CARDS ***
sokol-max-PS: raises $3 to $6
umbunga: calls $3
*** FLOP *** [Qc Kh 3h]
umbunga: checks
sokol-max-PS: bets $3
umbunga: folds
Uncalled bet ($3) returned to sokol-max-PS
sokol-max-PS collected $11.76 from pot
*** SUMMARY ***
Total pot $12 | Rake $0.24
Board [Qc Kh 3h]
Seat 5: umbunga (big blind) folded on the Flop
Seat 6: sokol-max-PS (button) (small blind) collected ($11.76)


PokerStars Hand #166916975700:  Hold'em Limit ($3/$6 USD) - 2017/02/28 15:24:16 ET
Table 'Tombecka' 6-max Seat #5 is the button
Seat 5: umbunga ($175.06 in chips)
Seat 6: sokol-max-PS ($120.20 in chips)
umbunga: posts small blind $1
sokol-max-PS: posts big blind $3
*** HOLE CARDS ***
umbunga: folds
Uncalled bet ($2) returned to sokol-max-PS
sokol-max-PS collected $2 from pot
*** SUMMARY ***
Total pot $2 | Rake $0
Seat 5: umbunga (button) (small blind) folded before Flop
Seat 6: sokol-max-PS (big blind) collected ($2)


PokerStars Hand #166916979953:  Hold'em Limit ($3/$6 USD) - 2017/02/28 15:24:21 ET
Table 'Tombecka' 6-max Seat #6 is the button
Seat 5: umbunga ($174.06 in chips)
Seat 6: sokol-max-PS ($121.20 in chips)
sokol-max-PS: posts small blind $1
umbunga: posts big blind $3
*** HOLE CARDS ***
sokol-max-PS: raises $3 to $6
umbunga: calls $3
*** FLOP *** [4c 8c 8d]
umbunga: checks
sokol-max-PS: checks
*** TURN *** [4c 8c 8d] [4h]
umbunga: checks
sokol-max-PS: checks
*** RIVER *** [4c 8c 8d 4h] [5s]
umbunga: bets $6
sokol-max-PS: raises $6 to $12
umbunga: raises $6 to $18
sokol-max-PS: calls $6
*** SHOW DOWN ***
umbunga: shows [8h 5h] (a full house, Eights full of Fives)
sokol-max-PS: mucks hand
umbunga collected $47.50 from pot
*** SUMMARY ***
Total pot $48 | Rake $0.50
Board [4c 8c 8d 4h 5s]
Seat 5: umbunga (big blind) showed [8h 5h] and won ($47.50) with a full house, Eights full of Fives
Seat 6: sokol-max-PS (button) (small blind) mucked


PokerStars Hand #166917012172:  Hold'em Limit ($3/$6 USD) - 2017/02/28 15:24:55 ET
Table 'Tombecka' 6-max Seat #5 is the button
Seat 5: umbunga ($197.56 in chips)
Seat 6: sokol-max-PS ($97.20 in chips)
umbunga: posts small blind $1
sokol-max-PS: posts big blind $3
*** HOLE CARDS ***
umbunga: folds
Uncalled bet ($2) returned to sokol-max-PS
sokol-max-PS collected $2 from pot
*** SUMMARY ***
Total pot $2 | Rake $0
Seat 5: umbunga (button) (small blind) folded before Flop
Seat 6: sokol-max-PS (big blind) collected ($2)


PokerStars Hand #166917036448:  Hold'em Limit ($3/$6 USD) - 2017/02/28 15:25:20 ET
Table 'Tombecka' 6-max Seat #6 is the button
Seat 5: umbunga ($184.56 in chips)
Seat 6: sokol-max-PS ($109.72 in chips)
sokol-max-PS: posts small blind $1
umbunga: posts big blind $3
*** HOLE CARDS ***
sokol-max-PS: folds
Uncalled bet ($2) returned to umbunga
umbunga collected $2 from pot
umbunga: doesn't show hand
*** SUMMARY ***
Total pot $2 | Rake $0
Seat 5: umbunga (big blind) collected ($2)
Seat 6: sokol-max-PS (button) (small blind) folded before Flop


PokerStars Hand #166917027027:  Hold'em Limit ($3/$6 USD) - 2017/02/28 15:25:10 ET
Table 'Tombecka' 6-max Seat #5 is the button
Seat 5: umbunga ($190.56 in chips)
Seat 6: sokol-max-PS ($103.96 in chips)
umbunga: posts small blind $1
sokol-max-PS: posts big blind $3
*** HOLE CARDS ***
umbunga: calls $2
sokol-max-PS: raises $3 to $6
umbunga: calls $3
*** FLOP *** [Ks 2d 8d]
sokol-max-PS: bets $3
umbunga: folds
Uncalled bet ($3) returned to sokol-max-PS
sokol-max-PS collected $11.76 from pot
*** SUMMARY ***
Total pot $12 | Rake $0.24
Board [Ks 2d 8d]
Seat 5: umbunga (button) (small blind) folded on the Flop
Seat 6: sokol-max-PS (big blind) collected ($11.76)


PokerStars Hand #166917016845:  Hold'em Limit ($3/$6 USD) - 2017/02/28 15:25:00 ET
Table 'Tombecka' 6-max Seat #6 is the button
Seat 5: umbunga ($196.56 in chips)
Seat 6: sokol-max-PS ($98.20 in chips)
sokol-max-PS: posts small blind $1
umbunga: posts big blind $3
*** HOLE CARDS ***
sokol-max-PS: raises $3 to $6
umbunga: calls $3
*** FLOP *** [7h Ad Th]
umbunga: checks
sokol-max-PS: bets $3
umbunga: folds
Uncalled bet ($3) returned to sokol-max-PS
sokol-max-PS collected $11.76 from pot
*** SUMMARY ***
Total pot $12 | Rake $0.24
Board [7h Ad Th]
Seat 5: umbunga (big blind) folded on the Flop
Seat 6: sokol-max-PS (button) (small blind) collected ($11.76)


PokerStars Hand #166917040881:  Hold'em Limit ($3/$6 USD) - 2017/02/28 15:25:25 ET
Table 'Tombecka' 6-max Seat #5 is the button
Seat 5: umbunga ($185.56 in chips)
Seat 6: sokol-max-PS ($108.72 in chips)
umbunga: posts small blind $1
sokol-max-PS: posts big blind $3
*** HOLE CARDS ***
umbunga: raises $3 to $6
sokol-max-PS: calls $3
*** FLOP *** [3d 7d Ad]
sokol-max-PS: checks
umbunga: bets $3
sokol-max-PS: raises $3 to $6
umbunga: calls $3
*** TURN *** [3d 7d Ad] [2c]
sokol-max-PS: bets $6
umbunga: folds
Uncalled bet ($6) returned to sokol-max-PS
sokol-max-PS collected $23.52 from pot
sokol-max-PS: doesn't show hand
*** SUMMARY ***
Total pot $24 | Rake $0.48
Board [3d 7d Ad 2c]
Seat 5: umbunga (button) (small blind) folded on the Turn
Seat 6: sokol-max-PS (big blind) collected ($23.52)


PokerStars Hand #166917067084:  Hold'em Limit ($3/$6 USD) - 2017/02/28 15:25:52 ET
Table 'Tombecka' 6-max Seat #5 is the button
Seat 5: umbunga ($179.32 in chips)
Seat 6: sokol-max-PS ($114.24 in chips)
umbunga: posts small blind $1
sokol-max-PS: posts big blind $3
*** HOLE CARDS ***
umbunga: folds
Uncalled bet ($2) returned to sokol-max-PS
sokol-max-PS collected $2 from pot
*** SUMMARY ***
Total pot $2 | Rake $0
Seat 5: umbunga (button) (small blind) folded before Flop
Seat 6: sokol-max-PS (big blind) collected ($2)


PokerStars Hand #166917055405:  Hold'em Limit ($3/$6 USD) - 2017/02/28 15:25:40 ET
Table 'Tombecka' 6-max Seat #6 is the button
Seat 5: umbunga ($173.56 in chips)
Seat 6: sokol-max-PS ($120.24 in chips)
sokol-max-PS: posts small blind $1
umbunga: posts big blind $3
*** HOLE CARDS ***
sokol-max-PS: raises $3 to $6
umbunga: calls $3
*** FLOP *** [Kd 7c 7d]
umbunga: checks
sokol-max-PS: checks
*** TURN *** [Kd 7c 7d] [6c]
umbunga: bets $6
sokol-max-PS: folds
Uncalled bet ($6) returned to umbunga
umbunga collected $11.76 from pot
umbunga: doesn't show hand
*** SUMMARY ***
Total pot $12 | Rake $0.24
Board [Kd 7c 7d 6c]
Seat 5: umbunga (big blind) collected ($11.76)
Seat 6: sokol-max-PS (button) (small blind) folded on the Turn


PokerStars Hand #166917072192:  Hold'em Limit ($3/$6 USD) - 2017/02/28 15:25:57 ET
Table 'Tombecka' 6-max Seat #6 is the button
Seat 5: umbunga ($178.32 in chips)
Seat 6: sokol-max-PS ($115.24 in chips)
sokol-max-PS: posts small blind $1
umbunga: posts big blind $3
*** HOLE CARDS ***
sokol-max-PS: raises $3 to $6
umbunga: calls $3
*** FLOP *** [3d 2c 8d]
umbunga: checks
sokol-max-PS: bets $3
umbunga: folds
Uncalled bet ($3) returned to sokol-max-PS
sokol-max-PS collected $11.76 from pot
*** SUMMARY ***
Total pot $12 | Rake $0.24
Board [3d 2c 8d]
Seat 5: umbunga (big blind) folded on the Flop
Seat 6: sokol-max-PS (button) (small blind) collected ($11.76)


PokerStars Hand #166917082460:  Hold'em Limit ($3/$6 USD) - 2017/02/28 15:26:08 ET
Table 'Tombecka' 6-max Seat #5 is the button
Seat 5: umbunga ($172.32 in chips)
Seat 6: sokol-max-PS ($121 in chips)
umbunga: posts small blind $1
sokol-max-PS: posts big blind $3
*** HOLE CARDS ***
umbunga: folds
Uncalled bet ($2) returned to sokol-max-PS
sokol-max-PS collected $2 from pot
*** SUMMARY ***
Total pot $2 | Rake $0
Seat 5: umbunga (button) (small blind) folded before Flop
Seat 6: sokol-max-PS (big blind) collected ($2)


PokerStars Hand #166917132544:  Hold'em Limit ($3/$6 USD) - 2017/02/28 15:27:00 ET
Table 'Tombecka' 6-max Seat #6 is the button
Seat 5: umbunga ($149.32 in chips)
Seat 6: sokol-max-PS ($143.26 in chips)
sokol-max-PS: posts small blind $1
umbunga: posts big blind $3
*** HOLE CARDS ***
sokol-max-PS: raises $3 to $6
umbunga: calls $3
*** FLOP *** [5s 5h 4c]
umbunga: checks
sokol-max-PS: checks
*** TURN *** [5s 5h 4c] [6c]
umbunga: bets $6
sokol-max-PS: calls $6
*** RIVER *** [5s 5h 4c 6c] [3s]
umbunga: bets $6
sokol-max-PS: calls $6
*** SHOW DOWN ***
umbunga: shows [Jd 2s] (a straight, Deuce to Six)
sokol-max-PS: shows [2c Ks] (a straight, Deuce to Six)
umbunga collected $17.75 from pot
sokol-max-PS collected $17.75 from pot
*** SUMMARY ***
Total pot $36 | Rake $0.50
Board [5s 5h 4c 6c 3s]
Seat 5: umbunga (big blind) showed [Jd 2s] and won ($17.75) with a straight, Deuce to Six
Seat 6: sokol-max-PS (button) (small blind) showed [2c Ks] and won ($17.75) with a straight, Deuce to Six


PokerStars Hand #166917103491:  Hold'em Limit ($3/$6 USD) - 2017/02/28 15:26:30 ET
Table 'Tombecka' 6-max Seat #5 is the button
Seat 5: umbunga ($153.32 in chips)
Seat 6: sokol-max-PS ($139.50 in chips)
umbunga: posts small blind $1
sokol-max-PS: posts big blind $3
*** HOLE CARDS ***
umbunga: folds
Uncalled bet ($2) returned to sokol-max-PS
sokol-max-PS collected $2 from pot
*** SUMMARY ***
Total pot $2 | Rake $0
Seat 5: umbunga (button) (small blind) folded before Flop
Seat 6: sokol-max-PS (big blind) collected ($2)


PokerStars Hand #166917087909:  Hold'em Limit ($3/$6 USD) - 2017/02/28 15:26:14 ET
Table 'Tombecka' 6-max Seat #6 is the button
Seat 5: umbunga ($171.32 in chips)
Seat 6: sokol-max-PS ($122 in chips)
sokol-max-PS: posts small blind $1
umbunga: posts big blind $3
*** HOLE CARDS ***
sokol-max-PS: raises $3 to $6
umbunga: calls $3
*** FLOP *** [Js 3d 2h]
umbunga: checks
sokol-max-PS: bets $3
umbunga: raises $3 to $6
sokol-max-PS: calls $3
*** TURN *** [Js 3d 2h] [Tc]
umbunga: bets $6
sokol-max-PS: raises $6 to $12
umbunga: folds
Uncalled bet ($6) returned to sokol-max-PS
sokol-max-PS collected $35.50 from pot
sokol-max-PS: doesn't show hand
*** SUMMARY ***
Total pot $36 | Rake $0.50
Board [Js 3d 2h Tc]
Seat 5: umbunga (big blind) folded on the Turn
Seat 6: sokol-max-PS (button) (small blind) collected ($35.50)


PokerStars Hand #166917113618:  Hold'em Limit ($3/$6 USD) - 2017/02/28 15:26:40 ET
Table 'Tombecka' 6-max Seat #5 is the button
Seat 5: umbunga ($153.32 in chips)
Seat 6: sokol-max-PS ($139.50 in chips)
umbunga: posts small blind $1
sokol-max-PS: posts big blind $3
*** HOLE CARDS ***
umbunga: raises $3 to $6
sokol-max-PS: folds
Uncalled bet ($3) returned to umbunga
umbunga collected $6 from pot
umbunga: doesn't show hand
*** SUMMARY ***
Total pot $6 | Rake $0
Seat 5: umbunga (button) (small blind) collected ($6)
Seat 6: sokol-max-PS (big blind) folded before Flop


PokerStars Hand #166917109092:  Hold'em Limit ($3/$6 USD) - 2017/02/28 15:26:36 ET
Table 'Tombecka' 6-max Seat #6 is the button
Seat 5: umbunga ($152.32 in chips)
Seat 6: sokol-max-PS ($140.50 in chips)
sokol-max-PS: posts small blind $1
umbunga: posts big blind $3
*** HOLE CARDS ***
sokol-max-PS: folds
Uncalled bet ($2) returned to umbunga
umbunga collected $2 from pot
umbunga: doesn't show hand
*** SUMMARY ***
Total pot $2 | Rake $0
Seat 5: umbunga (big blind) collected ($2)
Seat 6: sokol-max-PS (button) (small blind) folded before Flop


PokerStars Hand #166917119342:  Hold'em Limit ($3/$6 USD) - 2017/02/28 15:26:46 ET
Table 'Tombecka' 6-max Seat #6 is the button
Seat 5: umbunga ($156.32 in chips)
Seat 6: sokol-max-PS ($136.50 in chips)
sokol-max-PS: posts small blind $1
umbunga: posts big blind $3
*** HOLE CARDS ***
sokol-max-PS: raises $3 to $6
umbunga: calls $3
*** FLOP *** [Qh 5c Kc]
umbunga: checks
sokol-max-PS: bets $3
umbunga: folds
Uncalled bet ($3) returned to sokol-max-PS
sokol-max-PS collected $11.76 from pot
sokol-max-PS: doesn't show hand
*** SUMMARY ***
Total pot $12 | Rake $0.24
Board [Qh 5c Kc]
Seat 5: umbunga (big blind) folded on the Flop
Seat 6: sokol-max-PS (button) (small blind) collected ($11.76)


PokerStars Hand #166917162426:  Hold'em Limit ($3/$6 USD) - 2017/02/28 15:27:31 ET
Table 'Tombecka' 6-max Seat #6 is the button
Seat 5: umbunga ($160.59 in chips)
Seat 6: sokol-max-PS ($131.01 in chips)
sokol-max-PS: posts small blind $1
umbunga: posts big blind $3
*** HOLE CARDS ***
sokol-max-PS: folds
Uncalled bet ($2) returned to umbunga
umbunga collected $2 from pot
umbunga: doesn't show hand
*** SUMMARY ***
Total pot $2 | Rake $0
Seat 5: umbunga (big blind) collected ($2)
Seat 6: sokol-max-PS (button) (small blind) folded before Flop


PokerStars Hand #166917146962:  Hold'em Limit ($3/$6 USD) - 2017/02/28 15:27:15 ET
Table 'Tombecka' 6-max Seat #5 is the button
Seat 5: umbunga ($149.07 in chips)
Seat 6: sokol-max-PS ($143.01 in chips)
umbunga: posts small blind $1
sokol-max-PS: posts big blind $3
*** HOLE CARDS ***
umbunga: raises $3 to $6
sokol-max-PS: calls $3
*** FLOP *** [Ah 2c 6d]
sokol-max-PS: bets $3
umbunga: raises $3 to $6
sokol-max-PS: calls $3
*** TURN *** [Ah 2c 6d] [As]
sokol-max-PS: checks
umbunga: bets $6
sokol-max-PS: folds
Uncalled bet ($6) returned to umbunga
umbunga collected $23.52 from pot
umbunga: doesn't show hand
*** SUMMARY ***
Total pot $24 | Rake $0.48
Board [Ah 2c 6d As]
Seat 5: umbunga (button) (small blind) collected ($23.52)
Seat 6: sokol-max-PS (big blind) folded on the Turn


PokerStars Hand #166917166868:  Hold'em Limit ($3/$6 USD) - 2017/02/28 15:27:36 ET
Table 'Tombecka' 6-max Seat #5 is the button
Seat 5: umbunga ($161.59 in chips)
Seat 6: sokol-max-PS ($130.01 in chips)
umbunga: posts small blind $1
sokol-max-PS: posts big blind $3
*** HOLE CARDS ***
umbunga: raises $3 to $6
sokol-max-PS: calls $3
*** FLOP *** [Td 6c 7c]
sokol-max-PS: checks
umbunga: bets $3
sokol-max-PS: raises $3 to $6
umbunga: raises $3 to $9
sokol-max-PS: calls $3
*** TURN *** [Td 6c 7c] [Ks]
sokol-max-PS: checks
umbunga: bets $6
sokol-max-PS: calls $6
*** RIVER *** [Td 6c 7c Ks] [4h]
sokol-max-PS: checks
umbunga: bets $6
sokol-max-PS: raises $6 to $12
umbunga: calls $6
*** SHOW DOWN ***
sokol-max-PS: shows [8h 5d] (a straight, Four to Eight)
umbunga: mucks hand
sokol-max-PS collected $65.50 from pot
*** SUMMARY ***
Total pot $66 | Rake $0.50
Board [Td 6c 7c Ks 4h]
Seat 5: umbunga (button) (small blind) mucked
Seat 6: sokol-max-PS (big blind) showed [8h 5d] and won ($65.50) with a straight, Four to Eight


PokerStars Hand #166917187728:  Hold'em Limit ($3/$6 USD) - 2017/02/28 15:27:58 ET
Table 'Tombecka' 6-max Seat #6 is the button
Seat 5: umbunga ($128.59 in chips)
Seat 6: sokol-max-PS ($162.51 in chips)
sokol-max-PS: posts small blind $1
umbunga: posts big blind $3
*** HOLE CARDS ***
sokol-max-PS: raises $3 to $6
umbunga: calls $3
*** FLOP *** [Ac 4c Ks]
umbunga: checks
sokol-max-PS: bets $3
umbunga: folds
Uncalled bet ($3) returned to sokol-max-PS
sokol-max-PS collected $11.76 from pot
*** SUMMARY ***
Total pot $12 | Rake $0.24
Board [Ac 4c Ks]
Seat 5: umbunga (big blind) folded on the Flop
Seat 6: sokol-max-PS (button) (small blind) collected ($11.76)


PokerStars Hand #166917217728:  Hold'em Limit ($3/$6 USD) - 2017/02/28 15:28:29 ET
Table 'Tombecka' 6-max Seat #6 is the button
Seat 5: umbunga ($92.59 in chips)
Seat 6: sokol-max-PS ($197.77 in chips)
sokol-max-PS: posts small blind $1
umbunga: posts big blind $3
*** HOLE CARDS ***
sokol-max-PS: folds
Uncalled bet ($2) returned to umbunga
umbunga collected $2 from pot
umbunga: doesn't show hand
*** SUMMARY ***
Total pot $2 | Rake $0
Seat 5: umbunga (big blind) collected ($2)
Seat 6: sokol-max-PS (button) (small blind) folded before Flop


PokerStars Hand #166917198116:  Hold'em Limit ($3/$6 USD) - 2017/02/28 15:28:08 ET
Table 'Tombecka' 6-max Seat #5 is the button
Seat 5: umbunga ($122.59 in chips)
Seat 6: sokol-max-PS ($168.27 in chips)
umbunga: posts small blind $1
sokol-max-PS: posts big blind $3
*** HOLE CARDS ***
umbunga: raises $3 to $6
sokol-max-PS: raises $3 to $9
umbunga: calls $3
*** FLOP *** [2d 2s 7d]
sokol-max-PS: bets $3
umbunga: raises $3 to $6
sokol-max-PS: raises $3 to $9
umbunga: calls $3
*** TURN *** [2d 2s 7d] [Tc]
sokol-max-PS: bets $6
umbunga: calls $6
*** RIVER *** [2d 2s 7d Tc] [Ac]
sokol-max-PS: bets $6
umbunga: calls $6
*** SHOW DOWN ***
sokol-max-PS: shows [5h 2h] (three of a kind, Deuces)
umbunga: mucks hand
sokol-max-PS collected $59.50 from pot
*** SUMMARY ***
Total pot $60 | Rake $0.50
Board [2d 2s 7d Tc Ac]
Seat 5: umbunga (button) (small blind) mucked
Seat 6: sokol-max-PS (big blind) showed [5h 2h] and won ($59.50) with three of a kind, Deuces


PokerStars Hand #166917224375:  Hold'em Limit ($3/$6 USD) - 2017/02/28 15:28:37 ET
Table 'Tombecka' 6-max Seat #5 is the button
Seat 5: umbunga ($93.59 in chips)
Seat 6: sokol-max-PS ($196.77 in chips)
umbunga: posts small blind $1
sokol-max-PS: posts big blind $3
*** HOLE CARDS ***
umbunga: raises $3 to $6
sokol-max-PS: raises $3 to $9
umbunga: calls $3
*** FLOP *** [Kd 9h Ks]
sokol-max-PS: bets $3
umbunga: calls $3
*** TURN *** [Kd 9h Ks] [4c]
MikeMcD leaves the table
sokol-max-PS: checks
umbunga: checks
*** RIVER *** [Kd 9h Ks 4c] [Kc]
sokol-max-PS: bets $6
umbunga: raises $6 to $12
sokol-max-PS: calls $6
*** SHOW DOWN ***
umbunga: shows [Js Kh] (four of a kind, Kings)
sokol-max-PS: mucks hand
umbunga collected $47.50 from pot
*** SUMMARY ***
Total pot $48 | Rake $0.50
Board [Kd 9h Ks 4c Kc]
Seat 5: umbunga (button) (small blind) showed [Js Kh] and won ($47.50) with four of a kind, Kings
Seat 6: sokol-max-PS (big blind) mucked


PokerStars Hand #166917259338:  Hold'em Limit ($3/$6 USD) - 2017/02/28 15:29:13 ET
Table 'Tombecka' 6-max Seat #5 is the button
Seat 5: umbunga ($128.61 in chips)
Seat 6: sokol-max-PS ($160.77 in chips)
umbunga: posts small blind $1
sokol-max-PS: posts big blind $3
*** HOLE CARDS ***
umbunga: raises $3 to $6
sokol-max-PS: folds
Uncalled bet ($3) returned to umbunga
umbunga collected $6 from pot
umbunga: doesn't show hand
*** SUMMARY ***
Total pot $6 | Rake $0
Seat 5: umbunga (button) (small blind) collected ($6)
Seat 6: sokol-max-PS (big blind) folded before Flop


PokerStars Hand #166917244585:  Hold'em Limit ($3/$6 USD) - 2017/02/28 15:28:58 ET
Table 'Tombecka' 6-max Seat #6 is the button
Seat 5: umbunga ($117.09 in chips)
Seat 6: sokol-max-PS ($172.77 in chips)
sokol-max-PS: posts small blind $1
umbunga: posts big blind $3
*** HOLE CARDS ***
sokol-max-PS: raises $3 to $6
umbunga: raises $3 to $9
sokol-max-PS: calls $3
*** FLOP *** [Jd Ah 8c]
umbunga: bets $3
sokol-max-PS: calls $3
*** TURN *** [Jd Ah 8c] [Qh]
umbunga: bets $6
sokol-max-PS: folds
Uncalled bet ($6) returned to umbunga
umbunga collected $23.52 from pot
umbunga: doesn't show hand
*** SUMMARY ***
Total pot $24 | Rake $0.48
Board [Jd Ah 8c Qh]
Seat 5: umbunga (big blind) collected ($23.52)
Seat 6: sokol-max-PS (button) (small blind) folded on the Turn


PokerStars Hand #166917265284:  Hold'em Limit ($3/$6 USD) - 2017/02/28 15:29:19 ET
Table 'Tombecka' 6-max Seat #6 is the button
Seat 5: umbunga ($131.61 in chips)
Seat 6: sokol-max-PS ($157.77 in chips)
sokol-max-PS: posts small blind $1
umbunga: posts big blind $3
*** HOLE CARDS ***
sokol-max-PS: raises $3 to $6
umbunga: folds
Uncalled bet ($3) returned to sokol-max-PS
sokol-max-PS collected $6 from pot
*** SUMMARY ***
Total pot $6 | Rake $0
Seat 5: umbunga (big blind) folded before Flop
Seat 6: sokol-max-PS (button) (small blind) collected ($6)


PokerStars Hand #166917295124:  Hold'em Limit ($3/$6 USD) - 2017/02/28 15:29:50 ET
Table 'Tombecka' 6-max Seat #5 is the button
Seat 5: umbunga ($153.11 in chips)
Seat 6: sokol-max-PS ($135.77 in chips)
umbunga: posts small blind $1
sokol-max-PS: posts big blind $3
*** HOLE CARDS ***
umbunga: raises $3 to $6
sokol-max-PS: raises $3 to $9
umbunga: calls $3
*** FLOP *** [9d 3s 3c]
sokol-max-PS: bets $3
umbunga: calls $3
*** TURN *** [9d 3s 3c] [2d]
sokol-max-PS: bets $6
umbunga: calls $6
*** RIVER *** [9d 3s 3c 2d] [9s]
sokol-max-PS: bets $6
umbunga: raises $6 to $12
sokol-max-PS: calls $6
*** SHOW DOWN ***
umbunga: shows [7h 9c] (a full house, Nines full of Threes)
sokol-max-PS: mucks hand
umbunga collected $59.50 from pot
*** SUMMARY ***
Total pot $60 | Rake $0.50
Board [9d 3s 3c 2d 9s]
Seat 5: umbunga (button) (small blind) showed [7h 9c] and won ($59.50) with a full house, Nines full of Threes
Seat 6: sokol-max-PS (big blind) mucked


PokerStars Hand #166917290677:  Hold'em Limit ($3/$6 USD) - 2017/02/28 15:29:46 ET
Table 'Tombecka' 6-max Seat #6 is the button
Seat 5: umbunga ($152.11 in chips)
Seat 6: sokol-max-PS ($136.77 in chips)
sokol-max-PS: posts small blind $1
umbunga: posts big blind $3
*** HOLE CARDS ***
sokol-max-PS: folds
Uncalled bet ($2) returned to umbunga
umbunga collected $2 from pot
umbunga: doesn't show hand
*** SUMMARY ***
Total pot $2 | Rake $0
Seat 5: umbunga (big blind) collected ($2)
Seat 6: sokol-max-PS (button) (small blind) folded before Flop


PokerStars Hand #166917271119:  Hold'em Limit ($3/$6 USD) - 2017/02/28 15:29:25 ET
Table 'Tombecka' 6-max Seat #5 is the button
Seat 5: umbunga ($128.61 in chips)
Seat 6: sokol-max-PS ($160.77 in chips)
umbunga: posts small blind $1
sokol-max-PS: posts big blind $3
*** HOLE CARDS ***
umbunga: raises $3 to $6
sokol-max-PS: raises $3 to $9
umbunga: calls $3
*** FLOP *** [9d Th Tc]
sokol-max-PS: bets $3
umbunga: raises $3 to $6
sokol-max-PS: raises $3 to $9
umbunga: calls $3
*** TURN *** [9d Th Tc] [7h]
sokol-max-PS: bets $6
umbunga: calls $6
*** RIVER *** [9d Th Tc 7h] [3s]
sokol-max-PS: checks
umbunga: checks
*** SHOW DOWN ***
sokol-max-PS: shows [Kc Qd] (a pair of Tens)
umbunga: shows [8d 7s] (two pair, Tens and Sevens)
umbunga collected $47.50 from pot
*** SUMMARY ***
Total pot $48 | Rake $0.50
Board [9d Th Tc 7h 3s]
Seat 5: umbunga (button) (small blind) showed [8d 7s] and won ($47.50) with two pair, Tens and Sevens
Seat 6: sokol-max-PS (big blind) showed [Kc Qd] and lost with a pair of Tens


PokerStars Hand #166917312870:  Hold'em Limit ($3/$6 USD) - 2017/02/28 15:30:09 ET
Table 'Tombecka' 6-max Seat #6 is the button
Seat 5: umbunga ($182.61 in chips)
Seat 6: sokol-max-PS ($105.77 in chips)
sokol-max-PS: posts small blind $1
umbunga: posts big blind $3
*** HOLE CARDS ***
sokol-max-PS: raises $3 to $6
umbunga: calls $3
*** FLOP *** [Jc 2d Ts]
umbunga: checks
sokol-max-PS: bets $3
umbunga: folds
Uncalled bet ($3) returned to sokol-max-PS
sokol-max-PS collected $11.76 from pot
*** SUMMARY ***
Total pot $12 | Rake $0.24
Board [Jc 2d Ts]
Seat 5: umbunga (big blind) folded on the Flop
Seat 6: sokol-max-PS (button) (small blind) collected ($11.76)


PokerStars Hand #166917350954:  Hold'em Limit ($3/$6 USD) - 2017/02/28 15:30:48 ET
Table 'Tombecka' 6-max Seat #5 is the button
Seat 5: umbunga ($195.11 in chips)
Seat 6: sokol-max-PS ($92.53 in chips)
umbunga: posts small blind $1
sokol-max-PS: posts big blind $3
*** HOLE CARDS ***
umbunga: raises $3 to $6
sokol-max-PS: raises $3 to $9
umbunga: raises $3 to $12
Betting is capped
sokol-max-PS: calls $3
*** FLOP *** [Kc 4d Qc]
sokol-max-PS: checks
umbunga: checks
*** TURN *** [Kc 4d Qc] [4s]
sokol-max-PS: checks
Luanto 14 joins the table at seat #1
umbunga: checks
*** RIVER *** [Kc 4d Qc 4s] [5c]
sokol-max-PS: checks
umbunga: bets $6
sokol-max-PS: folds
Uncalled bet ($6) returned to umbunga
umbunga collected $23.52 from pot
umbunga: doesn't show hand
*** SUMMARY ***
Total pot $24 | Rake $0.48
Board [Kc 4d Qc 4s 5c]
Seat 5: umbunga (button) (small blind) collected ($23.52)
Seat 6: sokol-max-PS (big blind) folded on the River


PokerStars Hand #166917346398:  Hold'em Limit ($3/$6 USD) - 2017/02/28 15:30:43 ET
Table 'Tombecka' 6-max Seat #6 is the button
Seat 5: umbunga ($194.11 in chips)
Seat 6: sokol-max-PS ($93.53 in chips)
sokol-max-PS: posts small blind $1
umbunga: posts big blind $3
*** HOLE CARDS ***
sokol-max-PS: folds
Uncalled bet ($2) returned to umbunga
umbunga collected $2 from pot
umbunga: doesn't show hand
*** SUMMARY ***
Total pot $2 | Rake $0
Seat 5: umbunga (big blind) collected ($2)
Seat 6: sokol-max-PS (button) (small blind) folded before Flop


PokerStars Hand #166917337323:  Hold'em Limit ($3/$6 USD) - 2017/02/28 15:30:34 ET
Table 'Tombecka' 6-max Seat #6 is the button
Seat 5: umbunga ($194.11 in chips)
Seat 6: sokol-max-PS ($93.53 in chips)
sokol-max-PS: posts small blind $1
umbunga: posts big blind $3
*** HOLE CARDS ***
sokol-max-PS: folds
Uncalled bet ($2) returned to umbunga
umbunga collected $2 from pot
umbunga: doesn't show hand
*** SUMMARY ***
Total pot $2 | Rake $0
Seat 5: umbunga (big blind) collected ($2)
Seat 6: sokol-max-PS (button) (small blind) folded before Flop


PokerStars Hand #166917322778:  Hold'em Limit ($3/$6 USD) - 2017/02/28 15:30:19 ET
Table 'Tombecka' 6-max Seat #5 is the button
Seat 5: umbunga ($176.61 in chips)
Seat 6: sokol-max-PS ($111.53 in chips)
umbunga: posts small blind $1
sokol-max-PS: posts big blind $3
*** HOLE CARDS ***
umbunga: raises $3 to $6
sokol-max-PS: raises $3 to $9
umbunga: calls $3
*** FLOP *** [Jd 6s 4h]
sokol-max-PS: bets $3
umbunga: calls $3
*** TURN *** [Jd 6s 4h] [4c]
sokol-max-PS: bets $6
umbunga: calls $6
*** RIVER *** [Jd 6s 4h 4c] [7c]
sokol-max-PS: checks
umbunga: checks
*** SHOW DOWN ***
sokol-max-PS: shows [Kd Qs] (a pair of Fours)
umbunga: shows [9s Ah] (a pair of Fours - Ace kicker)
umbunga collected $35.50 from pot
*** SUMMARY ***
Total pot $36 | Rake $0.50
Board [Jd 6s 4h 4c 7c]
Seat 5: umbunga (button) (small blind) showed [9s Ah] and won ($35.50) with a pair of Fours
Seat 6: sokol-max-PS (big blind) showed [Kd Qs] and lost with a pair of Fours


PokerStars Hand #166918481753:  Hold'em Limit ($3/$6 USD) - 2017/02/28 15:50:30 ET
Table 'Tombecka' 6-max Seat #5 is the button
Seat 1: Luanto 14 ($476.60 in chips)
Seat 5: umbunga ($103.60 in chips)
PokerMar66 will be allowed to play after the button
umbunga: posts small blind $1
boogi: is sitting out
Luanto 14: posts big blind $3
*** HOLE CARDS ***
umbunga: folds
Uncalled bet ($2) returned to Luanto 14
Luanto 14 collected $2 from pot
Luanto 14: doesn't show hand
*** SUMMARY ***
Total pot $2 | Rake $0
Seat 1: Luanto 14 (big blind) collected ($2)
Seat 5: umbunga (button) (small blind) folded before Flop


PokerStars Hand #166927637826:  Hold'em Limit ($3/$6 USD) - 2017/02/28 18:55:22 ET
Table 'Tombecka' 6-max Seat #5 is the button
Seat 2: Frank_Stein ($97.82 in chips)
Seat 5: kwangssi ($316.21 in chips)
kwangssi: posts small blind $1
boogi: is sitting out
Frank_Stein: posts big blind $3
*** HOLE CARDS ***
boogi leaves the table
kwangssi: raises $3 to $6
Frank_Stein: calls $3
*** FLOP *** [8h 7s 2d]
Frank_Stein: checks
kwangssi: bets $3
Frank_Stein: calls $3
*** TURN *** [8h 7s 2d] [3h]
Frank_Stein: checks
kwangssi: bets $6
Frank_Stein: folds
Uncalled bet ($6) returned to kwangssi
kwangssi collected $17.64 from pot
kwangssi: doesn't show hand
*** SUMMARY ***
Total pot $18 | Rake $0.36
Board [8h 7s 2d 3h]
Seat 2: Frank_Stein (big blind) folded on the Turn
Seat 5: kwangssi (button) (small blind) collected ($17.64)


