PokerStars Hand #161778497030:  Hold'em Limit ($3/$6 USD) - 2016/11/22 3:42:53 ET
Table 'Tombaugh' 6-max Seat #6 is the button
Seat 3: Chuckles1337 ($400 in chips)
Seat 6: Profitables ($120 in chips)
Profitables: posts small blind $1
Chuckles1337: posts big blind $3
*** HOLE CARDS ***
Profitables: raises $3 to $6
Chuckles1337: raises $3 to $9
Profitables: calls $3
*** FLOP *** [Ac 5s 4h]
Chuckles1337: bets $3
Profitables: folds
Uncalled bet ($3) returned to Chuckles1337
Chuckles1337 collected $17.64 from pot
Chuckles1337: doesn't show hand
*** SUMMARY ***
Total pot $18 | Rake $0.36
Board [Ac 5s 4h]
Seat 3: Chuckles1337 (big blind) collected ($17.64)
Seat 6: Profitables (button) (small blind) folded on the Flop


PokerStars Hand #161778500168:  Hold'em Limit ($3/$6 USD) - 2016/11/22 3:43:03 ET
Table 'Tombaugh' 6-max Seat #3 is the button
Seat 3: Chuckles1337 ($408.64 in chips)
Seat 6: Profitables ($111 in chips)
Chuckles1337: posts small blind $1
Profitables: posts big blind $3
*** HOLE CARDS ***
Chuckles1337: raises $3 to $6
Profitables: calls $3
*** FLOP *** [Ts Kh Jc]
Profitables: checks
Chuckles1337: checks
*** TURN *** [Ts Kh Jc] [Ah]
Profitables: checks
Chuckles1337: checks
*** RIVER *** [Ts Kh Jc Ah] [9c]
Profitables: checks
Chuckles1337: checks
*** SHOW DOWN ***
Profitables: shows [2c 2d] (a pair of Deuces)
Chuckles1337: shows [7d 7h] (a pair of Sevens)
Chuckles1337 collected $11.76 from pot
*** SUMMARY ***
Total pot $12 | Rake $0.24
Board [Ts Kh Jc Ah 9c]
Seat 3: Chuckles1337 (button) (small blind) showed [7d 7h] and won ($11.76) with a pair of Sevens
Seat 6: Profitables (big blind) showed [2c 2d] and lost with a pair of Deuces


PokerStars Hand #161778508356:  Hold'em Limit ($3/$6 USD) - 2016/11/22 3:43:28 ET
Table 'Tombaugh' 6-max Seat #3 is the button
Seat 3: Chuckles1337 ($425.92 in chips)
Seat 6: Profitables ($93 in chips)
Chuckles1337: posts small blind $1
Profitables: posts big blind $3
*** HOLE CARDS ***
Chuckles1337: folds
Uncalled bet ($2) returned to Profitables
Profitables collected $2 from pot
Profitables: doesn't show hand
*** SUMMARY ***
Total pot $2 | Rake $0
Seat 3: Chuckles1337 (button) (small blind) folded before Flop
Seat 6: Profitables (big blind) collected ($2)


PokerStars Hand #161778504000:  Hold'em Limit ($3/$6 USD) - 2016/11/22 3:43:15 ET
Table 'Tombaugh' 6-max Seat #6 is the button
Seat 3: Chuckles1337 ($414.40 in chips)
Seat 6: Profitables ($105 in chips)
Profitables: posts small blind $1
Chuckles1337: posts big blind $3
*** HOLE CARDS ***
Profitables: raises $3 to $6
Chuckles1337: calls $3
*** FLOP *** [5c 3c Kc]
Chuckles1337: checks
Profitables: bets $3
Chuckles1337: raises $3 to $6
Profitables: calls $3
*** TURN *** [5c 3c Kc] [7c]
Chuckles1337: bets $6
Profitables: folds
Uncalled bet ($6) returned to Chuckles1337
Chuckles1337 collected $23.52 from pot
Chuckles1337: doesn't show hand
*** SUMMARY ***
Total pot $24 | Rake $0.48
Board [5c 3c Kc 7c]
Seat 3: Chuckles1337 (big blind) collected ($23.52)
Seat 6: Profitables (button) (small blind) folded on the Turn


PokerStars Hand #161778509836:  Hold'em Limit ($3/$6 USD) - 2016/11/22 3:43:33 ET
Table 'Tombaugh' 6-max Seat #6 is the button
Seat 3: Chuckles1337 ($424.92 in chips)
Seat 6: Profitables ($94 in chips)
Profitables: posts small blind $1
Chuckles1337: posts big blind $3
*** HOLE CARDS ***
Profitables: raises $3 to $6
Chuckles1337: calls $3
*** FLOP *** [9s Th Td]
Chuckles1337: checks
Profitables: bets $3
Chuckles1337: calls $3
*** TURN *** [9s Th Td] [6s]
Chuckles1337: checks
Profitables: bets $6
Chuckles1337: calls $6
*** RIVER *** [9s Th Td 6s] [7s]
Chuckles1337: checks
Profitables: bets $6
Chuckles1337: folds
Uncalled bet ($6) returned to Profitables
Profitables collected $29.50 from pot
Profitables: doesn't show hand
*** SUMMARY ***
Total pot $30 | Rake $0.50
Board [9s Th Td 6s 7s]
Seat 3: Chuckles1337 (big blind) folded on the River
Seat 6: Profitables (button) (small blind) collected ($29.50)


PokerStars Hand #161778516458:  Hold'em Limit ($3/$6 USD) - 2016/11/22 3:43:54 ET
Table 'Tombaugh' 6-max Seat #3 is the button
Seat 3: Chuckles1337 ($409.92 in chips)
Seat 6: Profitables ($108.50 in chips)
Chuckles1337: posts small blind $1
Profitables: posts big blind $3
*** HOLE CARDS ***
Chuckles1337: raises $3 to $6
Profitables: calls $3
*** FLOP *** [3s Qc 7s]
Profitables: checks
Chuckles1337: bets $3
Profitables: raises $3 to $6
Chuckles1337: calls $3
*** TURN *** [3s Qc 7s] [2c]
Profitables: bets $6
Chuckles1337: calls $6
*** RIVER *** [3s Qc 7s 2c] [Js]
Profitables: bets $6
Chuckles1337: calls $6
*** SHOW DOWN ***
Profitables: shows [4s 7h] (a pair of Sevens)
Chuckles1337: mucks hand
Profitables collected $47.50 from pot
*** SUMMARY ***
Total pot $48 | Rake $0.50
Board [3s Qc 7s 2c Js]
Seat 3: Chuckles1337 (button) (small blind) mucked
Seat 6: Profitables (big blind) showed [4s 7h] and won ($47.50) with a pair of Sevens


PokerStars Hand #161778524555:  Hold'em Limit ($3/$6 USD) - 2016/11/22 3:44:19 ET
Table 'Tombaugh' 6-max Seat #3 is the button
Seat 3: Chuckles1337 ($382.92 in chips)
Seat 6: Profitables ($135 in chips)
Chuckles1337: posts small blind $1
Profitables: posts big blind $3
*** HOLE CARDS ***
Chuckles1337: raises $3 to $6
Profitables: calls $3
*** FLOP *** [4s 4h Jc]
Profitables: checks
Chuckles1337: bets $3
Profitables: calls $3
*** TURN *** [4s 4h Jc] [Qs]
Profitables: checks
Chuckles1337: checks
*** RIVER *** [4s 4h Jc Qs] [7s]
Profitables: bets $6
Chuckles1337: calls $6
*** SHOW DOWN ***
Profitables: shows [3c 7h] (two pair, Sevens and Fours)
Chuckles1337: mucks hand
Profitables collected $29.50 from pot
*** SUMMARY ***
Total pot $30 | Rake $0.50
Board [4s 4h Jc Qs 7s]
Seat 3: Chuckles1337 (button) (small blind) mucked
Seat 6: Profitables (big blind) showed [3c 7h] and won ($29.50) with two pair, Sevens and Fours


PokerStars Hand #161778522580:  Hold'em Limit ($3/$6 USD) - 2016/11/22 3:44:13 ET
Table 'Tombaugh' 6-max Seat #6 is the button
Seat 3: Chuckles1337 ($385.92 in chips)
Seat 6: Profitables ($132 in chips)
Profitables: posts small blind $1
Chuckles1337: posts big blind $3
*** HOLE CARDS ***
Profitables: raises $3 to $6
Chuckles1337: folds
Uncalled bet ($3) returned to Profitables
Profitables collected $6 from pot
Profitables: doesn't show hand
*** SUMMARY ***
Total pot $6 | Rake $0
Seat 3: Chuckles1337 (big blind) folded before Flop
Seat 6: Profitables (button) (small blind) collected ($6)


PokerStars Hand #161778528399:  Hold'em Limit ($3/$6 USD) - 2016/11/22 3:44:31 ET
Table 'Tombaugh' 6-max Seat #6 is the button
Seat 3: Chuckles1337 ($367.92 in chips)
Seat 6: Profitables ($149.50 in chips)
Profitables: posts small blind $1
Chuckles1337: posts big blind $3
*** HOLE CARDS ***
Profitables: raises $3 to $6
Chuckles1337: folds
Uncalled bet ($3) returned to Profitables
Profitables collected $6 from pot
Profitables: doesn't show hand
old_col joins the table at seat #2
*** SUMMARY ***
Total pot $6 | Rake $0
Seat 3: Chuckles1337 (big blind) folded before Flop
Seat 6: Profitables (button) (small blind) collected ($6)


PokerStars Hand #161778530621:  Hold'em Limit ($3/$6 USD) - 2016/11/22 3:44:38 ET
Table 'Tombaugh' 6-max Seat #3 is the button
Seat 3: Chuckles1337 ($364.92 in chips)
Seat 6: Profitables ($152.50 in chips)
Chuckles1337: posts small blind $1
Profitables: posts big blind $3
*** HOLE CARDS ***
Chuckles1337: raises $3 to $6
Profitables: calls $3
*** FLOP *** [Jc Td 5d]
Profitables: checks
Chuckles1337: bets $3
Profitables: raises $3 to $6
Chuckles1337: calls $3
*** TURN *** [Jc Td 5d] [4s]
Profitables: bets $6
Chuckles1337: raises $6 to $12
Profitables: raises $6 to $18
Chuckles1337: calls $6
*** RIVER *** [Jc Td 5d 4s] [6h]
Profitables: bets $6
Chuckles1337: calls $6
*** SHOW DOWN ***
Profitables: shows [Ad Jd] (a pair of Jacks)
Chuckles1337: mucks hand
Profitables collected $71.50 from pot
*** SUMMARY ***
Total pot $72 | Rake $0.50
Board [Jc Td 5d 4s 6h]
Seat 3: Chuckles1337 (button) (small blind) mucked
Seat 6: Profitables (big blind) showed [Ad Jd] and won ($71.50) with a pair of Jacks


PokerStars Hand #161780118729:  Hold'em Limit ($3/$6 USD) - 2016/11/22 5:00:14 ET
Table 'Tombaugh' 6-max Seat #5 is the button
Seat 3: Chuckles1337 ($544.50 in chips)
Seat 5: VolkovDmitri ($120 in chips)
VolkovDmitri: posts small blind $1
sinsadir: is sitting out
Ale4o: is sitting out
Chuckles1337: posts big blind $3
*** HOLE CARDS ***
sinsadir leaves the table
Ale4o leaves the table
VolkovDmitri: raises $3 to $6
Chuckles1337: calls $3
*** FLOP *** [Jh Kh Td]
Chuckles1337: checks
VolkovDmitri: bets $3
Chuckles1337: folds
Uncalled bet ($3) returned to VolkovDmitri
VolkovDmitri collected $11.76 from pot
VolkovDmitri: doesn't show hand
*** SUMMARY ***
Total pot $12 | Rake $0.24
Board [Jh Kh Td]
Seat 3: Chuckles1337 (big blind) folded on the Flop
Seat 5: VolkovDmitri (button) (small blind) collected ($11.76)


