PokerStars Hand #176122082655:  Hold'em Limit ($3/$6 USD) - 2017/09/25 17:31:45 ET
Table 'Tombaugh' 6-max Seat #5 is the button
Seat 1: Zubasa07 ($339.20 in chips)
Seat 5: wallium ($228.33 in chips)
wallium: posts small blind $1
vestimokrec: is sitting out
Zubasa07: posts big blind $3
*** HOLE CARDS ***
wallium: raises $3 to $6
Zubasa07: raises $3 to $9
vestimokrec leaves the table
wallium: raises $3 to $12
Betting is capped
Zubasa07: calls $3
*** FLOP *** [7d Ac 2c]
Zubasa07: checks
wallium: bets $3
Zubasa07: raises $3 to $6
wallium: folds
Uncalled bet ($3) returned to Zubasa07
Zubasa07 collected $29.50 from pot
Zubasa07: doesn't show hand
*** SUMMARY ***
Total pot $30 | Rake $0.50
Board [7d Ac 2c]
Seat 1: Zubasa07 (big blind) collected ($29.50)
Seat 5: wallium (button) (small blind) folded on the Flop


PokerStars Hand #176122106035:  Hold'em Limit ($3/$6 USD) - 2017/09/25 17:32:15 ET
Table 'Tombaugh' 6-max Seat #1 is the button
Seat 1: Zubasa07 ($353.70 in chips)
Seat 5: wallium ($213.33 in chips)
Zubasa07: posts small blind $1
wallium: posts big blind $3
*** HOLE CARDS ***
Zubasa07: raises $3 to $6
wallium: calls $3
*** FLOP *** [Kd 2c Kh]
wallium: checks
Zubasa07: checks
*** TURN *** [Kd 2c Kh] [As]
wallium: bets $6
Zubasa07: calls $6
*** RIVER *** [Kd 2c Kh As] [2h]
wallium: bets $6
Zubasa07: calls $6
*** SHOW DOWN ***
wallium: shows [6h Ks] (a full house, Kings full of Deuces)
Zubasa07: mucks hand
wallium collected $35.50 from pot
*** SUMMARY ***
Total pot $36 | Rake $0.50
Board [Kd 2c Kh As 2h]
Seat 1: Zubasa07 (button) (small blind) mucked
Seat 5: wallium (big blind) showed [6h Ks] and won ($35.50) with a full house, Kings full of Deuces


PokerStars Hand #176122260571:  Hold'em Limit ($3/$6 USD) - 2017/09/25 17:35:27 ET
Table 'Tombaugh' 6-max Seat #5 is the button
Seat 1: Zubasa07 ($367.96 in chips)
Seat 5: wallium ($197.83 in chips)
wallium: posts small blind $1
Zubasa07: posts big blind $3
*** HOLE CARDS ***
wallium: folds
Uncalled bet ($2) returned to Zubasa07
Zubasa07 collected $2 from pot
Zubasa07: doesn't show hand
*** SUMMARY ***
Total pot $2 | Rake $0
Seat 1: Zubasa07 (big blind) collected ($2)
Seat 5: wallium (button) (small blind) folded before Flop


PokerStars Hand #176122201617:  Hold'em Limit ($3/$6 USD) - 2017/09/25 17:34:12 ET
Table 'Tombaugh' 6-max Seat #1 is the button
Seat 1: Zubasa07 ($362.20 in chips)
Seat 5: wallium ($203.83 in chips)
Zubasa07: posts small blind $1
wallium: posts big blind $3
*** HOLE CARDS ***
Zubasa07: raises $3 to $6
wallium: calls $3
*** FLOP *** [6s 6d Jc]
wallium: checks
Zubasa07: checks
*** TURN *** [6s 6d Jc] [Kh]
wallium: checks
Zubasa07: checks
*** RIVER *** [6s 6d Jc Kh] [2d]
wallium: checks
Zubasa07: checks
*** SHOW DOWN ***
wallium: shows [4s 8s] (a pair of Sixes)
Zubasa07: shows [8d Th] (a pair of Sixes - King+Jack+Ten kicker)
Zubasa07 collected $11.76 from pot
*** SUMMARY ***
Total pot $12 | Rake $0.24
Board [6s 6d Jc Kh 2d]
Seat 1: Zubasa07 (button) (small blind) showed [8d Th] and won ($11.76) with a pair of Sixes
Seat 5: wallium (big blind) showed [4s 8s] and lost with a pair of Sixes


PokerStars Hand #176122265872:  Hold'em Limit ($3/$6 USD) - 2017/09/25 17:35:34 ET
Table 'Tombaugh' 6-max Seat #1 is the button
Seat 1: Zubasa07 ($368.96 in chips)
Seat 5: wallium ($196.83 in chips)
Zubasa07: posts small blind $1
wallium: posts big blind $3
*** HOLE CARDS ***
Zubasa07: raises $3 to $6
wallium: raises $3 to $9
Zubasa07: calls $3
*** FLOP *** [4h Ks 2d]
wallium: bets $3
Zubasa07: calls $3
*** TURN *** [4h Ks 2d] [7c]
wallium: bets $6
Zubasa07: folds
Uncalled bet ($6) returned to wallium
wallium collected $23.52 from pot
*** SUMMARY ***
Total pot $24 | Rake $0.48
Board [4h Ks 2d 7c]
Seat 1: Zubasa07 (button) (small blind) folded on the Turn
Seat 5: wallium (big blind) collected ($23.52)


PokerStars Hand #176122284070:  Hold'em Limit ($3/$6 USD) - 2017/09/25 17:35:57 ET
Table 'Tombaugh' 6-max Seat #5 is the button
Seat 1: Zubasa07 ($356.96 in chips)
Seat 5: wallium ($208.35 in chips)
wallium: posts small blind $1
Zubasa07: posts big blind $3
*** HOLE CARDS ***
wallium: calls $2
Zubasa07: raises $3 to $6
wallium: calls $3
*** FLOP *** [4h As 6c]
Zubasa07: bets $3
wallium: calls $3
*** TURN *** [4h As 6c] [7s]
Zubasa07: bets $6
wallium: calls $6
*** RIVER *** [4h As 6c 7s] [7d]
Zubasa07: bets $6
wallium: raises $6 to $12
Zubasa07: calls $6
*** SHOW DOWN ***
wallium: shows [7c Js] (three of a kind, Sevens)
Zubasa07: mucks hand
wallium collected $53.50 from pot
*** SUMMARY ***
Total pot $54 | Rake $0.50
Board [4h As 6c 7s 7d]
Seat 1: Zubasa07 (big blind) mucked
Seat 5: wallium (button) (small blind) showed [7c Js] and won ($53.50) with three of a kind, Sevens


PokerStars Hand #176122320046:  Hold'em Limit ($3/$6 USD) - 2017/09/25 17:36:43 ET
Table 'Tombaugh' 6-max Seat #1 is the button
Seat 1: Zubasa07 ($329.96 in chips)
Seat 5: wallium ($234.85 in chips)
Zubasa07: posts small blind $1
wallium: posts big blind $3
*** HOLE CARDS ***
Zubasa07: raises $3 to $6
wallium: calls $3
*** FLOP *** [4h As Qs]
wallium: checks
Zubasa07: checks
*** TURN *** [4h As Qs] [7h]
wallium: checks
Zubasa07: checks
*** RIVER *** [4h As Qs 7h] [2s]
wallium: bets $6
Zubasa07: folds
Uncalled bet ($6) returned to wallium
wallium collected $11.76 from pot
*** SUMMARY ***
Total pot $12 | Rake $0.24
Board [4h As Qs 7h 2s]
Seat 1: Zubasa07 (button) (small blind) folded on the River
Seat 5: wallium (big blind) collected ($11.76)


PokerStars Hand #176122369555:  Hold'em Limit ($3/$6 USD) - 2017/09/25 17:37:47 ET
Table 'Tombaugh' 6-max Seat #5 is the button
Seat 1: Zubasa07 ($323.96 in chips)
Seat 5: wallium ($240.61 in chips)
wallium: posts small blind $1
Zubasa07: posts big blind $3
*** HOLE CARDS ***
wallium: calls $2
Zubasa07: checks
*** FLOP *** [2h 5h Kc]
Zubasa07: checks
wallium: checks
*** TURN *** [2h 5h Kc] [8c]
Zubasa07: checks
wallium: checks
*** RIVER *** [2h 5h Kc 8c] [Jd]
Zubasa07: checks
wallium: bets $6
Zubasa07: calls $6
*** SHOW DOWN ***
wallium: shows [6s Kd] (a pair of Kings)
Zubasa07: mucks hand
wallium collected $17.64 from pot
*** SUMMARY ***
Total pot $18 | Rake $0.36
Board [2h 5h Kc 8c Jd]
Seat 1: Zubasa07 (big blind) mucked
Seat 5: wallium (button) (small blind) showed [6s Kd] and won ($17.64) with a pair of Kings


PokerStars Hand #176122477675:  Hold'em Limit ($3/$6 USD) - 2017/09/25 17:40:07 ET
Table 'Tombaugh' 6-max Seat #1 is the button
Seat 1: Zubasa07 ($336.46 in chips)
Seat 5: wallium ($227.25 in chips)
Zubasa07: posts small blind $1
wallium: posts big blind $3
*** HOLE CARDS ***
Zubasa07: folds
Uncalled bet ($2) returned to wallium
wallium collected $2 from pot
*** SUMMARY ***
Total pot $2 | Rake $0
Seat 1: Zubasa07 (button) (small blind) folded before Flop
Seat 5: wallium (big blind) collected ($2)


PokerStars Hand #176122423265:  Hold'em Limit ($3/$6 USD) - 2017/09/25 17:38:56 ET
Table 'Tombaugh' 6-max Seat #1 is the button
Seat 1: Zubasa07 ($314.96 in chips)
Seat 5: wallium ($249.25 in chips)
Zubasa07: posts small blind $1
wallium: posts big blind $3
*** HOLE CARDS ***
Zubasa07: raises $3 to $6
wallium: calls $3
*** FLOP *** [Jc 9h Js]
wallium: checks
Zubasa07: bets $3
wallium: calls $3
*** TURN *** [Jc 9h Js] [2h]
wallium: checks
Zubasa07: bets $6
wallium: calls $6
*** RIVER *** [Jc 9h Js 2h] [Kc]
wallium: checks
Zubasa07: bets $6
wallium: calls $6
*** SHOW DOWN ***
Zubasa07: shows [Qh Jd] (three of a kind, Jacks)
wallium: mucks hand
Zubasa07 collected $41.50 from pot
*** SUMMARY ***
Total pot $42 | Rake $0.50
Board [Jc 9h Js 2h Kc]
Seat 1: Zubasa07 (button) (small blind) showed [Qh Jd] and won ($41.50) with three of a kind, Jacks
Seat 5: wallium (big blind) mucked


PokerStars Hand #176122560135:  Hold'em Limit ($3/$6 USD) - 2017/09/25 17:41:54 ET
Table 'Tombaugh' 6-max Seat #5 is the button
Seat 1: Zubasa07 ($325.46 in chips)
Seat 5: wallium ($213.86 in chips)
wallium: posts small blind $1
uglyghost101: is sitting out
Zubasa07: posts big blind $3
*** HOLE CARDS ***
wallium: raises $3 to $6
uglyghost101 leaves the table
Zubasa07: raises $3 to $9
wallium: raises $3 to $12
Betting is capped
Zubasa07: calls $3
*** FLOP *** [Kd 6c 7s]
Zubasa07: checks
wallium: bets $3
Zubasa07: calls $3
*** TURN *** [Kd 6c 7s] [Ah]
Zubasa07: checks
wallium: bets $6
Zubasa07: calls $6
*** RIVER *** [Kd 6c 7s Ah] [Ac]
Zubasa07: checks
wallium: bets $6
Zubasa07: calls $6
*** SHOW DOWN ***
wallium: shows [Ad 6h] (a full house, Aces full of Sixes)
Zubasa07: mucks hand
wallium collected $53.50 from pot
*** SUMMARY ***
Total pot $54 | Rake $0.50
Board [Kd 6c 7s Ah Ac]
Seat 1: Zubasa07 (big blind) mucked
Seat 5: wallium (button) (small blind) showed [Ad 6h] and won ($53.50) with a full house, Aces full of Sixes


PokerStars Hand #176122658118:  Hold'em Limit ($3/$6 USD) - 2017/09/25 17:44:01 ET
Table 'Tombaugh' 6-max Seat #5 is the button
Seat 1: Zubasa07 ($280.46 in chips)
Seat 5: wallium ($257.86 in chips)
wallium: posts small blind $1
Zubasa07: posts big blind $3
*** HOLE CARDS ***
wallium: folds
Uncalled bet ($2) returned to Zubasa07
Zubasa07 collected $2 from pot
Zubasa07: doesn't show hand
*** SUMMARY ***
Total pot $2 | Rake $0
Seat 1: Zubasa07 (big blind) collected ($2)
Seat 5: wallium (button) (small blind) folded before Flop


PokerStars Hand #176122603713:  Hold'em Limit ($3/$6 USD) - 2017/09/25 17:42:51 ET
Table 'Tombaugh' 6-max Seat #1 is the button
Seat 1: Zubasa07 ($298.46 in chips)
Seat 5: wallium ($240.36 in chips)
Zubasa07: posts small blind $1
wallium: posts big blind $3
*** HOLE CARDS ***
Zubasa07: raises $3 to $6
wallium: calls $3
*** FLOP *** [Ts 7d 8s]
wallium: checks
Zubasa07: bets $3
wallium: raises $3 to $6
Zubasa07: calls $3
*** TURN *** [Ts 7d 8s] [3d]
wallium: bets $6
Zubasa07: calls $6
*** RIVER *** [Ts 7d 8s 3d] [9c]
wallium: bets $6
Zubasa07: folds
Uncalled bet ($6) returned to wallium
wallium collected $35.50 from pot
*** SUMMARY ***
Total pot $36 | Rake $0.50
Board [Ts 7d 8s 3d 9c]
Seat 1: Zubasa07 (button) (small blind) folded on the River
Seat 5: wallium (big blind) collected ($35.50)


PokerStars Hand #176122663627:  Hold'em Limit ($3/$6 USD) - 2017/09/25 17:44:09 ET
Table 'Tombaugh' 6-max Seat #1 is the button
Seat 1: Zubasa07 ($281.46 in chips)
Seat 5: wallium ($256.86 in chips)
Zubasa07: posts small blind $1
wallium: posts big blind $3
*** HOLE CARDS ***
Zubasa07: raises $3 to $6
wallium: calls $3
*** FLOP *** [2d Ac 5s]
wallium: checks
Zubasa07: bets $3
wallium: folds
Uncalled bet ($3) returned to Zubasa07
Zubasa07 collected $11.76 from pot
Zubasa07: doesn't show hand
*** SUMMARY ***
Total pot $12 | Rake $0.24
Board [2d Ac 5s]
Seat 1: Zubasa07 (button) (small blind) collected ($11.76)
Seat 5: wallium (big blind) folded on the Flop


PokerStars Hand #176122679532:  Hold'em Limit ($3/$6 USD) - 2017/09/25 17:44:30 ET
Table 'Tombaugh' 6-max Seat #5 is the button
Seat 1: Zubasa07 ($287.22 in chips)
Seat 5: wallium ($250.86 in chips)
wallium: posts small blind $1
Zubasa07: posts big blind $3
*** HOLE CARDS ***
wallium: raises $3 to $6
Zubasa07: calls $3
*** FLOP *** [3c Qh 9s]
Zubasa07: checks
wallium: bets $3
Zubasa07: calls $3
*** TURN *** [3c Qh 9s] [4s]
Zubasa07: checks
wallium: bets $6
Zubasa07: calls $6
*** RIVER *** [3c Qh 9s 4s] [9d]
Zubasa07: checks
wallium: bets $6
Zubasa07: calls $6
*** SHOW DOWN ***
wallium: shows [8s Jd] (a pair of Nines)
Zubasa07: shows [Kh 4c] (two pair, Nines and Fours)
Zubasa07 collected $41.50 from pot
*** SUMMARY ***
Total pot $42 | Rake $0.50
Board [3c Qh 9s 4s 9d]
Seat 1: Zubasa07 (big blind) showed [Kh 4c] and won ($41.50) with two pair, Nines and Fours
Seat 5: wallium (button) (small blind) showed [8s Jd] and lost with a pair of Nines


PokerStars Hand #176122716659:  Hold'em Limit ($3/$6 USD) - 2017/09/25 17:45:18 ET
Table 'Tombaugh' 6-max Seat #1 is the button
Seat 1: Zubasa07 ($307.72 in chips)
Seat 5: wallium ($229.86 in chips)
Zubasa07: posts small blind $1
wallium: posts big blind $3
*** HOLE CARDS ***
Zubasa07: raises $3 to $6
wallium: raises $3 to $9
Zubasa07: calls $3
*** FLOP *** [5s Ts 7d]
wallium: checks
Zubasa07: bets $3
wallium: raises $3 to $6
Zubasa07: calls $3
*** TURN *** [5s Ts 7d] [9h]
wallium: bets $6
Zubasa07: calls $6
*** RIVER *** [5s Ts 7d 9h] [2s]
wallium: checks
Zubasa07: bets $6
wallium: calls $6
*** SHOW DOWN ***
Zubasa07: shows [Qs Th] (a pair of Tens)
wallium: mucks hand
Zubasa07 collected $53.50 from pot
*** SUMMARY ***
Total pot $54 | Rake $0.50
Board [5s Ts 7d 9h 2s]
Seat 1: Zubasa07 (button) (small blind) showed [Qs Th] and won ($53.50) with a pair of Tens
Seat 5: wallium (big blind) mucked


PokerStars Hand #176122818539:  Hold'em Limit ($3/$6 USD) - 2017/09/25 17:47:33 ET
Table 'Tombaugh' 6-max Seat #1 is the button
Seat 1: Zubasa07 ($348.72 in chips)
Seat 5: wallium ($187.86 in chips)
Zubasa07: posts small blind $1
wallium: posts big blind $3
*** HOLE CARDS ***
Zubasa07: folds
Uncalled bet ($2) returned to wallium
wallium collected $2 from pot
*** SUMMARY ***
Total pot $2 | Rake $0
Seat 1: Zubasa07 (button) (small blind) folded before Flop
Seat 5: wallium (big blind) collected ($2)


PokerStars Hand #176122775355:  Hold'em Limit ($3/$6 USD) - 2017/09/25 17:46:35 ET
Table 'Tombaugh' 6-max Seat #5 is the button
Seat 1: Zubasa07 ($334.22 in chips)
Seat 5: wallium ($202.86 in chips)
wallium: posts small blind $1
Zubasa07: posts big blind $3
*** HOLE CARDS ***
wallium: raises $3 to $6
Zubasa07: raises $3 to $9
wallium: raises $3 to $12
Betting is capped
Zubasa07: calls $3
*** FLOP *** [Th Kh Ks]
Zubasa07: checks
wallium: bets $3
Zubasa07: raises $3 to $6
wallium: folds
Uncalled bet ($3) returned to Zubasa07
Zubasa07 collected $29.50 from pot
Zubasa07: doesn't show hand
*** SUMMARY ***
Total pot $30 | Rake $0.50
Board [Th Kh Ks]
Seat 1: Zubasa07 (big blind) collected ($29.50)
Seat 5: wallium (button) (small blind) folded on the Flop


PokerStars Hand #176122828134:  Hold'em Limit ($3/$6 USD) - 2017/09/25 17:47:45 ET
Table 'Tombaugh' 6-max Seat #1 is the button
Seat 1: Zubasa07 ($348.72 in chips)
Seat 5: wallium ($187.86 in chips)
Zubasa07: posts small blind $1
wallium: posts big blind $3
*** HOLE CARDS ***
Zubasa07: raises $3 to $6
wallium: calls $3
*** FLOP *** [As Ks 7h]
wallium: checks
Zubasa07: checks
*** TURN *** [As Ks 7h] [2h]
wallium: checks
Zubasa07: checks
*** RIVER *** [As Ks 7h 2h] [Jd]
wallium: checks
Zubasa07: bets $6
wallium: folds
Uncalled bet ($6) returned to Zubasa07
Zubasa07 collected $11.76 from pot
Zubasa07: doesn't show hand
*** SUMMARY ***
Total pot $12 | Rake $0.24
Board [As Ks 7h 2h Jd]
Seat 1: Zubasa07 (button) (small blind) collected ($11.76)
Seat 5: wallium (big blind) folded on the River


PokerStars Hand #176122857700:  Hold'em Limit ($3/$6 USD) - 2017/09/25 17:48:24 ET
Table 'Tombaugh' 6-max Seat #5 is the button
Seat 1: Zubasa07 ($354.48 in chips)
Seat 5: wallium ($181.86 in chips)
wallium: posts small blind $1
Zubasa07: posts big blind $3
*** HOLE CARDS ***
wallium: calls $2
Zubasa07: checks
*** FLOP *** [5h 8s 3s]
Zubasa07: bets $3
wallium: calls $3
*** TURN *** [5h 8s 3s] [2h]
Zubasa07: checks
wallium: bets $6
Zubasa07: calls $6
*** RIVER *** [5h 8s 3s 2h] [3d]
Zubasa07: checks
wallium: bets $6
Zubasa07: calls $6
*** SHOW DOWN ***
wallium: shows [6c 5c] (two pair, Fives and Threes)
Zubasa07: mucks hand
wallium collected $35.50 from pot
*** SUMMARY ***
Total pot $36 | Rake $0.50
Board [5h 8s 3s 2h 3d]
Seat 1: Zubasa07 (big blind) mucked
Seat 5: wallium (button) (small blind) showed [6c 5c] and won ($35.50) with two pair, Fives and Threes


PokerStars Hand #176122962472:  Hold'em Limit ($3/$6 USD) - 2017/09/25 17:50:45 ET
Table 'Tombaugh' 6-max Seat #5 is the button
Seat 1: Zubasa07 ($356.98 in chips)
Seat 5: wallium ($178.36 in chips)
wallium: posts small blind $1
Zubasa07: posts big blind $3
*** HOLE CARDS ***
wallium: raises $3 to $6
Zubasa07: raises $3 to $9
wallium: calls $3
*** FLOP *** [6h Qd Jd]
Zubasa07: bets $3
wallium: folds
Uncalled bet ($3) returned to Zubasa07
Zubasa07 collected $17.64 from pot
Zubasa07: doesn't show hand
*** SUMMARY ***
Total pot $18 | Rake $0.36
Board [6h Qd Jd]
Seat 1: Zubasa07 (big blind) collected ($17.64)
Seat 5: wallium (button) (small blind) folded on the Flop


PokerStars Hand #176122904461:  Hold'em Limit ($3/$6 USD) - 2017/09/25 17:49:27 ET
Table 'Tombaugh' 6-max Seat #1 is the button
Seat 1: Zubasa07 ($336.48 in chips)
Seat 5: wallium ($199.36 in chips)
Zubasa07: posts small blind $1
wallium: posts big blind $3
*** HOLE CARDS ***
Zubasa07: raises $3 to $6
wallium: calls $3
*** FLOP *** [2d 9d 5c]
wallium: checks
Zubasa07: bets $3
wallium: calls $3
*** TURN *** [2d 9d 5c] [Ts]
wallium: checks
Zubasa07: checks
*** RIVER *** [2d 9d 5c Ts] [Tc]
wallium: checks
Zubasa07: bets $6
wallium: raises $6 to $12
Zubasa07: calls $6
*** SHOW DOWN ***
wallium: shows [7c Qc] (a pair of Tens)
Zubasa07: shows [5s 4c] (two pair, Tens and Fives)
Zubasa07 collected $41.50 from pot
*** SUMMARY ***
Total pot $42 | Rake $0.50
Board [2d 9d 5c Ts Tc]
Seat 1: Zubasa07 (button) (small blind) showed [5s 4c] and won ($41.50) with two pair, Tens and Fives
Seat 5: wallium (big blind) showed [7c Qc] and lost with a pair of Tens


PokerStars Hand #176122984884:  Hold'em Limit ($3/$6 USD) - 2017/09/25 17:51:15 ET
Table 'Tombaugh' 6-max Seat #1 is the button
Seat 1: Zubasa07 ($365.62 in chips)
Seat 5: wallium ($169.36 in chips)
Zubasa07: posts small blind $1
wallium: posts big blind $3
*** HOLE CARDS ***
Zubasa07: raises $3 to $6
wallium: raises $3 to $9
Zubasa07: calls $3
*** FLOP *** [8s 4d 5s]
wallium: checks
Zubasa07: checks
*** TURN *** [8s 4d 5s] [8h]
wallium: bets $6
Zubasa07: calls $6
*** RIVER *** [8s 4d 5s 8h] [3d]
wallium: checks
Zubasa07: checks
*** SHOW DOWN ***
wallium: shows [Ah 8d] (three of a kind, Eights)
Zubasa07: mucks hand
wallium collected $29.50 from pot
*** SUMMARY ***
Total pot $30 | Rake $0.50
Board [8s 4d 5s 8h 3d]
Seat 1: Zubasa07 (button) (small blind) mucked
Seat 5: wallium (big blind) showed [Ah 8d] and won ($29.50) with three of a kind, Eights


PokerStars Hand #176123027998:  Hold'em Limit ($3/$6 USD) - 2017/09/25 17:52:10 ET
Table 'Tombaugh' 6-max Seat #5 is the button
Seat 1: Zubasa07 ($350.62 in chips)
Seat 5: wallium ($183.86 in chips)
wallium: posts small blind $1
Zubasa07: posts big blind $3
*** HOLE CARDS ***
wallium: raises $3 to $6
Zubasa07: calls $3
*** FLOP *** [4h 7d Ah]
Zubasa07: checks
wallium: bets $3
Zubasa07: folds
Uncalled bet ($3) returned to wallium
wallium collected $11.76 from pot
*** SUMMARY ***
Total pot $12 | Rake $0.24
Board [4h 7d Ah]
Seat 1: Zubasa07 (big blind) folded on the Flop
Seat 5: wallium (button) (small blind) collected ($11.76)


PokerStars Hand #176123055662:  Hold'em Limit ($3/$6 USD) - 2017/09/25 17:52:47 ET
Table 'Tombaugh' 6-max Seat #1 is the button
Seat 1: Zubasa07 ($344.62 in chips)
Seat 5: wallium ($189.62 in chips)
Zubasa07: posts small blind $1
wallium: posts big blind $3
*** HOLE CARDS ***
Zubasa07: raises $3 to $6
wallium: raises $3 to $9
Zubasa07: calls $3
*** FLOP *** [Js 4h 6s]
wallium: bets $3
Zubasa07: calls $3
*** TURN *** [Js 4h 6s] [4c]
wallium: bets $6
Zubasa07: folds
Uncalled bet ($6) returned to wallium
wallium collected $23.52 from pot
*** SUMMARY ***
Total pot $24 | Rake $0.48
Board [Js 4h 6s 4c]
Seat 1: Zubasa07 (button) (small blind) folded on the Turn
Seat 5: wallium (big blind) collected ($23.52)


PokerStars Hand #176123127035:  Hold'em Limit ($3/$6 USD) - 2017/09/25 17:54:24 ET
Table 'Tombaugh' 6-max Seat #1 is the button
Seat 1: Zubasa07 ($324.62 in chips)
Seat 5: wallium ($208.90 in chips)
Zubasa07: posts small blind $1
wallium: posts big blind $3
*** HOLE CARDS ***
Zubasa07: folds
Uncalled bet ($2) returned to wallium
wallium collected $2 from pot
*** SUMMARY ***
Total pot $2 | Rake $0
Seat 1: Zubasa07 (button) (small blind) folded before Flop
Seat 5: wallium (big blind) collected ($2)


PokerStars Hand #176123119380:  Hold'em Limit ($3/$6 USD) - 2017/09/25 17:54:14 ET
Table 'Tombaugh' 6-max Seat #5 is the button
Seat 1: Zubasa07 ($327.62 in chips)
Seat 5: wallium ($205.90 in chips)
wallium: posts small blind $1
Zubasa07: posts big blind $3
*** HOLE CARDS ***
wallium: raises $3 to $6
Zubasa07: folds
Uncalled bet ($3) returned to wallium
wallium collected $6 from pot
*** SUMMARY ***
Total pot $6 | Rake $0
Seat 1: Zubasa07 (big blind) folded before Flop
Seat 5: wallium (button) (small blind) collected ($6)


PokerStars Hand #176123095644:  Hold'em Limit ($3/$6 USD) - 2017/09/25 17:53:41 ET
Table 'Tombaugh' 6-max Seat #1 is the button
Seat 1: Zubasa07 ($333.62 in chips)
Seat 5: wallium ($200.14 in chips)
Zubasa07: posts small blind $1
wallium: posts big blind $3
*** HOLE CARDS ***
Zubasa07: raises $3 to $6
wallium: calls $3
*** FLOP *** [Ts Jc 5h]
wallium: checks
Zubasa07: checks
*** TURN *** [Ts Jc 5h] [8s]
wallium: bets $6
Zubasa07: folds
Uncalled bet ($6) returned to wallium
wallium collected $11.76 from pot
*** SUMMARY ***
Total pot $12 | Rake $0.24
Board [Ts Jc 5h 8s]
Seat 1: Zubasa07 (button) (small blind) folded on the Turn
Seat 5: wallium (big blind) collected ($11.76)


PokerStars Hand #176123087830:  Hold'em Limit ($3/$6 USD) - 2017/09/25 17:53:31 ET
Table 'Tombaugh' 6-max Seat #5 is the button
Seat 1: Zubasa07 ($332.62 in chips)
Seat 5: wallium ($201.14 in chips)
wallium: posts small blind $1
Zubasa07: posts big blind $3
*** HOLE CARDS ***
wallium: folds
Uncalled bet ($2) returned to Zubasa07
Zubasa07 collected $2 from pot
Zubasa07: doesn't show hand
*** SUMMARY ***
Total pot $2 | Rake $0
Seat 1: Zubasa07 (big blind) collected ($2)
Seat 5: wallium (button) (small blind) folded before Flop


PokerStars Hand #176123136549:  Hold'em Limit ($3/$6 USD) - 2017/09/25 17:54:37 ET
Table 'Tombaugh' 6-max Seat #1 is the button
Seat 1: Zubasa07 ($324.62 in chips)
Seat 5: wallium ($208.90 in chips)
Zubasa07: posts small blind $1
wallium: posts big blind $3
*** HOLE CARDS ***
Zubasa07: raises $3 to $6
wallium: raises $3 to $9
Zubasa07: calls $3
*** FLOP *** [Ac Ks 5c]
wallium: checks
Zubasa07: checks
*** TURN *** [Ac Ks 5c] [6d]
wallium: bets $6
Zubasa07: folds
Uncalled bet ($6) returned to wallium
wallium collected $17.64 from pot
*** SUMMARY ***
Total pot $18 | Rake $0.36
Board [Ac Ks 5c 6d]
Seat 1: Zubasa07 (button) (small blind) folded on the Turn
Seat 5: wallium (big blind) collected ($17.64)


PokerStars Hand #176123202018:  Hold'em Limit ($3/$6 USD) - 2017/09/25 17:56:18 ET
Table 'Tombaugh' 6-max Seat #5 is the button
Seat 1: Zubasa07 ($295.62 in chips)
Seat 5: wallium ($237.04 in chips)
wallium: posts small blind $1
Zubasa07: posts big blind $3
*** HOLE CARDS ***
wallium: folds
Uncalled bet ($2) returned to Zubasa07
Zubasa07 collected $2 from pot
Zubasa07: doesn't show hand
*** SUMMARY ***
Total pot $2 | Rake $0
Seat 1: Zubasa07 (big blind) collected ($2)
Seat 5: wallium (button) (small blind) folded before Flop


PokerStars Hand #176123175350:  Hold'em Limit ($3/$6 USD) - 2017/09/25 17:55:33 ET
Table 'Tombaugh' 6-max Seat #1 is the button
Seat 1: Zubasa07 ($316.62 in chips)
Seat 5: wallium ($216.54 in chips)
Zubasa07: posts small blind $1
wallium: posts big blind $3
*** HOLE CARDS ***
Zubasa07: raises $3 to $6
wallium: raises $3 to $9
Zubasa07: calls $3
*** FLOP *** [Jc 7d Qd]
wallium: checks
Zubasa07: checks
*** TURN *** [Jc 7d Qd] [Qc]
wallium: bets $6
Zubasa07: calls $6
*** RIVER *** [Jc 7d Qd Qc] [9c]
wallium: bets $6
Zubasa07: calls $6
*** SHOW DOWN ***
wallium: shows [Js Kh] (two pair, Queens and Jacks)
Zubasa07: mucks hand
wallium collected $41.50 from pot
*** SUMMARY ***
Total pot $42 | Rake $0.50
Board [Jc 7d Qd Qc 9c]
Seat 1: Zubasa07 (button) (small blind) mucked
Seat 5: wallium (big blind) showed [Js Kh] and won ($41.50) with two pair, Queens and Jacks


PokerStars Hand #176123205554:  Hold'em Limit ($3/$6 USD) - 2017/09/25 17:56:24 ET
Table 'Tombaugh' 6-max Seat #1 is the button
Seat 1: Zubasa07 ($296.62 in chips)
Seat 5: wallium ($236.04 in chips)
Zubasa07: posts small blind $1
wallium: posts big blind $3
*** HOLE CARDS ***
Zubasa07: raises $3 to $6
wallium: calls $3
*** FLOP *** [Js Kc 9c]
wallium: checks
Zubasa07: bets $3
wallium: calls $3
*** TURN *** [Js Kc 9c] [9h]
wallium: checks
Zubasa07: bets $6
wallium: folds
Uncalled bet ($6) returned to Zubasa07
Zubasa07 collected $17.64 from pot
Zubasa07: doesn't show hand
*** SUMMARY ***
Total pot $18 | Rake $0.36
Board [Js Kc 9c 9h]
Seat 1: Zubasa07 (button) (small blind) collected ($17.64)
Seat 5: wallium (big blind) folded on the Turn


PokerStars Hand #176123228910:  Hold'em Limit ($3/$6 USD) - 2017/09/25 17:57:03 ET
Table 'Tombaugh' 6-max Seat #5 is the button
Seat 1: Zubasa07 ($305.26 in chips)
Seat 5: wallium ($227.04 in chips)
wallium: posts small blind $1
Zubasa07: posts big blind $3
*** HOLE CARDS ***
wallium: calls $2
Zubasa07: raises $3 to $6
wallium: calls $3
*** FLOP *** [Ts 4c 2c]
Zubasa07: bets $3
wallium: folds
Uncalled bet ($3) returned to Zubasa07
Zubasa07 collected $11.76 from pot
Zubasa07: doesn't show hand
*** SUMMARY ***
Total pot $12 | Rake $0.24
Board [Ts 4c 2c]
Seat 1: Zubasa07 (big blind) collected ($11.76)
Seat 5: wallium (button) (small blind) folded on the Flop


PokerStars Hand #176123242692:  Hold'em Limit ($3/$6 USD) - 2017/09/25 17:57:27 ET
Table 'Tombaugh' 6-max Seat #1 is the button
Seat 1: Zubasa07 ($311.02 in chips)
Seat 5: wallium ($221.04 in chips)
Zubasa07: posts small blind $1
wallium: posts big blind $3
*** HOLE CARDS ***
Zubasa07: raises $3 to $6
wallium: raises $3 to $9
Zubasa07: calls $3
*** FLOP *** [2h 4c 6c]
wallium: bets $3
Zubasa07: calls $3
*** TURN *** [2h 4c 6c] [5c]
wallium: bets $6
Zubasa07: calls $6
*** RIVER *** [2h 4c 6c 5c] [8h]
wallium: bets $6
Zubasa07: calls $6
*** SHOW DOWN ***
wallium: shows [5h Jh] (a pair of Fives)
Zubasa07: shows [6h 8s] (two pair, Eights and Sixes)
Zubasa07 collected $47.50 from pot
*** SUMMARY ***
Total pot $48 | Rake $0.50
Board [2h 4c 6c 5c 8h]
Seat 1: Zubasa07 (button) (small blind) showed [6h 8s] and won ($47.50) with two pair, Eights and Sixes
Seat 5: wallium (big blind) showed [5h Jh] and lost with a pair of Fives


PokerStars Hand #176123298868:  Hold'em Limit ($3/$6 USD) - 2017/09/25 17:59:01 ET
Table 'Tombaugh' 6-max Seat #1 is the button
Seat 1: Zubasa07 ($328.52 in chips)
Seat 5: wallium ($202.80 in chips)
Zubasa07: posts small blind $1
wallium: posts big blind $3
*** HOLE CARDS ***
Zubasa07: folds
Uncalled bet ($2) returned to wallium
wallium collected $2 from pot
*** SUMMARY ***
Total pot $2 | Rake $0
Seat 1: Zubasa07 (button) (small blind) folded before Flop
Seat 5: wallium (big blind) collected ($2)


PokerStars Hand #176123273719:  Hold'em Limit ($3/$6 USD) - 2017/09/25 17:58:19 ET
Table 'Tombaugh' 6-max Seat #5 is the button
Seat 1: Zubasa07 ($334.52 in chips)
Seat 5: wallium ($197.04 in chips)
wallium: posts small blind $1
Zubasa07: posts big blind $3
*** HOLE CARDS ***
wallium: raises $3 to $6
Zubasa07: calls $3
*** FLOP *** [8d 6d 9d]
Zubasa07: checks
wallium: checks
*** TURN *** [8d 6d 9d] [3h]
Zubasa07: checks
wallium: bets $6
Zubasa07: folds
Uncalled bet ($6) returned to wallium
wallium collected $11.76 from pot
*** SUMMARY ***
Total pot $12 | Rake $0.24
Board [8d 6d 9d 3h]
Seat 1: Zubasa07 (big blind) folded on the Turn
Seat 5: wallium (button) (small blind) collected ($11.76)


PokerStars Hand #176123302282:  Hold'em Limit ($3/$6 USD) - 2017/09/25 17:59:07 ET
Table 'Tombaugh' 6-max Seat #5 is the button
Seat 1: Zubasa07 ($327.52 in chips)
Seat 5: wallium ($203.80 in chips)
wallium: posts small blind $1
Zubasa07: posts big blind $3
*** HOLE CARDS ***
wallium: raises $3 to $6
Zubasa07: calls $3
*** FLOP *** [2c 5h Qc]
Zubasa07: checks
wallium: checks
*** TURN *** [2c 5h Qc] [Kc]
Zubasa07: checks
wallium: bets $6
Zubasa07: folds
Uncalled bet ($6) returned to wallium
wallium collected $11.76 from pot
*** SUMMARY ***
Total pot $12 | Rake $0.24
Board [2c 5h Qc Kc]
Seat 1: Zubasa07 (big blind) folded on the Turn
Seat 5: wallium (button) (small blind) collected ($11.76)


PokerStars Hand #176123325659:  Hold'em Limit ($3/$6 USD) - 2017/09/25 17:59:46 ET
Table 'Tombaugh' 6-max Seat #1 is the button
Seat 1: Zubasa07 ($321.52 in chips)
Seat 5: wallium ($209.56 in chips)
Zubasa07: posts small blind $1
wallium: posts big blind $3
*** HOLE CARDS ***
Zubasa07: raises $3 to $6
wallium: raises $3 to $9
Zubasa07: calls $3
*** FLOP *** [7h Jh 4s]
wallium: bets $3
Zubasa07: calls $3
*** TURN *** [7h Jh 4s] [6d]
wallium: checks
Zubasa07: checks
*** RIVER *** [7h Jh 4s 6d] [Ts]
wallium: bets $6
Zubasa07: calls $6
*** SHOW DOWN ***
wallium: shows [Ah 2s] (high card Ace)
Zubasa07: shows [Td Kc] (a pair of Tens)
Zubasa07 collected $35.50 from pot
*** SUMMARY ***
Total pot $36 | Rake $0.50
Board [7h Jh 4s 6d Ts]
Seat 1: Zubasa07 (button) (small blind) showed [Td Kc] and won ($35.50) with a pair of Tens
Seat 5: wallium (big blind) showed [Ah 2s] and lost with high card Ace


PokerStars Hand #176123400306:  Hold'em Limit ($3/$6 USD) - 2017/09/25 18:01:44 ET
Table 'Tombaugh' 6-max Seat #1 is the button
Seat 1: Zubasa07 ($318.02 in chips)
Seat 5: wallium ($212.06 in chips)
Zubasa07: posts small blind $1
wallium: posts big blind $3
*** HOLE CARDS ***
Zubasa07: folds
Uncalled bet ($2) returned to wallium
wallium collected $2 from pot
*** SUMMARY ***
Total pot $2 | Rake $0
Seat 1: Zubasa07 (button) (small blind) folded before Flop
Seat 5: wallium (big blind) collected ($2)


PokerStars Hand #176123362198:  Hold'em Limit ($3/$6 USD) - 2017/09/25 18:00:46 ET
Table 'Tombaugh' 6-max Seat #5 is the button
Seat 1: Zubasa07 ($339.02 in chips)
Seat 5: wallium ($191.56 in chips)
wallium: posts small blind $1
Zubasa07: posts big blind $3
*** HOLE CARDS ***
wallium: raises $3 to $6
Zubasa07: calls $3
*** FLOP *** [3h 6s Kh]
Zubasa07: checks
wallium: bets $3
Zubasa07: calls $3
*** TURN *** [3h 6s Kh] [Ad]
Zubasa07: checks
wallium: bets $6
Zubasa07: calls $6
*** RIVER *** [3h 6s Kh Ad] [Qs]
Zubasa07: checks
wallium: bets $6
Zubasa07: calls $6
*** SHOW DOWN ***
wallium: shows [Ks 9d] (a pair of Kings)
Zubasa07: mucks hand
wallium collected $41.50 from pot
*** SUMMARY ***
Total pot $42 | Rake $0.50
Board [3h 6s Kh Ad Qs]
Seat 1: Zubasa07 (big blind) mucked
Seat 5: wallium (button) (small blind) showed [Ks 9d] and won ($41.50) with a pair of Kings


PokerStars Hand #176123444385:  Hold'em Limit ($3/$6 USD) - 2017/09/25 18:02:45 ET
Table 'Tombaugh' 6-max Seat #1 is the button
Seat 1: Zubasa07 ($314.02 in chips)
Seat 5: wallium ($215.94 in chips)
Zubasa07: posts small blind $1
wallium: posts big blind $3
*** HOLE CARDS ***
Zubasa07: raises $3 to $6
wallium: calls $3
*** FLOP *** [Kh 4d 2s]
wallium: checks
Zubasa07: bets $3
wallium: calls $3
*** TURN *** [Kh 4d 2s] [9d]
wallium: checks
Zubasa07: checks
*** RIVER *** [Kh 4d 2s 9d] [Ah]
wallium: checks
Zubasa07: checks
*** SHOW DOWN ***
wallium: shows [4h Qc] (a pair of Fours)
Zubasa07: mucks hand
wallium collected $17.64 from pot
*** SUMMARY ***
Total pot $18 | Rake $0.36
Board [Kh 4d 2s 9d Ah]
Seat 1: Zubasa07 (button) (small blind) mucked
Seat 5: wallium (big blind) showed [4h Qc] and won ($17.64) with a pair of Fours


PokerStars Hand #176123474958:  Hold'em Limit ($3/$6 USD) - 2017/09/25 18:03:28 ET
Table 'Tombaugh' 6-max Seat #5 is the button
Seat 1: Zubasa07 ($305.02 in chips)
Seat 5: wallium ($224.58 in chips)
wallium: posts small blind $1
Zubasa07: posts big blind $3
*** HOLE CARDS ***
wallium: folds
Uncalled bet ($2) returned to Zubasa07
Zubasa07 collected $2 from pot
Zubasa07: doesn't show hand
*** SUMMARY ***
Total pot $2 | Rake $0
Seat 1: Zubasa07 (big blind) collected ($2)
Seat 5: wallium (button) (small blind) folded before Flop


PokerStars Hand #176123404976:  Hold'em Limit ($3/$6 USD) - 2017/09/25 18:01:50 ET
Table 'Tombaugh' 6-max Seat #5 is the button
Seat 1: Zubasa07 ($317.02 in chips)
Seat 5: wallium ($213.06 in chips)
wallium: posts small blind $1
Zubasa07: posts big blind $3
*** HOLE CARDS ***
wallium: calls $2
Zubasa07: checks
*** FLOP *** [Kc 7h 9h]
Zubasa07: checks
wallium: checks
*** TURN *** [Kc 7h 9h] [Qh]
Zubasa07: checks
wallium: checks
*** RIVER *** [Kc 7h 9h Qh] [3d]
Zubasa07: checks
wallium: checks
*** SHOW DOWN ***
Zubasa07: shows [4h 3s] (a pair of Threes)
wallium: shows [Ac 7s] (a pair of Sevens)
wallium collected $5.88 from pot
*** SUMMARY ***
Total pot $6 | Rake $0.12
Board [Kc 7h 9h Qh 3d]
Seat 1: Zubasa07 (big blind) showed [4h 3s] and lost with a pair of Threes
Seat 5: wallium (button) (small blind) showed [Ac 7s] and won ($5.88) with a pair of Sevens


PokerStars Hand #176123481203:  Hold'em Limit ($3/$6 USD) - 2017/09/25 18:03:37 ET
Table 'Tombaugh' 6-max Seat #1 is the button
Seat 1: Zubasa07 ($306.02 in chips)
Seat 5: wallium ($223.58 in chips)
Zubasa07: posts small blind $1
wallium: posts big blind $3
*** HOLE CARDS ***
Zubasa07: raises $3 to $6
wallium: raises $3 to $9
Zubasa07: calls $3
*** FLOP *** [Kh As 3d]
wallium: bets $3
Zubasa07: folds
Uncalled bet ($3) returned to wallium
wallium collected $17.64 from pot
*** SUMMARY ***
Total pot $18 | Rake $0.36
Board [Kh As 3d]
Seat 1: Zubasa07 (button) (small blind) folded on the Flop
Seat 5: wallium (big blind) collected ($17.64)


PokerStars Hand #176123502990:  Hold'em Limit ($3/$6 USD) - 2017/09/25 18:04:07 ET
Table 'Tombaugh' 6-max Seat #5 is the button
Seat 1: Zubasa07 ($297.02 in chips)
Seat 5: wallium ($232.22 in chips)
wallium: posts small blind $1
Zubasa07: posts big blind $3
*** HOLE CARDS ***
wallium: calls $2
Zubasa07: raises $3 to $6
wallium: raises $3 to $9
Zubasa07: calls $3
*** FLOP *** [7h 9s 5c]
Zubasa07: checks
wallium: bets $3
RJF1943 joins the table at seat #3
Zubasa07: calls $3
*** TURN *** [7h 9s 5c] [5d]
Zubasa07: checks
RJF1943 leaves the table
wallium: checks
*** RIVER *** [7h 9s 5c 5d] [8h]
RJF1943 joins the table at seat #6
Zubasa07: bets $6
wallium: folds
Uncalled bet ($6) returned to Zubasa07
Zubasa07 collected $23.52 from pot
Zubasa07: doesn't show hand
*** SUMMARY ***
Total pot $24 | Rake $0.48
Board [7h 9s 5c 5d 8h]
Seat 1: Zubasa07 (big blind) collected ($23.52)
Seat 5: wallium (button) (small blind) folded on the River


PokerStars Hand #176123549355:  Hold'em Limit ($3/$6 USD) - 2017/09/25 18:05:11 ET
Table 'Tombaugh' 6-max Seat #1 is the button
Seat 1: Zubasa07 ($308.54 in chips)
Seat 5: wallium ($220.22 in chips)
Zubasa07: posts small blind $1
wallium: posts big blind $3
*** HOLE CARDS ***
Zubasa07: raises $3 to $6
wallium: raises $3 to $9
SEQUOIA2012 joins the table at seat #4
Zubasa07: calls $3
*** FLOP *** [2d 7h 5c]
wallium: bets $3
Zubasa07: calls $3
*** TURN *** [2d 7h 5c] [Js]
wallium: bets $6
Zubasa07: calls $6
*** RIVER *** [2d 7h 5c Js] [Td]
wallium: bets $6
Zubasa07: calls $6
*** SHOW DOWN ***
wallium: shows [4d 8s] (high card Jack)
Zubasa07: shows [5s 4h] (a pair of Fives)
Zubasa07 collected $47.50 from pot
*** SUMMARY ***
Total pot $48 | Rake $0.50
Board [2d 7h 5c Js Td]
Seat 1: Zubasa07 (button) (small blind) showed [5s 4h] and won ($47.50) with a pair of Fives
Seat 5: wallium (big blind) showed [4d 8s] and lost with high card Jack


