PokerStars Hand #156844332760:  Hold'em Limit ($3/$6 USD) - 2016/08/04 5:09:25 ET
Table 'Tomita' 10-max Seat #4 is the button
Seat 3: anebodil ($117.81 in chips)
Seat 4: krossguard ($117 in chips)
krossguard: posts small blind $1
anebodil: posts big blind $3
*** HOLE CARDS ***
krossguard: raises $3 to $6
anebodil: calls $3
*** FLOP *** [4c Kc 6h]
anebodil: checks
krossguard: bets $3
anebodil: calls $3
*** TURN *** [4c Kc 6h] [2c]
anebodil: checks
krossguard: checks
*** RIVER *** [4c Kc 6h 2c] [8d]
anebodil: bets $6
krossguard: folds
Uncalled bet ($6) returned to anebodil
anebodil collected $17.64 from pot
anebodil: doesn't show hand
*** SUMMARY ***
Total pot $18 | Rake $0.36
Board [4c Kc 6h 2c 8d]
Seat 3: anebodil (big blind) collected ($17.64)
Seat 4: krossguard (button) (small blind) folded on the River


PokerStars Hand #156844338097:  Hold'em Limit ($3/$6 USD) - 2016/08/04 5:09:40 ET
Table 'Tomita' 10-max Seat #3 is the button
Seat 3: anebodil ($126.45 in chips)
Seat 4: krossguard ($108 in chips)
anebodil: posts small blind $1
krossguard: posts big blind $3
*** HOLE CARDS ***
anebodil: calls $2
krossguard: raises $3 to $6
anebodil: calls $3
*** FLOP *** [6s 4c As]
krossguard: bets $3
anebodil: calls $3
*** TURN *** [6s 4c As] [5s]
krossguard: bets $6
anebodil: calls $6
*** RIVER *** [6s 4c As 5s] [6h]
krossguard: bets $6
anebodil: calls $6
*** SHOW DOWN ***
krossguard: shows [9s 9h] (two pair, Nines and Sixes)
anebodil: mucks hand
krossguard collected $41.50 from pot
*** SUMMARY ***
Total pot $42 | Rake $0.50
Board [6s 4c As 5s 6h]
Seat 3: anebodil (button) (small blind) mucked
Seat 4: krossguard (big blind) showed [9s 9h] and won ($41.50) with two pair, Nines and Sixes


PokerStars Hand #156844326438:  Hold'em Limit ($3/$6 USD) - 2016/08/04 5:09:07 ET
Table 'Tomita' 10-max Seat #3 is the button
Seat 3: anebodil ($114.93 in chips)
Seat 4: krossguard ($120 in chips)
anebodil: posts small blind $1
krossguard: posts big blind $3
*** HOLE CARDS ***
anebodil: calls $2
krossguard: checks
*** FLOP *** [Td 8d 5c]
krossguard: checks
anebodil: checks
*** TURN *** [Td 8d 5c] [Ac]
krossguard: checks
anebodil: checks
*** RIVER *** [Td 8d 5c Ac] [Jh]
krossguard: checks
anebodil: checks
*** SHOW DOWN ***
krossguard: shows [9h 2s] (high card Ace)
anebodil: shows [4s Kh] (high card Ace - King kicker)
anebodil collected $5.88 from pot
*** SUMMARY ***
Total pot $6 | Rake $0.12
Board [Td 8d 5c Ac Jh]
Seat 3: anebodil (button) (small blind) showed [4s Kh] and won ($5.88) with high card Ace
Seat 4: krossguard (big blind) showed [9h 2s] and lost with high card Ace


PokerStars Hand #156844344185:  Hold'em Limit ($3/$6 USD) - 2016/08/04 5:09:58 ET
Table 'Tomita' 10-max Seat #4 is the button
Seat 3: anebodil ($105.45 in chips)
Seat 4: krossguard ($128.50 in chips)
krossguard: posts small blind $1
anebodil: posts big blind $3
*** HOLE CARDS ***
krossguard: raises $3 to $6
anebodil: calls $3
*** FLOP *** [Qs 2h 5s]
anebodil: checks
krossguard: bets $3
anebodil: folds
Uncalled bet ($3) returned to krossguard
krossguard collected $11.76 from pot
krossguard: doesn't show hand
*** SUMMARY ***
Total pot $12 | Rake $0.24
Board [Qs 2h 5s]
Seat 3: anebodil (big blind) folded on the Flop
Seat 4: krossguard (button) (small blind) collected ($11.76)


PokerStars Hand #156844348134:  Hold'em Limit ($3/$6 USD) - 2016/08/04 5:10:09 ET
Table 'Tomita' 10-max Seat #3 is the button
Seat 3: anebodil ($99.45 in chips)
Seat 4: krossguard ($134.26 in chips)
anebodil: posts small blind $1
krossguard: posts big blind $3
*** HOLE CARDS ***
anebodil: raises $3 to $6
krossguard: calls $3
*** FLOP *** [4h 5d 3s]
krossguard: checks
anebodil: bets $3
krossguard: raises $3 to $6
anebodil: calls $3
*** TURN *** [4h 5d 3s] [2c]
krossguard: bets $6
anebodil: calls $6
*** RIVER *** [4h 5d 3s 2c] [8d]
HAL9QQQ joins the table at seat #5
krossguard: bets $6
anebodil: calls $6
*** SHOW DOWN ***
krossguard: shows [6s 4s] (a straight, Deuce to Six)
anebodil: mucks hand
krossguard collected $47.50 from pot
*** SUMMARY ***
Total pot $48 | Rake $0.50
Board [4h 5d 3s 2c 8d]
Seat 3: anebodil (button) (small blind) mucked
Seat 4: krossguard (big blind) showed [6s 4s] and won ($47.50) with a straight, Deuce to Six


PokerStars Hand #156844359570:  Hold'em Limit ($3/$6 USD) - 2016/08/04 5:10:42 ET
Table 'Tomita' 10-max Seat #4 is the button
Seat 3: anebodil ($75.45 in chips)
Seat 4: krossguard ($157.76 in chips)
krossguard: posts small blind $1
anebodil: posts big blind $3
*** HOLE CARDS ***
krossguard: raises $3 to $6
anebodil: calls $3
*** FLOP *** [6h 4h Kd]
anebodil: bets $3
krossguard: folds
Uncalled bet ($3) returned to anebodil
anebodil collected $11.76 from pot
anebodil: doesn't show hand
*** SUMMARY ***
Total pot $12 | Rake $0.24
Board [6h 4h Kd]
Seat 3: anebodil (big blind) collected ($11.76)
Seat 4: krossguard (button) (small blind) folded on the Flop


PokerStars Hand #156844364945:  Hold'em Limit ($3/$6 USD) - 2016/08/04 5:10:57 ET
Table 'Tomita' 10-max Seat #3 is the button
Seat 3: anebodil ($81.21 in chips)
Seat 4: krossguard ($151.76 in chips)
anebodil: posts small blind $1
krossguard: posts big blind $3
*** HOLE CARDS ***
anebodil: calls $2
krossguard: checks
*** FLOP *** [Ah 7s Jc]
krossguard: checks
anebodil: bets $3
krossguard: raises $3 to $6
anebodil: calls $3
*** TURN *** [Ah 7s Jc] [Kd]
krossguard: bets $6
anebodil: calls $6
*** RIVER *** [Ah 7s Jc Kd] [3s]
krossguard: checks
anebodil: checks
*** SHOW DOWN ***
krossguard: shows [9s Td] (high card Ace)
anebodil: shows [7d 4d] (a pair of Sevens)
anebodil collected $29.50 from pot
*** SUMMARY ***
Total pot $30 | Rake $0.50
Board [Ah 7s Jc Kd 3s]
Seat 3: anebodil (button) (small blind) showed [7d 4d] and won ($29.50) with a pair of Sevens
Seat 4: krossguard (big blind) showed [9s Td] and lost with high card Ace


PokerStars Hand #156844564039:  Hold'em Limit ($3/$6 USD) - 2016/08/04 5:19:52 ET
Table 'Tomita' 10-max Seat #3 is the button
Seat 1: Ag3r0n ($154.82 in chips)
Seat 3: anebodil ($4.77 in chips)
anebodil: posts small blind $1
HAL9QQQ: is sitting out
Ag3r0n: posts big blind $3
*** HOLE CARDS ***
anebodil: raises $1.77 to $4.77 and is all-in
Ag3r0n: calls $1.77
*** FLOP *** [Qd 5c 8d]
*** TURN *** [Qd 5c 8d] [4h]
*** RIVER *** [Qd 5c 8d 4h] [4s]
*** SHOW DOWN ***
Ag3r0n: shows [As 8c] (two pair, Eights and Fours)
anebodil: shows [9c Td] (a pair of Fours)
Ag3r0n collected $9.35 from pot
*** SUMMARY ***
Total pot $9.54 | Rake $0.19
Board [Qd 5c 8d 4h 4s]
Seat 1: Ag3r0n (big blind) showed [As 8c] and won ($9.35) with two pair, Eights and Fours
Seat 3: anebodil (button) (small blind) showed [9c Td] and lost with a pair of Fours


