PokerStars Hand #149454879982:  Hold'em Limit ($3/$6 USD) - 2016/02/26 14:12:36 ET
Table 'Tomita III' 6-max Seat #1 is the button
Seat 1: _fayzulllo_ ($72 in chips)
Seat 4: AzureCaper ($72 in chips)
_fayzulllo_: posts small blind $1
AzureCaper: posts big blind $3
*** HOLE CARDS ***
_fayzulllo_: raises $3 to $6
GRAILKO joins the table at seat #2
AzureCaper: folds
Uncalled bet ($3) returned to _fayzulllo_
_fayzulllo_ collected $6 from pot
*** SUMMARY ***
Total pot $6 | Rake $0
Seat 1: _fayzulllo_ (button) (small blind) collected ($6)
Seat 4: AzureCaper (big blind) folded before Flop


PokerStars Hand #149454891245:  Hold'em Limit ($3/$6 USD) - 2016/02/26 14:12:49 ET
Table 'Tomita III' 6-max Seat #4 is the button
Seat 1: _fayzulllo_ ($75 in chips)
Seat 4: AzureCaper ($72 in chips)
AzureCaper: posts small blind $1
_fayzulllo_: posts big blind $3
*** HOLE CARDS ***
AzureCaper: raises $3 to $6
_fayzulllo_: calls $3
*** FLOP *** [4h 6s 2s]
_fayzulllo_: checks
AzureCaper: bets $3
_fayzulllo_: calls $3
*** TURN *** [4h 6s 2s] [5h]
_fayzulllo_: checks
AzureCaper: bets $6
_fayzulllo_: calls $6
*** RIVER *** [4h 6s 2s 5h] [Kh]
_fayzulllo_: checks
AzureCaper: checks
*** SHOW DOWN ***
_fayzulllo_: shows [Ks 7h] (a pair of Kings)
AzureCaper: mucks hand
_fayzulllo_ collected $29.50 from pot
*** SUMMARY ***
Total pot $30 | Rake $0.50
Board [4h 6s 2s 5h Kh]
Seat 1: _fayzulllo_ (big blind) showed [Ks 7h] and won ($29.50) with a pair of Kings
Seat 4: AzureCaper (button) (small blind) mucked


PokerStars Hand #149461230267:  Hold'em Limit ($3/$6 USD) - 2016/02/26 16:03:59 ET
Table 'Tomita III' 6-max Seat #4 is the button
Seat 2: afk2016 ($53.52 in chips)
Seat 4: AzureCaper ($73 in chips)
AzureCaper: posts small blind $1
afk2016: posts big blind $3
*** HOLE CARDS ***
AzureCaper: raises $3 to $6
afk2016: calls $3
*** FLOP *** [Td 5h 3d]
afk2016: checks
AzureCaper: bets $3
afk2016: folds
Uncalled bet ($3) returned to AzureCaper
AzureCaper collected $11.76 from pot
AzureCaper: doesn't show hand
*** SUMMARY ***
Total pot $12 | Rake $0.24
Board [Td 5h 3d]
Seat 2: afk2016 (big blind) folded on the Flop
Seat 4: AzureCaper (button) (small blind) collected ($11.76)


PokerStars Hand #149461248959:  Hold'em Limit ($3/$6 USD) - 2016/02/26 16:04:17 ET
Table 'Tomita III' 6-max Seat #2 is the button
Seat 2: afk2016 ($47.52 in chips)
Seat 4: AzureCaper ($78.76 in chips)
afk2016: posts small blind $1
AzureCaper: posts big blind $3
*** HOLE CARDS ***
afk2016: calls $2
AzureCaper: checks
*** FLOP *** [Ac 7h 9s]
AzureCaper: bets $3
afk2016: raises $3 to $6
AzureCaper: folds
Uncalled bet ($3) returned to afk2016
afk2016 collected $11.76 from pot
afk2016: doesn't show hand
*** SUMMARY ***
Total pot $12 | Rake $0.24
Board [Ac 7h 9s]
Seat 2: afk2016 (button) (small blind) collected ($11.76)
Seat 4: AzureCaper (big blind) folded on the Flop


PokerStars Hand #149461260865:  Hold'em Limit ($3/$6 USD) - 2016/02/26 16:04:29 ET
Table 'Tomita III' 6-max Seat #4 is the button
Seat 2: afk2016 ($53.28 in chips)
Seat 4: AzureCaper ($72.76 in chips)
AzureCaper: posts small blind $1
afk2016: posts big blind $3
*** HOLE CARDS ***
AzureCaper: folds
Uncalled bet ($2) returned to afk2016
afk2016 collected $2 from pot
afk2016: doesn't show hand
*** SUMMARY ***
Total pot $2 | Rake $0
Seat 2: afk2016 (big blind) collected ($2)
Seat 4: AzureCaper (button) (small blind) folded before Flop


PokerStars Hand #149461274200:  Hold'em Limit ($3/$6 USD) - 2016/02/26 16:04:43 ET
Table 'Tomita III' 6-max Seat #4 is the button
Seat 2: afk2016 ($57.28 in chips)
Seat 4: AzureCaper ($72 in chips)
AzureCaper: posts small blind $1
afk2016: posts big blind $3
*** HOLE CARDS ***
AzureCaper: folds
Uncalled bet ($2) returned to afk2016
afk2016 collected $2 from pot
afk2016: doesn't show hand
*** SUMMARY ***
Total pot $2 | Rake $0
Seat 2: afk2016 (big blind) collected ($2)
Seat 4: AzureCaper (button) (small blind) folded before Flop


PokerStars Hand #149461266790:  Hold'em Limit ($3/$6 USD) - 2016/02/26 16:04:36 ET
Table 'Tomita III' 6-max Seat #2 is the button
Seat 2: afk2016 ($54.28 in chips)
Seat 4: AzureCaper ($72 in chips)
afk2016: posts small blind $1
AzureCaper: posts big blind $3
*** HOLE CARDS ***
afk2016: raises $3 to $6
AzureCaper: folds
Uncalled bet ($3) returned to afk2016
afk2016 collected $6 from pot
afk2016: doesn't show hand
*** SUMMARY ***
Total pot $6 | Rake $0
Seat 2: afk2016 (button) (small blind) collected ($6)
Seat 4: AzureCaper (big blind) folded before Flop


PokerStars Hand #149461284185:  Hold'em Limit ($3/$6 USD) - 2016/02/26 16:04:53 ET
Table 'Tomita III' 6-max Seat #4 is the button
Seat 2: afk2016 ($57.28 in chips)
Seat 4: AzureCaper ($73 in chips)
AzureCaper: posts small blind $1
afk2016: posts big blind $3
*** HOLE CARDS ***
AzureCaper: raises $3 to $6
afk2016: folds
Uncalled bet ($3) returned to AzureCaper
AzureCaper collected $6 from pot
AzureCaper: doesn't show hand
*** SUMMARY ***
Total pot $6 | Rake $0
Seat 2: afk2016 (big blind) folded before Flop
Seat 4: AzureCaper (button) (small blind) collected ($6)


PokerStars Hand #149461278801:  Hold'em Limit ($3/$6 USD) - 2016/02/26 16:04:48 ET
Table 'Tomita III' 6-max Seat #2 is the button
Seat 2: afk2016 ($58.28 in chips)
Seat 4: AzureCaper ($72 in chips)
afk2016: posts small blind $1
AzureCaper: posts big blind $3
*** HOLE CARDS ***
afk2016: folds
Uncalled bet ($2) returned to AzureCaper
AzureCaper collected $2 from pot
AzureCaper: doesn't show hand
*** SUMMARY ***
Total pot $2 | Rake $0
Seat 2: afk2016 (button) (small blind) folded before Flop
Seat 4: AzureCaper (big blind) collected ($2)


PokerStars Hand #149461312057:  Hold'em Limit ($3/$6 USD) - 2016/02/26 16:05:22 ET
Table 'Tomita III' 6-max Seat #4 is the button
Seat 2: afk2016 ($57.16 in chips)
Seat 4: AzureCaper ($73 in chips)
AzureCaper: posts small blind $1
afk2016: posts big blind $3
*** HOLE CARDS ***
AzureCaper: folds
Uncalled bet ($2) returned to afk2016
afk2016 collected $2 from pot
afk2016: doesn't show hand
*** SUMMARY ***
Total pot $2 | Rake $0
Seat 2: afk2016 (big blind) collected ($2)
Seat 4: AzureCaper (button) (small blind) folded before Flop


PokerStars Hand #149461290404:  Hold'em Limit ($3/$6 USD) - 2016/02/26 16:05:00 ET
Table 'Tomita III' 6-max Seat #2 is the button
Seat 2: afk2016 ($54.28 in chips)
Seat 4: AzureCaper ($76 in chips)
afk2016: posts small blind $1
AzureCaper: posts big blind $3
*** HOLE CARDS ***
afk2016: calls $2
AzureCaper: checks
*** FLOP *** [6c 6h 5d]
AzureCaper: checks
afk2016: checks
*** TURN *** [6c 6h 5d] [8c]
AzureCaper: checks
afk2016: bets $6
AzureCaper: folds
Uncalled bet ($6) returned to afk2016
afk2016 collected $5.88 from pot
afk2016: doesn't show hand
*** SUMMARY ***
Total pot $6 | Rake $0.12
Board [6c 6h 5d 8c]
Seat 2: afk2016 (button) (small blind) collected ($5.88)
Seat 4: AzureCaper (big blind) folded on the Turn


PokerStars Hand #149461318520:  Hold'em Limit ($3/$6 USD) - 2016/02/26 16:05:28 ET
Table 'Tomita III' 6-max Seat #2 is the button
Seat 2: afk2016 ($58.16 in chips)
Seat 4: AzureCaper ($72 in chips)
afk2016: posts small blind $1
AzureCaper: posts big blind $3
*** HOLE CARDS ***
afk2016: calls $2
AzureCaper: raises $3 to $6
afk2016: calls $3
*** FLOP *** [9d 8c Jd]
AzureCaper: bets $3
afk2016: raises $3 to $6
AzureCaper: raises $3 to $9
afk2016: raises $3 to $12
Betting is capped
AzureCaper: calls $3
*** TURN *** [9d 8c Jd] [9h]
AzureCaper: checks
afk2016: bets $6
AzureCaper: calls $6
*** RIVER *** [9d 8c Jd 9h] [5d]
AzureCaper: checks
afk2016: checks
*** SHOW DOWN ***
AzureCaper: shows [Qd Js] (two pair, Jacks and Nines)
afk2016: mucks hand
AzureCaper collected $47.50 from pot
*** SUMMARY ***
Total pot $48 | Rake $0.50
Board [9d 8c Jd 9h 5d]
Seat 2: afk2016 (button) (small blind) mucked
Seat 4: AzureCaper (big blind) showed [Qd Js] and won ($47.50) with two pair, Jacks and Nines


PokerStars Hand #149461340813:  Hold'em Limit ($3/$6 USD) - 2016/02/26 16:05:51 ET
Table 'Tomita III' 6-max Seat #4 is the button
Seat 2: afk2016 ($34.16 in chips)
Seat 4: AzureCaper ($95.50 in chips)
AzureCaper: posts small blind $1
afk2016: posts big blind $3
*** HOLE CARDS ***
AzureCaper: folds
Uncalled bet ($2) returned to afk2016
afk2016 collected $2 from pot
afk2016: doesn't show hand
*** SUMMARY ***
Total pot $2 | Rake $0
Seat 2: afk2016 (big blind) collected ($2)
Seat 4: AzureCaper (button) (small blind) folded before Flop


PokerStars Hand #149461345551:  Hold'em Limit ($3/$6 USD) - 2016/02/26 16:05:56 ET
Table 'Tomita III' 6-max Seat #2 is the button
Seat 2: afk2016 ($35.16 in chips)
Seat 4: AzureCaper ($94.50 in chips)
afk2016: posts small blind $1
AzureCaper: posts big blind $3
*** HOLE CARDS ***
afk2016: raises $3 to $6
AzureCaper: calls $3
*** FLOP *** [3s 3d Jh]
AzureCaper: checks
afk2016: bets $3
AzureCaper: calls $3
*** TURN *** [3s 3d Jh] [Qc]
AzureCaper: checks
afk2016: bets $6
AzureCaper: folds
Uncalled bet ($6) returned to afk2016
afk2016 collected $17.64 from pot
afk2016: doesn't show hand
*** SUMMARY ***
Total pot $18 | Rake $0.36
Board [3s 3d Jh Qc]
Seat 2: afk2016 (button) (small blind) collected ($17.64)
Seat 4: AzureCaper (big blind) folded on the Turn


PokerStars Hand #149461361766:  Hold'em Limit ($3/$6 USD) - 2016/02/26 16:06:12 ET
Table 'Tomita III' 6-max Seat #4 is the button
Seat 2: afk2016 ($43.80 in chips)
Seat 4: AzureCaper ($85.50 in chips)
AzureCaper: posts small blind $1
afk2016: posts big blind $3
*** HOLE CARDS ***
AzureCaper: raises $3 to $6
afk2016: calls $3
*** FLOP *** [Kh 9d 3d]
afk2016: checks
AzureCaper: bets $3
afk2016: calls $3
*** TURN *** [Kh 9d 3d] [8s]
afk2016: checks
AzureCaper: bets $6
afk2016: raises $6 to $12
AzureCaper: raises $6 to $18
afk2016: raises $6 to $24
Betting is capped
AzureCaper: calls $6
*** RIVER *** [Kh 9d 3d 8s] [8d]
afk2016: bets $6
AzureCaper: calls $6
*** SHOW DOWN ***
afk2016: shows [2s Kd] (two pair, Kings and Eights)
AzureCaper: shows [Ks 9c] (two pair, Kings and Nines)
AzureCaper collected $77.50 from pot
*** SUMMARY ***
Total pot $78 | Rake $0.50
Board [Kh 9d 3d 8s 8d]
Seat 2: afk2016 (big blind) showed [2s Kd] and lost with two pair, Kings and Eights
Seat 4: AzureCaper (button) (small blind) showed [Ks 9c] and won ($77.50) with two pair, Kings and Nines


