PokerStars Hand #150128551011:  Hold'em Limit ($3/$6 USD) - 2016/03/10 8:40:55 ET
Table 'Tomita' 6-max Seat #3 is the button
Seat 3: HARDGURU ($160 in chips)
Seat 4: Agrotait ($72 in chips)
HARDGURU: posts small blind $1
Agrotait: posts big blind $3
*** HOLE CARDS ***
HARDGURU: calls $2
Agrotait: raises $3 to $6
HARDGURU: calls $3
*** FLOP *** [Kh 3h 6h]
Agrotait: bets $3
HARDGURU: calls $3
*** TURN *** [Kh 3h 6h] [Qs]
Agrotait: checks
HARDGURU: bets $6
Agrotait: folds
Uncalled bet ($6) returned to HARDGURU
HARDGURU collected $17.64 from pot
HARDGURU: doesn't show hand
*** SUMMARY ***
Total pot $18 | Rake $0.36
Board [Kh 3h 6h Qs]
Seat 3: HARDGURU (button) (small blind) collected ($17.64)
Seat 4: Agrotait (big blind) folded on the Turn


PokerStars Hand #150128574312:  Hold'em Limit ($3/$6 USD) - 2016/03/10 8:41:33 ET
Table 'Tomita' 6-max Seat #4 is the button
Seat 3: HARDGURU ($168.64 in chips)
Seat 4: Agrotait ($63 in chips)
Agrotait: posts small blind $1
HARDGURU: posts big blind $3
*** HOLE CARDS ***
Agrotait: raises $3 to $6
HARDGURU: calls $3
*** FLOP *** [9c 6h 8c]
HARDGURU: checks
Agrotait: bets $3
HARDGURU: calls $3
*** TURN *** [9c 6h 8c] [Ac]
HARDGURU: checks
Agrotait: bets $6
HARDGURU: folds
Uncalled bet ($6) returned to Agrotait
Agrotait collected $17.64 from pot
Agrotait: doesn't show hand
*** SUMMARY ***
Total pot $18 | Rake $0.36
Board [9c 6h 8c Ac]
Seat 3: HARDGURU (big blind) folded on the Turn
Seat 4: Agrotait (button) (small blind) collected ($17.64)


PokerStars Hand #150128589280:  Hold'em Limit ($3/$6 USD) - 2016/03/10 8:41:58 ET
Table 'Tomita' 6-max Seat #3 is the button
Seat 3: HARDGURU ($159.64 in chips)
Seat 4: Agrotait ($71.64 in chips)
HARDGURU: posts small blind $1
Agrotait: posts big blind $3
*** HOLE CARDS ***
HARDGURU: calls $2
Agrotait: checks
*** FLOP *** [7h Kc 7d]
Agrotait: bets $3
HARDGURU: folds
Uncalled bet ($3) returned to Agrotait
Agrotait collected $5.88 from pot
Agrotait: doesn't show hand
*** SUMMARY ***
Total pot $6 | Rake $0.12
Board [7h Kc 7d]
Seat 3: HARDGURU (button) (small blind) folded on the Flop
Seat 4: Agrotait (big blind) collected ($5.88)


PokerStars Hand #150128602333:  Hold'em Limit ($3/$6 USD) - 2016/03/10 8:42:20 ET
Table 'Tomita' 6-max Seat #4 is the button
Seat 3: HARDGURU ($156.64 in chips)
Seat 4: Agrotait ($74.52 in chips)
Agrotait: posts small blind $1
HARDGURU: posts big blind $3
*** HOLE CARDS ***
Agrotait: raises $3 to $6
HARDGURU: calls $3
*** FLOP *** [5c 6h Qc]
HARDGURU: checks
Agrotait: bets $3
HARDGURU: folds
Uncalled bet ($3) returned to Agrotait
Agrotait collected $11.76 from pot
Agrotait: doesn't show hand
*** SUMMARY ***
Total pot $12 | Rake $0.24
Board [5c 6h Qc]
Seat 3: HARDGURU (big blind) folded on the Flop
Seat 4: Agrotait (button) (small blind) collected ($11.76)


PokerStars Hand #150128614805:  Hold'em Limit ($3/$6 USD) - 2016/03/10 8:42:41 ET
Table 'Tomita' 6-max Seat #3 is the button
Seat 3: HARDGURU ($150.64 in chips)
Seat 4: Agrotait ($80.28 in chips)
HARDGURU: posts small blind $1
Agrotait: posts big blind $3
*** HOLE CARDS ***
HARDGURU: raises $3 to $6
Agrotait: calls $3
*** FLOP *** [2h 9s Td]
Agrotait: checks
HARDGURU: bets $3
Agrotait: calls $3
*** TURN *** [2h 9s Td] [5c]
Agrotait: checks
HARDGURU: bets $6
Agrotait: calls $6
*** RIVER *** [2h 9s Td 5c] [3d]
Agrotait: checks
HARDGURU: bets $6
Agrotait: calls $6
*** SHOW DOWN ***
HARDGURU: shows [9d Qd] (a pair of Nines)
Agrotait: mucks hand
HARDGURU collected $41.50 from pot
*** SUMMARY ***
Total pot $42 | Rake $0.50
Board [2h 9s Td 5c 3d]
Seat 3: HARDGURU (button) (small blind) showed [9d Qd] and won ($41.50) with a pair of Nines
Seat 4: Agrotait (big blind) mucked


PokerStars Hand #150128629192:  Hold'em Limit ($3/$6 USD) - 2016/03/10 8:43:04 ET
Table 'Tomita' 6-max Seat #4 is the button
Seat 3: HARDGURU ($171.14 in chips)
Seat 4: Agrotait ($72 in chips)
Agrotait: posts small blind $1
HARDGURU: posts big blind $3
*** HOLE CARDS ***
Agrotait: folds
Uncalled bet ($2) returned to HARDGURU
HARDGURU collected $2 from pot
HARDGURU: doesn't show hand
*** SUMMARY ***
Total pot $2 | Rake $0
Seat 3: HARDGURU (big blind) collected ($2)
Seat 4: Agrotait (button) (small blind) folded before Flop


PokerStars Hand #150128632370:  Hold'em Limit ($3/$6 USD) - 2016/03/10 8:43:10 ET
Table 'Tomita' 6-max Seat #3 is the button
Seat 3: HARDGURU ($172.14 in chips)
Seat 4: Agrotait ($71 in chips)
HARDGURU: posts small blind $1
Agrotait: posts big blind $3
*** HOLE CARDS ***
HARDGURU: raises $3 to $6
Agrotait: raises $3 to $9
HARDGURU: calls $3
*** FLOP *** [Kh 2s Kc]
Agrotait: bets $3
HARDGURU: folds
Uncalled bet ($3) returned to Agrotait
Agrotait collected $17.64 from pot
Agrotait: doesn't show hand
*** SUMMARY ***
Total pot $18 | Rake $0.36
Board [Kh 2s Kc]
Seat 3: HARDGURU (button) (small blind) folded on the Flop
Seat 4: Agrotait (big blind) collected ($17.64)


PokerStars Hand #150128639627:  Hold'em Limit ($3/$6 USD) - 2016/03/10 8:43:21 ET
Table 'Tomita' 6-max Seat #4 is the button
Seat 3: HARDGURU ($163.14 in chips)
Seat 4: Agrotait ($79.64 in chips)
Agrotait: posts small blind $1
HARDGURU: posts big blind $3
*** HOLE CARDS ***
Agrotait: raises $3 to $6
HARDGURU: calls $3
*** FLOP *** [Ac 8d 3d]
HARDGURU: checks
Agrotait: bets $3
HARDGURU: folds
Uncalled bet ($3) returned to Agrotait
Agrotait collected $11.76 from pot
Agrotait: doesn't show hand
*** SUMMARY ***
Total pot $12 | Rake $0.24
Board [Ac 8d 3d]
Seat 3: HARDGURU (big blind) folded on the Flop
Seat 4: Agrotait (button) (small blind) collected ($11.76)


PokerStars Hand #150128648520:  Hold'em Limit ($3/$6 USD) - 2016/03/10 8:43:36 ET
Table 'Tomita' 6-max Seat #3 is the button
Seat 3: HARDGURU ($157.14 in chips)
Seat 4: Agrotait ($85.40 in chips)
HARDGURU: posts small blind $1
Agrotait: posts big blind $3
*** HOLE CARDS ***
HARDGURU: calls $2
Agrotait: checks
*** FLOP *** [Ks Jh 6c]
Agrotait: bets $3
HARDGURU: calls $3
*** TURN *** [Ks Jh 6c] [5h]
Agrotait: checks
HARDGURU: bets $6
Agrotait: folds
Uncalled bet ($6) returned to HARDGURU
HARDGURU collected $11.76 from pot
HARDGURU: doesn't show hand
*** SUMMARY ***
Total pot $12 | Rake $0.24
Board [Ks Jh 6c 5h]
Seat 3: HARDGURU (button) (small blind) collected ($11.76)
Seat 4: Agrotait (big blind) folded on the Turn


PokerStars Hand #150128665342:  Hold'em Limit ($3/$6 USD) - 2016/03/10 8:44:04 ET
Table 'Tomita' 6-max Seat #4 is the button
Seat 3: HARDGURU ($162.90 in chips)
Seat 4: Agrotait ($79.40 in chips)
Agrotait: posts small blind $1
HARDGURU: posts big blind $3
*** HOLE CARDS ***
zizonmusang joins the table at seat #6
Agrotait: raises $3 to $6
HARDGURU: calls $3
*** FLOP *** [7c 9s 6d]
HARDGURU: checks
Agrotait: bets $3
HARDGURU: calls $3
*** TURN *** [7c 9s 6d] [3c]
HARDGURU: checks
Agrotait: checks
*** RIVER *** [7c 9s 6d 3c] [Jh]
HARDGURU: bets $6
Agrotait: calls $6
*** SHOW DOWN ***
HARDGURU: shows [8d As] (high card Ace)
Agrotait: shows [2s 2h] (a pair of Deuces)
Agrotait collected $29.50 from pot
*** SUMMARY ***
Total pot $30 | Rake $0.50
Board [7c 9s 6d 3c Jh]
Seat 3: HARDGURU (big blind) showed [8d As] and lost with high card Ace
Seat 4: Agrotait (button) (small blind) showed [2s 2h] and won ($29.50) with a pair of Deuces


PokerStars Hand #150128685477:  Hold'em Limit ($3/$6 USD) - 2016/03/10 8:44:36 ET
Table 'Tomita' 6-max Seat #3 is the button
Seat 3: HARDGURU ($147.90 in chips)
Seat 4: Agrotait ($93.90 in chips)
HARDGURU: posts small blind $1
Agrotait: posts big blind $3
*** HOLE CARDS ***
HARDGURU: calls $2
Agrotait: checks
*** FLOP *** [Qs Ts 7d]
Agrotait: checks
HARDGURU: bets $3
Agrotait: folds
Uncalled bet ($3) returned to HARDGURU
HARDGURU collected $5.88 from pot
HARDGURU: doesn't show hand
*** SUMMARY ***
Total pot $6 | Rake $0.12
Board [Qs Ts 7d]
Seat 3: HARDGURU (button) (small blind) collected ($5.88)
Seat 4: Agrotait (big blind) folded on the Flop


PokerStars Hand #150128781664:  Hold'em Limit ($3/$6 USD) - 2016/03/10 8:47:14 ET
Table 'Tomita' 6-max Seat #3 is the button
Seat 3: HARDGURU ($101.28 in chips)
Seat 4: Agrotait ($91.25 in chips)
HARDGURU: posts small blind $1
Agrotait: posts big blind $3
*** HOLE CARDS ***
zizonmusang leaves the table
HARDGURU: folds
Uncalled bet ($2) returned to Agrotait
Agrotait collected $2 from pot
Agrotait: doesn't show hand
*** SUMMARY ***
Total pot $2 | Rake $0
Seat 3: HARDGURU (button) (small blind) folded before Flop
Seat 4: Agrotait (big blind) collected ($2)


PokerStars Hand #150128768528:  Hold'em Limit ($3/$6 USD) - 2016/03/10 8:46:52 ET
Table 'Tomita' 6-max Seat #4 is the button
Seat 3: HARDGURU ($86.78 in chips)
Seat 4: Agrotait ($106.25 in chips)
Agrotait: posts small blind $1
zizonmusang: is sitting out
HARDGURU: posts big blind $3
*** HOLE CARDS ***
Agrotait: raises $3 to $6
HARDGURU: calls $3
*** FLOP *** [Tc 4s 9c]
HARDGURU: checks
Agrotait: bets $3
HARDGURU: calls $3
*** TURN *** [Tc 4s 9c] [As]
HARDGURU: checks
Agrotait: bets $6
HARDGURU: calls $6
*** RIVER *** [Tc 4s 9c As] [6d]
HARDGURU: checks
Agrotait: checks
*** SHOW DOWN ***
HARDGURU: shows [Kh Qc] (high card Ace)
Agrotait: mucks hand
HARDGURU collected $29.50 from pot
*** SUMMARY ***
Total pot $30 | Rake $0.50
Board [Tc 4s 9c As 6d]
Seat 3: HARDGURU (big blind) showed [Kh Qc] and won ($29.50) with high card Ace
Seat 4: Agrotait (button) (small blind) mucked


PokerStars Hand #150128785027:  Hold'em Limit ($3/$6 USD) - 2016/03/10 8:47:19 ET
Table 'Tomita' 6-max Seat #4 is the button
Seat 3: HARDGURU ($100.28 in chips)
Seat 4: Agrotait ($92.25 in chips)
Agrotait: posts small blind $1
HARDGURU: posts big blind $3
*** HOLE CARDS ***
Agrotait: raises $3 to $6
HARDGURU: calls $3
*** FLOP *** [3c Th 4s]
HARDGURU: checks
Agrotait: bets $3
HARDGURU: calls $3
*** TURN *** [3c Th 4s] [Qh]
HARDGURU: checks
Agrotait: checks
*** RIVER *** [3c Th 4s Qh] [7s]
HARDGURU: bets $6
Agrotait: folds
Uncalled bet ($6) returned to HARDGURU
HARDGURU collected $17.64 from pot
HARDGURU: doesn't show hand
*** SUMMARY ***
Total pot $18 | Rake $0.36
Board [3c Th 4s Qh 7s]
Seat 3: HARDGURU (big blind) collected ($17.64)
Seat 4: Agrotait (button) (small blind) folded on the River


PokerStars Hand #150128795262:  Hold'em Limit ($3/$6 USD) - 2016/03/10 8:47:35 ET
Table 'Tomita' 6-max Seat #3 is the button
Seat 3: HARDGURU ($108.92 in chips)
Seat 4: Agrotait ($83.25 in chips)
HARDGURU: posts small blind $1
Agrotait: posts big blind $3
*** HOLE CARDS ***
HARDGURU: calls $2
Agrotait: checks
*** FLOP *** [6s 2d 5h]
Agrotait: bets $3
HARDGURU: calls $3
*** TURN *** [6s 2d 5h] [4d]
Agrotait: bets $6
HARDGURU: folds
Uncalled bet ($6) returned to Agrotait
Agrotait collected $11.76 from pot
Agrotait: doesn't show hand
*** SUMMARY ***
Total pot $12 | Rake $0.24
Board [6s 2d 5h 4d]
Seat 3: HARDGURU (button) (small blind) folded on the Turn
Seat 4: Agrotait (big blind) collected ($11.76)


PokerStars Hand #150128805344:  Hold'em Limit ($3/$6 USD) - 2016/03/10 8:47:52 ET
Table 'Tomita' 6-max Seat #4 is the button
Seat 3: HARDGURU ($102.92 in chips)
Seat 4: Agrotait ($89.01 in chips)
Agrotait: posts small blind $1
HARDGURU: posts big blind $3
*** HOLE CARDS ***
Agrotait: raises $3 to $6
HARDGURU: calls $3
*** FLOP *** [4c Qc 3s]
HARDGURU: checks
Agrotait: bets $3
HARDGURU: calls $3
*** TURN *** [4c Qc 3s] [5d]
HARDGURU: checks
Agrotait: checks
*** RIVER *** [4c Qc 3s 5d] [4s]
HARDGURU: bets $6
Agrotait: raises $6 to $12
HARDGURU: calls $6
*** SHOW DOWN ***
Agrotait: shows [7s 9c] (a pair of Fours)
HARDGURU: shows [Qs 2h] (two pair, Queens and Fours)
HARDGURU collected $41.50 from pot
*** SUMMARY ***
Total pot $42 | Rake $0.50
Board [4c Qc 3s 5d 4s]
Seat 3: HARDGURU (big blind) showed [Qs 2h] and won ($41.50) with two pair, Queens and Fours
Seat 4: Agrotait (button) (small blind) showed [7s 9c] and lost with a pair of Fours


PokerStars Hand #150128815538:  Hold'em Limit ($3/$6 USD) - 2016/03/10 8:48:08 ET
Table 'Tomita' 6-max Seat #3 is the button
Seat 3: HARDGURU ($123.42 in chips)
Seat 4: Agrotait ($68.01 in chips)
HARDGURU: posts small blind $1
Agrotait: posts big blind $3
*** HOLE CARDS ***
HARDGURU: calls $2
Agrotait: raises $3 to $6
HARDGURU: calls $3
*** FLOP *** [Qd 7c Kc]
Agrotait: bets $3
HARDGURU: folds
Uncalled bet ($3) returned to Agrotait
Agrotait collected $11.76 from pot
Agrotait: doesn't show hand
*** SUMMARY ***
Total pot $12 | Rake $0.24
Board [Qd 7c Kc]
Seat 3: HARDGURU (button) (small blind) folded on the Flop
Seat 4: Agrotait (big blind) collected ($11.76)


PokerStars Hand #150128821607:  Hold'em Limit ($3/$6 USD) - 2016/03/10 8:48:18 ET
Table 'Tomita' 6-max Seat #4 is the button
Seat 3: HARDGURU ($117.42 in chips)
Seat 4: Agrotait ($73.77 in chips)
Agrotait: posts small blind $1
HARDGURU: posts big blind $3
*** HOLE CARDS ***
Agrotait: raises $3 to $6
HARDGURU: calls $3
*** FLOP *** [Ts 9c Tc]
HARDGURU: checks
Agrotait: bets $3
HARDGURU: raises $3 to $6
Agrotait: calls $3
*** TURN *** [Ts 9c Tc] [2d]
HARDGURU: checks
Agrotait: bets $6
HARDGURU: raises $6 to $12
Agrotait: calls $6
*** RIVER *** [Ts 9c Tc 2d] [5s]
HARDGURU: bets $6
Agrotait: calls $6
*** SHOW DOWN ***
HARDGURU: shows [Ad Qd] (a pair of Tens)
Agrotait: shows [Td 7s] (three of a kind, Tens)
Agrotait collected $59.50 from pot
*** SUMMARY ***
Total pot $60 | Rake $0.50
Board [Ts 9c Tc 2d 5s]
Seat 3: HARDGURU (big blind) showed [Ad Qd] and lost with a pair of Tens
Seat 4: Agrotait (button) (small blind) showed [Td 7s] and won ($59.50) with three of a kind, Tens


PokerStars Hand #150128849856:  Hold'em Limit ($3/$6 USD) - 2016/03/10 8:49:04 ET
Table 'Tomita' 6-max Seat #4 is the button
Seat 3: HARDGURU ($90.30 in chips)
Seat 4: Agrotait ($100.27 in chips)
Agrotait: posts small blind $1
HARDGURU: posts big blind $3
*** HOLE CARDS ***
Agrotait: folds
Uncalled bet ($2) returned to HARDGURU
HARDGURU collected $2 from pot
HARDGURU: doesn't show hand
*** SUMMARY ***
Total pot $2 | Rake $0
Seat 3: HARDGURU (big blind) collected ($2)
Seat 4: Agrotait (button) (small blind) folded before Flop


PokerStars Hand #150128834220:  Hold'em Limit ($3/$6 USD) - 2016/03/10 8:48:38 ET
Table 'Tomita' 6-max Seat #3 is the button
Seat 3: HARDGURU ($87.42 in chips)
Seat 4: Agrotait ($103.27 in chips)
HARDGURU: posts small blind $1
Agrotait: posts big blind $3
*** HOLE CARDS ***
HARDGURU: calls $2
Agrotait: checks
*** FLOP *** [5c 9c 8h]
Agrotait: checks
HARDGURU: checks
*** TURN *** [5c 9c 8h] [4s]
Agrotait: checks
HARDGURU: checks
*** RIVER *** [5c 9c 8h 4s] [5h]
Agrotait: checks
HARDGURU: bets $6
Agrotait: folds
Uncalled bet ($6) returned to HARDGURU
HARDGURU collected $5.88 from pot
HARDGURU: doesn't show hand
*** SUMMARY ***
Total pot $6 | Rake $0.12
Board [5c 9c 8h 4s 5h]
Seat 3: HARDGURU (button) (small blind) collected ($5.88)
Seat 4: Agrotait (big blind) folded on the River


PokerStars Hand #150128853634:  Hold'em Limit ($3/$6 USD) - 2016/03/10 8:49:10 ET
Table 'Tomita' 6-max Seat #3 is the button
Seat 3: HARDGURU ($91.30 in chips)
Seat 4: Agrotait ($99.27 in chips)
HARDGURU: posts small blind $1
Agrotait: posts big blind $3
*** HOLE CARDS ***
HARDGURU: calls $2
Agrotait: checks
*** FLOP *** [8s 5s 8c]
Agrotait: bets $3
HARDGURU: calls $3
*** TURN *** [8s 5s 8c] [4h]
Agrotait: checks
HARDGURU: checks
*** RIVER *** [8s 5s 8c 4h] [5d]
Agrotait: bets $6
HARDGURU: calls $6
*** SHOW DOWN ***
Agrotait: shows [4d 5h] (a full house, Fives full of Eights)
HARDGURU: mucks hand
Agrotait collected $23.52 from pot
*** SUMMARY ***
Total pot $24 | Rake $0.48
Board [8s 5s 8c 4h 5d]
Seat 3: HARDGURU (button) (small blind) mucked
Seat 4: Agrotait (big blind) showed [4d 5h] and won ($23.52) with a full house, Fives full of Eights


PokerStars Hand #150128869779:  Hold'em Limit ($3/$6 USD) - 2016/03/10 8:49:36 ET
Table 'Tomita' 6-max Seat #4 is the button
Seat 3: HARDGURU ($79.30 in chips)
Seat 4: Agrotait ($110.79 in chips)
Agrotait: posts small blind $1
HARDGURU: posts big blind $3
*** HOLE CARDS ***
Agrotait: folds
Uncalled bet ($2) returned to HARDGURU
HARDGURU collected $2 from pot
HARDGURU: doesn't show hand
*** SUMMARY ***
Total pot $2 | Rake $0
Seat 3: HARDGURU (big blind) collected ($2)
Seat 4: Agrotait (button) (small blind) folded before Flop


PokerStars Hand #150128874925:  Hold'em Limit ($3/$6 USD) - 2016/03/10 8:49:44 ET
Table 'Tomita' 6-max Seat #3 is the button
Seat 3: HARDGURU ($80.30 in chips)
Seat 4: Agrotait ($109.79 in chips)
HARDGURU: posts small blind $1
Agrotait: posts big blind $3
*** HOLE CARDS ***
HARDGURU: calls $2
Agrotait: checks
*** FLOP *** [5s 6d 2s]
Agrotait: bets $3
HARDGURU: calls $3
*** TURN *** [5s 6d 2s] [7c]
Agrotait: checks
HARDGURU: checks
*** RIVER *** [5s 6d 2s 7c] [6s]
Agrotait: checks
HARDGURU: checks
*** SHOW DOWN ***
Agrotait: shows [2d 3c] (two pair, Sixes and Deuces)
HARDGURU: mucks hand
Agrotait collected $11.76 from pot
*** SUMMARY ***
Total pot $12 | Rake $0.24
Board [5s 6d 2s 7c 6s]
Seat 3: HARDGURU (button) (small blind) mucked
Seat 4: Agrotait (big blind) showed [2d 3c] and won ($11.76) with two pair, Sixes and Deuces


PokerStars Hand #150128884990:  Hold'em Limit ($3/$6 USD) - 2016/03/10 8:50:00 ET
Table 'Tomita' 6-max Seat #4 is the button
Seat 3: HARDGURU ($74.30 in chips)
Seat 4: Agrotait ($115.55 in chips)
Agrotait: posts small blind $1
HARDGURU: posts big blind $3
*** HOLE CARDS ***
Agrotait: raises $3 to $6
HARDGURU: calls $3
*** FLOP *** [4s 8d Th]
HARDGURU: checks
Agrotait: bets $3
HARDGURU: calls $3
*** TURN *** [4s 8d Th] [As]
HARDGURU: checks
Agrotait: bets $6
HARDGURU: calls $6
*** RIVER *** [4s 8d Th As] [Ts]
HARDGURU: checks
Agrotait: bets $6
HARDGURU: calls $6
*** SHOW DOWN ***
Agrotait: shows [Qc Ad] (two pair, Aces and Tens)
HARDGURU: mucks hand
Agrotait collected $41.50 from pot
*** SUMMARY ***
Total pot $42 | Rake $0.50
Board [4s 8d Th As Ts]
Seat 3: HARDGURU (big blind) mucked
Seat 4: Agrotait (button) (small blind) showed [Qc Ad] and won ($41.50) with two pair, Aces and Tens


PokerStars Hand #150128896003:  Hold'em Limit ($3/$6 USD) - 2016/03/10 8:50:18 ET
Table 'Tomita' 6-max Seat #3 is the button
Seat 3: HARDGURU ($53.30 in chips)
Seat 4: Agrotait ($136.05 in chips)
HARDGURU: posts small blind $1
Agrotait: posts big blind $3
*** HOLE CARDS ***
HARDGURU: calls $2
Agrotait: checks
*** FLOP *** [4c Th As]
Agrotait: bets $3
HARDGURU: calls $3
*** TURN *** [4c Th As] [6c]
Agrotait: checks
HARDGURU: checks
*** RIVER *** [4c Th As 6c] [7h]
Agrotait: checks
HARDGURU: checks
*** SHOW DOWN ***
Agrotait: shows [5c Qh] (high card Ace)
HARDGURU: shows [5s 5h] (a pair of Fives)
HARDGURU collected $11.76 from pot
*** SUMMARY ***
Total pot $12 | Rake $0.24
Board [4c Th As 6c 7h]
Seat 3: HARDGURU (button) (small blind) showed [5s 5h] and won ($11.76) with a pair of Fives
Seat 4: Agrotait (big blind) showed [5c Qh] and lost with high card Ace


PokerStars Hand #150128914255:  Hold'em Limit ($3/$6 USD) - 2016/03/10 8:50:48 ET
Table 'Tomita' 6-max Seat #4 is the button
Seat 3: HARDGURU ($59.06 in chips)
Seat 4: Agrotait ($130.05 in chips)
Agrotait: posts small blind $1
HARDGURU: posts big blind $3
*** HOLE CARDS ***
Agrotait: raises $3 to $6
HARDGURU: calls $3
*** FLOP *** [Jd Kh 6h]
HARDGURU: checks
Agrotait: bets $3
HARDGURU: folds
Uncalled bet ($3) returned to Agrotait
Agrotait collected $11.76 from pot
Agrotait: doesn't show hand
*** SUMMARY ***
Total pot $12 | Rake $0.24
Board [Jd Kh 6h]
Seat 3: HARDGURU (big blind) folded on the Flop
Seat 4: Agrotait (button) (small blind) collected ($11.76)


PokerStars Hand #150128923430:  Hold'em Limit ($3/$6 USD) - 2016/03/10 8:51:03 ET
Table 'Tomita' 6-max Seat #3 is the button
Seat 3: HARDGURU ($53.06 in chips)
Seat 4: Agrotait ($135.81 in chips)
HARDGURU: posts small blind $1
Agrotait: posts big blind $3
*** HOLE CARDS ***
HARDGURU: calls $2
Agrotait: checks
*** FLOP *** [Ah Td Js]
Agrotait: bets $3
HARDGURU: calls $3
*** TURN *** [Ah Td Js] [Qd]
Agrotait: checks
HARDGURU: bets $6
Agrotait: raises $6 to $12
HARDGURU: folds
Uncalled bet ($6) returned to Agrotait
Agrotait collected $23.52 from pot
Agrotait: doesn't show hand
HARDGURU leaves the table
*** SUMMARY ***
Total pot $24 | Rake $0.48
Board [Ah Td Js Qd]
Seat 3: HARDGURU (button) (small blind) folded on the Turn
Seat 4: Agrotait (big blind) collected ($23.52)


