PokerStars Hand #145715526102:  Hold'em Limit ($3/$6 USD) - 2015/12/21 19:14:59 ET
Table 'Tomita' 10-max Seat #4 is the button
Seat 4: punkbabe1980 ($68.75 in chips)
Seat 7: Pandakey ($120 in chips)
punkbabe1980: posts small blind $1
Pandakey: posts big blind $3
*** HOLE CARDS ***
punkbabe1980: calls $2
Pandakey: checks
*** FLOP *** [5d Tc Ks]
Pandakey: bets $3
punkbabe1980: calls $3
*** TURN *** [5d Tc Ks] [Ah]
Pandakey: checks
punkbabe1980: bets $6
Pandakey: folds
Uncalled bet ($6) returned to punkbabe1980
punkbabe1980 collected $11.76 from pot
*** SUMMARY ***
Total pot $12 | Rake $0.24
Board [5d Tc Ks Ah]
Seat 4: punkbabe1980 (button) (small blind) collected ($11.76)
Seat 7: Pandakey (big blind) folded on the Turn


PokerStars Hand #145715539131:  Hold'em Limit ($3/$6 USD) - 2015/12/21 19:15:17 ET
Table 'Tomita' 10-max Seat #7 is the button
Seat 4: punkbabe1980 ($74.51 in chips)
Seat 7: Pandakey ($114 in chips)
Pandakey: posts small blind $1
punkbabe1980: posts big blind $3
*** HOLE CARDS ***
Pandakey: raises $3 to $6
punkbabe1980: folds
Uncalled bet ($3) returned to Pandakey
Pandakey collected $6 from pot
Pandakey: doesn't show hand
*** SUMMARY ***
Total pot $6 | Rake $0
Seat 4: punkbabe1980 (big blind) folded before Flop
Seat 7: Pandakey (button) (small blind) collected ($6)


PokerStars Hand #145719067086:  Hold'em Limit ($3/$6 USD) - 2015/12/21 20:57:40 ET
Table 'Tomita' 10-max Seat #7 is the button
Seat 5: Dok2920 ($120 in chips)
Seat 7: Pandakey ($116.92 in chips)
Pandakey: posts small blind $1
Dok2920: posts big blind $3
*** HOLE CARDS ***
Pandakey has timed out
Pandakey: folds
Uncalled bet ($2) returned to Dok2920
Dok2920 collected $2 from pot
*** SUMMARY ***
Total pot $2 | Rake $0
Seat 5: Dok2920 (big blind) collected ($2)
Seat 7: Pandakey (button) (small blind) folded before Flop


PokerStars Hand #145725534749:  Hold'em Limit ($3/$6 USD) - 2015/12/22 2:17:48 ET
Table 'Tomita' 10-max Seat #5 is the button
Seat 5: ct-650 ($158.76 in chips)
Seat 6: bell2013 ($130.62 in chips)
ct-650: posts small blind $1
bell2013: posts big blind $3
*** HOLE CARDS ***
ct-650: raises $3 to $6
bell2013: calls $3
*** FLOP *** [Tc 4d 9c]
bell2013: checks
ct-650: bets $3
bell2013: calls $3
*** TURN *** [Tc 4d 9c] [5s]
bell2013: checks
ct-650: bets $6
bell2013: folds
Uncalled bet ($6) returned to ct-650
ct-650 collected $17.64 from pot
*** SUMMARY ***
Total pot $18 | Rake $0.36
Board [Tc 4d 9c 5s]
Seat 5: ct-650 (button) (small blind) collected ($17.64)
Seat 6: bell2013 (big blind) folded on the Turn


PokerStars Hand #145725533326:  Hold'em Limit ($3/$6 USD) - 2015/12/22 2:17:43 ET
Table 'Tomita' 10-max Seat #6 is the button
Seat 5: ct-650 ($157.76 in chips)
Seat 6: bell2013 ($131.62 in chips)
bell2013: posts small blind $1
ct-650: posts big blind $3
*** HOLE CARDS ***
bell2013: folds
Uncalled bet ($2) returned to ct-650
ct-650 collected $2 from pot
*** SUMMARY ***
Total pot $2 | Rake $0
Seat 5: ct-650 (big blind) collected ($2)
Seat 6: bell2013 (button) (small blind) folded before Flop


PokerStars Hand #145725532114:  Hold'em Limit ($3/$6 USD) - 2015/12/22 2:17:39 ET
Table 'Tomita' 10-max Seat #5 is the button
Seat 5: ct-650 ($158.76 in chips)
Seat 6: bell2013 ($130.62 in chips)
ct-650: posts small blind $1
bell2013: posts big blind $3
*** HOLE CARDS ***
ct-650: folds
Uncalled bet ($2) returned to bell2013
bell2013 collected $2 from pot
bell2013: doesn't show hand
*** SUMMARY ***
Total pot $2 | Rake $0
Seat 5: ct-650 (button) (small blind) folded before Flop
Seat 6: bell2013 (big blind) collected ($2)


PokerStars Hand #145725528471:  Hold'em Limit ($3/$6 USD) - 2015/12/22 2:17:27 ET
Table 'Tomita' 10-max Seat #6 is the button
Seat 5: ct-650 ($167.76 in chips)
Seat 6: bell2013 ($121.98 in chips)
bell2013: posts small blind $1
ct-650: posts big blind $3
*** HOLE CARDS ***
bell2013: raises $3 to $6
ct-650: calls $3
*** FLOP *** [9s 3s 5h]
ct-650: checks
bell2013: bets $3
ct-650: calls $3
*** TURN *** [9s 3s 5h] [As]
ct-650: checks
bell2013: bets $6
ct-650: folds
Uncalled bet ($6) returned to bell2013
bell2013 collected $17.64 from pot
bell2013: doesn't show hand
*** SUMMARY ***
Total pot $18 | Rake $0.36
Board [9s 3s 5h As]
Seat 5: ct-650 (big blind) folded on the Turn
Seat 6: bell2013 (button) (small blind) collected ($17.64)


PokerStars Hand #145725522887:  Hold'em Limit ($3/$6 USD) - 2015/12/22 2:17:08 ET
Table 'Tomita' 10-max Seat #5 is the button
Seat 5: ct-650 ($147.26 in chips)
Seat 6: bell2013 ($142.98 in chips)
ct-650: posts small blind $1
bell2013: posts big blind $3
*** HOLE CARDS ***
ct-650: raises $3 to $6
bell2013: calls $3
*** FLOP *** [3s 4c 2d]
bell2013: checks
ct-650: bets $3
bell2013: calls $3
*** TURN *** [3s 4c 2d] [2c]
bell2013: checks
ct-650: bets $6
bell2013: calls $6
*** RIVER *** [3s 4c 2d 2c] [Jc]
bell2013: checks
ct-650: bets $6
bell2013: calls $6
*** SHOW DOWN ***
ct-650: shows [4h Qs] (two pair, Fours and Deuces)
bell2013: mucks hand
ct-650 collected $41.50 from pot
*** SUMMARY ***
Total pot $42 | Rake $0.50
Board [3s 4c 2d 2c Jc]
Seat 5: ct-650 (button) (small blind) showed [4h Qs] and won ($41.50) with two pair, Fours and Deuces
Seat 6: bell2013 (big blind) mucked


PokerStars Hand #145725541428:  Hold'em Limit ($3/$6 USD) - 2015/12/22 2:18:11 ET
Table 'Tomita' 10-max Seat #6 is the button
Seat 5: ct-650 ($163.40 in chips)
Seat 6: bell2013 ($125.62 in chips)
bell2013: posts small blind $1
ct-650: posts big blind $3
*** HOLE CARDS ***
bell2013: calls $2
ct-650: checks
*** FLOP *** [Ac 2s Td]
ct-650: bets $3
bell2013: calls $3
*** TURN *** [Ac 2s Td] [5s]
ct-650: checks
bell2013: bets $6
ct-650: folds
Uncalled bet ($6) returned to bell2013
bell2013 collected $11.76 from pot
bell2013: doesn't show hand
*** SUMMARY ***
Total pot $12 | Rake $0.24
Board [Ac 2s Td 5s]
Seat 5: ct-650 (big blind) folded on the Turn
Seat 6: bell2013 (button) (small blind) collected ($11.76)


PokerStars Hand #145725540102:  Hold'em Limit ($3/$6 USD) - 2015/12/22 2:18:06 ET
Table 'Tomita' 10-max Seat #5 is the button
Seat 5: ct-650 ($164.40 in chips)
Seat 6: bell2013 ($124.62 in chips)
ct-650: posts small blind $1
bell2013: posts big blind $3
*** HOLE CARDS ***
ct-650: folds
Uncalled bet ($2) returned to bell2013
bell2013 collected $2 from pot
bell2013: doesn't show hand
*** SUMMARY ***
Total pot $2 | Rake $0
Seat 5: ct-650 (button) (small blind) folded before Flop
Seat 6: bell2013 (big blind) collected ($2)


PokerStars Hand #145725538566:  Hold'em Limit ($3/$6 USD) - 2015/12/22 2:18:01 ET
Table 'Tomita' 10-max Seat #6 is the button
Seat 5: ct-650 ($167.40 in chips)
Seat 6: bell2013 ($121.62 in chips)
bell2013: posts small blind $1
ct-650: posts big blind $3
*** HOLE CARDS ***
bell2013: raises $3 to $6
ct-650: folds
Uncalled bet ($3) returned to bell2013
bell2013 collected $6 from pot
bell2013: doesn't show hand
*** SUMMARY ***
Total pot $6 | Rake $0
Seat 5: ct-650 (big blind) folded before Flop
Seat 6: bell2013 (button) (small blind) collected ($6)


PokerStars Hand #145725548977:  Hold'em Limit ($3/$6 USD) - 2015/12/22 2:18:36 ET
Table 'Tomita' 10-max Seat #5 is the button
Seat 5: ct-650 ($150.40 in chips)
Seat 6: bell2013 ($138.14 in chips)
ct-650: posts small blind $1
bell2013: posts big blind $3
*** HOLE CARDS ***
ct-650: raises $3 to $6
bell2013: calls $3
*** FLOP *** [Qc Tc 7c]
bell2013: checks
ct-650: bets $3
bell2013: calls $3
*** TURN *** [Qc Tc 7c] [Ks]
bell2013: checks
ct-650: checks
*** RIVER *** [Qc Tc 7c Ks] [7d]
bell2013: bets $6
scorpio04 joins the table at seat #7
ct-650: folds
Uncalled bet ($6) returned to bell2013
bell2013 collected $17.64 from pot
bell2013: doesn't show hand
*** SUMMARY ***
Total pot $18 | Rake $0.36
Board [Qc Tc 7c Ks 7d]
Seat 5: ct-650 (button) (small blind) folded on the River
Seat 6: bell2013 (big blind) collected ($17.64)


PokerStars Hand #145725546391:  Hold'em Limit ($3/$6 USD) - 2015/12/22 2:18:27 ET
Table 'Tomita' 10-max Seat #6 is the button
Seat 5: ct-650 ($156.40 in chips)
Seat 6: bell2013 ($132.38 in chips)
bell2013: posts small blind $1
ct-650: posts big blind $3
*** HOLE CARDS ***
bell2013: raises $3 to $6
ct-650: calls $3
*** FLOP *** [Qh Ac Jd]
ct-650: checks
bell2013: bets $3
ct-650: folds
Uncalled bet ($3) returned to bell2013
bell2013 collected $11.76 from pot
bell2013: doesn't show hand
*** SUMMARY ***
Total pot $12 | Rake $0.24
Board [Qh Ac Jd]
Seat 5: ct-650 (big blind) folded on the Flop
Seat 6: bell2013 (button) (small blind) collected ($11.76)


PokerStars Hand #145725545190:  Hold'em Limit ($3/$6 USD) - 2015/12/22 2:18:24 ET
Table 'Tomita' 10-max Seat #5 is the button
Seat 5: ct-650 ($157.40 in chips)
Seat 6: bell2013 ($131.38 in chips)
ct-650: posts small blind $1
bell2013: posts big blind $3
*** HOLE CARDS ***
ct-650: folds
Uncalled bet ($2) returned to bell2013
bell2013 collected $2 from pot
bell2013: doesn't show hand
*** SUMMARY ***
Total pot $2 | Rake $0
Seat 5: ct-650 (button) (small blind) folded before Flop
Seat 6: bell2013 (big blind) collected ($2)


PokerStars Hand #145725879042:  Hold'em Limit ($3/$6 USD) - 2015/12/22 2:36:54 ET
Table 'Tomita' 10-max Seat #6 is the button
Seat 6: bell2013 ($213.40 in chips)
Seat 7: scorpio04 ($96.38 in chips)
bell2013: posts small blind $1
scorpio04: posts big blind $3
*** HOLE CARDS ***
bell2013: raises $3 to $6
scorpio04: raises $3 to $9
bell2013: raises $3 to $12
Betting is capped
scorpio04: calls $3
*** FLOP *** [4s 7s 3h]
ssnarf joins the table at seat #10
scorpio04: checks
bell2013: bets $3
scorpio04: raises $3 to $6
bell2013: calls $3
*** TURN *** [4s 7s 3h] [3c]
scorpio04: bets $6
bell2013: raises $6 to $12
scorpio04: raises $6 to $18
bell2013: folds
Uncalled bet ($6) returned to scorpio04
scorpio04 collected $59.50 from pot
scorpio04: doesn't show hand
*** SUMMARY ***
Total pot $60 | Rake $0.50
Board [4s 7s 3h 3c]
Seat 6: bell2013 (button) (small blind) folded on the Turn
Seat 7: scorpio04 (big blind) collected ($59.50)


PokerStars Hand #145728328778:  Hold'em Limit ($3/$6 USD) - 2015/12/22 4:35:01 ET
Table 'Tomita' 10-max Seat #7 is the button
Seat 4: stronghawk ($206.64 in chips)
Seat 7: scorpio04 ($209.89 in chips)
scorpio04: posts small blind $1
stronghawk: posts big blind $3
*** HOLE CARDS ***
TerryBelle leaves the table
scorpio04: raises $3 to $6
stronghawk: calls $3
*** FLOP *** [5c Kc 6d]
stronghawk: checks
scorpio04: bets $3
stronghawk: folds
Uncalled bet ($3) returned to scorpio04
scorpio04 collected $11.76 from pot
scorpio04: doesn't show hand
*** SUMMARY ***
Total pot $12 | Rake $0.24
Board [5c Kc 6d]
Seat 4: stronghawk (big blind) folded on the Flop
Seat 7: scorpio04 (button) (small blind) collected ($11.76)


PokerStars Hand #145728338376:  Hold'em Limit ($3/$6 USD) - 2015/12/22 4:35:25 ET
Table 'Tomita' 10-max Seat #4 is the button
Seat 4: stronghawk ($200.64 in chips)
Seat 7: scorpio04 ($215.65 in chips)
stronghawk: posts small blind $1
scorpio04: posts big blind $3
*** HOLE CARDS ***
stronghawk: raises $3 to $6
scorpio04: calls $3
*** FLOP *** [6h 5d 3c]
scorpio04: checks
Punkyfee leaves the table
stronghawk: bets $3
scorpio04: calls $3
*** TURN *** [6h 5d 3c] [Ts]
scorpio04: checks
stronghawk: bets $6
scorpio04: folds
Uncalled bet ($6) returned to stronghawk
stronghawk collected $17.64 from pot
stronghawk: doesn't show hand
*** SUMMARY ***
Total pot $18 | Rake $0.36
Board [6h 5d 3c Ts]
Seat 4: stronghawk (button) (small blind) collected ($17.64)
Seat 7: scorpio04 (big blind) folded on the Turn


