PokerStars Hand #175798758181:  Hold'em Limit ($3/$6 USD) - 2017/09/18 6:41:04 ET
Table 'Tomyris' 6-max Seat #3 is the button
Seat 3: Sassy1983393 ($120 in chips)
Seat 4: Agrotait ($66 in chips)
Sassy1983393: posts small blind $1
Agrotait: posts big blind $3
*** HOLE CARDS ***
Sassy1983393: calls $2
Agrotait: checks
*** FLOP *** [Kd Ad Jd]
Agrotait: checks
Sassy1983393: bets $3
Agrotait: calls $3
*** TURN *** [Kd Ad Jd] [Jc]
Agrotait: checks
Sassy1983393: checks
*** RIVER *** [Kd Ad Jd Jc] [Ac]
Agrotait: checks
Sassy1983393: checks
*** SHOW DOWN ***
Agrotait: shows [9c 5d] (two pair, Aces and Jacks)
Sassy1983393: shows [Kh 5h] (two pair, Aces and Kings)
Sassy1983393 collected $11.76 from pot
*** SUMMARY ***
Total pot $12 | Rake $0.24
Board [Kd Ad Jd Jc Ac]
Seat 3: Sassy1983393 (button) (small blind) showed [Kh 5h] and won ($11.76) with two pair, Aces and Kings
Seat 4: Agrotait (big blind) showed [9c 5d] and lost with two pair, Aces and Jacks


PokerStars Hand #175798770429:  Hold'em Limit ($3/$6 USD) - 2017/09/18 6:41:37 ET
Table 'Tomyris' 6-max Seat #4 is the button
Seat 3: Sassy1983393 ($125.76 in chips)
Seat 4: Agrotait ($60 in chips)
Agrotait: posts small blind $1
Sassy1983393: posts big blind $3
*** HOLE CARDS ***
Agrotait: raises $3 to $6
Sassy1983393: calls $3
*** FLOP *** [9d 7c 9c]
Sassy1983393: bets $3
Agrotait: calls $3
*** TURN *** [9d 7c 9c] [5d]
Sassy1983393: bets $6
Agrotait: calls $6
*** RIVER *** [9d 7c 9c 5d] [4c]
Sassy1983393: bets $6
Agrotait: calls $6
*** SHOW DOWN ***
Sassy1983393: shows [Jc 7d] (two pair, Nines and Sevens)
Agrotait: mucks hand
Sassy1983393 collected $41.50 from pot
*** SUMMARY ***
Total pot $42 | Rake $0.50
Board [9d 7c 9c 5d 4c]
Seat 3: Sassy1983393 (big blind) showed [Jc 7d] and won ($41.50) with two pair, Nines and Sevens
Seat 4: Agrotait (button) (small blind) mucked


PokerStars Hand #175798796910:  Hold'em Limit ($3/$6 USD) - 2017/09/18 6:42:46 ET
Table 'Tomyris' 6-max Seat #4 is the button
Seat 3: Sassy1983393 ($140.26 in chips)
Seat 4: Agrotait ($44.76 in chips)
Agrotait: posts small blind $1
Sassy1983393: posts big blind $3
*** HOLE CARDS ***
Agrotait: raises $3 to $6
Sassy1983393: raises $3 to $9
Agrotait: calls $3
*** FLOP *** [Kd Ad 7c]
Sassy1983393: bets $3
Agrotait: calls $3
*** TURN *** [Kd Ad 7c] [Tc]
Sassy1983393: bets $6
Agrotait: calls $6
*** RIVER *** [Kd Ad 7c Tc] [As]
Sassy1983393: checks
Agrotait: bets $6
Sassy1983393: folds
Uncalled bet ($6) returned to Agrotait
Agrotait collected $35.50 from pot
Agrotait: doesn't show hand
*** SUMMARY ***
Total pot $36 | Rake $0.50
Board [Kd Ad 7c Tc As]
Seat 3: Sassy1983393 (big blind) folded on the River
Seat 4: Agrotait (button) (small blind) collected ($35.50)


PokerStars Hand #175798786899:  Hold'em Limit ($3/$6 USD) - 2017/09/18 6:42:20 ET
Table 'Tomyris' 6-max Seat #3 is the button
Seat 3: Sassy1983393 ($146.26 in chips)
Seat 4: Agrotait ($39 in chips)
Sassy1983393: posts small blind $1
Agrotait: posts big blind $3
*** HOLE CARDS ***
Sassy1983393: calls $2
Agrotait: checks
*** FLOP *** [Jc 6h Qh]
Agrotait: bets $3
Sassy1983393: calls $3
*** TURN *** [Jc 6h Qh] [3c]
Agrotait: bets $6
Sassy1983393: folds
Uncalled bet ($6) returned to Agrotait
Agrotait collected $11.76 from pot
Agrotait: doesn't show hand
*** SUMMARY ***
Total pot $12 | Rake $0.24
Board [Jc 6h Qh 3c]
Seat 3: Sassy1983393 (button) (small blind) folded on the Turn
Seat 4: Agrotait (big blind) collected ($11.76)


PokerStars Hand #175798818640:  Hold'em Limit ($3/$6 USD) - 2017/09/18 6:43:44 ET
Table 'Tomyris' 6-max Seat #4 is the button
Seat 3: Sassy1983393 ($107.26 in chips)
Seat 4: Agrotait ($76.76 in chips)
Agrotait: posts small blind $1
Sassy1983393: posts big blind $3
*** HOLE CARDS ***
Agrotait: folds
Uncalled bet ($2) returned to Sassy1983393
Sassy1983393 collected $2 from pot
Sassy1983393: doesn't show hand
*** SUMMARY ***
Total pot $2 | Rake $0
Seat 3: Sassy1983393 (big blind) collected ($2)
Seat 4: Agrotait (button) (small blind) folded before Flop


PokerStars Hand #175798806318:  Hold'em Limit ($3/$6 USD) - 2017/09/18 6:43:11 ET
Table 'Tomyris' 6-max Seat #3 is the button
Seat 3: Sassy1983393 ($122.26 in chips)
Seat 4: Agrotait ($62.26 in chips)
Sassy1983393: posts small blind $1
Agrotait: posts big blind $3
*** HOLE CARDS ***
Sassy1983393: raises $3 to $6
Agrotait: calls $3
*** FLOP *** [7d 5h 2h]
Agrotait: checks
Sassy1983393: bets $3
Agrotait: calls $3
*** TURN *** [7d 5h 2h] [5s]
Agrotait: checks
Sassy1983393: checks
*** RIVER *** [7d 5h 2h 5s] [Tc]
Agrotait: bets $6
Sassy1983393: calls $6
*** SHOW DOWN ***
Agrotait: shows [2d Qd] (two pair, Fives and Deuces)
Sassy1983393: mucks hand
Agrotait collected $29.50 from pot
*** SUMMARY ***
Total pot $30 | Rake $0.50
Board [7d 5h 2h 5s Tc]
Seat 3: Sassy1983393 (button) (small blind) mucked
Seat 4: Agrotait (big blind) showed [2d Qd] and won ($29.50) with two pair, Fives and Deuces


PokerStars Hand #175798823719:  Hold'em Limit ($3/$6 USD) - 2017/09/18 6:43:58 ET
Table 'Tomyris' 6-max Seat #3 is the button
Seat 3: Sassy1983393 ($108.26 in chips)
Seat 4: Agrotait ($75.76 in chips)
Sassy1983393: posts small blind $1
Agrotait: posts big blind $3
*** HOLE CARDS ***
Sassy1983393: calls $2
Agrotait: checks
*** FLOP *** [9h Js Ad]
BugerDV joins the table at seat #5
nimzon joins the table at seat #6
Agrotait: bets $3
Sassy1983393: folds
Uncalled bet ($3) returned to Agrotait
Agrotait collected $5.88 from pot
Agrotait: doesn't show hand
*** SUMMARY ***
Total pot $6 | Rake $0.12
Board [9h Js Ad]
Seat 3: Sassy1983393 (button) (small blind) folded on the Flop
Seat 4: Agrotait (big blind) collected ($5.88)


