PokerStars Hand #153875629389:  Hold'em Limit ($3/$6 USD) - 2016/05/26 14:24:09 ET
Table 'Tomyris' 6-max Seat #2 is the button
Seat 2: TinaTurner72 ($120 in chips)
Seat 4: seurtje ($77.89 in chips)
TinaTurner72: posts small blind $1
seurtje: posts big blind $3
*** HOLE CARDS ***
TinaTurner72: raises $3 to $6
Kajind joins the table at seat #5
seurtje: calls $3
*** FLOP *** [Jh 4c Kh]
seurtje: checks
TinaTurner72: bets $3
seurtje: folds
Uncalled bet ($3) returned to TinaTurner72
TinaTurner72 collected $11.76 from pot
TinaTurner72: doesn't show hand
*** SUMMARY ***
Total pot $12 | Rake $0.24
Board [Jh 4c Kh]
Seat 2: TinaTurner72 (button) (small blind) collected ($11.76)
Seat 4: seurtje (big blind) folded on the Flop


PokerStars Hand #153876839874:  Hold'em Limit ($3/$6 USD) - 2016/05/26 14:48:34 ET
Table 'Tomyris' 6-max Seat #6 is the button
Seat 4: Hi Im Alexey ($78.64 in chips)
Seat 6: Chessnok ($243.22 in chips)
Chessnok: posts small blind $1
Hi Im Alexey: posts big blind $3
*** HOLE CARDS ***
Chessnok: raises $3 to $6
Hi Im Alexey: folds
Uncalled bet ($3) returned to Chessnok
Chessnok collected $6 from pot
Chessnok: doesn't show hand
*** SUMMARY ***
Total pot $6 | Rake $0
Seat 4: Hi Im Alexey (big blind) folded before Flop
Seat 6: Chessnok (button) (small blind) collected ($6)


PokerStars Hand #153877132680:  Hold'em Limit ($3/$6 USD) - 2016/05/26 14:54:20 ET
Table 'Tomyris' 6-max Seat #3 is the button
Seat 3: SAMSONVEGAS ($287.63 in chips)
Seat 4: Hi Im Alexey ($72 in chips)
ValeryRon will be allowed to play after the button
beekka will be allowed to play after the button
SAMSONVEGAS: posts small blind $1
Hi Im Alexey: posts big blind $3
*** HOLE CARDS ***
SAMSONVEGAS: calls $2
Hi Im Alexey: checks
*** FLOP *** [5c 9h Kc]
Hi Im Alexey: bets $3
SAMSONVEGAS: folds
Uncalled bet ($3) returned to Hi Im Alexey
Hi Im Alexey collected $5.88 from pot
*** SUMMARY ***
Total pot $6 | Rake $0.12
Board [5c 9h Kc]
Seat 3: SAMSONVEGAS (button) (small blind) folded on the Flop
Seat 4: Hi Im Alexey (big blind) collected ($5.88)


PokerStars Hand #153883519370:  Hold'em Limit ($3/$6 USD) - 2016/05/26 16:54:27 ET
Table 'Tomyris' 6-max Seat #3 is the button
Seat 3: Chessnok ($201.91 in chips)
Seat 6: Mustafatyrk ($83.34 in chips)
Chessnok: posts small blind $1
Mustafatyrk: posts big blind $3
*** HOLE CARDS ***
Chessnok: raises $3 to $6
Mustafatyrk: raises $3 to $9
Chessnok: calls $3
*** FLOP *** [9h Qh 2c]
Mustafatyrk: bets $3
Chessnok: folds
Uncalled bet ($3) returned to Mustafatyrk
Mustafatyrk collected $17.64 from pot
Mustafatyrk: doesn't show hand
*** SUMMARY ***
Total pot $18 | Rake $0.36
Board [9h Qh 2c]
Seat 3: Chessnok (button) (small blind) folded on the Flop
Seat 6: Mustafatyrk (big blind) collected ($17.64)


PokerStars Hand #153883495856:  Hold'em Limit ($3/$6 USD) - 2016/05/26 16:54:03 ET
Table 'Tomyris' 6-max Seat #6 is the button
Seat 3: Chessnok ($210.91 in chips)
Seat 6: Mustafatyrk ($74.70 in chips)
Mustafatyrk: posts small blind $1
vestimokrec: is sitting out
Chessnok: posts big blind $3
*** HOLE CARDS ***
Mustafatyrk: raises $3 to $6
ABATAPP joins the table at seat #1
Chessnok: calls $3
*** FLOP *** [4h 2c 7d]
vestimokrec leaves the table
Chessnok: bets $3
Mustafatyrk: calls $3
*** TURN *** [4h 2c 7d] [Qs]
Chessnok: checks
Mustafatyrk: bets $6
Chessnok: folds
Uncalled bet ($6) returned to Mustafatyrk
Mustafatyrk collected $17.64 from pot
Mustafatyrk: doesn't show hand
*** SUMMARY ***
Total pot $18 | Rake $0.36
Board [4h 2c 7d Qs]
Seat 3: Chessnok (big blind) folded on the Turn
Seat 6: Mustafatyrk (button) (small blind) collected ($17.64)


PokerStars Hand #153886861960:  Hold'em Limit ($3/$6 USD) - 2016/05/26 18:03:03 ET
Table 'Tomyris' 6-max Seat #3 is the button
Seat 2: LolDnkaments ($178.98 in chips)
Seat 3: Chessnok ($131.94 in chips)
Chessnok: posts small blind $1
Necromadx: is sitting out
LolDnkaments: posts big blind $3
*** HOLE CARDS ***
igmade leaves the table
Chessnok: raises $3 to $6
LolDnkaments: raises $3 to $9
Necromadx leaves the table
Chessnok: raises $3 to $12
Betting is capped
LolDnkaments: calls $3
*** FLOP *** [9s 2d Td]
LolDnkaments: checks
Chessnok: bets $3
LolDnkaments: calls $3
*** TURN *** [9s 2d Td] [Jh]
LolDnkaments: checks
Chessnok: checks
*** RIVER *** [9s 2d Td Jh] [Ts]
LolDnkaments: bets $6
Chessnok: calls $6
*** SHOW DOWN ***
LolDnkaments: shows [4s 4h] (two pair, Tens and Fours)
Chessnok: mucks hand
LolDnkaments collected $41.50 from pot
*** SUMMARY ***
Total pot $42 | Rake $0.50
Board [9s 2d Td Jh Ts]
Seat 2: LolDnkaments (big blind) showed [4s 4h] and won ($41.50) with two pair, Tens and Fours
Seat 3: Chessnok (button) (small blind) mucked


