PokerStars Hand #145534328364:  Hold'em Limit ($3/$6 USD) - 2015/12/18 11:26:43 ET
Table 'Tone II' 2-max Seat #2 is the button
Seat 1: hughes218 ($127.64 in chips)
Seat 2: Avereem ($79 in chips)
Avereem: posts small blind $1
hughes218: posts big blind $3
*** HOLE CARDS ***
Avereem: raises $3 to $6
hughes218: calls $3
*** FLOP *** [6s 6h 2h]
hughes218: checks
Avereem: bets $3
hughes218: raises $3 to $6
Avereem: calls $3
*** TURN *** [6s 6h 2h] [9c]
hughes218: checks
Avereem: bets $6
hughes218: raises $6 to $12
Avereem: calls $6
*** RIVER *** [6s 6h 2h 9c] [4c]
hughes218: bets $6
Avereem: folds
Uncalled bet ($6) returned to hughes218
hughes218 collected $47.50 from pot
*** SUMMARY ***
Total pot $48 | Rake $0.50
Board [6s 6h 2h 9c 4c]
Seat 1: hughes218 (big blind) collected ($47.50)
Seat 2: Avereem (button) (small blind) folded on the River


PokerStars Hand #145534436860:  Hold'em Limit ($3/$6 USD) - 2015/12/18 11:29:09 ET
Table 'Tone II' 2-max Seat #1 is the button
Seat 1: hughes218 ($147.78 in chips)
Seat 2: Avereem ($80.52 in chips)
hughes218: posts small blind $1
Avereem: posts big blind $3
*** HOLE CARDS ***
hughes218: folds
Uncalled bet ($2) returned to Avereem
Avereem collected $2 from pot
Avereem: doesn't show hand
*** SUMMARY ***
Total pot $2 | Rake $0
Seat 1: hughes218 (button) (small blind) folded before Flop
Seat 2: Avereem (big blind) collected ($2)


PokerStars Hand #145534415517:  Hold'em Limit ($3/$6 USD) - 2015/12/18 11:28:40 ET
Table 'Tone II' 2-max Seat #2 is the button
Seat 1: hughes218 ($139.14 in chips)
Seat 2: Avereem ($89.52 in chips)
Avereem: posts small blind $1
hughes218: posts big blind $3
*** HOLE CARDS ***
Avereem: raises $3 to $6
hughes218: raises $3 to $9
Avereem: calls $3
*** FLOP *** [9s Jd 9d]
hughes218: bets $3
Avereem: folds
Uncalled bet ($3) returned to hughes218
hughes218 collected $17.64 from pot
hughes218: doesn't show hand
*** SUMMARY ***
Total pot $18 | Rake $0.36
Board [9s Jd 9d]
Seat 1: hughes218 (big blind) collected ($17.64)
Seat 2: Avereem (button) (small blind) folded on the Flop


PokerStars Hand #145534411380:  Hold'em Limit ($3/$6 USD) - 2015/12/18 11:28:35 ET
Table 'Tone II' 2-max Seat #1 is the button
Seat 1: hughes218 ($140.14 in chips)
Seat 2: Avereem ($88.52 in chips)
hughes218: posts small blind $1
Avereem: posts big blind $3
*** HOLE CARDS ***
hughes218: folds
Uncalled bet ($2) returned to Avereem
Avereem collected $2 from pot
Avereem: doesn't show hand
*** SUMMARY ***
Total pot $2 | Rake $0
Seat 1: hughes218 (button) (small blind) folded before Flop
Seat 2: Avereem (big blind) collected ($2)


PokerStars Hand #145534403453:  Hold'em Limit ($3/$6 USD) - 2015/12/18 11:28:24 ET
Table 'Tone II' 2-max Seat #2 is the button
Seat 1: hughes218 ($139.14 in chips)
Seat 2: Avereem ($89.52 in chips)
Avereem: posts small blind $1
hughes218: posts big blind $3
*** HOLE CARDS ***
Avereem: folds
Uncalled bet ($2) returned to hughes218
hughes218 collected $2 from pot
hughes218: doesn't show hand
*** SUMMARY ***
Total pot $2 | Rake $0
Seat 1: hughes218 (big blind) collected ($2)
Seat 2: Avereem (button) (small blind) folded before Flop


PokerStars Hand #145534374438:  Hold'em Limit ($3/$6 USD) - 2015/12/18 11:27:45 ET
Table 'Tone II' 2-max Seat #1 is the button
Seat 1: hughes218 ($151.14 in chips)
Seat 2: Avereem ($78 in chips)
hughes218: posts small blind $1
Avereem: posts big blind $3
*** HOLE CARDS ***
hughes218: raises $3 to $6
Avereem: calls $3
*** FLOP *** [2c Js 9h]
Avereem: checks
hughes218: checks
*** TURN *** [2c Js 9h] [Ad]
Avereem: bets $6
hughes218: calls $6
*** RIVER *** [2c Js 9h Ad] [Tc]
Avereem: bets $6
hughes218: folds
Uncalled bet ($6) returned to Avereem
Avereem collected $23.52 from pot
Avereem: doesn't show hand
*** SUMMARY ***
Total pot $24 | Rake $0.48
Board [2c Js 9h Ad Tc]
Seat 1: hughes218 (button) (small blind) folded on the River
Seat 2: Avereem (big blind) collected ($23.52)


PokerStars Hand #145534441222:  Hold'em Limit ($3/$6 USD) - 2015/12/18 11:29:15 ET
Table 'Tone II' 2-max Seat #2 is the button
Seat 1: hughes218 ($146.78 in chips)
Seat 2: Avereem ($81.52 in chips)
Avereem: posts small blind $1
hughes218: posts big blind $3
*** HOLE CARDS ***
Avereem: raises $3 to $6
hughes218: raises $3 to $9
Avereem: calls $3
*** FLOP *** [9c 4h Qh]
hughes218: bets $3
Avereem: calls $3
*** TURN *** [9c 4h Qh] [6h]
hughes218: checks
Avereem: bets $6
hughes218: calls $6
*** RIVER *** [9c 4h Qh 6h] [8d]
hughes218: checks
Avereem: bets $6
hughes218: folds
Uncalled bet ($6) returned to Avereem
Avereem collected $35.50 from pot
Avereem: doesn't show hand
*** SUMMARY ***
Total pot $36 | Rake $0.50
Board [9c 4h Qh 6h 8d]
Seat 1: hughes218 (big blind) folded on the River
Seat 2: Avereem (button) (small blind) collected ($35.50)


PokerStars Hand #145534506684:  Hold'em Limit ($3/$6 USD) - 2015/12/18 11:30:43 ET
Table 'Tone II' 2-max Seat #2 is the button
Seat 1: hughes218 ($119.78 in chips)
Seat 2: Avereem ($107.66 in chips)
Avereem: posts small blind $1
hughes218: posts big blind $3
*** HOLE CARDS ***
Avereem: raises $3 to $6
hughes218: folds
Uncalled bet ($3) returned to Avereem
Avereem collected $6 from pot
Avereem: doesn't show hand
*** SUMMARY ***
Total pot $6 | Rake $0
Seat 1: hughes218 (big blind) folded before Flop
Seat 2: Avereem (button) (small blind) collected ($6)


PokerStars Hand #145534489645:  Hold'em Limit ($3/$6 USD) - 2015/12/18 11:30:20 ET
Table 'Tone II' 2-max Seat #1 is the button
Seat 1: hughes218 ($128.78 in chips)
Seat 2: Avereem ($99.02 in chips)
hughes218: posts small blind $1
Avereem: posts big blind $3
*** HOLE CARDS ***
hughes218: raises $3 to $6
Avereem: raises $3 to $9
hughes218: calls $3
*** FLOP *** [2c Js 6s]
Avereem: bets $3
hughes218: folds
Uncalled bet ($3) returned to Avereem
Avereem collected $17.64 from pot
Avereem: doesn't show hand
*** SUMMARY ***
Total pot $18 | Rake $0.36
Board [2c Js 6s]
Seat 1: hughes218 (button) (small blind) folded on the Flop
Seat 2: Avereem (big blind) collected ($17.64)


PokerStars Hand #145534515272:  Hold'em Limit ($3/$6 USD) - 2015/12/18 11:30:55 ET
Table 'Tone II' 2-max Seat #1 is the button
Seat 1: hughes218 ($116.78 in chips)
Seat 2: Avereem ($110.66 in chips)
hughes218: posts small blind $1
Avereem: posts big blind $3
*** HOLE CARDS ***
hughes218: raises $3 to $6
Avereem: raises $3 to $9
hughes218: calls $3
*** FLOP *** [Ac 5c 7d]
Avereem: bets $3
hughes218: calls $3
*** TURN *** [Ac 5c 7d] [3h]
Avereem: bets $6
hughes218: calls $6
*** RIVER *** [Ac 5c 7d 3h] [5h]
Avereem: checks
hughes218: checks
*** SHOW DOWN ***
Avereem: shows [6c 6h] (two pair, Sixes and Fives)
hughes218: mucks hand
Avereem collected $35.50 from pot
*** SUMMARY ***
Total pot $36 | Rake $0.50
Board [Ac 5c 7d 3h 5h]
Seat 1: hughes218 (button) (small blind) mucked
Seat 2: Avereem (big blind) showed [6c 6h] and won ($35.50) with two pair, Sixes and Fives


PokerStars Hand #145534556027:  Hold'em Limit ($3/$6 USD) - 2015/12/18 11:31:50 ET
Table 'Tone II' 2-max Seat #2 is the button
Seat 1: hughes218 ($98.78 in chips)
Seat 2: Avereem ($128.16 in chips)
Avereem: posts small blind $1
hughes218: posts big blind $3
*** HOLE CARDS ***
Avereem: raises $3 to $6
hughes218: calls $3
*** FLOP *** [5d 6d 6s]
hughes218: checks
Avereem: bets $3
hughes218: raises $3 to $6
Avereem: calls $3
*** TURN *** [5d 6d 6s] [4h]
hughes218: bets $6
Avereem: calls $6
*** RIVER *** [5d 6d 6s 4h] [2c]
hughes218: bets $6
Avereem: calls $6
*** SHOW DOWN ***
hughes218: shows [Qd 7d] (a pair of Sixes)
Avereem: shows [9c Ac] (a pair of Sixes - Ace kicker)
Avereem collected $47.50 from pot
*** SUMMARY ***
Total pot $48 | Rake $0.50
Board [5d 6d 6s 4h 2c]
Seat 1: hughes218 (big blind) showed [Qd 7d] and lost with a pair of Sixes
Seat 2: Avereem (button) (small blind) showed [9c Ac] and won ($47.50) with a pair of Sixes


PokerStars Hand #145534609358:  Hold'em Limit ($3/$6 USD) - 2015/12/18 11:33:01 ET
Table 'Tone II' 2-max Seat #1 is the button
Seat 1: hughes218 ($74.78 in chips)
Seat 2: Avereem ($151.66 in chips)
hughes218: posts small blind $1
Avereem: posts big blind $3
*** HOLE CARDS ***
hughes218: raises $3 to $6
Avereem: calls $3
*** FLOP *** [8h 5h 3s]
Avereem: checks
hughes218: bets $3
Avereem: raises $3 to $6
hughes218: calls $3
*** TURN *** [8h 5h 3s] [2d]
Avereem: bets $6
hughes218: folds
Uncalled bet ($6) returned to Avereem
Avereem collected $23.52 from pot
Avereem: doesn't show hand
*** SUMMARY ***
Total pot $24 | Rake $0.48
Board [8h 5h 3s 2d]
Seat 1: hughes218 (button) (small blind) folded on the Turn
Seat 2: Avereem (big blind) collected ($23.52)


PokerStars Hand #145547002916:  Hold'em Limit ($3/$6 USD) - 2015/12/18 15:43:01 ET
Table 'Tone II' 2-max Seat #1 is the button
Seat 1: minigus575 ($103.50 in chips)
Seat 2: Avereem ($158.68 in chips)
minigus575: posts small blind $1
Avereem: posts big blind $3
*** HOLE CARDS ***
minigus575: raises $3 to $6
Avereem: calls $3
*** FLOP *** [6s 3s 7c]
Avereem: checks
minigus575: bets $3
Avereem: calls $3
*** TURN *** [6s 3s 7c] [Jc]
Avereem: checks
minigus575: checks
*** RIVER *** [6s 3s 7c Jc] [Kd]
Avereem: checks
minigus575: bets $6
Avereem: calls $6
*** SHOW DOWN ***
minigus575: shows [Kh 3c] (two pair, Kings and Threes)
Avereem: mucks hand
minigus575 collected $29.50 from pot
*** SUMMARY ***
Total pot $30 | Rake $0.50
Board [6s 3s 7c Jc Kd]
Seat 1: minigus575 (button) (small blind) showed [Kh 3c] and won ($29.50) with two pair, Kings and Threes
Seat 2: Avereem (big blind) mucked


PokerStars Hand #145547046241:  Hold'em Limit ($3/$6 USD) - 2015/12/18 15:43:49 ET
Table 'Tone II' 2-max Seat #2 is the button
Seat 1: minigus575 ($118 in chips)
Seat 2: Avereem ($143.68 in chips)
Avereem: posts small blind $1
minigus575: posts big blind $3
*** HOLE CARDS ***
Avereem: raises $3 to $6
minigus575: raises $3 to $9
Avereem: calls $3
*** FLOP *** [9d 6d 2d]
minigus575: bets $3
Avereem: calls $3
*** TURN *** [9d 6d 2d] [Jc]
minigus575: bets $6
Avereem: calls $6
*** RIVER *** [9d 6d 2d Jc] [7h]
minigus575: bets $6
Avereem: calls $6
*** SHOW DOWN ***
minigus575: shows [Jd As] (a pair of Jacks)
Avereem: mucks hand
minigus575 collected $47.50 from pot
*** SUMMARY ***
Total pot $48 | Rake $0.50
Board [9d 6d 2d Jc 7h]
Seat 1: minigus575 (big blind) showed [Jd As] and won ($47.50) with a pair of Jacks
Seat 2: Avereem (button) (small blind) mucked


PokerStars Hand #145547135014:  Hold'em Limit ($3/$6 USD) - 2015/12/18 15:45:25 ET
Table 'Tone II' 2-max Seat #2 is the button
Seat 1: minigus575 ($141.25 in chips)
Seat 2: Avereem ($119.43 in chips)
Avereem: posts small blind $1
minigus575: posts big blind $3
*** HOLE CARDS ***
Avereem: raises $3 to $6
minigus575: folds
Uncalled bet ($3) returned to Avereem
Avereem collected $6 from pot
Avereem: doesn't show hand
*** SUMMARY ***
Total pot $6 | Rake $0
Seat 1: minigus575 (big blind) folded before Flop
Seat 2: Avereem (button) (small blind) collected ($6)


PokerStars Hand #145547081652:  Hold'em Limit ($3/$6 USD) - 2015/12/18 15:44:27 ET
Table 'Tone II' 2-max Seat #1 is the button
Seat 1: minigus575 ($141.50 in chips)
Seat 2: Avereem ($119.68 in chips)
minigus575: posts small blind $1
Avereem: posts big blind $3
*** HOLE CARDS ***
minigus575: raises $3 to $6
Avereem: raises $3 to $9
minigus575: calls $3
*** FLOP *** [Th 5d 7s]
Avereem: bets $3
minigus575: calls $3
*** TURN *** [Th 5d 7s] [7h]
Avereem: bets $6
minigus575: raises $6 to $12
Avereem: calls $6
*** RIVER *** [Th 5d 7s 7h] [7d]
Avereem: checks
minigus575: bets $6
Avereem: calls $6
*** SHOW DOWN ***
minigus575: shows [Js Td] (a full house, Sevens full of Tens)
Avereem: shows [Tc Qd] (a full house, Sevens full of Tens)
Avereem collected $29.75 from pot
minigus575 collected $29.75 from pot
*** SUMMARY ***
Total pot $60 | Rake $0.50
Board [Th 5d 7s 7h 7d]
Seat 1: minigus575 (button) (small blind) showed [Js Td] and won ($29.75) with a full house, Sevens full of Tens
Seat 2: Avereem (big blind) showed [Tc Qd] and won ($29.75) with a full house, Sevens full of Tens


PokerStars Hand #145547178486:  Hold'em Limit ($3/$6 USD) - 2015/12/18 15:46:12 ET
Table 'Tone II' 2-max Seat #2 is the button
Seat 1: minigus575 ($155.75 in chips)
Seat 2: Avereem ($104.43 in chips)
Avereem: posts small blind $1
minigus575: posts big blind $3
*** HOLE CARDS ***
Avereem: raises $3 to $6
minigus575: calls $3
*** FLOP *** [9d 6s 5c]
minigus575: checks
Avereem: bets $3
minigus575: calls $3
*** TURN *** [9d 6s 5c] [Ts]
minigus575: checks
Avereem: bets $6
minigus575: folds
Uncalled bet ($6) returned to Avereem
Avereem collected $17.64 from pot
Avereem: doesn't show hand
*** SUMMARY ***
Total pot $18 | Rake $0.36
Board [9d 6s 5c Ts]
Seat 1: minigus575 (big blind) folded on the Turn
Seat 2: Avereem (button) (small blind) collected ($17.64)


PokerStars Hand #145547142718:  Hold'em Limit ($3/$6 USD) - 2015/12/18 15:45:33 ET
Table 'Tone II' 2-max Seat #1 is the button
Seat 1: minigus575 ($138.25 in chips)
Seat 2: Avereem ($122.43 in chips)
minigus575: posts small blind $1
Avereem: posts big blind $3
*** HOLE CARDS ***
minigus575: raises $3 to $6
Avereem: calls $3
*** FLOP *** [2c 8s 6d]
Avereem: checks
minigus575: bets $3
Avereem: raises $3 to $6
minigus575: calls $3
*** TURN *** [2c 8s 6d] [8d]
Avereem: bets $6
minigus575: raises $6 to $12
Avereem: folds
Uncalled bet ($6) returned to minigus575
minigus575 collected $35.50 from pot
minigus575: doesn't show hand
*** SUMMARY ***
Total pot $36 | Rake $0.50
Board [2c 8s 6d 8d]
Seat 1: minigus575 (button) (small blind) collected ($35.50)
Seat 2: Avereem (big blind) folded on the Turn


