PokerStars Hand #150486286351:  Hold'em Limit ($3/$6 USD) - 2016/03/17 8:55:07 ET
Table 'Torrence' 10-max Seat #6 is the button
Seat 6: Agrotait ($72 in chips)
Seat 7: nashmed99 ($196.41 in chips)
Agrotait: posts small blind $1
nashmed99: posts big blind $3
*** HOLE CARDS ***
Agrotait: raises $3 to $6
nashmed99: calls $3
*** FLOP *** [5h Td 3d]
nashmed99: checks
Agrotait: bets $3
nashmed99: calls $3
*** TURN *** [5h Td 3d] [3c]
nashmed99: checks
Agrotait: checks
*** RIVER *** [5h Td 3d 3c] [3s]
nashmed99: checks
Agrotait: bets $6
nashmed99: calls $6
*** SHOW DOWN ***
Agrotait: shows [9c As] (three of a kind, Threes)
nashmed99: mucks hand
Agrotait collected $29.50 from pot
*** SUMMARY ***
Total pot $30 | Rake $0.50
Board [5h Td 3d 3c 3s]
Seat 6: Agrotait (button) (small blind) showed [9c As] and won ($29.50) with three of a kind, Threes
Seat 7: nashmed99 (big blind) mucked


PokerStars Hand #150486343019:  Hold'em Limit ($3/$6 USD) - 2016/03/17 8:57:07 ET
Table 'Torrence' 10-max Seat #6 is the button
Seat 6: Agrotait ($72 in chips)
Seat 7: nashmed99 ($230.91 in chips)
Agrotait: posts small blind $1
nashmed99: posts big blind $3
*** HOLE CARDS ***
Agrotait: folds
Uncalled bet ($2) returned to nashmed99
nashmed99 collected $2 from pot
nashmed99: doesn't show hand
*** SUMMARY ***
Total pot $2 | Rake $0
Seat 6: Agrotait (button) (small blind) folded before Flop
Seat 7: nashmed99 (big blind) collected ($2)


PokerStars Hand #150486331407:  Hold'em Limit ($3/$6 USD) - 2016/03/17 8:56:42 ET
Table 'Torrence' 10-max Seat #7 is the button
Seat 6: Agrotait ($72 in chips)
Seat 7: nashmed99 ($213.41 in chips)
nashmed99: posts small blind $1
Agrotait: posts big blind $3
*** HOLE CARDS ***
nashmed99: raises $3 to $6
Agrotait: calls $3
*** FLOP *** [8d Ks 9d]
Agrotait: checks
nashmed99: bets $3
Agrotait: raises $3 to $6
nashmed99: calls $3
*** TURN *** [8d Ks 9d] [Kc]
Agrotait: bets $6
nashmed99: calls $6
*** RIVER *** [8d Ks 9d Kc] [Kh]
Agrotait: checks
nashmed99: bets $6
FOLDCapeesh? joins the table at seat #8
Agrotait: folds
Uncalled bet ($6) returned to nashmed99
nashmed99 collected $35.50 from pot
*** SUMMARY ***
Total pot $36 | Rake $0.50
Board [8d Ks 9d Kc Kh]
Seat 6: Agrotait (big blind) folded on the River
Seat 7: nashmed99 (button) (small blind) collected ($35.50)


PokerStars Hand #150486324366:  Hold'em Limit ($3/$6 USD) - 2016/03/17 8:56:27 ET
Table 'Torrence' 10-max Seat #6 is the button
Seat 6: Agrotait ($68.50 in chips)
Seat 7: nashmed99 ($198.91 in chips)
Agrotait: posts small blind $1
nashmed99: posts big blind $3
*** HOLE CARDS ***
Agrotait: raises $3 to $6
nashmed99: calls $3
*** FLOP *** [Kd 8h 2d]
nashmed99: bets $3
Agrotait: calls $3
*** TURN *** [Kd 8h 2d] [Th]
nashmed99: bets $6
Agrotait: calls $6
*** RIVER *** [Kd 8h 2d Th] [Ac]
nashmed99: checks
Agrotait: checks
*** SHOW DOWN ***
nashmed99: shows [7c 8d] (a pair of Eights)
Agrotait: mucks hand
nashmed99 collected $29.50 from pot
*** SUMMARY ***
Total pot $30 | Rake $0.50
Board [Kd 8h 2d Th Ac]
Seat 6: Agrotait (button) (small blind) mucked
Seat 7: nashmed99 (big blind) showed [7c 8d] and won ($29.50) with a pair of Eights


PokerStars Hand #150486313053:  Hold'em Limit ($3/$6 USD) - 2016/03/17 8:56:04 ET
Table 'Torrence' 10-max Seat #7 is the button
Seat 6: Agrotait ($86.50 in chips)
Seat 7: nashmed99 ($181.41 in chips)
nashmed99: posts small blind $1
Agrotait: posts big blind $3
*** HOLE CARDS ***
nashmed99: raises $3 to $6
Agrotait: raises $3 to $9
nashmed99: calls $3
*** FLOP *** [7s Qc 6d]
Agrotait: bets $3
nashmed99: calls $3
*** TURN *** [7s Qc 6d] [Th]
Agrotait: checks
nashmed99: bets $6
Agrotait: calls $6
*** RIVER *** [7s Qc 6d Th] [3c]
Agrotait: checks
nashmed99: checks
*** SHOW DOWN ***
Agrotait: shows [Ad 9d] (high card Ace)
nashmed99: shows [6c 5s] (a pair of Sixes)
nashmed99 collected $35.50 from pot
*** SUMMARY ***
Total pot $36 | Rake $0.50
Board [7s Qc 6d Th 3c]
Seat 6: Agrotait (big blind) showed [Ad 9d] and lost with high card Ace
Seat 7: nashmed99 (button) (small blind) showed [6c 5s] and won ($35.50) with a pair of Sixes


PokerStars Hand #150486356586:  Hold'em Limit ($3/$6 USD) - 2016/03/17 8:57:35 ET
Table 'Torrence' 10-max Seat #6 is the button
Seat 6: Agrotait ($79.46 in chips)
Seat 8: FOLDCapeesh? ($112 in chips)
Agrotait: posts small blind $1
FOLDCapeesh?: posts big blind $3
*** HOLE CARDS ***
Agrotait: raises $3 to $6
FOLDCapeesh?: folds
Uncalled bet ($3) returned to Agrotait
Agrotait collected $6 from pot
Agrotait: doesn't show hand
*** SUMMARY ***
Total pot $6 | Rake $0
Seat 6: Agrotait (button) (small blind) collected ($6)
Seat 8: FOLDCapeesh? (big blind) folded before Flop


PokerStars Hand #150486359947:  Hold'em Limit ($3/$6 USD) - 2016/03/17 8:57:42 ET
Table 'Torrence' 10-max Seat #8 is the button
Seat 6: Agrotait ($82.46 in chips)
Seat 8: FOLDCapeesh? ($109 in chips)
FOLDCapeesh?: posts small blind $1
Agrotait: posts big blind $3
*** HOLE CARDS ***
FOLDCapeesh?: raises $3 to $6
Agrotait: calls $3
*** FLOP *** [9h Kh 6c]
Agrotait: checks
FOLDCapeesh?: bets $3
Agrotait: calls $3
*** TURN *** [9h Kh 6c] [4s]
Agrotait: checks
FOLDCapeesh?: checks
*** RIVER *** [9h Kh 6c 4s] [Kc]
Agrotait: bets $6
FOLDCapeesh?: folds
Uncalled bet ($6) returned to Agrotait
Agrotait collected $17.64 from pot
Agrotait: doesn't show hand
*** SUMMARY ***
Total pot $18 | Rake $0.36
Board [9h Kh 6c 4s Kc]
Seat 6: Agrotait (big blind) collected ($17.64)
Seat 8: FOLDCapeesh? (button) (small blind) folded on the River


