PokerStars Hand #157985673817:  Hold'em Limit ($3/$6 USD) - 2016/08/31 14:54:35 ET
Table 'Torrence' 6-max Seat #4 is the button
Seat 3: simper11 ($121.76 in chips)
Seat 4: Wurst2000 ($128.40 in chips)
Wurst2000: posts small blind $1
simper11: posts big blind $3
*** HOLE CARDS ***
Wurst2000: folds
Uncalled bet ($2) returned to simper11
simper11 collected $2 from pot
simper11: doesn't show hand
*** SUMMARY ***
Total pot $2 | Rake $0
Seat 3: simper11 (big blind) collected ($2)
Seat 4: Wurst2000 (button) (small blind) folded before Flop


PokerStars Hand #157985669036:  Hold'em Limit ($3/$6 USD) - 2016/08/31 14:54:29 ET
Table 'Torrence' 6-max Seat #3 is the button
Seat 3: simper11 ($122.76 in chips)
Seat 4: Wurst2000 ($127.40 in chips)
simper11: posts small blind $1
Wurst2000: posts big blind $3
*** HOLE CARDS ***
simper11: folds
Uncalled bet ($2) returned to Wurst2000
Wurst2000 collected $2 from pot
Wurst2000: doesn't show hand
*** SUMMARY ***
Total pot $2 | Rake $0
Seat 3: simper11 (button) (small blind) folded before Flop
Seat 4: Wurst2000 (big blind) collected ($2)


PokerStars Hand #157985686501:  Hold'em Limit ($3/$6 USD) - 2016/08/31 14:54:51 ET
Table 'Torrence' 6-max Seat #4 is the button
Seat 3: simper11 ($131.40 in chips)
Seat 4: Wurst2000 ($118.40 in chips)
Wurst2000: posts small blind $1
simper11: posts big blind $3
*** HOLE CARDS ***
Wurst2000: raises $3 to $6
simper11: calls $3
*** FLOP *** [7s 5s 6d]
simper11: checks
Wurst2000: bets $3
simper11: calls $3
*** TURN *** [7s 5s 6d] [4h]
simper11: checks
Wurst2000: checks
*** RIVER *** [7s 5s 6d 4h] [6s]
simper11: bets $6
Wurst2000: folds
Uncalled bet ($6) returned to simper11
simper11 collected $17.64 from pot
simper11: doesn't show hand
*** SUMMARY ***
Total pot $18 | Rake $0.36
Board [7s 5s 6d 4h 6s]
Seat 3: simper11 (big blind) collected ($17.64)
Seat 4: Wurst2000 (button) (small blind) folded on the River


PokerStars Hand #157985677361:  Hold'em Limit ($3/$6 USD) - 2016/08/31 14:54:40 ET
Table 'Torrence' 6-max Seat #3 is the button
Seat 3: simper11 ($122.76 in chips)
Seat 4: Wurst2000 ($127.40 in chips)
simper11: posts small blind $1
Wurst2000: posts big blind $3
*** HOLE CARDS ***
simper11: raises $3 to $6
Wurst2000: calls $3
*** FLOP *** [Td Ts 5h]
Wurst2000: checks
simper11: bets $3
Wurst2000: calls $3
*** TURN *** [Td Ts 5h] [9c]
Wurst2000: checks
simper11: bets $6
Wurst2000: folds
Uncalled bet ($6) returned to simper11
simper11 collected $17.64 from pot
simper11: doesn't show hand
*** SUMMARY ***
Total pot $18 | Rake $0.36
Board [Td Ts 5h 9c]
Seat 3: simper11 (button) (small blind) collected ($17.64)
Seat 4: Wurst2000 (big blind) folded on the Turn


PokerStars Hand #157985664628:  Hold'em Limit ($3/$6 USD) - 2016/08/31 14:54:23 ET
Table 'Torrence' 6-max Seat #4 is the button
Seat 3: simper11 ($125.76 in chips)
Seat 4: Wurst2000 ($124.40 in chips)
Wurst2000: posts small blind $1
simper11: posts big blind $3
*** HOLE CARDS ***
Wurst2000: raises $3 to $6
simper11: folds
Uncalled bet ($3) returned to Wurst2000
Wurst2000 collected $6 from pot
Wurst2000: doesn't show hand
*** SUMMARY ***
Total pot $6 | Rake $0
Seat 3: simper11 (big blind) folded before Flop
Seat 4: Wurst2000 (button) (small blind) collected ($6)


PokerStars Hand #157985656831:  Hold'em Limit ($3/$6 USD) - 2016/08/31 14:54:13 ET
Table 'Torrence' 6-max Seat #3 is the button
Seat 3: simper11 ($120 in chips)
Seat 4: Wurst2000 ($130.40 in chips)
simper11: posts small blind $1
Wurst2000: posts big blind $3
*** HOLE CARDS ***
simper11: raises $3 to $6
Wurst2000: calls $3
*** FLOP *** [9d As Jd]
Wurst2000: checks
simper11: bets $3
Wurst2000: folds
Uncalled bet ($3) returned to simper11
simper11 collected $11.76 from pot
simper11: doesn't show hand
*** SUMMARY ***
Total pot $12 | Rake $0.24
Board [9d As Jd]
Seat 3: simper11 (button) (small blind) collected ($11.76)
Seat 4: Wurst2000 (big blind) folded on the Flop


PokerStars Hand #157985723594:  Hold'em Limit ($3/$6 USD) - 2016/08/31 14:55:47 ET
Table 'Torrence' 6-max Seat #3 is the button
Seat 3: simper11 ($141.54 in chips)
Seat 4: Wurst2000 ($106.90 in chips)
simper11: posts small blind $1
Wurst2000: posts big blind $3
*** HOLE CARDS ***
01093454 joins the table at seat #2
simper11: raises $3 to $6
Wurst2000: raises $3 to $9
simper11: calls $3
*** FLOP *** [2s 5d Th]
Wurst2000: bets $3
simper11: calls $3
*** TURN *** [2s 5d Th] [Ks]
Wurst2000: bets $6
simper11: calls $6
*** RIVER *** [2s 5d Th Ks] [Ah]
Wurst2000: bets $6
simper11: raises $6 to $12
Wurst2000: calls $6
*** SHOW DOWN ***
simper11: shows [As 7s] (a pair of Aces)
Wurst2000: mucks hand
simper11 collected $59.50 from pot
*** SUMMARY ***
Total pot $60 | Rake $0.50
Board [2s 5d Th Ks Ah]
Seat 3: simper11 (button) (small blind) showed [As 7s] and won ($59.50) with a pair of Aces
Seat 4: Wurst2000 (big blind) mucked


PokerStars Hand #157985699259:  Hold'em Limit ($3/$6 USD) - 2016/08/31 14:55:07 ET
Table 'Torrence' 6-max Seat #3 is the button
Seat 3: simper11 ($140.04 in chips)
Seat 4: Wurst2000 ($109.40 in chips)
simper11: posts small blind $1
Wurst2000: posts big blind $3
*** HOLE CARDS ***
simper11: raises $3 to $6
Wurst2000: folds
Uncalled bet ($3) returned to simper11
simper11 collected $6 from pot
simper11: doesn't show hand
*** SUMMARY ***
Total pot $6 | Rake $0
Seat 3: simper11 (button) (small blind) collected ($6)
Seat 4: Wurst2000 (big blind) folded before Flop


PokerStars Hand #157985711920:  Hold'em Limit ($3/$6 USD) - 2016/08/31 14:55:27 ET
Table 'Torrence' 6-max Seat #3 is the button
Seat 3: simper11 ($128.04 in chips)
Seat 4: Wurst2000 ($120.90 in chips)
simper11: posts small blind $1
Wurst2000: posts big blind $3
*** HOLE CARDS ***
simper11: folds
Uncalled bet ($2) returned to Wurst2000
Wurst2000 collected $2 from pot
Wurst2000: doesn't show hand
*** SUMMARY ***
Total pot $2 | Rake $0
Seat 3: simper11 (button) (small blind) folded before Flop
Seat 4: Wurst2000 (big blind) collected ($2)


PokerStars Hand #157985702627:  Hold'em Limit ($3/$6 USD) - 2016/08/31 14:55:12 ET
Table 'Torrence' 6-max Seat #4 is the button
Seat 3: simper11 ($143.04 in chips)
Seat 4: Wurst2000 ($106.40 in chips)
Wurst2000: posts small blind $1
simper11: posts big blind $3
*** HOLE CARDS ***
Wurst2000: raises $3 to $6
simper11: calls $3
*** FLOP *** [4h Ts 5s]
simper11: checks
Wurst2000: bets $3
simper11: calls $3
*** TURN *** [4h Ts 5s] [9d]
simper11: checks
Wurst2000: bets $6
simper11: calls $6
*** RIVER *** [4h Ts 5s 9d] [Jh]
simper11: checks
Wurst2000: bets $6
simper11: folds
Uncalled bet ($6) returned to Wurst2000
Wurst2000 collected $29.50 from pot
Wurst2000: doesn't show hand
*** SUMMARY ***
Total pot $30 | Rake $0.50
Board [4h Ts 5s 9d Jh]
Seat 3: simper11 (big blind) folded on the River
Seat 4: Wurst2000 (button) (small blind) collected ($29.50)


PokerStars Hand #157985714659:  Hold'em Limit ($3/$6 USD) - 2016/08/31 14:55:32 ET
Table 'Torrence' 6-max Seat #4 is the button
Seat 3: simper11 ($127.04 in chips)
Seat 4: Wurst2000 ($121.90 in chips)
Wurst2000: posts small blind $1
simper11: posts big blind $3
*** HOLE CARDS ***
Wurst2000: raises $3 to $6
simper11: calls $3
*** FLOP *** [Jh 4s As]
simper11: checks
Wurst2000: bets $3
simper11: calls $3
*** TURN *** [Jh 4s As] [Ks]
simper11: checks
Wurst2000: bets $6
simper11: calls $6
*** RIVER *** [Jh 4s As Ks] [Kh]
simper11: checks
Wurst2000: checks
*** SHOW DOWN ***
simper11: shows [6h Kc] (three of a kind, Kings)
Wurst2000: mucks hand
simper11 collected $29.50 from pot
*** SUMMARY ***
Total pot $30 | Rake $0.50
Board [Jh 4s As Ks Kh]
Seat 3: simper11 (big blind) showed [6h Kc] and won ($29.50) with three of a kind, Kings
Seat 4: Wurst2000 (button) (small blind) mucked


PokerStars Hand #157985763700:  Hold'em Limit ($3/$6 USD) - 2016/08/31 14:56:52 ET
Table 'Torrence' 6-max Seat #4 is the button
Seat 3: simper11 ($157.04 in chips)
Seat 4: Wurst2000 ($107.28 in chips)
Wurst2000: posts small blind $1
simper11: posts big blind $3
*** HOLE CARDS ***
Wurst2000: raises $3 to $6
simper11: folds
Uncalled bet ($3) returned to Wurst2000
Wurst2000 collected $6 from pot
Wurst2000: doesn't show hand
*** SUMMARY ***
Total pot $6 | Rake $0
Seat 3: simper11 (big blind) folded before Flop
Seat 4: Wurst2000 (button) (small blind) collected ($6)


PokerStars Hand #157985760140:  Hold'em Limit ($3/$6 USD) - 2016/08/31 14:56:46 ET
Table 'Torrence' 6-max Seat #3 is the button
Seat 3: simper11 ($154.04 in chips)
Seat 4: Wurst2000 ($110.28 in chips)
simper11: posts small blind $1
Wurst2000: posts big blind $3
*** HOLE CARDS ***
simper11: raises $3 to $6
Wurst2000: folds
Uncalled bet ($3) returned to simper11
simper11 collected $6 from pot
simper11: doesn't show hand
*** SUMMARY ***
Total pot $6 | Rake $0
Seat 3: simper11 (button) (small blind) collected ($6)
Seat 4: Wurst2000 (big blind) folded before Flop


PokerStars Hand #157985757462:  Hold'em Limit ($3/$6 USD) - 2016/08/31 14:56:42 ET
Table 'Torrence' 6-max Seat #4 is the button
Seat 3: simper11 ($153.04 in chips)
Seat 4: Wurst2000 ($111.28 in chips)
Wurst2000: posts small blind $1
simper11: posts big blind $3
*** HOLE CARDS ***
Wurst2000: folds
Uncalled bet ($2) returned to simper11
simper11 collected $2 from pot
simper11: doesn't show hand
*** SUMMARY ***
Total pot $2 | Rake $0
Seat 3: simper11 (big blind) collected ($2)
Seat 4: Wurst2000 (button) (small blind) folded before Flop


PokerStars Hand #157985778689:  Hold'em Limit ($3/$6 USD) - 2016/08/31 14:57:16 ET
Table 'Torrence' 6-max Seat #4 is the button
Seat 3: simper11 ($130.04 in chips)
Seat 4: Wurst2000 ($133.78 in chips)
Wurst2000: posts small blind $1
simper11: posts big blind $3
*** HOLE CARDS ***
Wurst2000: folds
Uncalled bet ($2) returned to simper11
simper11 collected $2 from pot
simper11: doesn't show hand
*** SUMMARY ***
Total pot $2 | Rake $0
Seat 3: simper11 (big blind) collected ($2)
Seat 4: Wurst2000 (button) (small blind) folded before Flop


PokerStars Hand #157985767964:  Hold'em Limit ($3/$6 USD) - 2016/08/31 14:56:59 ET
Table 'Torrence' 6-max Seat #3 is the button
Seat 3: simper11 ($154.04 in chips)
Seat 4: Wurst2000 ($110.28 in chips)
simper11: posts small blind $1
Wurst2000: posts big blind $3
*** HOLE CARDS ***
simper11: raises $3 to $6
Wurst2000: raises $3 to $9
simper11: calls $3
*** FLOP *** [Ad Kd 5d]
Wurst2000: bets $3
simper11: calls $3
*** TURN *** [Ad Kd 5d] [Js]
Wurst2000: bets $6
simper11: calls $6
*** RIVER *** [Ad Kd 5d Js] [4h]
Wurst2000: bets $6
simper11: calls $6
*** SHOW DOWN ***
Wurst2000: shows [As Td] (a pair of Aces)
simper11: mucks hand
Wurst2000 collected $47.50 from pot
*** SUMMARY ***
Total pot $48 | Rake $0.50
Board [Ad Kd 5d Js 4h]
Seat 3: simper11 (button) (small blind) mucked
Seat 4: Wurst2000 (big blind) showed [As Td] and won ($47.50) with a pair of Aces


PokerStars Hand #157985781409:  Hold'em Limit ($3/$6 USD) - 2016/08/31 14:57:20 ET
Table 'Torrence' 6-max Seat #3 is the button
Seat 3: simper11 ($131.04 in chips)
Seat 4: Wurst2000 ($132.78 in chips)
simper11: posts small blind $1
Wurst2000: posts big blind $3
*** HOLE CARDS ***
simper11: raises $3 to $6
Wurst2000: calls $3
*** FLOP *** [Qs Jc Qc]
Wurst2000: checks
simper11: bets $3
Wurst2000: raises $3 to $6
simper11: calls $3
*** TURN *** [Qs Jc Qc] [Th]
Wurst2000: bets $6
simper11: calls $6
*** RIVER *** [Qs Jc Qc Th] [2s]
Wurst2000: bets $6
simper11: calls $6
*** SHOW DOWN ***
Wurst2000: shows [Jd 9h] (two pair, Queens and Jacks)
simper11: mucks hand
Wurst2000 collected $47.50 from pot
*** SUMMARY ***
Total pot $48 | Rake $0.50
Board [Qs Jc Qc Th 2s]
Seat 3: simper11 (button) (small blind) mucked
Seat 4: Wurst2000 (big blind) showed [Jd 9h] and won ($47.50) with two pair, Queens and Jacks


PokerStars Hand #157985798745:  Hold'em Limit ($3/$6 USD) - 2016/08/31 14:57:48 ET
Table 'Torrence' 6-max Seat #4 is the button
Seat 3: simper11 ($120 in chips)
Seat 4: Wurst2000 ($156.28 in chips)
Wurst2000: posts small blind $1
simper11: posts big blind $3
*** HOLE CARDS ***
Wurst2000: raises $3 to $6
simper11: calls $3
*** FLOP *** [7s Kh Jh]
simper11: checks
Wurst2000: checks
*** TURN *** [7s Kh Jh] [Js]
simper11: bets $6
Wurst2000: calls $6
*** RIVER *** [7s Kh Jh Js] [Qd]
simper11: bets $6
Wurst2000: folds
Uncalled bet ($6) returned to simper11
simper11 collected $23.52 from pot
simper11: doesn't show hand
*** SUMMARY ***
Total pot $24 | Rake $0.48
Board [7s Kh Jh Js Qd]
Seat 3: simper11 (big blind) collected ($23.52)
Seat 4: Wurst2000 (button) (small blind) folded on the River


PokerStars Hand #157985815590:  Hold'em Limit ($3/$6 USD) - 2016/08/31 14:58:15 ET
Table 'Torrence' 6-max Seat #4 is the button
Seat 3: simper11 ($134.52 in chips)
Seat 4: Wurst2000 ($141.28 in chips)
Wurst2000: posts small blind $1
simper11: posts big blind $3
*** HOLE CARDS ***
Wurst2000: raises $3 to $6
simper11: calls $3
*** FLOP *** [Jh 5d Ks]
simper11: checks
Wurst2000: bets $3
simper11: calls $3
*** TURN *** [Jh 5d Ks] [7s]
simper11: checks
Wurst2000: checks
*** RIVER *** [Jh 5d Ks 7s] [4s]
simper11: bets $6
Wurst2000: folds
Uncalled bet ($6) returned to simper11
simper11 collected $17.64 from pot
simper11: doesn't show hand
*** SUMMARY ***
Total pot $18 | Rake $0.36
Board [Jh 5d Ks 7s 4s]
Seat 3: simper11 (big blind) collected ($17.64)
Seat 4: Wurst2000 (button) (small blind) folded on the River


PokerStars Hand #157985811792:  Hold'em Limit ($3/$6 USD) - 2016/08/31 14:58:09 ET
Table 'Torrence' 6-max Seat #3 is the button
Seat 3: simper11 ($131.52 in chips)
Seat 4: Wurst2000 ($144.28 in chips)
simper11: posts small blind $1
Wurst2000: posts big blind $3
*** HOLE CARDS ***
simper11: raises $3 to $6
Wurst2000: folds
Uncalled bet ($3) returned to simper11
simper11 collected $6 from pot
simper11: doesn't show hand
*** SUMMARY ***
Total pot $6 | Rake $0
Seat 3: simper11 (button) (small blind) collected ($6)
Seat 4: Wurst2000 (big blind) folded before Flop


PokerStars Hand #157985833468:  Hold'em Limit ($3/$6 USD) - 2016/08/31 14:58:43 ET
Table 'Torrence' 6-max Seat #4 is the button
Seat 3: simper11 ($146.16 in chips)
Seat 4: Wurst2000 ($129.28 in chips)
Wurst2000: posts small blind $1
simper11: posts big blind $3
*** HOLE CARDS ***
Wurst2000: raises $3 to $6
simper11: calls $3
*** FLOP *** [6d 9d 3h]
simper11: checks
Wurst2000: bets $3
simper11: calls $3
*** TURN *** [6d 9d 3h] [2c]
simper11: checks
Wurst2000: bets $6
simper11: calls $6
*** RIVER *** [6d 9d 3h 2c] [9h]
simper11: checks
Wurst2000: bets $6
simper11: calls $6
*** SHOW DOWN ***
Wurst2000: shows [7d 5d] (a pair of Nines)
simper11: shows [3s Jd] (two pair, Nines and Threes)
simper11 collected $41.50 from pot
*** SUMMARY ***
Total pot $42 | Rake $0.50
Board [6d 9d 3h 2c 9h]
Seat 3: simper11 (big blind) showed [3s Jd] and won ($41.50) with two pair, Nines and Threes
Seat 4: Wurst2000 (button) (small blind) showed [7d 5d] and lost with a pair of Nines


PokerStars Hand #157985847687:  Hold'em Limit ($3/$6 USD) - 2016/08/31 14:59:06 ET
Table 'Torrence' 6-max Seat #3 is the button
Seat 3: simper11 ($166.66 in chips)
Seat 4: Wurst2000 ($108.28 in chips)
simper11: posts small blind $1
Wurst2000: posts big blind $3
*** HOLE CARDS ***
simper11: raises $3 to $6
Wurst2000: raises $3 to $9
simper11: calls $3
*** FLOP *** [8h 8c 7h]
Wurst2000: bets $3
Hadart joins the table at seat #5
simper11: raises $3 to $6
Wurst2000: calls $3
*** TURN *** [8h 8c 7h] [9c]
Wurst2000: checks
simper11: bets $6
Wurst2000: raises $6 to $12
simper11: calls $6
*** RIVER *** [8h 8c 7h 9c] [Jh]
Wurst2000: bets $6
simper11: calls $6
*** SHOW DOWN ***
Wurst2000: shows [Kh 9h] (a flush, King high)
simper11: mucks hand
Wurst2000 collected $65.50 from pot
*** SUMMARY ***
Total pot $66 | Rake $0.50
Board [8h 8c 7h 9c Jh]
Seat 3: simper11 (button) (small blind) mucked
Seat 4: Wurst2000 (big blind) showed [Kh 9h] and won ($65.50) with a flush, King high


PokerStars Hand #157985863878:  Hold'em Limit ($3/$6 USD) - 2016/08/31 14:59:32 ET
Table 'Torrence' 6-max Seat #4 is the button
Seat 3: simper11 ($133.66 in chips)
Seat 4: Wurst2000 ($140.78 in chips)
Wurst2000: posts small blind $1
simper11: posts big blind $3
*** HOLE CARDS ***
Wurst2000: raises $3 to $6
simper11: calls $3
*** FLOP *** [7h Td 3d]
simper11: checks
Wurst2000: bets $3
simper11: folds
Uncalled bet ($3) returned to Wurst2000
Wurst2000 collected $11.76 from pot
Wurst2000: doesn't show hand
*** SUMMARY ***
Total pot $12 | Rake $0.24
Board [7h Td 3d]
Seat 3: simper11 (big blind) folded on the Flop
Seat 4: Wurst2000 (button) (small blind) collected ($11.76)


PokerStars Hand #157985879747:  Hold'em Limit ($3/$6 USD) - 2016/08/31 14:59:57 ET
Table 'Torrence' 6-max Seat #3 is the button
Seat 3: simper11 ($127.66 in chips)
Seat 4: Wurst2000 ($146.54 in chips)
simper11: posts small blind $1
Wurst2000: posts big blind $3
*** HOLE CARDS ***
simper11: raises $3 to $6
Wurst2000: folds
Uncalled bet ($3) returned to simper11
Jokkez 85 joins the table at seat #2
simper11 collected $6 from pot
simper11: doesn't show hand
*** SUMMARY ***
Total pot $6 | Rake $0
Seat 3: simper11 (button) (small blind) collected ($6)
Seat 4: Wurst2000 (big blind) folded before Flop


PokerStars Hand #157989725487:  Hold'em Limit ($3/$6 USD) - 2016/08/31 16:18:05 ET
Table 'Torrence' 6-max Seat #2 is the button
Seat 2: ``MULAT``86 ($126.95 in chips)
Seat 5: Ag3r0n ($76 in chips)
``MULAT``86: posts small blind $1
Wurst2000: is sitting out
Ag3r0n: posts big blind $3
*** HOLE CARDS ***
Wurst2000 leaves the table
``MULAT``86: folds
Uncalled bet ($2) returned to Ag3r0n
Ag3r0n collected $2 from pot
*** SUMMARY ***
Total pot $2 | Rake $0
Seat 2: ``MULAT``86 (button) (small blind) folded before Flop
Seat 5: Ag3r0n (big blind) collected ($2)


