PokerStars Hand #152782430837:  Hold'em Limit ($3/$6 USD) - 2016/05/03 0:50:39 ET
Table 'Toutatis' 6-max Seat #1 is the button
Seat 1: hairy1961 ($60 in chips)
Seat 4: Mudager ($120 in chips)
hairy1961: posts small blind $1
Mudager: posts big blind $3
*** HOLE CARDS ***
hairy1961: raises $3 to $6
Mudager: calls $3
*** FLOP *** [6d 8h 2s]
Mudager: checks
hairy1961: bets $3
Mudager: calls $3
*** TURN *** [6d 8h 2s] [Kh]
Mudager: checks
hairy1961: bets $6
Mudager: raises $6 to $12
hairy1961: raises $6 to $18
Mudager: calls $6
*** RIVER *** [6d 8h 2s Kh] [4h]
Mudager: checks
hairy1961: bets $6
Mudager: calls $6
*** SHOW DOWN ***
hairy1961: shows [Qd Qc] (a pair of Queens)
Mudager: shows [Ks 9d] (a pair of Kings)
Mudager collected $65.50 from pot
*** SUMMARY ***
Total pot $66 | Rake $0.50
Board [6d 8h 2s Kh 4h]
Seat 1: hairy1961 (button) (small blind) showed [Qd Qc] and lost with a pair of Queens
Seat 4: Mudager (big blind) showed [Ks 9d] and won ($65.50) with a pair of Kings


PokerStars Hand #152782439878:  Hold'em Limit ($3/$6 USD) - 2016/05/03 0:51:16 ET
Table 'Toutatis' 6-max Seat #4 is the button
Seat 1: hairy1961 ($27 in chips)
Seat 4: Mudager ($152.50 in chips)
Mudager: posts small blind $1
hairy1961: posts big blind $3
*** HOLE CARDS ***
Mudager: raises $3 to $6
hairy1961: calls $3
*** FLOP *** [8h Qd 3h]
hairy1961: checks
Mudager: bets $3
hairy1961: calls $3
*** TURN *** [8h Qd 3h] [5h]
hairy1961: checks
Mudager: checks
*** RIVER *** [8h Qd 3h 5h] [7d]
hairy1961: bets $6
Mudager: raises $6 to $12
Tryptamean joins the table at seat #2
hairy1961: raises $6 to $18 and is all-in
Mudager: calls $6
*** SHOW DOWN ***
hairy1961: shows [8d 6c] (a pair of Eights)
Mudager: shows [9s 6h] (a straight, Five to Nine)
Mudager collected $53.50 from pot
*** SUMMARY ***
Total pot $54 | Rake $0.50
Board [8h Qd 3h 5h 7d]
Seat 1: hairy1961 (big blind) showed [8d 6c] and lost with a pair of Eights
Seat 4: Mudager (button) (small blind) showed [9s 6h] and won ($53.50) with a straight, Five to Nine


PokerStars Hand #152782456600:  Hold'em Limit ($3/$6 USD) - 2016/05/03 0:52:26 ET
Table 'Toutatis' 6-max Seat #2 is the button
Seat 2: Tryptamean ($120 in chips)
Seat 4: Mudager ($179 in chips)
Tryptamean: posts small blind $1
Mudager: posts big blind $3
*** HOLE CARDS ***
Tryptamean: raises $3 to $6
Mudager: calls $3
*** FLOP *** [5s Qc 9d]
Mudager: checks
Tryptamean: checks
*** TURN *** [5s Qc 9d] [3c]
Mudager: checks
Tryptamean: checks
*** RIVER *** [5s Qc 9d 3c] [7s]
Mudager: bets $6
Tryptamean: calls $6
*** SHOW DOWN ***
Mudager: shows [4s 7h] (a pair of Sevens)
Tryptamean: mucks hand
Mudager collected $23.52 from pot
*** SUMMARY ***
Total pot $24 | Rake $0.48
Board [5s Qc 9d 3c 7s]
Seat 2: Tryptamean (button) (small blind) mucked
Seat 4: Mudager (big blind) showed [4s 7h] and won ($23.52) with a pair of Sevens


PokerStars Hand #152782472645:  Hold'em Limit ($3/$6 USD) - 2016/05/03 0:53:10 ET
Table 'Toutatis' 6-max Seat #4 is the button
Seat 2: Tryptamean ($108 in chips)
Seat 4: Mudager ($190.52 in chips)
Mudager: posts small blind $1
Tryptamean: posts big blind $3
*** HOLE CARDS ***
Mudager: raises $3 to $6
Tryptamean: calls $3
*** FLOP *** [8s Td 3h]
Tryptamean: checks
Mudager: checks
*** TURN *** [8s Td 3h] [5s]
Tryptamean: checks
Mudager: checks
*** RIVER *** [8s Td 3h 5s] [3d]
Tryptamean: bets $6
Mudager: folds
Uncalled bet ($6) returned to Tryptamean
Tryptamean collected $11.76 from pot
Tryptamean: doesn't show hand
*** SUMMARY ***
Total pot $12 | Rake $0.24
Board [8s Td 3h 5s 3d]
Seat 2: Tryptamean (big blind) collected ($11.76)
Seat 4: Mudager (button) (small blind) folded on the River


PokerStars Hand #152782486573:  Hold'em Limit ($3/$6 USD) - 2016/05/03 0:54:08 ET
Table 'Toutatis' 6-max Seat #4 is the button
Seat 2: Tryptamean ($119.52 in chips)
Seat 4: Mudager ($178.52 in chips)
Mudager: posts small blind $1
Tryptamean: posts big blind $3
*** HOLE CARDS ***
ChawkDee joins the table at seat #3
Mudager: folds
Uncalled bet ($2) returned to Tryptamean
Tryptamean collected $2 from pot
Tryptamean: doesn't show hand
*** SUMMARY ***
Total pot $2 | Rake $0
Seat 2: Tryptamean (big blind) collected ($2)
Seat 4: Mudager (button) (small blind) folded before Flop


PokerStars Hand #152782480533:  Hold'em Limit ($3/$6 USD) - 2016/05/03 0:53:43 ET
Table 'Toutatis' 6-max Seat #2 is the button
Seat 2: Tryptamean ($113.76 in chips)
Seat 4: Mudager ($184.52 in chips)
Tryptamean: posts small blind $1
Mudager: posts big blind $3
*** HOLE CARDS ***
Tryptamean: raises $3 to $6
Mudager: calls $3
*** FLOP *** [4d 5h 5d]
Mudager: checks
Tryptamean: bets $3
Mudager: folds
Uncalled bet ($3) returned to Tryptamean
Tryptamean collected $11.76 from pot
Tryptamean: doesn't show hand
*** SUMMARY ***
Total pot $12 | Rake $0.24
Board [4d 5h 5d]
Seat 2: Tryptamean (button) (small blind) collected ($11.76)
Seat 4: Mudager (big blind) folded on the Flop


PokerStars Hand #152782766537:  Hold'em Limit ($3/$6 USD) - 2016/05/03 1:14:04 ET
Table 'Toutatis' 6-max Seat #3 is the button
Seat 2: Tryptamean ($168.99 in chips)
Seat 3: ChawkDee ($96.45 in chips)
ChawkDee: posts small blind $1
Tryptamean: posts big blind $3
*** HOLE CARDS ***
ChawkDee: raises $3 to $6
Tryptamean: calls $3
*** FLOP *** [Ad 9c Kc]
Tryptamean: checks
ChawkDee: bets $3
Tryptamean: calls $3
*** TURN *** [Ad 9c Kc] [Qd]
Tryptamean: checks
ChawkDee: checks
*** RIVER *** [Ad 9c Kc Qd] [5h]
Tryptamean: bets $6
ChawkDee: calls $6
*** SHOW DOWN ***
Tryptamean: shows [2c Tc] (high card Ace)
ChawkDee: shows [Ks 8h] (a pair of Kings)
ChawkDee collected $29.50 from pot
*** SUMMARY ***
Total pot $30 | Rake $0.50
Board [Ad 9c Kc Qd 5h]
Seat 2: Tryptamean (big blind) showed [2c Tc] and lost with high card Ace
Seat 3: ChawkDee (button) (small blind) showed [Ks 8h] and won ($29.50) with a pair of Kings


PokerStars Hand #152782773249:  Hold'em Limit ($3/$6 USD) - 2016/05/03 1:14:31 ET
Table 'Toutatis' 6-max Seat #2 is the button
Seat 2: Tryptamean ($153.99 in chips)
Seat 3: ChawkDee ($110.95 in chips)
Tryptamean: posts small blind $1
ChawkDee: posts big blind $3
*** HOLE CARDS ***
Tryptamean: folds
Uncalled bet ($2) returned to ChawkDee
ChawkDee collected $2 from pot
ChawkDee: doesn't show hand
*** SUMMARY ***
Total pot $2 | Rake $0
Seat 2: Tryptamean (button) (small blind) folded before Flop
Seat 3: ChawkDee (big blind) collected ($2)


PokerStars Hand #152782784324:  Hold'em Limit ($3/$6 USD) - 2016/05/03 1:15:17 ET
Table 'Toutatis' 6-max Seat #2 is the button
Seat 2: Tryptamean ($173.49 in chips)
Seat 3: ChawkDee ($90.95 in chips)
Tryptamean: posts small blind $1
ChawkDee: posts big blind $3
*** HOLE CARDS ***
Tryptamean: raises $3 to $6
ChawkDee: folds
Uncalled bet ($3) returned to Tryptamean
Tryptamean collected $6 from pot
Tryptamean: doesn't show hand
*** SUMMARY ***
Total pot $6 | Rake $0
Seat 2: Tryptamean (button) (small blind) collected ($6)
Seat 3: ChawkDee (big blind) folded before Flop


PokerStars Hand #152782774873:  Hold'em Limit ($3/$6 USD) - 2016/05/03 1:14:38 ET
Table 'Toutatis' 6-max Seat #3 is the button
Seat 2: Tryptamean ($152.99 in chips)
Seat 3: ChawkDee ($111.95 in chips)
ChawkDee: posts small blind $1
Tryptamean: posts big blind $3
*** HOLE CARDS ***
ChawkDee: raises $3 to $6
Tryptamean: raises $3 to $9
ChawkDee: calls $3
*** FLOP *** [Kc Tc 5s]
Tryptamean: bets $3
ChawkDee: raises $3 to $6
Tryptamean: calls $3
*** TURN *** [Kc Tc 5s] [2h]
Tryptamean: checks
ChawkDee: bets $6
Tryptamean: calls $6
*** RIVER *** [Kc Tc 5s 2h] [Jc]
Tryptamean: checks
ChawkDee: checks
*** SHOW DOWN ***
Tryptamean: shows [8h Th] (a pair of Tens)
ChawkDee: mucks hand
Tryptamean collected $41.50 from pot
*** SUMMARY ***
Total pot $42 | Rake $0.50
Board [Kc Tc 5s 2h Jc]
Seat 2: Tryptamean (big blind) showed [8h Th] and won ($41.50) with a pair of Tens
Seat 3: ChawkDee (button) (small blind) mucked


PokerStars Hand #152782789753:  Hold'em Limit ($3/$6 USD) - 2016/05/03 1:15:39 ET
Table 'Toutatis' 6-max Seat #2 is the button
Seat 2: Tryptamean ($173.49 in chips)
Seat 3: ChawkDee ($90.95 in chips)
Tryptamean: posts small blind $1
ChawkDee: posts big blind $3
*** HOLE CARDS ***
Tryptamean: raises $3 to $6
ChawkDee: folds
Uncalled bet ($3) returned to Tryptamean
Tryptamean collected $6 from pot
Tryptamean: doesn't show hand
*** SUMMARY ***
Total pot $6 | Rake $0
Seat 2: Tryptamean (button) (small blind) collected ($6)
Seat 3: ChawkDee (big blind) folded before Flop


PokerStars Hand #152782786834:  Hold'em Limit ($3/$6 USD) - 2016/05/03 1:15:27 ET
Table 'Toutatis' 6-max Seat #3 is the button
Seat 2: Tryptamean ($176.49 in chips)
Seat 3: ChawkDee ($87.95 in chips)
ChawkDee: posts small blind $1
Tryptamean: posts big blind $3
*** HOLE CARDS ***
ChawkDee: raises $3 to $6
Tryptamean: folds
Uncalled bet ($3) returned to ChawkDee
ChawkDee collected $6 from pot
ChawkDee: doesn't show hand
*** SUMMARY ***
Total pot $6 | Rake $0
Seat 2: Tryptamean (big blind) folded before Flop
Seat 3: ChawkDee (button) (small blind) collected ($6)


PokerStars Hand #152782805851:  Hold'em Limit ($3/$6 USD) - 2016/05/03 1:16:45 ET
Table 'Toutatis' 6-max Seat #3 is the button
Seat 2: Tryptamean ($199.75 in chips)
Seat 3: ChawkDee ($63.95 in chips)
ChawkDee: posts small blind $1
Tryptamean: posts big blind $3
*** HOLE CARDS ***
ChawkDee: folds
Uncalled bet ($2) returned to Tryptamean
Tryptamean collected $2 from pot
Tryptamean: doesn't show hand
*** SUMMARY ***
Total pot $2 | Rake $0
Seat 2: Tryptamean (big blind) collected ($2)
Seat 3: ChawkDee (button) (small blind) folded before Flop


PokerStars Hand #152782791813:  Hold'em Limit ($3/$6 USD) - 2016/05/03 1:15:47 ET
Table 'Toutatis' 6-max Seat #3 is the button
Seat 2: Tryptamean ($176.49 in chips)
Seat 3: ChawkDee ($87.95 in chips)
ChawkDee: posts small blind $1
Tryptamean: posts big blind $3
*** HOLE CARDS ***
ChawkDee: raises $3 to $6
Tryptamean: calls $3
*** FLOP *** [3d 4h 2h]
Tryptamean: checks
ChawkDee: checks
*** TURN *** [3d 4h 2h] [7c]
Tryptamean: checks
ChawkDee: bets $6
Tryptamean: calls $6
*** RIVER *** [3d 4h 2h 7c] [2s]
Tryptamean: checks
ChawkDee: bets $6
Tryptamean: calls $6
*** SHOW DOWN ***
ChawkDee: shows [Ts 9c] (a pair of Deuces)
Tryptamean: shows [Kd 5h] (a pair of Deuces - King kicker)
Tryptamean collected $35.50 from pot
*** SUMMARY ***
Total pot $36 | Rake $0.50
Board [3d 4h 2h 7c 2s]
Seat 2: Tryptamean (big blind) showed [Kd 5h] and won ($35.50) with a pair of Deuces
Seat 3: ChawkDee (button) (small blind) showed [Ts 9c] and lost with a pair of Deuces


PokerStars Hand #152782801287:  Hold'em Limit ($3/$6 USD) - 2016/05/03 1:16:26 ET
Table 'Toutatis' 6-max Seat #2 is the button
Seat 2: Tryptamean ($193.99 in chips)
Seat 3: ChawkDee ($69.95 in chips)
Tryptamean: posts small blind $1
ChawkDee: posts big blind $3
*** HOLE CARDS ***
Tryptamean: raises $3 to $6
ChawkDee: calls $3
*** FLOP *** [Tc 8s Ah]
ChawkDee: checks
Tryptamean: bets $3
ChawkDee: folds
Uncalled bet ($3) returned to Tryptamean
Tryptamean collected $11.76 from pot
Tryptamean: doesn't show hand
*** SUMMARY ***
Total pot $12 | Rake $0.24
Board [Tc 8s Ah]
Seat 2: Tryptamean (button) (small blind) collected ($11.76)
Seat 3: ChawkDee (big blind) folded on the Flop


PokerStars Hand #152782809718:  Hold'em Limit ($3/$6 USD) - 2016/05/03 1:17:01 ET
Table 'Toutatis' 6-max Seat #3 is the button
Seat 2: Tryptamean ($203.75 in chips)
Seat 3: ChawkDee ($59.95 in chips)
ChawkDee: posts small blind $1
Tryptamean: posts big blind $3
*** HOLE CARDS ***
ChawkDee: folds
Uncalled bet ($2) returned to Tryptamean
Tryptamean collected $2 from pot
Tryptamean: doesn't show hand
*** SUMMARY ***
Total pot $2 | Rake $0
Seat 2: Tryptamean (big blind) collected ($2)
Seat 3: ChawkDee (button) (small blind) folded before Flop


PokerStars Hand #152782807429:  Hold'em Limit ($3/$6 USD) - 2016/05/03 1:16:52 ET
Table 'Toutatis' 6-max Seat #2 is the button
Seat 2: Tryptamean ($200.75 in chips)
Seat 3: ChawkDee ($62.95 in chips)
Tryptamean: posts small blind $1
ChawkDee: posts big blind $3
*** HOLE CARDS ***
Tryptamean: raises $3 to $6
ChawkDee: folds
Uncalled bet ($3) returned to Tryptamean
Tryptamean collected $6 from pot
Tryptamean: doesn't show hand
*** SUMMARY ***
Total pot $6 | Rake $0
Seat 2: Tryptamean (button) (small blind) collected ($6)
Seat 3: ChawkDee (big blind) folded before Flop


PokerStars Hand #152782813139:  Hold'em Limit ($3/$6 USD) - 2016/05/03 1:17:15 ET
Table 'Toutatis' 6-max Seat #3 is the button
Seat 2: Tryptamean ($203.75 in chips)
Seat 3: ChawkDee ($59.95 in chips)
ChawkDee: posts small blind $1
Tryptamean: posts big blind $3
*** HOLE CARDS ***
ChawkDee: folds
Uncalled bet ($2) returned to Tryptamean
Tryptamean collected $2 from pot
Tryptamean: doesn't show hand
*** SUMMARY ***
Total pot $2 | Rake $0
Seat 2: Tryptamean (big blind) collected ($2)
Seat 3: ChawkDee (button) (small blind) folded before Flop


PokerStars Hand #152782823699:  Hold'em Limit ($3/$6 USD) - 2016/05/03 1:17:58 ET
Table 'Toutatis' 6-max Seat #3 is the button
Seat 2: Tryptamean ($213.39 in chips)
Seat 3: ChawkDee ($49.95 in chips)
ChawkDee: posts small blind $1
Tryptamean: posts big blind $3
*** HOLE CARDS ***
ChawkDee: folds
Uncalled bet ($2) returned to Tryptamean
Tryptamean collected $2 from pot
Tryptamean: doesn't show hand
*** SUMMARY ***
Total pot $2 | Rake $0
Seat 2: Tryptamean (big blind) collected ($2)
Seat 3: ChawkDee (button) (small blind) folded before Flop


PokerStars Hand #152782814822:  Hold'em Limit ($3/$6 USD) - 2016/05/03 1:17:22 ET
Table 'Toutatis' 6-max Seat #2 is the button
Seat 2: Tryptamean ($204.75 in chips)
Seat 3: ChawkDee ($58.95 in chips)
Tryptamean: posts small blind $1
ChawkDee: posts big blind $3
*** HOLE CARDS ***
Tryptamean: raises $3 to $6
ChawkDee: calls $3
*** FLOP *** [Jh 7s 3d]
ChawkDee: bets $3
Tryptamean: calls $3
*** TURN *** [Jh 7s 3d] [Kd]
ChawkDee: checks
Tryptamean: checks
*** RIVER *** [Jh 7s 3d Kd] [Qh]
ChawkDee: checks
Tryptamean: bets $6
ChawkDee: folds
Uncalled bet ($6) returned to Tryptamean
Tryptamean collected $17.64 from pot
Tryptamean: doesn't show hand
*** SUMMARY ***
Total pot $18 | Rake $0.36
Board [Jh 7s 3d Kd Qh]
Seat 2: Tryptamean (button) (small blind) collected ($17.64)
Seat 3: ChawkDee (big blind) folded on the River


PokerStars Hand #152782811291:  Hold'em Limit ($3/$6 USD) - 2016/05/03 1:17:07 ET
Table 'Toutatis' 6-max Seat #2 is the button
Seat 2: Tryptamean ($204.75 in chips)
Seat 3: ChawkDee ($58.95 in chips)
Tryptamean: posts small blind $1
ChawkDee: posts big blind $3
*** HOLE CARDS ***
Tryptamean: folds
Uncalled bet ($2) returned to ChawkDee
ChawkDee collected $2 from pot
ChawkDee: doesn't show hand
*** SUMMARY ***
Total pot $2 | Rake $0
Seat 2: Tryptamean (button) (small blind) folded before Flop
Seat 3: ChawkDee (big blind) collected ($2)


PokerStars Hand #152782825364:  Hold'em Limit ($3/$6 USD) - 2016/05/03 1:18:05 ET
Table 'Toutatis' 6-max Seat #2 is the button
Seat 2: Tryptamean ($214.39 in chips)
Seat 3: ChawkDee ($48.95 in chips)
Tryptamean: posts small blind $1
ChawkDee: posts big blind $3
*** HOLE CARDS ***
Tryptamean: raises $3 to $6
ChawkDee: raises $3 to $9
Tryptamean: calls $3
*** FLOP *** [5s Qc Jd]
ChawkDee: bets $3
Tryptamean: folds
Uncalled bet ($3) returned to ChawkDee
ChawkDee collected $17.64 from pot
ChawkDee: doesn't show hand
*** SUMMARY ***
Total pot $18 | Rake $0.36
Board [5s Qc Jd]
Seat 2: Tryptamean (button) (small blind) folded on the Flop
Seat 3: ChawkDee (big blind) collected ($17.64)


PokerStars Hand #152782843192:  Hold'em Limit ($3/$6 USD) - 2016/05/03 1:19:18 ET
Table 'Toutatis' 6-max Seat #2 is the button
Seat 2: Tryptamean ($228.89 in chips)
Seat 3: ChawkDee ($33.59 in chips)
Tryptamean: posts small blind $1
ChawkDee: posts big blind $3
*** HOLE CARDS ***
Tryptamean: raises $3 to $6
ChawkDee: folds
Uncalled bet ($3) returned to Tryptamean
Tryptamean collected $6 from pot
Tryptamean: doesn't show hand
*** SUMMARY ***
Total pot $6 | Rake $0
Seat 2: Tryptamean (button) (small blind) collected ($6)
Seat 3: ChawkDee (big blind) folded before Flop


PokerStars Hand #152782831651:  Hold'em Limit ($3/$6 USD) - 2016/05/03 1:18:31 ET
Table 'Toutatis' 6-max Seat #3 is the button
Seat 2: Tryptamean ($205.39 in chips)
Seat 3: ChawkDee ($57.59 in chips)
ChawkDee: posts small blind $1
Tryptamean: posts big blind $3
*** HOLE CARDS ***
ChawkDee: raises $3 to $6
Tryptamean: raises $3 to $9
ChawkDee: calls $3
*** FLOP *** [Kh 3h Qd]
Tryptamean: bets $3
ChawkDee: calls $3
*** TURN *** [Kh 3h Qd] [9h]
Tryptamean: checks
ChawkDee: bets $6
Tryptamean: raises $6 to $12
ChawkDee: calls $6
*** RIVER *** [Kh 3h Qd 9h] [7h]
Tryptamean: bets $6
ChawkDee: folds
Uncalled bet ($6) returned to Tryptamean
Tryptamean collected $47.50 from pot
Tryptamean: doesn't show hand
*** SUMMARY ***
Total pot $48 | Rake $0.50
Board [Kh 3h Qd 9h 7h]
Seat 2: Tryptamean (big blind) collected ($47.50)
Seat 3: ChawkDee (button) (small blind) folded on the River


PokerStars Hand #152782845145:  Hold'em Limit ($3/$6 USD) - 2016/05/03 1:19:27 ET
Table 'Toutatis' 6-max Seat #3 is the button
Seat 2: Tryptamean ($231.89 in chips)
Seat 3: ChawkDee ($30.59 in chips)
ChawkDee: posts small blind $1
Tryptamean: posts big blind $3
*** HOLE CARDS ***
ChawkDee: raises $3 to $6
Tryptamean: calls $3
*** FLOP *** [Jh 2c 8h]
Tryptamean: checks
PrinceJak112 joins the table at seat #6
ChawkDee: bets $3
Tryptamean: folds
Uncalled bet ($3) returned to ChawkDee
ChawkDee collected $11.76 from pot
ChawkDee: doesn't show hand
*** SUMMARY ***
Total pot $12 | Rake $0.24
Board [Jh 2c 8h]
Seat 2: Tryptamean (big blind) folded on the Flop
Seat 3: ChawkDee (button) (small blind) collected ($11.76)


PokerStars Hand #152782850007:  Hold'em Limit ($3/$6 USD) - 2016/05/03 1:19:47 ET
Table 'Toutatis' 6-max Seat #2 is the button
Seat 2: Tryptamean ($225.89 in chips)
Seat 3: ChawkDee ($36.35 in chips)
Tryptamean: posts small blind $1
ChawkDee: posts big blind $3
*** HOLE CARDS ***
Tryptamean: raises $3 to $6
ChawkDee: folds
Uncalled bet ($3) returned to Tryptamean
Tryptamean collected $6 from pot
Tryptamean: doesn't show hand
*** SUMMARY ***
Total pot $6 | Rake $0
Seat 2: Tryptamean (button) (small blind) collected ($6)
Seat 3: ChawkDee (big blind) folded before Flop


PokerStars Hand #152783055152:  Hold'em Limit ($3/$6 USD) - 2016/05/03 1:33:23 ET
Table 'Toutatis' 6-max Seat #6 is the button
Seat 3: ChawkDee ($10.90 in chips)
Seat 6: PrinceJak112 ($288.05 in chips)
PrinceJak112: posts small blind $1
Tryptamean: is sitting out
ChawkDee: posts big blind $3
*** HOLE CARDS ***
PrinceJak112: raises $3 to $6
ChawkDee: raises $3 to $9
PrinceJak112: raises $3 to $12
Betting is capped
ChawkDee: calls $1.90 and is all-in
Uncalled bet ($1.10) returned to PrinceJak112
*** FLOP *** [Jh 8c 8h]
*** TURN *** [Jh 8c 8h] [5c]
*** RIVER *** [Jh 8c 8h 5c] [Qs]
*** SHOW DOWN ***
ChawkDee: shows [Ad 5d] (two pair, Eights and Fives)
PrinceJak112: shows [4h 6h] (a pair of Eights)
ChawkDee collected $21.36 from pot
*** SUMMARY ***
Total pot $21.80 | Rake $0.44
Board [Jh 8c 8h 5c Qs]
Seat 3: ChawkDee (big blind) showed [Ad 5d] and won ($21.36) with two pair, Eights and Fives
Seat 6: PrinceJak112 (button) (small blind) showed [4h 6h] and lost with a pair of Eights


PokerStars Hand #152783061327:  Hold'em Limit ($3/$6 USD) - 2016/05/03 1:33:49 ET
Table 'Toutatis' 6-max Seat #6 is the button
Seat 3: ChawkDee ($20.36 in chips)
Seat 6: PrinceJak112 ($278.15 in chips)
PrinceJak112: posts small blind $1
ChawkDee: posts big blind $3
*** HOLE CARDS ***
PrinceJak112: folds
Uncalled bet ($2) returned to ChawkDee
ChawkDee collected $2 from pot
ChawkDee: doesn't show hand
*** SUMMARY ***
Total pot $2 | Rake $0
Seat 3: ChawkDee (big blind) collected ($2)
Seat 6: PrinceJak112 (button) (small blind) folded before Flop


PokerStars Hand #152783069805:  Hold'em Limit ($3/$6 USD) - 2016/05/03 1:34:25 ET
Table 'Toutatis' 6-max Seat #3 is the button
Seat 3: ChawkDee ($22.11 in chips)
Seat 6: PrinceJak112 ($275.90 in chips)
ChawkDee: posts small blind $1
PrinceJak112: posts big blind $3
*** HOLE CARDS ***
ChawkDee: raises $3 to $6
PrinceJak112: raises $3 to $9
ChawkDee: calls $3
*** FLOP *** [9d 4c 6h]
PrinceJak112: bets $3
ChawkDee: calls $3
*** TURN *** [9d 4c 6h] [Kc]
PrinceJak112: bets $6
ChawkDee: folds
Uncalled bet ($6) returned to PrinceJak112
PrinceJak112 collected $23.52 from pot
PrinceJak112: doesn't show hand
*** SUMMARY ***
Total pot $24 | Rake $0.48
Board [9d 4c 6h Kc]
Seat 3: ChawkDee (button) (small blind) folded on the Turn
Seat 6: PrinceJak112 (big blind) collected ($23.52)


PokerStars Hand #152783062598:  Hold'em Limit ($3/$6 USD) - 2016/05/03 1:33:54 ET
Table 'Toutatis' 6-max Seat #3 is the button
Seat 3: ChawkDee ($21.36 in chips)
Seat 6: PrinceJak112 ($277.15 in chips)
ChawkDee: posts small blind $1
love_mmm was removed from the table for failing to post
PrinceJak112: posts big blind $3
*** HOLE CARDS ***
ChawkDee: raises $3 to $6
PrinceJak112: calls $3
*** FLOP *** [9h 2c Qh]
PrinceJak112: bets $3
ChawkDee: calls $3
*** TURN *** [9h 2c Qh] [8c]
PrinceJak112: bets $6
ChawkDee: calls $6
*** RIVER *** [9h 2c Qh 8c] [9s]
PrinceJak112: bets $6
ChawkDee: calls $6
*** SHOW DOWN ***
PrinceJak112: shows [8s 5h] (two pair, Nines and Eights)
ChawkDee: shows [8d Js] (two pair, Nines and Eights)
PrinceJak112 collected $20.75 from pot
ChawkDee collected $20.75 from pot
*** SUMMARY ***
Total pot $42 | Rake $0.50
Board [9h 2c Qh 8c 9s]
Seat 3: ChawkDee (button) (small blind) showed [8d Js] and won ($20.75) with two pair, Nines and Eights
Seat 6: PrinceJak112 (big blind) showed [8s 5h] and won ($20.75) with two pair, Nines and Eights


PokerStars Hand #152783080854:  Hold'em Limit ($3/$6 USD) - 2016/05/03 1:35:10 ET
Table 'Toutatis' 6-max Seat #6 is the button
Seat 3: ChawkDee ($5.11 in chips)
Seat 6: PrinceJak112 ($292.18 in chips)
PrinceJak112: posts small blind $1
ChawkDee: posts big blind $3
*** HOLE CARDS ***
PrinceJak112: folds
Uncalled bet ($2) returned to ChawkDee
ChawkDee collected $2 from pot
ChawkDee: doesn't show hand
*** SUMMARY ***
Total pot $2 | Rake $0
Seat 3: ChawkDee (big blind) collected ($2)
Seat 6: PrinceJak112 (button) (small blind) folded before Flop


PokerStars Hand #152783087809:  Hold'em Limit ($3/$6 USD) - 2016/05/03 1:35:40 ET
Table 'Toutatis' 6-max Seat #3 is the button
Seat 3: ChawkDee ($17.86 in chips)
Seat 6: PrinceJak112 ($279.07 in chips)
ChawkDee: posts small blind $1
PrinceJak112: posts big blind $3
*** HOLE CARDS ***
ChawkDee: folds
Uncalled bet ($2) returned to PrinceJak112
PrinceJak112 collected $2 from pot
*** SUMMARY ***
Total pot $2 | Rake $0
Seat 3: ChawkDee (button) (small blind) folded before Flop
Seat 6: PrinceJak112 (big blind) collected ($2)


PokerStars Hand #152783082237:  Hold'em Limit ($3/$6 USD) - 2016/05/03 1:35:16 ET
Table 'Toutatis' 6-max Seat #3 is the button
Seat 3: ChawkDee ($6.11 in chips)
Seat 6: PrinceJak112 ($291.18 in chips)
ChawkDee: posts small blind $1
PrinceJak112: posts big blind $3
*** HOLE CARDS ***
ChawkDee: raises $3 to $6
PrinceJak112: folds
Uncalled bet ($3) returned to ChawkDee
ChawkDee collected $6 from pot
ChawkDee: doesn't show hand
*** SUMMARY ***
Total pot $6 | Rake $0
Seat 3: ChawkDee (button) (small blind) collected ($6)
Seat 6: PrinceJak112 (big blind) folded before Flop


PokerStars Hand #152783083801:  Hold'em Limit ($3/$6 USD) - 2016/05/03 1:35:23 ET
Table 'Toutatis' 6-max Seat #6 is the button
Seat 3: ChawkDee ($9.11 in chips)
Seat 6: PrinceJak112 ($288.18 in chips)
PrinceJak112: posts small blind $1
ChawkDee: posts big blind $3
*** HOLE CARDS ***
PrinceJak112: raises $3 to $6
ChawkDee: raises $3 to $9
PrinceJak112: raises $3 to $12
Betting is capped
ChawkDee: calls $0.11 and is all-in
Uncalled bet ($2.89) returned to PrinceJak112
*** FLOP *** [6s 8h 5h]
*** TURN *** [6s 8h 5h] [Ac]
*** RIVER *** [6s 8h 5h Ac] [Qd]
*** SHOW DOWN ***
ChawkDee: shows [Ad Qc] (two pair, Aces and Queens)
PrinceJak112: shows [3s As] (a pair of Aces)
ChawkDee collected $17.86 from pot
*** SUMMARY ***
Total pot $18.22 | Rake $0.36
Board [6s 8h 5h Ac Qd]
Seat 3: ChawkDee (big blind) showed [Ad Qc] and won ($17.86) with two pair, Aces and Queens
Seat 6: PrinceJak112 (button) (small blind) showed [3s As] and lost with a pair of Aces


PokerStars Hand #152783075983:  Hold'em Limit ($3/$6 USD) - 2016/05/03 1:34:50 ET
Table 'Toutatis' 6-max Seat #3 is the button
Seat 3: ChawkDee ($11.11 in chips)
Seat 6: PrinceJak112 ($286.42 in chips)
ChawkDee: posts small blind $1
PrinceJak112: posts big blind $3
*** HOLE CARDS ***
ChawkDee: raises $3 to $6
PrinceJak112: calls $3
*** FLOP *** [Ad 9c 7d]
PrinceJak112: checks
ChawkDee: checks
*** TURN *** [Ad 9c 7d] [Qc]
PrinceJak112: bets $6
ChawkDee: folds
Uncalled bet ($6) returned to PrinceJak112
PrinceJak112 collected $11.76 from pot
PrinceJak112: doesn't show hand
*** SUMMARY ***
Total pot $12 | Rake $0.24
Board [Ad 9c 7d Qc]
Seat 3: ChawkDee (button) (small blind) folded on the Turn
Seat 6: PrinceJak112 (big blind) collected ($11.76)


PokerStars Hand #152783102081:  Hold'em Limit ($3/$6 USD) - 2016/05/03 1:36:40 ET
Table 'Toutatis' 6-max Seat #3 is the button
Seat 3: ChawkDee ($39.12 in chips)
Seat 6: PrinceJak112 ($257.07 in chips)
ChawkDee: posts small blind $1
PrinceJak112: posts big blind $3
*** HOLE CARDS ***
ChawkDee: raises $3 to $6
PrinceJak112: calls $3
*** FLOP *** [5s 5h 2h]
PrinceJak112: checks
ChawkDee: checks
*** TURN *** [5s 5h 2h] [Ad]
PrinceJak112: bets $6
ChawkDee: folds
Uncalled bet ($6) returned to PrinceJak112
PrinceJak112 collected $11.76 from pot
*** SUMMARY ***
Total pot $12 | Rake $0.24
Board [5s 5h 2h Ad]
Seat 3: ChawkDee (button) (small blind) folded on the Turn
Seat 6: PrinceJak112 (big blind) collected ($11.76)


PokerStars Hand #152783097127:  Hold'em Limit ($3/$6 USD) - 2016/05/03 1:36:19 ET
Table 'Toutatis' 6-max Seat #6 is the button
Seat 3: ChawkDee ($21.62 in chips)
Seat 6: PrinceJak112 ($275.07 in chips)
PrinceJak112: posts small blind $1
ChawkDee: posts big blind $3
*** HOLE CARDS ***
PrinceJak112: raises $3 to $6
ChawkDee: raises $3 to $9
PrinceJak112: calls $3
*** FLOP *** [Th 5d 4s]
ChawkDee: bets $3
PrinceJak112: calls $3
*** TURN *** [Th 5d 4s] [Ad]
ChawkDee: checks
PrinceJak112: bets $6
ChawkDee: raises $3.62 to $9.62 and is all-in
PrinceJak112: folds
Uncalled bet ($3.62) returned to ChawkDee
ChawkDee collected $35.50 from pot
ChawkDee: doesn't show hand
*** SUMMARY ***
Total pot $36 | Rake $0.50
Board [Th 5d 4s Ad]
Seat 3: ChawkDee (big blind) collected ($35.50)
Seat 6: PrinceJak112 (button) (small blind) folded on the Turn


PokerStars Hand #152783091108:  Hold'em Limit ($3/$6 USD) - 2016/05/03 1:35:54 ET
Table 'Toutatis' 6-max Seat #6 is the button
Seat 3: ChawkDee ($16.86 in chips)
Seat 6: PrinceJak112 ($280.07 in chips)
PrinceJak112: posts small blind $1
ChawkDee: posts big blind $3
*** HOLE CARDS ***
PrinceJak112: raises $3 to $6
ChawkDee: calls $3
*** FLOP *** [Tc 7h 8h]
ChawkDee: checks
PrinceJak112: checks
*** TURN *** [Tc 7h 8h] [Js]
ChawkDee: checks
PrinceJak112: checks
*** RIVER *** [Tc 7h 8h Js] [Qs]
ChawkDee: bets $6
PrinceJak112: folds
Uncalled bet ($6) returned to ChawkDee
ChawkDee collected $11.76 from pot
ChawkDee: doesn't show hand
*** SUMMARY ***
Total pot $12 | Rake $0.24
Board [Tc 7h 8h Js Qs]
Seat 3: ChawkDee (big blind) collected ($11.76)
Seat 6: PrinceJak112 (button) (small blind) folded on the River


PokerStars Hand #152783108860:  Hold'em Limit ($3/$6 USD) - 2016/05/03 1:37:09 ET
Table 'Toutatis' 6-max Seat #3 is the button
Seat 3: ChawkDee ($27.12 in chips)
Seat 6: PrinceJak112 ($268.59 in chips)
ChawkDee: posts small blind $1
PrinceJak112: posts big blind $3
*** HOLE CARDS ***
Agrotait joins the table at seat #1
ChawkDee: raises $3 to $6
PrinceJak112: calls $3
*** FLOP *** [Ts Kd 4s]
PrinceJak112: bets $3
ChawkDee: raises $3 to $6
PrinceJak112: calls $3
*** TURN *** [Ts Kd 4s] [9d]
PrinceJak112: checks
ChawkDee: bets $6
PrinceJak112: calls $6
*** RIVER *** [Ts Kd 4s 9d] [As]
PrinceJak112: bets $6
ChawkDee: raises $3.12 to $9.12 and is all-in
PrinceJak112: calls $3.12
*** SHOW DOWN ***
ChawkDee: shows [6s 8s] (a flush, Ace high)
PrinceJak112: shows [Ac 5s] (a pair of Aces)
ChawkDee collected $53.74 from pot
*** SUMMARY ***
Total pot $54.24 | Rake $0.50
Board [Ts Kd 4s 9d As]
Seat 3: ChawkDee (button) (small blind) showed [6s 8s] and won ($53.74) with a flush, Ace high
Seat 6: PrinceJak112 (big blind) showed [Ac 5s] and lost with a pair of Aces


PokerStars Hand #152783105202:  Hold'em Limit ($3/$6 USD) - 2016/05/03 1:36:53 ET
Table 'Toutatis' 6-max Seat #6 is the button
Seat 3: ChawkDee ($33.12 in chips)
Seat 6: PrinceJak112 ($262.83 in chips)
PrinceJak112: posts small blind $1
ChawkDee: posts big blind $3
*** HOLE CARDS ***
PrinceJak112: raises $3 to $6
ChawkDee: calls $3
*** FLOP *** [3h Jc 8h]
ChawkDee: checks
PrinceJak112: bets $3
ChawkDee: folds
Uncalled bet ($3) returned to PrinceJak112
PrinceJak112 collected $11.76 from pot
PrinceJak112: doesn't show hand
*** SUMMARY ***
Total pot $12 | Rake $0.24
Board [3h Jc 8h]
Seat 3: ChawkDee (big blind) folded on the Flop
Seat 6: PrinceJak112 (button) (small blind) collected ($11.76)


PokerStars Hand #152783206020:  Hold'em Limit ($3/$6 USD) - 2016/05/03 1:43:57 ET
Table 'Toutatis' 6-max Seat #1 is the button
Seat 1: Agrotait ($126.93 in chips)
Seat 6: PrinceJak112 ($230.71 in chips)
Agrotait: posts small blind $1
PrinceJak112: posts big blind $3
*** HOLE CARDS ***
Agrotait: raises $3 to $6
PrinceJak112: calls $3
*** FLOP *** [9h Jh 3s]
PrinceJak112: bets $3
ChawkDee leaves the table
Agrotait: calls $3
*** TURN *** [9h Jh 3s] [2d]
PrinceJak112: bets $6
Agrotait: calls $6
*** RIVER *** [9h Jh 3s 2d] [7s]
PrinceJak112: bets $6
Agrotait: calls $6
*** SHOW DOWN ***
PrinceJak112: shows [9d 4d] (a pair of Nines)
Agrotait: mucks hand
PrinceJak112 collected $41.50 from pot
*** SUMMARY ***
Total pot $42 | Rake $0.50
Board [9h Jh 3s 2d 7s]
Seat 1: Agrotait (button) (small blind) mucked
Seat 6: PrinceJak112 (big blind) showed [9d 4d] and won ($41.50) with a pair of Nines


PokerStars Hand #152783216000:  Hold'em Limit ($3/$6 USD) - 2016/05/03 1:44:39 ET
Table 'Toutatis' 6-max Seat #1 is the button
Seat 1: Agrotait ($111.69 in chips)
Seat 6: PrinceJak112 ($245.21 in chips)
Agrotait: posts small blind $1
PrinceJak112: posts big blind $3
*** HOLE CARDS ***
Agrotait: folds
Uncalled bet ($2) returned to PrinceJak112
PrinceJak112 collected $2 from pot
PrinceJak112: doesn't show hand
*** SUMMARY ***
Total pot $2 | Rake $0
Seat 1: Agrotait (button) (small blind) folded before Flop
Seat 6: PrinceJak112 (big blind) collected ($2)


PokerStars Hand #152783211236:  Hold'em Limit ($3/$6 USD) - 2016/05/03 1:44:20 ET
Table 'Toutatis' 6-max Seat #6 is the button
Seat 1: Agrotait ($105.93 in chips)
Seat 6: PrinceJak112 ($251.21 in chips)
PrinceJak112: posts small blind $1
Agrotait: posts big blind $3
*** HOLE CARDS ***
PrinceJak112: raises $3 to $6
Agrotait: calls $3
*** FLOP *** [2c Kd 3h]
Agrotait: checks
PrinceJak112: checks
*** TURN *** [2c Kd 3h] [Kc]
Agrotait: bets $6
PrinceJak112: folds
Uncalled bet ($6) returned to Agrotait
Agrotait collected $11.76 from pot
Agrotait: doesn't show hand
*** SUMMARY ***
Total pot $12 | Rake $0.24
Board [2c Kd 3h Kc]
Seat 1: Agrotait (big blind) collected ($11.76)
Seat 6: PrinceJak112 (button) (small blind) folded on the Turn


PokerStars Hand #152783217983:  Hold'em Limit ($3/$6 USD) - 2016/05/03 1:44:48 ET
Table 'Toutatis' 6-max Seat #6 is the button
Seat 1: Agrotait ($110.69 in chips)
Seat 6: PrinceJak112 ($246.21 in chips)
PrinceJak112: posts small blind $1
Agrotait: posts big blind $3
*** HOLE CARDS ***
PrinceJak112: calls $2
Agrotait: checks
*** FLOP *** [3h Qc Ah]
Agrotait: checks
PrinceJak112: bets $3
Agrotait: calls $3
*** TURN *** [3h Qc Ah] [4s]
Agrotait: checks
PrinceJak112: bets $6
Agrotait: calls $6
*** RIVER *** [3h Qc Ah 4s] [Ac]
Agrotait: checks
PrinceJak112: bets $6
Agrotait: calls $6
*** SHOW DOWN ***
PrinceJak112: shows [8s 6c] (a pair of Aces)
Agrotait: shows [5c Qh] (two pair, Aces and Queens)
Agrotait collected $35.50 from pot
*** SUMMARY ***
Total pot $36 | Rake $0.50
Board [3h Qc Ah 4s Ac]
Seat 1: Agrotait (big blind) showed [5c Qh] and won ($35.50) with two pair, Aces and Queens
Seat 6: PrinceJak112 (button) (small blind) showed [8s 6c] and lost with a pair of Aces


PokerStars Hand #152783236938:  Hold'em Limit ($3/$6 USD) - 2016/05/03 1:46:06 ET
Table 'Toutatis' 6-max Seat #6 is the button
Seat 1: Agrotait ($127.19 in chips)
Seat 6: PrinceJak112 ($229.21 in chips)
PrinceJak112: posts small blind $1
Agrotait: posts big blind $3
*** HOLE CARDS ***
PrinceJak112: raises $3 to $6
Agrotait: calls $3
*** FLOP *** [Jd 8s 2s]
Agrotait: checks
PrinceJak112: bets $3
Agrotait: raises $3 to $6
PrinceJak112: calls $3
*** TURN *** [Jd 8s 2s] [As]
Agrotait: checks
PrinceJak112: bets $6
Agrotait: calls $6
*** RIVER *** [Jd 8s 2s As] [3d]
Agrotait: checks
PrinceJak112: bets $6
Agrotait: calls $6
*** SHOW DOWN ***
PrinceJak112: shows [3s Qh] (a pair of Threes)
Agrotait: shows [9c Jc] (a pair of Jacks)
Agrotait collected $47.50 from pot
*** SUMMARY ***
Total pot $48 | Rake $0.50
Board [Jd 8s 2s As 3d]
Seat 1: Agrotait (big blind) showed [9c Jc] and won ($47.50) with a pair of Jacks
Seat 6: PrinceJak112 (button) (small blind) showed [3s Qh] and lost with a pair of Threes


PokerStars Hand #152783229132:  Hold'em Limit ($3/$6 USD) - 2016/05/03 1:45:34 ET
Table 'Toutatis' 6-max Seat #1 is the button
Seat 1: Agrotait ($128.19 in chips)
Seat 6: PrinceJak112 ($228.21 in chips)
Agrotait: posts small blind $1
PrinceJak112: posts big blind $3
*** HOLE CARDS ***
Agrotait: folds
Uncalled bet ($2) returned to PrinceJak112
PrinceJak112 collected $2 from pot
*** SUMMARY ***
Total pot $2 | Rake $0
Seat 1: Agrotait (button) (small blind) folded before Flop
Seat 6: PrinceJak112 (big blind) collected ($2)


PokerStars Hand #152783248367:  Hold'em Limit ($3/$6 USD) - 2016/05/03 1:46:54 ET
Table 'Toutatis' 6-max Seat #1 is the button
Seat 1: Agrotait ($154.69 in chips)
Seat 6: PrinceJak112 ($201.21 in chips)
Agrotait: posts small blind $1
PrinceJak112: posts big blind $3
*** HOLE CARDS ***
Agrotait: folds
Uncalled bet ($2) returned to PrinceJak112
PrinceJak112 collected $2 from pot
PrinceJak112: doesn't show hand
*** SUMMARY ***
Total pot $2 | Rake $0
Seat 1: Agrotait (button) (small blind) folded before Flop
Seat 6: PrinceJak112 (big blind) collected ($2)


PokerStars Hand #152783247164:  Hold'em Limit ($3/$6 USD) - 2016/05/03 1:46:49 ET
Table 'Toutatis' 6-max Seat #6 is the button
Seat 1: Agrotait ($153.69 in chips)
Seat 6: PrinceJak112 ($202.21 in chips)
PrinceJak112: posts small blind $1
Agrotait: posts big blind $3
*** HOLE CARDS ***
PrinceJak112: folds
Uncalled bet ($2) returned to Agrotait
Agrotait collected $2 from pot
Agrotait: doesn't show hand
*** SUMMARY ***
Total pot $2 | Rake $0
Seat 1: Agrotait (big blind) collected ($2)
Seat 6: PrinceJak112 (button) (small blind) folded before Flop


PokerStars Hand #152783244683:  Hold'em Limit ($3/$6 USD) - 2016/05/03 1:46:38 ET
Table 'Toutatis' 6-max Seat #1 is the button
Seat 1: Agrotait ($150.69 in chips)
Seat 6: PrinceJak112 ($205.21 in chips)
Agrotait: posts small blind $1
PrinceJak112: posts big blind $3
*** HOLE CARDS ***
Agrotait: raises $3 to $6
PrinceJak112: folds
Uncalled bet ($3) returned to Agrotait
Agrotait collected $6 from pot
Agrotait: doesn't show hand
*** SUMMARY ***
Total pot $6 | Rake $0
Seat 1: Agrotait (button) (small blind) collected ($6)
Seat 6: PrinceJak112 (big blind) folded before Flop


PokerStars Hand #152783261538:  Hold'em Limit ($3/$6 USD) - 2016/05/03 1:47:48 ET
Table 'Toutatis' 6-max Seat #6 is the button
Seat 1: Agrotait ($129.69 in chips)
Seat 6: PrinceJak112 ($225.71 in chips)
PrinceJak112: posts small blind $1
Agrotait: posts big blind $3
*** HOLE CARDS ***
PrinceJak112: raises $3 to $6
Agrotait: calls $3
*** FLOP *** [Qs 5d 3d]
Agrotait: checks
PrinceJak112: bets $3
Agrotait: folds
Uncalled bet ($3) returned to PrinceJak112
PrinceJak112 collected $11.76 from pot
PrinceJak112: doesn't show hand
*** SUMMARY ***
Total pot $12 | Rake $0.24
Board [Qs 5d 3d]
Seat 1: Agrotait (big blind) folded on the Flop
Seat 6: PrinceJak112 (button) (small blind) collected ($11.76)


PokerStars Hand #152783250351:  Hold'em Limit ($3/$6 USD) - 2016/05/03 1:47:02 ET
Table 'Toutatis' 6-max Seat #6 is the button
Seat 1: Agrotait ($153.69 in chips)
Seat 6: PrinceJak112 ($202.21 in chips)
PrinceJak112: posts small blind $1
Agrotait: posts big blind $3
*** HOLE CARDS ***
PrinceJak112: raises $3 to $6
Agrotait: calls $3
*** FLOP *** [3d Kh 9d]
Agrotait: checks
PrinceJak112: bets $3
Agrotait: raises $3 to $6
PrinceJak112: raises $3 to $9
Agrotait: calls $3
*** TURN *** [3d Kh 9d] [Qc]
Agrotait: checks
PrinceJak112: bets $6
Agrotait: calls $6
*** RIVER *** [3d Kh 9d Qc] [8h]
Agrotait: checks
PrinceJak112: bets $6
Agrotait: calls $6
*** SHOW DOWN ***
PrinceJak112: shows [Kd 2s] (a pair of Kings)
Agrotait: mucks hand
PrinceJak112 collected $53.50 from pot
*** SUMMARY ***
Total pot $54 | Rake $0.50
Board [3d Kh 9d Qc 8h]
Seat 1: Agrotait (big blind) mucked
Seat 6: PrinceJak112 (button) (small blind) showed [Kd 2s] and won ($53.50) with a pair of Kings


PokerStars Hand #152783260086:  Hold'em Limit ($3/$6 USD) - 2016/05/03 1:47:42 ET
Table 'Toutatis' 6-max Seat #1 is the button
Seat 1: Agrotait ($126.69 in chips)
Seat 6: PrinceJak112 ($228.71 in chips)
Agrotait: posts small blind $1
PrinceJak112: posts big blind $3
*** HOLE CARDS ***
Agrotait: raises $3 to $6
PrinceJak112: folds
Uncalled bet ($3) returned to Agrotait
Agrotait collected $6 from pot
Agrotait: doesn't show hand
*** SUMMARY ***
Total pot $6 | Rake $0
Seat 1: Agrotait (button) (small blind) collected ($6)
Seat 6: PrinceJak112 (big blind) folded before Flop


PokerStars Hand #152783265134:  Hold'em Limit ($3/$6 USD) - 2016/05/03 1:48:03 ET
Table 'Toutatis' 6-max Seat #1 is the button
Seat 1: Agrotait ($123.69 in chips)
Seat 6: PrinceJak112 ($231.47 in chips)
Agrotait: posts small blind $1
PrinceJak112: posts big blind $3
*** HOLE CARDS ***
Agrotait: raises $3 to $6
PrinceJak112: calls $3
*** FLOP *** [4d 9d Ts]
PrinceJak112: checks
Agrotait: bets $3
PrinceJak112: raises $3 to $6
Agrotait: folds
Uncalled bet ($3) returned to PrinceJak112
PrinceJak112 collected $17.64 from pot
*** SUMMARY ***
Total pot $18 | Rake $0.36
Board [4d 9d Ts]
Seat 1: Agrotait (button) (small blind) folded on the Flop
Seat 6: PrinceJak112 (big blind) collected ($17.64)


PokerStars Hand #152783271188:  Hold'em Limit ($3/$6 USD) - 2016/05/03 1:48:28 ET
Table 'Toutatis' 6-max Seat #1 is the button
Seat 1: Agrotait ($111.69 in chips)
Seat 6: PrinceJak112 ($243.11 in chips)
Agrotait: posts small blind $1
PrinceJak112: posts big blind $3
*** HOLE CARDS ***
Agrotait: raises $3 to $6
PrinceJak112: folds
Uncalled bet ($3) returned to Agrotait
Agrotait collected $6 from pot
Agrotait: doesn't show hand
*** SUMMARY ***
Total pot $6 | Rake $0
Seat 1: Agrotait (button) (small blind) collected ($6)
Seat 6: PrinceJak112 (big blind) folded before Flop


PokerStars Hand #152783269607:  Hold'em Limit ($3/$6 USD) - 2016/05/03 1:48:22 ET
Table 'Toutatis' 6-max Seat #6 is the button
Seat 1: Agrotait ($114.69 in chips)
Seat 6: PrinceJak112 ($240.11 in chips)
PrinceJak112: posts small blind $1
Agrotait: posts big blind $3
*** HOLE CARDS ***
PrinceJak112: raises $3 to $6
Agrotait: folds
Uncalled bet ($3) returned to PrinceJak112
PrinceJak112 collected $6 from pot
PrinceJak112: doesn't show hand
*** SUMMARY ***
Total pot $6 | Rake $0
Seat 1: Agrotait (big blind) folded before Flop
Seat 6: PrinceJak112 (button) (small blind) collected ($6)


PokerStars Hand #152783282514:  Hold'em Limit ($3/$6 USD) - 2016/05/03 1:49:15 ET
Table 'Toutatis' 6-max Seat #6 is the button
Seat 1: Agrotait ($102.69 in chips)
Seat 6: PrinceJak112 ($251.61 in chips)
PrinceJak112: posts small blind $1
Agrotait: posts big blind $3
*** HOLE CARDS ***
PrinceJak112: folds
Uncalled bet ($2) returned to Agrotait
Agrotait collected $2 from pot
Agrotait: doesn't show hand
*** SUMMARY ***
Total pot $2 | Rake $0
Seat 1: Agrotait (big blind) collected ($2)
Seat 6: PrinceJak112 (button) (small blind) folded before Flop


PokerStars Hand #152783281046:  Hold'em Limit ($3/$6 USD) - 2016/05/03 1:49:09 ET
Table 'Toutatis' 6-max Seat #1 is the button
Seat 1: Agrotait ($99.69 in chips)
Seat 6: PrinceJak112 ($254.61 in chips)
Agrotait: posts small blind $1
PrinceJak112: posts big blind $3
*** HOLE CARDS ***
Agrotait: raises $3 to $6
PrinceJak112: folds
Uncalled bet ($3) returned to Agrotait
Agrotait collected $6 from pot
Agrotait: doesn't show hand
*** SUMMARY ***
Total pot $6 | Rake $0
Seat 1: Agrotait (button) (small blind) collected ($6)
Seat 6: PrinceJak112 (big blind) folded before Flop


PokerStars Hand #152783272771:  Hold'em Limit ($3/$6 USD) - 2016/05/03 1:48:35 ET
Table 'Toutatis' 6-max Seat #6 is the button
Seat 1: Agrotait ($114.69 in chips)
Seat 6: PrinceJak112 ($240.11 in chips)
PrinceJak112: posts small blind $1
Agrotait: posts big blind $3
*** HOLE CARDS ***
PrinceJak112: raises $3 to $6
Agrotait: calls $3
*** FLOP *** [Js Jc Ks]
Agrotait: checks
PrinceJak112: bets $3
Agrotait: calls $3
*** TURN *** [Js Jc Ks] [Kh]
Agrotait: checks
PrinceJak112: bets $6
Agrotait: calls $6
*** RIVER *** [Js Jc Ks Kh] [As]
Agrotait: checks
PrinceJak112: bets $6
Agrotait: folds
Uncalled bet ($6) returned to PrinceJak112
PrinceJak112 collected $29.50 from pot
*** SUMMARY ***
Total pot $30 | Rake $0.50
Board [Js Jc Ks Kh As]
Seat 1: Agrotait (big blind) folded on the River
Seat 6: PrinceJak112 (button) (small blind) collected ($29.50)


PokerStars Hand #152783288997:  Hold'em Limit ($3/$6 USD) - 2016/05/03 1:49:42 ET
Table 'Toutatis' 6-max Seat #6 is the button
Seat 1: Agrotait ($109.45 in chips)
Seat 6: PrinceJak112 ($244.61 in chips)
PrinceJak112: posts small blind $1
Agrotait: posts big blind $3
*** HOLE CARDS ***
PrinceJak112: raises $3 to $6
Agrotait: raises $3 to $9
PrinceJak112: calls $3
*** FLOP *** [Jd Kh 6h]
Agrotait: bets $3
PrinceJak112: folds
Uncalled bet ($3) returned to Agrotait
Agrotait collected $17.64 from pot
Agrotait: doesn't show hand
*** SUMMARY ***
Total pot $18 | Rake $0.36
Board [Jd Kh 6h]
Seat 1: Agrotait (big blind) collected ($17.64)
Seat 6: PrinceJak112 (button) (small blind) folded on the Flop


PokerStars Hand #152783283632:  Hold'em Limit ($3/$6 USD) - 2016/05/03 1:49:20 ET
Table 'Toutatis' 6-max Seat #1 is the button
Seat 1: Agrotait ($103.69 in chips)
Seat 6: PrinceJak112 ($250.61 in chips)
Agrotait: posts small blind $1
PrinceJak112: posts big blind $3
*** HOLE CARDS ***
Agrotait: raises $3 to $6
PrinceJak112: calls $3
*** FLOP *** [Qd 2s 9s]
PrinceJak112: checks
Agrotait: bets $3
PrinceJak112: folds
Uncalled bet ($3) returned to Agrotait
Agrotait collected $11.76 from pot
Agrotait: doesn't show hand
*** SUMMARY ***
Total pot $12 | Rake $0.24
Board [Qd 2s 9s]
Seat 1: Agrotait (button) (small blind) collected ($11.76)
Seat 6: PrinceJak112 (big blind) folded on the Flop


PokerStars Hand #152783292002:  Hold'em Limit ($3/$6 USD) - 2016/05/03 1:49:54 ET
Table 'Toutatis' 6-max Seat #1 is the button
Seat 1: Agrotait ($118.09 in chips)
Seat 6: PrinceJak112 ($235.61 in chips)
Agrotait: posts small blind $1
PrinceJak112: posts big blind $3
*** HOLE CARDS ***
Agrotait: raises $3 to $6
PrinceJak112: calls $3
*** FLOP *** [2c 6c Js]
PrinceJak112: bets $3
Agrotait: calls $3
*** TURN *** [2c 6c Js] [Tc]
PrinceJak112: bets $6
Agrotait: folds
Uncalled bet ($6) returned to PrinceJak112
PrinceJak112 collected $17.64 from pot
PrinceJak112: doesn't show hand
*** SUMMARY ***
Total pot $18 | Rake $0.36
Board [2c 6c Js Tc]
Seat 1: Agrotait (button) (small blind) folded on the Turn
Seat 6: PrinceJak112 (big blind) collected ($17.64)


PokerStars Hand #152783301138:  Hold'em Limit ($3/$6 USD) - 2016/05/03 1:50:32 ET
Table 'Toutatis' 6-max Seat #6 is the button
Seat 1: Agrotait ($109.09 in chips)
Seat 6: PrinceJak112 ($244.25 in chips)
PrinceJak112: posts small blind $1
Agrotait: posts big blind $3
*** HOLE CARDS ***
PrinceJak112: raises $3 to $6
Agrotait: calls $3
*** FLOP *** [8s 6h Ts]
Agrotait: bets $3
PrinceJak112: raises $3 to $6
Agrotait: calls $3
*** TURN *** [8s 6h Ts] [2h]
Agrotait: checks
PrinceJak112: bets $6
Agrotait: calls $6
*** RIVER *** [8s 6h Ts 2h] [Ac]
Agrotait: checks
PrinceJak112: checks
*** SHOW DOWN ***
Agrotait: shows [6c Js] (a pair of Sixes)
PrinceJak112: shows [Tc 7s] (a pair of Tens)
PrinceJak112 collected $35.50 from pot
*** SUMMARY ***
Total pot $36 | Rake $0.50
Board [8s 6h Ts 2h Ac]
Seat 1: Agrotait (big blind) showed [6c Js] and lost with a pair of Sixes
Seat 6: PrinceJak112 (button) (small blind) showed [Tc 7s] and won ($35.50) with a pair of Tens


PokerStars Hand #152783309491:  Hold'em Limit ($3/$6 USD) - 2016/05/03 1:51:07 ET
Table 'Toutatis' 6-max Seat #1 is the button
Seat 1: Agrotait ($91.09 in chips)
Seat 6: PrinceJak112 ($261.75 in chips)
Agrotait: posts small blind $1
PrinceJak112: posts big blind $3
*** HOLE CARDS ***
Agrotait: raises $3 to $6
PrinceJak112: calls $3
*** FLOP *** [Td 4d 5h]
PrinceJak112: checks
Agrotait: bets $3
PrinceJak112: folds
Uncalled bet ($3) returned to Agrotait
Agrotait collected $11.76 from pot
Agrotait: doesn't show hand
*** SUMMARY ***
Total pot $12 | Rake $0.24
Board [Td 4d 5h]
Seat 1: Agrotait (button) (small blind) collected ($11.76)
Seat 6: PrinceJak112 (big blind) folded on the Flop


PokerStars Hand #152783313959:  Hold'em Limit ($3/$6 USD) - 2016/05/03 1:51:26 ET
Table 'Toutatis' 6-max Seat #1 is the button
Seat 1: Agrotait ($97.85 in chips)
Seat 6: PrinceJak112 ($254.75 in chips)
Agrotait: posts small blind $1
PrinceJak112: posts big blind $3
*** HOLE CARDS ***
Agrotait: raises $3 to $6
PrinceJak112: folds
Uncalled bet ($3) returned to Agrotait
Agrotait collected $6 from pot
Agrotait: doesn't show hand
*** SUMMARY ***
Total pot $6 | Rake $0
Seat 1: Agrotait (button) (small blind) collected ($6)
Seat 6: PrinceJak112 (big blind) folded before Flop


PokerStars Hand #152783315407:  Hold'em Limit ($3/$6 USD) - 2016/05/03 1:51:32 ET
Table 'Toutatis' 6-max Seat #6 is the button
Seat 1: Agrotait ($100.85 in chips)
Seat 6: PrinceJak112 ($251.75 in chips)
PrinceJak112: posts small blind $1
Agrotait: posts big blind $3
*** HOLE CARDS ***
PrinceJak112: raises $3 to $6
Agrotait: calls $3
*** FLOP *** [4d Ks 2s]
Agrotait: checks
PrinceJak112: bets $3
Agrotait: folds
Uncalled bet ($3) returned to PrinceJak112
PrinceJak112 collected $11.76 from pot
PrinceJak112: doesn't show hand
*** SUMMARY ***
Total pot $12 | Rake $0.24
Board [4d Ks 2s]
Seat 1: Agrotait (big blind) folded on the Flop
Seat 6: PrinceJak112 (button) (small blind) collected ($11.76)


PokerStars Hand #152783331729:  Hold'em Limit ($3/$6 USD) - 2016/05/03 1:52:40 ET
Table 'Toutatis' 6-max Seat #1 is the button
Seat 1: Agrotait ($147.85 in chips)
Seat 6: PrinceJak112 ($203.51 in chips)
Agrotait: posts small blind $1
PrinceJak112: posts big blind $3
*** HOLE CARDS ***
Agrotait: raises $3 to $6
PrinceJak112: calls $3
*** FLOP *** [Qh 3s 2s]
PrinceJak112: bets $3
Agrotait: calls $3
*** TURN *** [Qh 3s 2s] [6s]
PrinceJak112: bets $6
Agrotait: calls $6
*** RIVER *** [Qh 3s 2s 6s] [Ah]
PrinceJak112: bets $6
Agrotait: folds
Uncalled bet ($6) returned to PrinceJak112
PrinceJak112 collected $29.50 from pot
PrinceJak112: doesn't show hand
*** SUMMARY ***
Total pot $30 | Rake $0.50
Board [Qh 3s 2s 6s Ah]
Seat 1: Agrotait (button) (small blind) folded on the River
Seat 6: PrinceJak112 (big blind) collected ($29.50)


PokerStars Hand #152783320308:  Hold'em Limit ($3/$6 USD) - 2016/05/03 1:51:52 ET
Table 'Toutatis' 6-max Seat #1 is the button
Seat 1: Agrotait ($94.85 in chips)
Seat 6: PrinceJak112 ($257.51 in chips)
Agrotait: posts small blind $1
PrinceJak112: posts big blind $3
*** HOLE CARDS ***
Agrotait: raises $3 to $6
PrinceJak112: calls $3
*** FLOP *** [Ts Kh 7c]
PrinceJak112: checks
Agrotait: bets $3
PrinceJak112: calls $3
*** TURN *** [Ts Kh 7c] [5d]
PrinceJak112: checks
Agrotait: bets $6
PrinceJak112: calls $6
*** RIVER *** [Ts Kh 7c 5d] [9c]
PrinceJak112: checks
Agrotait: bets $6
PrinceJak112: calls $6
*** SHOW DOWN ***
Agrotait: shows [7h Td] (two pair, Tens and Sevens)
PrinceJak112: mucks hand
Agrotait collected $41.50 from pot
*** SUMMARY ***
Total pot $42 | Rake $0.50
Board [Ts Kh 7c 5d 9c]
Seat 1: Agrotait (button) (small blind) showed [7h Td] and won ($41.50) with two pair, Tens and Sevens
Seat 6: PrinceJak112 (big blind) mucked


PokerStars Hand #152783325854:  Hold'em Limit ($3/$6 USD) - 2016/05/03 1:52:15 ET
Table 'Toutatis' 6-max Seat #6 is the button
Seat 1: Agrotait ($115.35 in chips)
Seat 6: PrinceJak112 ($236.51 in chips)
PrinceJak112: posts small blind $1
Agrotait: posts big blind $3
*** HOLE CARDS ***
PrinceJak112: raises $3 to $6
Agrotait: raises $3 to $9
PrinceJak112: calls $3
*** FLOP *** [Kd 5s Qh]
Agrotait: bets $3
PrinceJak112: raises $3 to $6
Agrotait: calls $3
*** TURN *** [Kd 5s Qh] [4d]
Agrotait: checks
PrinceJak112: bets $6
Agrotait: calls $6
*** RIVER *** [Kd 5s Qh 4d] [Th]
Agrotait: bets $6
PrinceJak112: raises $6 to $12
Agrotait: calls $6
*** SHOW DOWN ***
PrinceJak112: shows [7s Tc] (a pair of Tens)
Agrotait: shows [Ts Qs] (two pair, Queens and Tens)
Agrotait collected $65.50 from pot
*** SUMMARY ***
Total pot $66 | Rake $0.50
Board [Kd 5s Qh 4d Th]
Seat 1: Agrotait (big blind) showed [Ts Qs] and won ($65.50) with two pair, Queens and Tens
Seat 6: PrinceJak112 (button) (small blind) showed [7s Tc] and lost with a pair of Tens


PokerStars Hand #152783337966:  Hold'em Limit ($3/$6 USD) - 2016/05/03 1:53:05 ET
Table 'Toutatis' 6-max Seat #6 is the button
Seat 1: Agrotait ($132.85 in chips)
Seat 6: PrinceJak112 ($218.01 in chips)
PrinceJak112: posts small blind $1
Agrotait: posts big blind $3
*** HOLE CARDS ***
PrinceJak112: raises $3 to $6
Agrotait: calls $3
*** FLOP *** [3s 6d 8h]
Agrotait: checks
PrinceJak112: bets $3
Agrotait: calls $3
*** TURN *** [3s 6d 8h] [Ac]
Agrotait: checks
PrinceJak112: bets $6
Agrotait: calls $6
*** RIVER *** [3s 6d 8h Ac] [Ks]
Agrotait: checks
PrinceJak112: bets $6
Agrotait: calls $6
*** SHOW DOWN ***
PrinceJak112: shows [Qh 6c] (a pair of Sixes)
Agrotait: mucks hand
PrinceJak112 collected $41.50 from pot
*** SUMMARY ***
Total pot $42 | Rake $0.50
Board [3s 6d 8h Ac Ks]
Seat 1: Agrotait (big blind) mucked
Seat 6: PrinceJak112 (button) (small blind) showed [Qh 6c] and won ($41.50) with a pair of Sixes


PokerStars Hand #152783346956:  Hold'em Limit ($3/$6 USD) - 2016/05/03 1:53:43 ET
Table 'Toutatis' 6-max Seat #1 is the button
Seat 1: Agrotait ($115.85 in chips)
Seat 6: PrinceJak112 ($234.51 in chips)
Agrotait: posts small blind $1
PrinceJak112: posts big blind $3
*** HOLE CARDS ***
Agrotait: raises $3 to $6
PrinceJak112: calls $3
*** FLOP *** [Ts 8c 5c]
PrinceJak112: checks
Agrotait: bets $3
PrinceJak112: calls $3
*** TURN *** [Ts 8c 5c] [9s]
PrinceJak112: checks
Agrotait: bets $6
PrinceJak112: calls $6
*** RIVER *** [Ts 8c 5c 9s] [Tc]
PrinceJak112: checks
Agrotait: bets $6
PrinceJak112: calls $6
*** SHOW DOWN ***
Agrotait: shows [Qc 7c] (a flush, Queen high)
PrinceJak112: mucks hand
Agrotait collected $41.50 from pot
*** SUMMARY ***
Total pot $42 | Rake $0.50
Board [Ts 8c 5c 9s Tc]
Seat 1: Agrotait (button) (small blind) showed [Qc 7c] and won ($41.50) with a flush, Queen high
Seat 6: PrinceJak112 (big blind) mucked


PokerStars Hand #152783343449:  Hold'em Limit ($3/$6 USD) - 2016/05/03 1:53:28 ET
Table 'Toutatis' 6-max Seat #6 is the button
Seat 1: Agrotait ($114.85 in chips)
Seat 6: PrinceJak112 ($235.51 in chips)
PrinceJak112: posts small blind $1
Agrotait: posts big blind $3
*** HOLE CARDS ***
PrinceJak112: folds
Uncalled bet ($2) returned to Agrotait
Agrotait collected $2 from pot
Agrotait: doesn't show hand
*** SUMMARY ***
Total pot $2 | Rake $0
Seat 1: Agrotait (big blind) collected ($2)
Seat 6: PrinceJak112 (button) (small blind) folded before Flop


PokerStars Hand #152783342049:  Hold'em Limit ($3/$6 USD) - 2016/05/03 1:53:22 ET
Table 'Toutatis' 6-max Seat #1 is the button
Seat 1: Agrotait ($111.85 in chips)
Seat 6: PrinceJak112 ($238.51 in chips)
Agrotait: posts small blind $1
PrinceJak112: posts big blind $3
*** HOLE CARDS ***
Agrotait: raises $3 to $6
PrinceJak112: folds
Uncalled bet ($3) returned to Agrotait
Agrotait collected $6 from pot
Agrotait: doesn't show hand
*** SUMMARY ***
Total pot $6 | Rake $0
Seat 1: Agrotait (button) (small blind) collected ($6)
Seat 6: PrinceJak112 (big blind) folded before Flop


PokerStars Hand #152783345795:  Hold'em Limit ($3/$6 USD) - 2016/05/03 1:53:38 ET
Table 'Toutatis' 6-max Seat #6 is the button
Seat 1: Agrotait ($114.85 in chips)
Seat 6: PrinceJak112 ($235.51 in chips)
PrinceJak112: posts small blind $1
Agrotait: posts big blind $3
*** HOLE CARDS ***
PrinceJak112: folds
Uncalled bet ($2) returned to Agrotait
Agrotait collected $2 from pot
Agrotait: doesn't show hand
*** SUMMARY ***
Total pot $2 | Rake $0
Seat 1: Agrotait (big blind) collected ($2)
Seat 6: PrinceJak112 (button) (small blind) folded before Flop


PokerStars Hand #152783344628:  Hold'em Limit ($3/$6 USD) - 2016/05/03 1:53:33 ET
Table 'Toutatis' 6-max Seat #1 is the button
Seat 1: Agrotait ($115.85 in chips)
Seat 6: PrinceJak112 ($234.51 in chips)
Agrotait: posts small blind $1
PrinceJak112: posts big blind $3
*** HOLE CARDS ***
Agrotait: folds
Uncalled bet ($2) returned to PrinceJak112
PrinceJak112 collected $2 from pot
PrinceJak112: doesn't show hand
*** SUMMARY ***
Total pot $2 | Rake $0
Seat 1: Agrotait (button) (small blind) folded before Flop
Seat 6: PrinceJak112 (big blind) collected ($2)


PokerStars Hand #152783364190:  Hold'em Limit ($3/$6 USD) - 2016/05/03 1:54:54 ET
Table 'Toutatis' 6-max Seat #6 is the button
Seat 1: Agrotait ($97.35 in chips)
Seat 6: PrinceJak112 ($251.53 in chips)
PrinceJak112: posts small blind $1
Agrotait: posts big blind $3
*** HOLE CARDS ***
PrinceJak112: raises $3 to $6
Agrotait: folds
Uncalled bet ($3) returned to PrinceJak112
PrinceJak112 collected $6 from pot
PrinceJak112: doesn't show hand
*** SUMMARY ***
Total pot $6 | Rake $0
Seat 1: Agrotait (big blind) folded before Flop
Seat 6: PrinceJak112 (button) (small blind) collected ($6)


PokerStars Hand #152783352696:  Hold'em Limit ($3/$6 USD) - 2016/05/03 1:54:06 ET
Table 'Toutatis' 6-max Seat #6 is the button
Seat 1: Agrotait ($136.35 in chips)
Seat 6: PrinceJak112 ($213.51 in chips)
PrinceJak112: posts small blind $1
Agrotait: posts big blind $3
*** HOLE CARDS ***
PrinceJak112: raises $3 to $6
Agrotait: raises $3 to $9
PrinceJak112: raises $3 to $12
Betting is capped
Agrotait: calls $3
*** FLOP *** [Jh As Qh]
Agrotait: checks
PrinceJak112: bets $3
Agrotait: calls $3
*** TURN *** [Jh As Qh] [Ad]
Agrotait: checks
PrinceJak112: bets $6
Agrotait: calls $6
*** RIVER *** [Jh As Qh Ad] [Ac]
Agrotait: checks
PrinceJak112: bets $6
Agrotait: calls $6
*** SHOW DOWN ***
PrinceJak112: shows [Ah Kc] (four of a kind, Aces)
Agrotait: mucks hand
PrinceJak112 collected $53.50 from pot
*** SUMMARY ***
Total pot $54 | Rake $0.50
Board [Jh As Qh Ad Ac]
Seat 1: Agrotait (big blind) mucked
Seat 6: PrinceJak112 (button) (small blind) showed [Ah Kc] and won ($53.50) with four of a kind, Aces


PokerStars Hand #152783360818:  Hold'em Limit ($3/$6 USD) - 2016/05/03 1:54:40 ET
Table 'Toutatis' 6-max Seat #1 is the button
Seat 1: Agrotait ($109.35 in chips)
Seat 6: PrinceJak112 ($240.01 in chips)
Agrotait: posts small blind $1
PrinceJak112: posts big blind $3
*** HOLE CARDS ***
Agrotait: raises $3 to $6
PrinceJak112: calls $3
*** FLOP *** [Ad Jc 6s]
PrinceJak112: bets $3
Agrotait: raises $3 to $6
PrinceJak112: calls $3
*** TURN *** [Ad Jc 6s] [5d]
PrinceJak112: bets $6
Agrotait: folds
Uncalled bet ($6) returned to PrinceJak112
PrinceJak112 collected $23.52 from pot
PrinceJak112: doesn't show hand
*** SUMMARY ***
Total pot $24 | Rake $0.48
Board [Ad Jc 6s 5d]
Seat 1: Agrotait (button) (small blind) folded on the Turn
Seat 6: PrinceJak112 (big blind) collected ($23.52)


PokerStars Hand #152783369937:  Hold'em Limit ($3/$6 USD) - 2016/05/03 1:55:20 ET
Table 'Toutatis' 6-max Seat #6 is the button
Seat 1: Agrotait ($82.35 in chips)
Seat 6: PrinceJak112 ($266.05 in chips)
PrinceJak112: posts small blind $1
Agrotait: posts big blind $3
*** HOLE CARDS ***
PrinceJak112: raises $3 to $6
Agrotait: calls $3
*** FLOP *** [3s 9c Qh]
Agrotait: checks
PrinceJak112: bets $3
Agrotait: folds
Uncalled bet ($3) returned to PrinceJak112
PrinceJak112 collected $11.76 from pot
PrinceJak112: doesn't show hand
*** SUMMARY ***
Total pot $12 | Rake $0.24
Board [3s 9c Qh]
Seat 1: Agrotait (big blind) folded on the Flop
Seat 6: PrinceJak112 (button) (small blind) collected ($11.76)


PokerStars Hand #152783375686:  Hold'em Limit ($3/$6 USD) - 2016/05/03 1:55:48 ET
Table 'Toutatis' 6-max Seat #1 is the button
Seat 1: Agrotait ($76.35 in chips)
Seat 6: PrinceJak112 ($271.81 in chips)
Agrotait: posts small blind $1
PrinceJak112: posts big blind $3
*** HOLE CARDS ***
Agrotait: raises $3 to $6
PrinceJak112: folds
Uncalled bet ($3) returned to Agrotait
Agrotait collected $6 from pot
Agrotait: doesn't show hand
*** SUMMARY ***
Total pot $6 | Rake $0
Seat 1: Agrotait (button) (small blind) collected ($6)
Seat 6: PrinceJak112 (big blind) folded before Flop


PokerStars Hand #152783382680:  Hold'em Limit ($3/$6 USD) - 2016/05/03 1:56:21 ET
Table 'Toutatis' 6-max Seat #1 is the button
Seat 1: Agrotait ($96.85 in chips)
Seat 6: PrinceJak112 ($250.81 in chips)
Agrotait: posts small blind $1
PrinceJak112: posts big blind $3
*** HOLE CARDS ***
Agrotait: raises $3 to $6
PrinceJak112: raises $3 to $9
Agrotait: calls $3
*** FLOP *** [Kc Qc 4d]
PrinceJak112: bets $3
Agrotait: calls $3
*** TURN *** [Kc Qc 4d] [4s]
PrinceJak112: bets $6
Agrotait: calls $6
*** RIVER *** [Kc Qc 4d 4s] [6s]
PrinceJak112: bets $6
Agrotait: calls $6
*** SHOW DOWN ***
PrinceJak112: shows [Ah Kd] (two pair, Kings and Fours)
Agrotait: mucks hand
PrinceJak112 collected $47.50 from pot
*** SUMMARY ***
Total pot $48 | Rake $0.50
Board [Kc Qc 4d 4s 6s]
Seat 1: Agrotait (button) (small blind) mucked
Seat 6: PrinceJak112 (big blind) showed [Ah Kd] and won ($47.50) with two pair, Kings and Fours


PokerStars Hand #152783376846:  Hold'em Limit ($3/$6 USD) - 2016/05/03 1:55:53 ET
Table 'Toutatis' 6-max Seat #6 is the button
Seat 1: Agrotait ($79.35 in chips)
Seat 6: PrinceJak112 ($268.81 in chips)
PrinceJak112: posts small blind $1
Agrotait: posts big blind $3
*** HOLE CARDS ***
PrinceJak112: raises $3 to $6
Agrotait: calls $3
*** FLOP *** [Ac 9h 7s]
Agrotait: checks
PrinceJak112: bets $3
Agrotait: raises $3 to $6
PrinceJak112: calls $3
*** TURN *** [Ac 9h 7s] [4d]
Agrotait: bets $6
PrinceJak112: calls $6
*** RIVER *** [Ac 9h 7s 4d] [Td]
Agrotait: checks
PrinceJak112: checks
*** SHOW DOWN ***
Agrotait: shows [Ts 6c] (a pair of Tens)
PrinceJak112: mucks hand
Agrotait collected $35.50 from pot
*** SUMMARY ***
Total pot $36 | Rake $0.50
Board [Ac 9h 7s 4d Td]
Seat 1: Agrotait (big blind) showed [Ts 6c] and won ($35.50) with a pair of Tens
Seat 6: PrinceJak112 (button) (small blind) mucked


PokerStars Hand #152783387110:  Hold'em Limit ($3/$6 USD) - 2016/05/03 1:56:41 ET
Table 'Toutatis' 6-max Seat #6 is the button
Seat 1: Agrotait ($72.85 in chips)
Seat 6: PrinceJak112 ($274.31 in chips)
PrinceJak112: posts small blind $1
Agrotait: posts big blind $3
*** HOLE CARDS ***
PrinceJak112: raises $3 to $6
Agrotait: raises $3 to $9
PrinceJak112: calls $3
*** FLOP *** [8d 7h 9c]
Agrotait: bets $3
PrinceJak112: calls $3
*** TURN *** [8d 7h 9c] [Ks]
Agrotait: checks
PrinceJak112: bets $6
Agrotait: calls $6
*** RIVER *** [8d 7h 9c Ks] [As]
Agrotait: bets $6
PrinceJak112: calls $6
*** SHOW DOWN ***
Agrotait: shows [Qs Ac] (a pair of Aces)
PrinceJak112: mucks hand
Agrotait collected $47.50 from pot
*** SUMMARY ***
Total pot $48 | Rake $0.50
Board [8d 7h 9c Ks As]
Seat 1: Agrotait (big blind) showed [Qs Ac] and won ($47.50) with a pair of Aces
Seat 6: PrinceJak112 (button) (small blind) mucked


PokerStars Hand #152783398179:  Hold'em Limit ($3/$6 USD) - 2016/05/03 1:57:32 ET
Table 'Toutatis' 6-max Seat #1 is the button
Seat 1: Agrotait ($96.35 in chips)
Seat 6: PrinceJak112 ($250.31 in chips)
Agrotait: posts small blind $1
PrinceJak112: posts big blind $3
*** HOLE CARDS ***
Agrotait: raises $3 to $6
PrinceJak112: calls $3
*** FLOP *** [4h 2h 7d]
PrinceJak112: checks
Agrotait: checks
*** TURN *** [4h 2h 7d] [8c]
PrinceJak112: bets $6
Agrotait: folds
Uncalled bet ($6) returned to PrinceJak112
PrinceJak112 collected $11.76 from pot
*** SUMMARY ***
Total pot $12 | Rake $0.24
Board [4h 2h 7d 8c]
Seat 1: Agrotait (button) (small blind) folded on the Turn
Seat 6: PrinceJak112 (big blind) collected ($11.76)


PokerStars Hand #152783410805:  Hold'em Limit ($3/$6 USD) - 2016/05/03 1:58:31 ET
Table 'Toutatis' 6-max Seat #6 is the button
Seat 1: Agrotait ($81.35 in chips)
Seat 6: PrinceJak112 ($264.59 in chips)
PrinceJak112: posts small blind $1
Agrotait: posts big blind $3
*** HOLE CARDS ***
PrinceJak112: raises $3 to $6
Agrotait: calls $3
*** FLOP *** [Kd 5h Td]
Agrotait: checks
PrinceJak112: bets $3
Agrotait: raises $3 to $6
PrinceJak112: calls $3
*** TURN *** [Kd 5h Td] [Qd]
Agrotait: bets $6
PrinceJak112: calls $6
*** RIVER *** [Kd 5h Td Qd] [4d]
Agrotait: bets $6
PrinceJak112: raises $6 to $12
Agrotait: calls $6
*** SHOW DOWN ***
PrinceJak112: shows [Ts Ac] (a pair of Tens)
Agrotait: shows [9d Qh] (a flush, King high)
Agrotait collected $59.50 from pot
*** SUMMARY ***
Total pot $60 | Rake $0.50
Board [Kd 5h Td Qd 4d]
Seat 1: Agrotait (big blind) showed [9d Qh] and won ($59.50) with a flush, King high
Seat 6: PrinceJak112 (button) (small blind) showed [Ts Ac] and lost with a pair of Tens


PokerStars Hand #152783409486:  Hold'em Limit ($3/$6 USD) - 2016/05/03 1:58:25 ET
Table 'Toutatis' 6-max Seat #1 is the button
Seat 1: Agrotait ($78.35 in chips)
Seat 6: PrinceJak112 ($267.59 in chips)
Agrotait: posts small blind $1
PrinceJak112: posts big blind $3
*** HOLE CARDS ***
Agrotait: raises $3 to $6
PrinceJak112: folds
Uncalled bet ($3) returned to Agrotait
Agrotait collected $6 from pot
Agrotait: doesn't show hand
*** SUMMARY ***
Total pot $6 | Rake $0
Seat 1: Agrotait (button) (small blind) collected ($6)
Seat 6: PrinceJak112 (big blind) folded before Flop


PokerStars Hand #152783405818:  Hold'em Limit ($3/$6 USD) - 2016/05/03 1:58:08 ET
Table 'Toutatis' 6-max Seat #6 is the button
Seat 1: Agrotait ($90.35 in chips)
Seat 6: PrinceJak112 ($256.07 in chips)
PrinceJak112: posts small blind $1
Agrotait: posts big blind $3
*** HOLE CARDS ***
PrinceJak112: raises $3 to $6
Agrotait: calls $3
*** FLOP *** [Qd 2h 9h]
Agrotait: checks
PrinceJak112: checks
*** TURN *** [Qd 2h 9h] [6d]
Agrotait: bets $6
PrinceJak112: calls $6
*** RIVER *** [Qd 2h 9h 6d] [Tc]
Agrotait: checks
PrinceJak112: checks
*** SHOW DOWN ***
Agrotait: shows [2c 5c] (a pair of Deuces)
PrinceJak112: shows [5s 6h] (a pair of Sixes)
PrinceJak112 collected $23.52 from pot
*** SUMMARY ***
Total pot $24 | Rake $0.48
Board [Qd 2h 9h 6d Tc]
Seat 1: Agrotait (big blind) showed [2c 5c] and lost with a pair of Deuces
Seat 6: PrinceJak112 (button) (small blind) showed [5s 6h] and won ($23.52) with a pair of Sixes


PokerStars Hand #152783424642:  Hold'em Limit ($3/$6 USD) - 2016/05/03 1:59:35 ET
Table 'Toutatis' 6-max Seat #6 is the button
Seat 1: Agrotait ($131.35 in chips)
Seat 6: PrinceJak112 ($213.59 in chips)
PrinceJak112: posts small blind $1
Agrotait: posts big blind $3
*** HOLE CARDS ***
PrinceJak112: folds
Uncalled bet ($2) returned to Agrotait
Agrotait collected $2 from pot
Agrotait: doesn't show hand
*** SUMMARY ***
Total pot $2 | Rake $0
Seat 1: Agrotait (big blind) collected ($2)
Seat 6: PrinceJak112 (button) (small blind) folded before Flop


PokerStars Hand #152783418517:  Hold'em Limit ($3/$6 USD) - 2016/05/03 1:59:06 ET
Table 'Toutatis' 6-max Seat #1 is the button
Seat 1: Agrotait ($110.85 in chips)
Seat 6: PrinceJak112 ($234.59 in chips)
Agrotait: posts small blind $1
PrinceJak112: posts big blind $3
*** HOLE CARDS ***
Agrotait: raises $3 to $6
PrinceJak112: calls $3
*** FLOP *** [2c 7d Jh]
PrinceJak112: checks
Agrotait: bets $3
PrinceJak112: calls $3
*** TURN *** [2c 7d Jh] [Kc]
PrinceJak112: checks
Agrotait: bets $6
PrinceJak112: calls $6
*** RIVER *** [2c 7d Jh Kc] [5s]
PrinceJak112: bets $6
Agrotait: raises $6 to $12
PrinceJak112: folds
Uncalled bet ($6) returned to Agrotait
Agrotait collected $41.50 from pot
Agrotait: doesn't show hand
*** SUMMARY ***
Total pot $42 | Rake $0.50
Board [2c 7d Jh Kc 5s]
Seat 1: Agrotait (button) (small blind) collected ($41.50)
Seat 6: PrinceJak112 (big blind) folded on the River


PokerStars Hand #152783434028:  Hold'em Limit ($3/$6 USD) - 2016/05/03 2:00:18 ET
Table 'Toutatis' 6-max Seat #6 is the button
Seat 1: Agrotait ($155.85 in chips)
Seat 6: PrinceJak112 ($188.59 in chips)
PrinceJak112: posts small blind $1
Agrotait: posts big blind $3
*** HOLE CARDS ***
PrinceJak112: raises $3 to $6
Agrotait: calls $3
*** FLOP *** [4h Jh 6d]
Agrotait: checks
PrinceJak112: bets $3
Agrotait: folds
Uncalled bet ($3) returned to PrinceJak112
PrinceJak112 collected $11.76 from pot
PrinceJak112: doesn't show hand
*** SUMMARY ***
Total pot $12 | Rake $0.24
Board [4h Jh 6d]
Seat 1: Agrotait (big blind) folded on the Flop
Seat 6: PrinceJak112 (button) (small blind) collected ($11.76)


PokerStars Hand #152783425685:  Hold'em Limit ($3/$6 USD) - 2016/05/03 1:59:40 ET
Table 'Toutatis' 6-max Seat #1 is the button
Seat 1: Agrotait ($132.35 in chips)
Seat 6: PrinceJak112 ($212.59 in chips)
Agrotait: posts small blind $1
PrinceJak112: posts big blind $3
*** HOLE CARDS ***
Agrotait: raises $3 to $6
PrinceJak112: raises $3 to $9
Agrotait: calls $3
*** FLOP *** [Jh 4h 8h]
PrinceJak112: bets $3
Agrotait: calls $3
*** TURN *** [Jh 4h 8h] [6c]
PrinceJak112: bets $6
Agrotait: calls $6
*** RIVER *** [Jh 4h 8h 6c] [5s]
PrinceJak112: bets $6
Agrotait: calls $6
*** SHOW DOWN ***
PrinceJak112: shows [Ts Ac] (high card Ace)
Agrotait: shows [Jd 9c] (a pair of Jacks)
Agrotait collected $47.50 from pot
*** SUMMARY ***
Total pot $48 | Rake $0.50
Board [Jh 4h 8h 6c 5s]
Seat 1: Agrotait (button) (small blind) showed [Jd 9c] and won ($47.50) with a pair of Jacks
Seat 6: PrinceJak112 (big blind) showed [Ts Ac] and lost with high card Ace


PokerStars Hand #152783439816:  Hold'em Limit ($3/$6 USD) - 2016/05/03 2:00:44 ET
Table 'Toutatis' 6-max Seat #1 is the button
Seat 1: Agrotait ($149.85 in chips)
Seat 6: PrinceJak112 ($194.35 in chips)
Agrotait: posts small blind $1
PrinceJak112: posts big blind $3
*** HOLE CARDS ***
Agrotait: raises $3 to $6
PrinceJak112: raises $3 to $9
Agrotait: calls $3
*** FLOP *** [Kc Th Ad]
PrinceJak112: bets $3
Agrotait: calls $3
*** TURN *** [Kc Th Ad] [9d]
PrinceJak112: bets $6
Agrotait: calls $6
*** RIVER *** [Kc Th Ad 9d] [Kh]
ChawkDee joins the table at seat #3
PrinceJak112: bets $6
Agrotait: raises $6 to $12
PrinceJak112: calls $6
*** SHOW DOWN ***
Agrotait: shows [Kd Qd] (three of a kind, Kings)
PrinceJak112: mucks hand
Agrotait collected $59.50 from pot
*** SUMMARY ***
Total pot $60 | Rake $0.50
Board [Kc Th Ad 9d Kh]
Seat 1: Agrotait (button) (small blind) showed [Kd Qd] and won ($59.50) with three of a kind, Kings
Seat 6: PrinceJak112 (big blind) mucked


