PokerStars Hand #146799264932:  Hold'em Limit ($3/$6 USD) - 2016/01/10 10:33:18 ET
Table 'Toutatis' 6-max Seat #6 is the button
Seat 5: drdahlia ($95.40 in chips)
Seat 6: kolaz03 ($140.51 in chips)
kolaz03: posts small blind $1
drdahlia: posts big blind $3
*** HOLE CARDS ***
kolaz03: folds
Uncalled bet ($2) returned to drdahlia
drdahlia collected $2 from pot
drdahlia: doesn't show hand
*** SUMMARY ***
Total pot $2 | Rake $0
Seat 5: drdahlia (big blind) collected ($2)
Seat 6: kolaz03 (button) (small blind) folded before Flop


PokerStars Hand #146799243757:  Hold'em Limit ($3/$6 USD) - 2016/01/10 10:32:56 ET
Table 'Toutatis' 6-max Seat #5 is the button
Seat 5: drdahlia ($68.90 in chips)
Seat 6: kolaz03 ($167.51 in chips)
drdahlia: posts small blind $1
kolaz03: posts big blind $3
*** HOLE CARDS ***
drdahlia: calls $2
kolaz03: checks
*** FLOP *** [8h 4d Ts]
kolaz03: checks
drdahlia: bets $3
kolaz03: raises $3 to $6
drdahlia: calls $3
*** TURN *** [8h 4d Ts] [Ah]
kolaz03: bets $6
drdahlia: calls $6
*** RIVER *** [8h 4d Ts Ah] [Qs]
kolaz03: bets $6
drdahlia: raises $6 to $12
kolaz03: calls $6
*** SHOW DOWN ***
drdahlia: shows [9c Jd] (a straight, Eight to Queen)
kolaz03: mucks hand
drdahlia collected $53.50 from pot
*** SUMMARY ***
Total pot $54 | Rake $0.50
Board [8h 4d Ts Ah Qs]
Seat 5: drdahlia (button) (small blind) showed [9c Jd] and won ($53.50) with a straight, Eight to Queen
Seat 6: kolaz03 (big blind) mucked


PokerStars Hand #146799238261:  Hold'em Limit ($3/$6 USD) - 2016/01/10 10:32:50 ET
Table 'Toutatis' 6-max Seat #6 is the button
Seat 5: drdahlia ($67.90 in chips)
Seat 6: kolaz03 ($168.51 in chips)
kolaz03: posts small blind $1
arina201317: is sitting out
drdahlia: posts big blind $3
*** HOLE CARDS ***
kolaz03: folds
Uncalled bet ($2) returned to drdahlia
drdahlia collected $2 from pot
drdahlia: doesn't show hand
arina201317 leaves the table
*** SUMMARY ***
Total pot $2 | Rake $0
Seat 5: drdahlia (big blind) collected ($2)
Seat 6: kolaz03 (button) (small blind) folded before Flop


PokerStars Hand #146799269187:  Hold'em Limit ($3/$6 USD) - 2016/01/10 10:33:23 ET
Table 'Toutatis' 6-max Seat #5 is the button
Seat 5: drdahlia ($96.40 in chips)
Seat 6: kolaz03 ($139.51 in chips)
drdahlia: posts small blind $1
kolaz03: posts big blind $3
*** HOLE CARDS ***
drdahlia: raises $3 to $6
kolaz03: calls $3
*** FLOP *** [6s Ad Ks]
kolaz03: checks
drdahlia: bets $3
kolaz03: folds
Uncalled bet ($3) returned to drdahlia
drdahlia collected $11.76 from pot
drdahlia: doesn't show hand
*** SUMMARY ***
Total pot $12 | Rake $0.24
Board [6s Ad Ks]
Seat 5: drdahlia (button) (small blind) collected ($11.76)
Seat 6: kolaz03 (big blind) folded on the Flop


PokerStars Hand #146799303747:  Hold'em Limit ($3/$6 USD) - 2016/01/10 10:33:59 ET
Table 'Toutatis' 6-max Seat #5 is the button
Seat 5: drdahlia ($96.16 in chips)
Seat 6: kolaz03 ($139.27 in chips)
drdahlia: posts small blind $1
kolaz03: posts big blind $3
*** HOLE CARDS ***
drdahlia: raises $3 to $6
kolaz03: calls $3
*** FLOP *** [Kd 7h Jh]
kolaz03: checks
drdahlia: bets $3
kolaz03: calls $3
*** TURN *** [Kd 7h Jh] [6d]
kolaz03: checks
drdahlia: bets $6
kolaz03: calls $6
*** RIVER *** [Kd 7h Jh 6d] [9d]
kolaz03: checks
drdahlia: bets $6
kolaz03: folds
Uncalled bet ($6) returned to drdahlia
drdahlia collected $29.50 from pot
drdahlia: doesn't show hand
*** SUMMARY ***
Total pot $30 | Rake $0.50
Board [Kd 7h Jh 6d 9d]
Seat 5: drdahlia (button) (small blind) collected ($29.50)
Seat 6: kolaz03 (big blind) folded on the River


PokerStars Hand #146799284858:  Hold'em Limit ($3/$6 USD) - 2016/01/10 10:33:39 ET
Table 'Toutatis' 6-max Seat #6 is the button
Seat 5: drdahlia ($102.16 in chips)
Seat 6: kolaz03 ($133.51 in chips)
kolaz03: posts small blind $1
drdahlia: posts big blind $3
*** HOLE CARDS ***
kolaz03: raises $3 to $6
drdahlia: calls $3
*** FLOP *** [8s 7s Js]
drdahlia: checks
kolaz03: bets $3
drdahlia: folds
Uncalled bet ($3) returned to kolaz03
kolaz03 collected $11.76 from pot
kolaz03: doesn't show hand
*** SUMMARY ***
Total pot $12 | Rake $0.24
Board [8s 7s Js]
Seat 5: drdahlia (big blind) folded on the Flop
Seat 6: kolaz03 (button) (small blind) collected ($11.76)


PokerStars Hand #146799367059:  Hold'em Limit ($3/$6 USD) - 2016/01/10 10:35:06 ET
Table 'Toutatis' 6-max Seat #6 is the button
Seat 5: drdahlia ($95.66 in chips)
Seat 6: kolaz03 ($138.67 in chips)
kolaz03: posts small blind $1
drdahlia: posts big blind $3
*** HOLE CARDS ***
kolaz03: folds
Uncalled bet ($2) returned to drdahlia
drdahlia collected $2 from pot
drdahlia: doesn't show hand
*** SUMMARY ***
Total pot $2 | Rake $0
Seat 5: drdahlia (big blind) collected ($2)
Seat 6: kolaz03 (button) (small blind) folded before Flop


PokerStars Hand #146799353442:  Hold'em Limit ($3/$6 USD) - 2016/01/10 10:34:52 ET
Table 'Toutatis' 6-max Seat #5 is the button
Seat 5: drdahlia ($101.66 in chips)
Seat 6: kolaz03 ($132.91 in chips)
drdahlia: posts small blind $1
kolaz03: posts big blind $3
*** HOLE CARDS ***
drdahlia: calls $2
kolaz03: raises $3 to $6
drdahlia: calls $3
*** FLOP *** [9s 2d Kc]
kolaz03: bets $3
drdahlia: folds
Uncalled bet ($3) returned to kolaz03
kolaz03 collected $11.76 from pot
kolaz03: doesn't show hand
*** SUMMARY ***
Total pot $12 | Rake $0.24
Board [9s 2d Kc]
Seat 5: drdahlia (button) (small blind) folded on the Flop
Seat 6: kolaz03 (big blind) collected ($11.76)


PokerStars Hand #146799333351:  Hold'em Limit ($3/$6 USD) - 2016/01/10 10:34:31 ET
Table 'Toutatis' 6-max Seat #6 is the button
Seat 5: drdahlia ($110.66 in chips)
Seat 6: kolaz03 ($124.27 in chips)
kolaz03: posts small blind $1
drdahlia: posts big blind $3
*** HOLE CARDS ***
kolaz03: raises $3 to $6
drdahlia: calls $3
*** FLOP *** [9c 9h 5s]
drdahlia: checks
kolaz03: bets $3
drdahlia: calls $3
*** TURN *** [9c 9h 5s] [Kh]
drdahlia: checks
kolaz03: bets $6
drdahlia: folds
Uncalled bet ($6) returned to kolaz03
kolaz03 collected $17.64 from pot
kolaz03: doesn't show hand
*** SUMMARY ***
Total pot $18 | Rake $0.36
Board [9c 9h 5s Kh]
Seat 5: drdahlia (big blind) folded on the Turn
Seat 6: kolaz03 (button) (small blind) collected ($17.64)


PokerStars Hand #146799400801:  Hold'em Limit ($3/$6 USD) - 2016/01/10 10:35:42 ET
Table 'Toutatis' 6-max Seat #5 is the button
Seat 5: drdahlia ($76.66 in chips)
Seat 6: kolaz03 ($157.17 in chips)
drdahlia: posts small blind $1
kolaz03: posts big blind $3
*** HOLE CARDS ***
drdahlia: raises $3 to $6
kolaz03: calls $3
*** FLOP *** [6h Kh 7h]
kolaz03: checks
drdahlia: bets $3
kolaz03: raises $3 to $6
drdahlia: folds
Uncalled bet ($3) returned to kolaz03
kolaz03 collected $17.64 from pot
kolaz03: doesn't show hand
*** SUMMARY ***
Total pot $18 | Rake $0.36
Board [6h Kh 7h]
Seat 5: drdahlia (button) (small blind) folded on the Flop
Seat 6: kolaz03 (big blind) collected ($17.64)


PokerStars Hand #146799415029:  Hold'em Limit ($3/$6 USD) - 2016/01/10 10:35:57 ET
Table 'Toutatis' 6-max Seat #6 is the button
Seat 5: drdahlia ($67.66 in chips)
Seat 6: kolaz03 ($165.81 in chips)
kolaz03: posts small blind $1
drdahlia: posts big blind $3
*** HOLE CARDS ***
kolaz03: raises $3 to $6
drdahlia: calls $3
*** FLOP *** [Ad 9d 2s]
drdahlia: checks
kolaz03: bets $3
drdahlia: raises $3 to $6
kolaz03: folds
Uncalled bet ($3) returned to drdahlia
drdahlia collected $17.64 from pot
drdahlia: doesn't show hand
*** SUMMARY ***
Total pot $18 | Rake $0.36
Board [Ad 9d 2s]
Seat 5: drdahlia (big blind) collected ($17.64)
Seat 6: kolaz03 (button) (small blind) folded on the Flop


PokerStars Hand #146799371556:  Hold'em Limit ($3/$6 USD) - 2016/01/10 10:35:11 ET
Table 'Toutatis' 6-max Seat #5 is the button
Seat 5: drdahlia ($96.66 in chips)
Seat 6: kolaz03 ($137.67 in chips)
drdahlia: posts small blind $1
kolaz03: posts big blind $3
*** HOLE CARDS ***
drdahlia: calls $2
kolaz03: raises $3 to $6
drdahlia: calls $3
*** FLOP *** [3c 2s 6d]
kolaz03: bets $3
drdahlia: calls $3
*** TURN *** [3c 2s 6d] [8d]
kolaz03: checks
drdahlia: bets $6
kolaz03: calls $6
*** RIVER *** [3c 2s 6d 8d] [4s]
kolaz03: checks
drdahlia: bets $6
kolaz03: calls $6
*** SHOW DOWN ***
drdahlia: shows [Qh 7s] (high card Queen)
kolaz03: shows [7d Kh] (high card King)
kolaz03 collected $41.50 from pot
*** SUMMARY ***
Total pot $42 | Rake $0.50
Board [3c 2s 6d 8d 4s]
Seat 5: drdahlia (button) (small blind) showed [Qh 7s] and lost with high card Queen
Seat 6: kolaz03 (big blind) showed [7d Kh] and won ($41.50) with high card King


PokerStars Hand #146799464754:  Hold'em Limit ($3/$6 USD) - 2016/01/10 10:36:49 ET
Table 'Toutatis' 6-max Seat #5 is the button
Seat 5: drdahlia ($78.94 in chips)
Seat 6: kolaz03 ($153.57 in chips)
drdahlia: posts small blind $1
kolaz03: posts big blind $3
*** HOLE CARDS ***
drdahlia: folds
Uncalled bet ($2) returned to kolaz03
kolaz03 collected $2 from pot
kolaz03: doesn't show hand
*** SUMMARY ***
Total pot $2 | Rake $0
Seat 5: drdahlia (button) (small blind) folded before Flop
Seat 6: kolaz03 (big blind) collected ($2)


PokerStars Hand #146799452294:  Hold'em Limit ($3/$6 USD) - 2016/01/10 10:36:36 ET
Table 'Toutatis' 6-max Seat #6 is the button
Seat 5: drdahlia ($84.94 in chips)
Seat 6: kolaz03 ($147.81 in chips)
kolaz03: posts small blind $1
drdahlia: posts big blind $3
*** HOLE CARDS ***
kolaz03: raises $3 to $6
drdahlia: calls $3
*** FLOP *** [4h Kh 4c]
drdahlia: checks
kolaz03: bets $3
drdahlia: folds
Uncalled bet ($3) returned to kolaz03
kolaz03 collected $11.76 from pot
kolaz03: doesn't show hand
*** SUMMARY ***
Total pot $12 | Rake $0.24
Board [4h Kh 4c]
Seat 5: drdahlia (big blind) folded on the Flop
Seat 6: kolaz03 (button) (small blind) collected ($11.76)


PokerStars Hand #146799425925:  Hold'em Limit ($3/$6 USD) - 2016/01/10 10:36:08 ET
Table 'Toutatis' 6-max Seat #5 is the button
Seat 5: drdahlia ($76.30 in chips)
Seat 6: kolaz03 ($156.81 in chips)
drdahlia: posts small blind $1
kolaz03: posts big blind $3
*** HOLE CARDS ***
drdahlia: calls $2
kolaz03: raises $3 to $6
drdahlia: calls $3
*** FLOP *** [Ah Qc Js]
kolaz03: bets $3
drdahlia: calls $3
*** TURN *** [Ah Qc Js] [2d]
kolaz03: checks
drdahlia: bets $6
kolaz03: folds
Uncalled bet ($6) returned to drdahlia
drdahlia collected $17.64 from pot
drdahlia: doesn't show hand
*** SUMMARY ***
Total pot $18 | Rake $0.36
Board [Ah Qc Js 2d]
Seat 5: drdahlia (button) (small blind) collected ($17.64)
Seat 6: kolaz03 (big blind) folded on the Turn


