PokerStars Hand #155220770441:  Hold'em Limit ($3/$6 USD) - 2016/06/26 10:47:08 ET
Table 'Transvaalia' 6-max Seat #4 is the button
Seat 3: ogdealer ($34 in chips)
Seat 4: VolkovDmitri ($121 in chips)
Murrrr_@T joins the table at seat #5
VolkovDmitri: posts small blind $1
ogdealer: posts big blind $3
*** HOLE CARDS ***
VolkovDmitri: folds
Uncalled bet ($2) returned to ogdealer
ogdealer collected $2 from pot
ogdealer: doesn't show hand
*** SUMMARY ***
Total pot $2 | Rake $0
Seat 3: ogdealer (big blind) collected ($2)
Seat 4: VolkovDmitri (button) (small blind) folded before Flop


PokerStars Hand #155220773597:  Hold'em Limit ($3/$6 USD) - 2016/06/26 10:47:13 ET
Table 'Transvaalia' 6-max Seat #3 is the button
Seat 3: ogdealer ($35 in chips)
Seat 4: VolkovDmitri ($120 in chips)
ogdealer: posts small blind $1
VolkovDmitri: posts big blind $3
*** HOLE CARDS ***
ogdealer: calls $2
Tryptamean joins the table at seat #6
VolkovDmitri: checks
*** FLOP *** [8c 2c Jh]
VolkovDmitri: bets $3
ogdealer: calls $3
*** TURN *** [8c 2c Jh] [7c]
Murrrr_@T leaves the table
VolkovDmitri: bets $6
ogdealer: calls $6
*** RIVER *** [8c 2c Jh 7c] [Qd]
VolkovDmitri: bets $6
ogdealer: raises $6 to $12
VolkovDmitri: raises $6 to $18
ogdealer: raises $5 to $23 and is all-in
Betting is capped
VolkovDmitri: calls $5
*** SHOW DOWN ***
ogdealer: shows [Kc 3c] (a flush, King high)
VolkovDmitri: shows [2d Qc] (two pair, Queens and Deuces)
ogdealer collected $69.50 from pot
*** SUMMARY ***
Total pot $70 | Rake $0.50
Board [8c 2c Jh 7c Qd]
Seat 3: ogdealer (button) (small blind) showed [Kc 3c] and won ($69.50) with a flush, King high
Seat 4: VolkovDmitri (big blind) showed [2d Qc] and lost with two pair, Queens and Deuces


PokerStars Hand #155221876861:  Hold'em Limit ($3/$6 USD) - 2016/06/26 11:17:45 ET
Table 'Transvaalia' 6-max Seat #6 is the button
Seat 1: sokol-max-PS ($35 in chips)
Seat 6: Tryptamean ($211.14 in chips)
Tryptamean: posts small blind $1
sokol-max-PS: posts big blind $3
*** HOLE CARDS ***
Tryptamean: raises $3 to $6
sokol-max-PS: raises $3 to $9
Tryptamean: calls $3
*** FLOP *** [9d 6h Qh]
sokol-max-PS: bets $3
Tryptamean: calls $3
*** TURN *** [9d 6h Qh] [9s]
sokol-max-PS: bets $6
Tryptamean: raises $6 to $12
sokol-max-PS: raises $6 to $18
Tryptamean: calls $6
*** RIVER *** [9d 6h Qh 9s] [Qs]
sokol-max-PS: bets $5 and is all-in
Tryptamean: calls $5
*** SHOW DOWN ***
sokol-max-PS: shows [9c 7c] (a full house, Nines full of Queens)
Tryptamean: shows [Qc 4h] (a full house, Queens full of Nines)
Tryptamean collected $69.50 from pot
*** SUMMARY ***
Total pot $70 | Rake $0.50
Board [9d 6h Qh 9s Qs]
Seat 1: sokol-max-PS (big blind) showed [9c 7c] and lost with a full house, Nines full of Queens
Seat 6: Tryptamean (button) (small blind) showed [Qc 4h] and won ($69.50) with a full house, Queens full of Nines


PokerStars Hand #155221941910:  Hold'em Limit ($3/$6 USD) - 2016/06/26 11:19:22 ET
Table 'Transvaalia' 6-max Seat #6 is the button
Seat 3: ogdealer ($29 in chips)
Seat 6: Tryptamean ($251.40 in chips)
Tryptamean: posts small blind $1
ogdealer: posts big blind $3
*** HOLE CARDS ***
Tryptamean: raises $3 to $6
ogdealer: folds
Uncalled bet ($3) returned to Tryptamean
Tryptamean collected $6 from pot
Tryptamean: doesn't show hand
*** SUMMARY ***
Total pot $6 | Rake $0
Seat 3: ogdealer (big blind) folded before Flop
Seat 6: Tryptamean (button) (small blind) collected ($6)


PokerStars Hand #155221971895:  Hold'em Limit ($3/$6 USD) - 2016/06/26 11:20:06 ET
Table 'Transvaalia' 6-max Seat #6 is the button
Seat 3: ogdealer ($18 in chips)
Seat 6: Tryptamean ($262.16 in chips)
Tryptamean: posts small blind $1
ogdealer: posts big blind $3
*** HOLE CARDS ***
Tryptamean: raises $3 to $6
ogdealer: folds
Uncalled bet ($3) returned to Tryptamean
Tryptamean collected $6 from pot
Tryptamean: doesn't show hand
*** SUMMARY ***
Total pot $6 | Rake $0
Seat 3: ogdealer (big blind) folded before Flop
Seat 6: Tryptamean (button) (small blind) collected ($6)


PokerStars Hand #155221966090:  Hold'em Limit ($3/$6 USD) - 2016/06/26 11:19:58 ET
Table 'Transvaalia' 6-max Seat #3 is the button
Seat 3: ogdealer ($19 in chips)
Seat 6: Tryptamean ($261.16 in chips)
ogdealer: posts small blind $1
Tryptamean: posts big blind $3
*** HOLE CARDS ***
ogdealer: folds
Uncalled bet ($2) returned to Tryptamean
Tryptamean collected $2 from pot
Tryptamean: doesn't show hand
*** SUMMARY ***
Total pot $2 | Rake $0
Seat 3: ogdealer (button) (small blind) folded before Flop
Seat 6: Tryptamean (big blind) collected ($2)


PokerStars Hand #155221926861:  Hold'em Limit ($3/$6 USD) - 2016/06/26 11:18:59 ET
Table 'Transvaalia' 6-max Seat #3 is the button
Seat 3: ogdealer ($35 in chips)
Seat 6: Tryptamean ($245.64 in chips)
ogdealer: posts small blind $1
Tryptamean: posts big blind $3
*** HOLE CARDS ***
ogdealer: calls $2
Tryptamean: raises $3 to $6
ogdealer: calls $3
*** FLOP *** [Ac 8d 3d]
sokol-max-PS leaves the table
Tryptamean: bets $3
ogdealer: folds
Uncalled bet ($3) returned to Tryptamean
Tryptamean collected $11.76 from pot
Tryptamean: doesn't show hand
*** SUMMARY ***
Total pot $12 | Rake $0.24
Board [Ac 8d 3d]
Seat 3: ogdealer (button) (small blind) folded on the Flop
Seat 6: Tryptamean (big blind) collected ($11.76)


PokerStars Hand #155221948994:  Hold'em Limit ($3/$6 USD) - 2016/06/26 11:19:32 ET
Table 'Transvaalia' 6-max Seat #3 is the button
Seat 3: ogdealer ($26 in chips)
Seat 6: Tryptamean ($254.40 in chips)
ogdealer: posts small blind $1
Tryptamean: posts big blind $3
*** HOLE CARDS ***
ogdealer: folds
Uncalled bet ($2) returned to Tryptamean
Tryptamean collected $2 from pot
Tryptamean: doesn't show hand
*** SUMMARY ***
Total pot $2 | Rake $0
Seat 3: ogdealer (button) (small blind) folded before Flop
Seat 6: Tryptamean (big blind) collected ($2)


PokerStars Hand #155221953227:  Hold'em Limit ($3/$6 USD) - 2016/06/26 11:19:39 ET
Table 'Transvaalia' 6-max Seat #6 is the button
Seat 3: ogdealer ($25 in chips)
Seat 6: Tryptamean ($255.40 in chips)
Tryptamean: posts small blind $1
ogdealer: posts big blind $3
*** HOLE CARDS ***
Tryptamean: raises $3 to $6
ogdealer: calls $3
*** FLOP *** [Td Th Ks]
ogdealer: checks
Tryptamean: bets $3
ogdealer: folds
Uncalled bet ($3) returned to Tryptamean
Tryptamean collected $11.76 from pot
Tryptamean: doesn't show hand
*** SUMMARY ***
Total pot $12 | Rake $0.24
Board [Td Th Ks]
Seat 3: ogdealer (big blind) folded on the Flop
Seat 6: Tryptamean (button) (small blind) collected ($11.76)


PokerStars Hand #155221976562:  Hold'em Limit ($3/$6 USD) - 2016/06/26 11:20:13 ET
Table 'Transvaalia' 6-max Seat #3 is the button
Seat 3: ogdealer ($15 in chips)
Seat 6: Tryptamean ($265.16 in chips)
ogdealer: posts small blind $1
Tryptamean: posts big blind $3
*** HOLE CARDS ***
ogdealer: folds
Uncalled bet ($2) returned to Tryptamean
Tryptamean collected $2 from pot
Tryptamean: doesn't show hand
*** SUMMARY ***
Total pot $2 | Rake $0
Seat 3: ogdealer (button) (small blind) folded before Flop
Seat 6: Tryptamean (big blind) collected ($2)


PokerStars Hand #155221981648:  Hold'em Limit ($3/$6 USD) - 2016/06/26 11:20:21 ET
Table 'Transvaalia' 6-max Seat #6 is the button
Seat 3: ogdealer ($14 in chips)
Seat 6: Tryptamean ($266.16 in chips)
Tryptamean: posts small blind $1
ogdealer: posts big blind $3
*** HOLE CARDS ***
Tryptamean: raises $3 to $6
ogdealer: calls $3
*** FLOP *** [9h Ac Js]
ogdealer: checks
Tryptamean: bets $3
ogdealer: raises $3 to $6
Tryptamean: raises $3 to $9
ogdealer: calls $2 and is all-in
Uncalled bet ($1) returned to Tryptamean
*** TURN *** [9h Ac Js] [Qs]
*** RIVER *** [9h Ac Js Qs] [6h]
*** SHOW DOWN ***
ogdealer: shows [7s 6d] (a pair of Sixes)
Tryptamean: shows [4c As] (a pair of Aces)
Tryptamean collected $27.50 from pot
*** SUMMARY ***
Total pot $28 | Rake $0.50
Board [9h Ac Js Qs 6h]
Seat 3: ogdealer (big blind) showed [7s 6d] and lost with a pair of Sixes
Seat 6: Tryptamean (button) (small blind) showed [4c As] and won ($27.50) with a pair of Aces


